  <div class='ocr_page' id='page_1' title='image "/cluster/home/n/w/nwhite01/storage/ocr_20150623/44-45/uva.x000217727/058.png"; bbox 0 0 4074 6542; ppageno 0'>
   <div class='ocr_carea' id='block_1_1' title="bbox 888 531 1887 731">
    <p class='ocr_par' dir='ltr' id='par_1_1' title="bbox 888 533 1868 689">
     <span class='ocr_line' id='line_1_1' title="bbox 888 533 1868 689; baseline -0.009 -37"><span class='ocrx_word' id='word_1_1' title='bbox 888 537 1043 654; x_wconf 89' lang='lat' dir='ltr'><strong>s.</strong></span> <span class='ocrx_word' id='word_1_2' title='bbox 1101 533 1868 689; x_wconf 66' lang='lat' dir='ltr'><strong>Annum</strong></span> 
     </span>
    </p>
   </div>
   <div class='ocr_carea' id='block_1_2' title="bbox 1992 531 3047 731">
    <p class='ocr_par' dir='ltr' id='par_1_2' title="bbox 1992 531 2949 648">
     <span class='ocr_line' id='line_1_2' title="bbox 1992 531 2949 648; baseline 0.001 -1"><span class='ocrx_word' id='word_1_3' title='bbox 1992 531 2949 648; x_wconf 73' lang='lat' dir='ltr'><strong>IUGUSTINI</strong></span> 
     </span>
    </p>
   </div>
   <div class='ocr_carea' id='block_1_3' title="bbox 1465 741 2403 821">
    <p class='ocr_par' dir='ltr' id='par_1_3' title="bbox 1465 741 2403 821">
     <span class='ocr_line' id='line_1_3' title="bbox 1465 741 2403 821; baseline -0.004 -10"><span class='ocrx_word' id='word_1_4' title='bbox 1465 744 1982 811; x_wconf 84' lang='lat' dir='ltr'><strong>HIPPONENSIS</strong></span> <span class='ocrx_word' id='word_1_5' title='bbox 2022 741 2403 821; x_wconf 86' lang='lat' dir='ltr'><strong>EPISCOPI,</strong></span> 
     </span>
    </p>
   </div>
   <div class='ocr_carea' id='block_1_4' title="bbox 265 908 3567 1085">
    <p class='ocr_par' dir='ltr' id='par_1_4' title="bbox 265 908 3567 1085">
     <span class='ocr_line' id='line_1_4' title="bbox 265 908 3567 1085; baseline -0.002 -26"><span class='ocrx_word' id='word_1_6' title='bbox 265 951 432 1059; x_wconf 86' lang='lat' dir='ltr'><strong>DE</strong></span> <span class='ocrx_word' id='word_1_7' title='bbox 485 944 1600 1053; x_wconf 78' lang='lat' dir='ltr'><strong>PECCATORUM</strong></span> <span class='ocrx_word' id='word_1_8' title='bbox 1645 938 2306 1045; x_wconf 79' lang='lat' dir='ltr'><strong>MERITIS</strong></span> <span class='ocrx_word' id='word_1_9' title='bbox 2340 908 2541 1044; x_wconf 80' lang='lat' dir='ltr'><strong>ET</strong></span> <span class='ocrx_word' id='word_1_10' title='bbox 2577 942 3567 1085; x_wconf 78' lang='lat' dir='ltr'><strong>REMISSIONE,</strong></span> 
     </span>
    </p>
   </div>
   <div class='ocr_carea' id='block_1_5' title="bbox 1038 1169 2896 1281">
    <p class='ocr_par' dir='ltr' id='par_1_5' title="bbox 1038 1169 2896 1281">
     <span class='ocr_line' id='line_1_5' title="bbox 1038 1169 2896 1281; baseline -0.001 -22"><span class='ocrx_word' id='word_1_11' title='bbox 1038 1177 1189 1259; x_wconf 91' lang='lat' dir='ltr'><strong>ET</strong></span> <span class='ocrx_word' id='word_1_12' title='bbox 1224 1174 1383 1259; x_wconf 89' lang='lat' dir='ltr'><strong>DE</strong></span> <span class='ocrx_word' id='word_1_13' title='bbox 1407 1169 1987 1259; x_wconf 88' lang='lat' dir='ltr'><strong>BAPTISMO</strong></span> <span class='ocrx_word' id='word_1_14' title='bbox 2017 1170 2896 1281; x_wconf 81' lang='lat' dir='ltr'><strong>PARVULORUM,</strong></span> 
     </span>
    </p>
   </div>
   <div class='ocr_carea' id='block_1_6' title="bbox 796 1334 3065 1547">
    <p class='ocr_par' dir='ltr' id='par_1_6' title="bbox 796 1334 3065 1547">
     <span class='ocr_line' id='line_1_6' title="bbox 796 1334 3065 1547; baseline 0.001 -61"><span class='ocrx_word' id='word_1_15' title='bbox 796 1356 1023 1547; x_wconf 58' lang='lat' dir='ltr'><strong>an</strong></span> <span class='ocrx_word' id='word_1_16' title='bbox 1161 1343 2127 1525; x_wconf 54' lang='lat' dir='ltr'><strong>Marcellinum</strong></span> <span class='ocrx_word' id='word_1_17' title='bbox 2241 1344 2536 1486; x_wconf 75' lang='lat' dir='ltr'><strong>libri</strong></span> <span class='ocrx_word' id='word_1_18' title='bbox 2652 1358 2913 1494; x_wconf 68' lang='lat' dir='ltr'><strong>tres</strong></span> <span class='ocrx_word' id='word_1_19' title='bbox 2943 1334 3065 1489; x_wconf 66' lang='lat'><strong>‘“’.</strong></span> 
     </span>
    </p>
   </div>
   <div class='ocr_carea' id='block_1_7' title="bbox 1730 1581 2100 1641">
    <p class='ocr_par' dir='ltr' id='par_1_7' title="bbox 1730 1581 2100 1641">
     <span class='ocr_line' id='line_1_7' title="bbox 1730 1581 2100 1641; baseline 0.005 -3"><span class='ocrx_word' id='word_1_20' title='bbox 1730 1581 2100 1641; x_wconf 52' lang='lat' dir='ltr'><strong>«owner</strong></span> 
     </span>
    </p>
   </div>
   <div class='ocr_carea' id='block_1_8' title="bbox 1309 1729 2531 1893">
    <p class='ocr_par' dir='ltr' id='par_1_8' title="bbox 1309 1729 2531 1893">
     <span class='ocr_line' id='line_1_8' title="bbox 1309 1729 2531 1893; baseline 0.001 -53"><span class='ocrx_word' id='word_1_21' title='bbox 1309 1730 1791 1840; x_wconf 84' lang='lat' dir='ltr'><strong><em>LIBER</em></strong></span> <span class='ocrx_word' id='word_1_22' title='bbox 1871 1729 2531 1893; x_wconf 77' lang='lat' dir='ltr'><strong>PRIMUS.</strong></span> 
     </span>
    </p>
   </div>
   <div class='ocr_carea' id='block_1_9' title="bbox 332 1957 3580 2034">
    <p class='ocr_par' dir='ltr' id='par_1_9' title="bbox 332 1957 3580 2034">
     <span class='ocr_line' id='line_1_9' title="bbox 332 1957 3580 2034; baseline 0.002 -19"><span class='ocrx_word' id='word_1_23' title='bbox 332 1968 619 2034; x_wconf 62' lang='lat' dir='ltr'><strong>satellitem</strong></span> <span class='ocrx_word' id='word_1_24' title='bbox 632 1967 726 2030; x_wconf 84' lang='lat' dir='ltr'><strong>qui</strong></span> <span class='ocrx_word' id='word_1_25' title='bbox 749 1965 945 2034; x_wconf 72' lang='lat' dir='ltr'><strong>dicunt,</strong></span> <span class='ocrx_word' id='word_1_26' title='bbox 971 1964 1142 2023; x_wconf 76' lang='lat' dir='ltr'><strong>Adam,</strong></span> <span class='ocrx_word' id='word_1_27' title='bbox 1166 1962 1357 2034; x_wconf 70' lang='lat' dir='ltr'><strong>etiamsi</strong></span> <span class='ocrx_word' id='word_1_28' title='bbox 1372 1973 1469 2011; x_wconf 90' lang='lat' dir='ltr'><strong>non</strong></span> <span class='ocrx_word' id='word_1_29' title='bbox 1489 1966 1760 2034; x_wconf 76' lang='lat' dir='ltr'><strong>peccasset,</strong></span> <span class='ocrx_word' id='word_1_30' title='bbox 1782 1957 1935 2034; x_wconf 73' lang='lat' dir='ltr'><strong>ﬁnisse</strong></span> <span class='ocrx_word' id='word_1_31' title='bbox 1957 1962 2275 2025; x_wconf 81' lang='lat' dir='ltr'><strong>moriturum;</strong></span> <span class='ocrx_word' id='word_1_32' title='bbox 2291 1976 2393 2034; x_wconf 69' lang='lat' dir='ltr'><strong>nec</strong></span> <span class='ocrx_word' id='word_1_33' title='bbox 2415 1977 2480 2015; x_wconf 78' lang='lat' dir='ltr'><strong>ex</strong></span> <span class='ocrx_word' id='word_1_34' title='bbox 2504 1965 2614 2029; x_wconf 85' lang='lat' dir='ltr'><strong>ejus</strong></span> <span class='ocrx_word' id='word_1_35' title='bbox 2636 1973 2836 2034; x_wconf 53' lang='lat' dir='ltr'><strong>peccato</strong></span> <span class='ocrx_word' id='word_1_36' title='bbox 2855 1968 3116 2034; x_wconf 70' lang='lat' dir='ltr'><strong>quidquam</strong></span> <span class='ocrx_word' id='word_1_37' title='bbox 3137 1969 3197 2034; x_wconf 85' lang='lat' dir='ltr'><strong>ad</strong></span> <span class='ocrx_word' id='word_1_38' title='bbox 3222 1971 3332 2034; x_wconf 83' lang='lat' dir='ltr'><strong>ejus</strong></span> <span class='ocrx_word' id='word_1_39' title='bbox 3357 1976 3580 2033; x_wconf 67' lang='lat' dir='ltr'><strong>posteros</strong></span> 
     </span>
    </p>
   </div>
   <div class='ocr_carea' id='block_1_10' title="bbox 284 2023 3579 2106">
    <p class='ocr_par' dir='ltr' id='par_1_10' title="bbox 284 2023 3579 2106">
     <span class='ocr_line' id='line_1_10' title="bbox 284 2023 3579 2106; baseline 0 0"><span class='ocrx_word' id='word_1_40' title='bbox 284 2033 605 2106; x_wconf 46' lang='lat' dir='ltr'><strong>manus</strong></span> <span class='ocrx_word' id='word_1_41' title='bbox 955 2034 1164 2106; x_wconf 53' lang='lat' dir='ltr'><strong>mea</strong></span> <span class='ocrx_word' id='word_1_42' title='bbox 1184 2023 1597 2106; x_wconf 51' lang='lat' dir='ltr'><strong>omnem</strong></span> <span class='ocrx_word' id='word_1_43' title='bbox 1617 2023 2409 2106; x_wconf 55' lang='lat' dir='ltr'><strong>f9:§&#39;~’°1‘.‘?ﬂ.9993993§§l&#39;€‘9</strong></span> <span class='ocrx_word' id='word_1_44' title='bbox 2431 2023 3194 2106; x_wconf 49' lang='lat' dir='ltr'><strong>animisedeéee&#39;pwu</strong></span> <span class='ocrx_word' id='word_1_45' title='bbox 3232 2023 3394 2106; x_wconf 67' lang='grc' dir='ltr'>εῖμιιῑι</span> <span class='ocrx_word' id='word_1_46' title='bbox 3432 2034 3579 2106; x_wconf 54' lang='lat' dir='ltr'><strong>«item</strong></span> 
     </span>
    </p>
   </div>
   <div class='ocr_carea' id='block_1_11' title="bbox 283 2084 3581 2159">
    <p class='ocr_par' dir='ltr' id='par_1_11' title="bbox 283 2084 3581 2159">
     <span class='ocr_line' id='line_1_11' title="bbox 283 2084 3581 2159; baseline 0 -16"><span class='ocrx_word' id='word_1_47' title='bbox 283 2084 456 2159; x_wconf 52' lang='lat' dir='ltr'><strong>Lacinio</strong></span> <span class='ocrx_word' id='word_1_48' title='bbox 477 2092 588 2159; x_wconf 60' lang='lat' dir='ltr'><strong>gulae</strong></span> <span class='ocrx_word' id='word_1_49' title='bbox 618 2097 779 2141; x_wconf 79' lang='lat' dir='ltr'><strong>totam</strong></span> <span class='ocrx_word' id='word_1_50' title='bbox 804 2090 922 2153; x_wconf 91' lang='lat' dir='ltr'><strong>ejus</strong></span> <span class='ocrx_word' id='word_1_51' title='bbox 958 2091 1169 2152; x_wconf 85' lang='lat' dir='ltr'><strong>stirpem</strong></span> <span class='ocrx_word' id='word_1_52' title='bbox 1190 2084 1449 2150; x_wconf 70' lang='lat' dir='ltr'><strong>obligatam</strong></span> <span class='ocrx_word' id='word_1_53' title='bbox 1474 2096 1587 2135; x_wconf 89' lang='lat' dir='ltr'><strong>esse</strong></span> <span class='ocrx_word' id='word_1_54' title='bbox 1615 2084 1780 2145; x_wconf 84' lang='lat' dir='ltr'><strong>docet,</strong></span> <span class='ocrx_word' id='word_1_55' title='bbox 1802 2084 2068 2135; x_wconf 76' lang='lat' dir='ltr'><strong>ostendens</strong></span> <span class='ocrx_word' id='word_1_56' title='bbox 2089 2086 2315 2149; x_wconf 85' lang='lat' dir='ltr'><strong>parvulos</strong></span> <span class='ocrx_word' id='word_1_57' title='bbox 2335 2090 2401 2139; x_wconf 89' lang='lat' dir='ltr'><strong>ob</strong></span> <span class='ocrx_word' id='word_1_58' title='bbox 2430 2089 2479 2138; x_wconf 86' lang='lat' dir='ltr'><strong>id</strong></span> <span class='ocrx_word' id='word_1_59' title='bbox 2500 2084 2745 2154; x_wconf 79' lang='lat' dir='ltr'><strong>baptizari,</strong></span> <span class='ocrx_word' id='word_1_60' title='bbox 2764 2098 2820 2143; x_wconf 86' lang='lat' dir='ltr'><strong>ut</strong></span> <span class='ocrx_word' id='word_1_61' title='bbox 2846 2084 3095 2157; x_wconf 74' lang='lat' dir='ltr'><strong>originalis</strong></span> <span class='ocrx_word' id='word_1_62' title='bbox 3114 2094 3302 2157; x_wconf 78' lang='lat' dir='ltr'><strong>peccati</strong></span> <span class='ocrx_word' id='word_1_63' title='bbox 3330 2094 3581 2145; x_wconf 88' lang='lat' dir='ltr'><strong>remissio--</strong></span> 
     </span>
    </p>
   </div>
   <div class='ocr_carea' id='block_1_12' title="bbox 279 2156 649 2218">
    <p class='ocr_par' dir='ltr' id='par_1_12' title="bbox 279 2156 649 2218">
     <span class='ocr_line' id='line_1_12' title="bbox 279 2156 649 2218; baseline -0.014 -11"><span class='ocrx_word' id='word_1_64' title='bbox 279 2156 381 2207; x_wconf 66' lang='grc' dir='ltr'>ιω</span> <span class='ocrx_word' id='word_1_65' title='bbox 399 2156 649 2218; x_wconf 76' lang='lat' dir='ltr'><strong>accipiant.</strong></span> 
     </span>
    </p>
   </div>
   <div class='ocr_carea' id='block_1_13' title="bbox 351 2286 1882 2370">
    <p class='ocr_par' dir='ltr' id='par_1_13' title="bbox 351 2286 1882 2370">
     <span class='ocr_line' id='line_1_13' title="bbox 351 2286 1882 2370; baseline -0.005 -11"><span class='ocrx_word' id='word_1_66' title='bbox 351 2301 558 2360; x_wconf 76' lang='lat' dir='ltr'><strong>CAPUT</strong></span> <span class='ocrx_word' id='word_1_67' title='bbox 600 2299 908 2357; x_wconf 74' lang='lat' dir='ltr'><strong>PRIMUM.</strong></span> <span class='ocrx_word' id='word_1_68' title='bbox 941 2328 1015 2339; x_wconf 93' lang='lat'><strong>—</strong></span> <span class='ocrx_word' id='word_1_69' title='bbox 1041 2300 1094 2355; x_wconf 76' lang='grc'><strong>1.</strong></span> <span class='ocrx_word' id='word_1_70' title='bbox 1122 2296 1389 2370; x_wconf 68' lang='lat' dir='ltr'><strong>Praefatio.</strong></span> <span class='ocrx_word' id='word_1_71' title='bbox 1411 2294 1666 2364; x_wconf 80' lang='lat' dir='ltr'><strong>Quamvis</strong></span> <span class='ocrx_word' id='word_1_72' title='bbox 1689 2294 1744 2351; x_wconf 88' lang='lat' dir='ltr'><strong>in</strong></span> <span class='ocrx_word' id='word_1_73' title='bbox 1770 2286 1882 2352; x_wconf 79' lang='lat' dir='ltr'><strong>me-</strong></span> 
     </span>
    </p>
   </div>
   <div class='ocr_carea' id='block_1_14' title="bbox 289 2380 1884 2465">
    <p class='ocr_par' dir='ltr' id='par_1_14' title="bbox 289 2380 1884 2465">
     <span class='ocr_line' id='line_1_14' title="bbox 289 2380 1884 2465; baseline -0.004 -14"><span class='ocrx_word' id='word_1_74' title='bbox 289 2397 386 2452; x_wconf 88' lang='lat' dir='ltr'><strong>diis</strong></span> <span class='ocrx_word' id='word_1_75' title='bbox 407 2404 461 2452; x_wconf 90' lang='lat' dir='ltr'><strong>et</strong></span> <span class='ocrx_word' id='word_1_76' title='bbox 482 2394 688 2465; x_wconf 83' lang='lat' dir='ltr'><strong>magnis</strong></span> <span class='ocrx_word' id='word_1_77' title='bbox 713 2407 978 2451; x_wconf 84' lang='lat' dir='ltr'><strong>curarum</strong></span> <span class='ocrx_word' id='word_1_78' title='bbox 1002 2380 1226 2447; x_wconf 72' lang='lat' dir='ltr'><strong>aestibus</strong></span> <span class='ocrx_word' id='word_1_79' title='bbox 1253 2398 1412 2460; x_wconf 87' lang='lat' dir='ltr'><strong>atque</strong></span> <span class='ocrx_word' id='word_1_80' title='bbox 1439 2388 1741 2453; x_wconf 65' lang='lat' dir='ltr'><strong>tacdiorum,</strong></span> <span class='ocrx_word' id='word_1_81' title='bbox 1764 2403 1884 2459; x_wconf 71' lang='lat' dir='ltr'><strong>quae</strong></span> 
     </span>
    </p>
   </div>
   <div class='ocr_carea' id='block_1_15' title="bbox 285 2479 1880 2554">
    <p class='ocr_par' dir='ltr' id='par_1_15' title="bbox 285 2479 1880 2554">
     <span class='ocr_line' id='line_1_15' title="bbox 285 2479 1880 2554; baseline -0.004 -12"><span class='ocrx_word' id='word_1_82' title='bbox 285 2502 374 2542; x_wconf 83' lang='lat' dir='ltr'><strong>nos</strong></span> <span class='ocrx_word' id='word_1_83' title='bbox 398 2486 644 2542; x_wconf 87' lang='lat' dir='ltr'><strong>detinent</strong></span> <span class='ocrx_word' id='word_1_84' title='bbox 669 2499 703 2539; x_wconf 92' lang='lat' dir='ltr'><strong>a</strong></span> <span class='ocrx_word' id='word_1_85' title='bbox 750 2482 1138 2554; x_wconf 82' lang='lat' dir='ltr'><strong>peccatoribus</strong></span> <span class='ocrx_word' id='word_1_86' title='bbox 1167 2479 1663 2552; x_wconf 86' lang='lat' dir='ltr'><strong>derelinquentibus</strong></span> <span class='ocrx_word' id='word_1_87' title='bbox 1706 2479 1880 2551; x_wconf 85' lang='lat' dir='ltr'><strong>legem</strong></span> 
     </span>
    </p>
   </div>
   <div class='ocr_carea' id='block_1_16' title="bbox 280 2572 1887 2653">
    <p class='ocr_par' dir='ltr' id='par_1_16' title="bbox 280 2572 1887 2653">
     <span class='ocr_line' id='line_1_16' title="bbox 280 2572 1887 2653; baseline -0.005 -16"><span class='ocrx_word' id='word_1_88' title='bbox 280 2581 365 2637; x_wconf 83' lang='lat' dir='ltr'><strong>Dei</strong></span> <span class='ocrx_word' id='word_1_89' title='bbox 394 2578 467 2653; x_wconf 70' lang='grc' dir='ltr'><strong>(ὁ)</strong></span> <span class='ocrx_word' id='word_1_90' title='bbox 484 2623 501 2647; x_wconf 87' lang='lat'><strong>,</strong></span> <span class='ocrx_word' id='word_1_91' title='bbox 528 2580 663 2635; x_wconf 84' lang='lat' dir='ltr'><strong>licet</strong></span> <span class='ocrx_word' id='word_1_92' title='bbox 692 2593 760 2634; x_wconf 89' lang='lat' dir='ltr'><strong>ea</strong></span> <span class='ocrx_word' id='word_1_93' title='bbox 786 2591 1009 2648; x_wconf 82' lang='lat' dir='ltr'><strong>quoque</strong></span> <span class='ocrx_word' id='word_1_94' title='bbox 1033 2575 1149 2647; x_wconf 90' lang='lat' dir='ltr'><strong>ipsa</strong></span> <span class='ocrx_word' id='word_1_95' title='bbox 1174 2582 1479 2630; x_wconf 90' lang='lat' dir='ltr'><strong>nostrorum</strong></span> <span class='ocrx_word' id='word_1_96' title='bbox 1504 2572 1666 2629; x_wconf 85' lang='lat' dir='ltr'><strong>etiam</strong></span> <span class='ocrx_word' id='word_1_97' title='bbox 1696 2587 1887 2645; x_wconf 83' lang='lat' dir='ltr'><strong>pecca-</strong></span> 
     </span>
    </p>
   </div>
   <div class='ocr_carea' id='block_1_17' title="bbox 278 2663 1881 2739">
    <p class='ocr_par' dir='ltr' id='par_1_17' title="bbox 278 2663 1881 2739">
     <span class='ocr_line' id='line_1_17' title="bbox 278 2663 1881 2739; baseline -0.005 -13"><span class='ocrx_word' id='word_1_98' title='bbox 278 2680 453 2726; x_wconf 88' lang='lat' dir='ltr'><strong>torum</strong></span> <span class='ocrx_word' id='word_1_99' title='bbox 479 2669 695 2725; x_wconf 84' lang='lat' dir='ltr'><strong>meritis</strong></span> <span class='ocrx_word' id='word_1_100' title='bbox 729 2669 1062 2739; x_wconf 88' lang='lat' dir='ltr'><strong>imputemus</strong></span> <span class='ocrx_word' id='word_1_101' title='bbox 1091 2683 1107 2722; x_wconf 89' lang='lat'><strong>:</strong></span> <span class='ocrx_word' id='word_1_102' title='bbox 1136 2664 1315 2721; x_wconf 91' lang='lat' dir='ltr'><strong>studio</strong></span> <span class='ocrx_word' id='word_1_103' title='bbox 1352 2672 1531 2721; x_wconf 88' lang='lat' dir='ltr'><strong>tamen</strong></span> <span class='ocrx_word' id='word_1_104' title='bbox 1575 2673 1666 2720; x_wconf 90' lang='lat' dir='ltr'><strong>tuo</strong></span> <span class='ocrx_word' id='word_1_105' title='bbox 1687 2704 1706 2731; x_wconf 88' lang='lat'><strong>,</strong></span> <span class='ocrx_word' id='word_1_106' title='bbox 1736 2663 1881 2719; x_wconf 77' lang='lat' dir='ltr'><strong>Mar-</strong></span> 
     </span>
    </p>
   </div>
   <div class='ocr_carea' id='block_1_18' title="bbox 279 2757 1884 2831">
    <p class='ocr_par' dir='ltr' id='par_1_18' title="bbox 279 2757 1884 2831">
     <span class='ocr_line' id='line_1_18' title="bbox 279 2757 1884 2831; baseline -0.004 -11"><span class='ocrx_word' id='word_1_107' title='bbox 279 2765 481 2820; x_wconf 87' lang='lat' dir='ltr'><strong>celline</strong></span> <span class='ocrx_word' id='word_1_108' title='bbox 508 2762 849 2829; x_wconf 83' lang='lat' dir='ltr'><strong>cbarissime,</strong></span> <span class='ocrx_word' id='word_1_109' title='bbox 872 2776 981 2831; x_wconf 92' lang='lat' dir='ltr'><strong>quo</strong></span> <span class='ocrx_word' id='word_1_110' title='bbox 1010 2758 1169 2815; x_wconf 89' lang='lat' dir='ltr'><strong>nobis</strong></span> <span class='ocrx_word' id='word_1_111' title='bbox 1193 2774 1251 2814; x_wconf 90' lang='lat' dir='ltr'><strong>es</strong></span> <span class='ocrx_word' id='word_1_112' title='bbox 1269 2759 1472 2831; x_wconf 87' lang='lat' dir='ltr'><strong>gratior</strong></span> <span class='ocrx_word' id='word_1_113' title='bbox 1499 2766 1660 2829; x_wconf 89' lang='lat' dir='ltr'><strong>atque</strong></span> <span class='ocrx_word' id='word_1_114' title='bbox 1686 2757 1884 2828; x_wconf 88' lang='lat' dir='ltr'><strong>jucun-</strong></span> 
     </span>
    </p>
   </div>
   <div class='ocr_carea' id='block_1_19' title="bbox 278 2847 1888 2922">
    <p class='ocr_par' dir='ltr' id='par_1_19' title="bbox 278 2847 1888 2922">
     <span class='ocr_line' id='line_1_19' title="bbox 278 2847 1888 2922; baseline -0.004 -13"><span class='ocrx_word' id='word_1_115' title='bbox 278 2853 426 2921; x_wconf 89' lang='lat' dir='ltr'><strong>dior,</strong></span> <span class='ocrx_word' id='word_1_116' title='bbox 460 2853 671 2909; x_wconf 86' lang='lat' dir='ltr'><strong>diutius</strong></span> <span class='ocrx_word' id='word_1_117' title='bbox 698 2867 815 2907; x_wconf 85' lang='lat' dir='ltr'><strong>esse</strong></span> <span class='ocrx_word' id='word_1_118' title='bbox 840 2851 1055 2907; x_wconf 87' lang='lat' dir='ltr'><strong>debitor</strong></span> <span class='ocrx_word' id='word_1_119' title='bbox 1081 2850 1251 2917; x_wconf 85' lang='lat' dir='ltr'><strong>nolui,</strong></span> <span class='ocrx_word' id='word_1_120' title='bbox 1294 2859 1475 2922; x_wconf 85' lang='lat' dir='ltr'><strong>atque,</strong></span> <span class='ocrx_word' id='word_1_121' title='bbox 1504 2858 1562 2905; x_wconf 90' lang='lat' dir='ltr'><strong>nt</strong></span> <span class='ocrx_word' id='word_1_122' title='bbox 1589 2864 1777 2905; x_wconf 90' lang='lat' dir='ltr'><strong>verum</strong></span> <span class='ocrx_word' id='word_1_123' title='bbox 1805 2847 1888 2904; x_wconf 87' lang='lat' dir='ltr'><strong>di-</strong></span> 
     </span>
    </p>
   </div>
   <div class='ocr_carea' id='block_1_20' title="bbox 272 2938 1887 3014">
    <p class='ocr_par' dir='ltr' id='par_1_20' title="bbox 272 2938 1887 3014">
     <span class='ocr_line' id='line_1_20' title="bbox 272 2938 1887 3014; baseline -0.005 -13"><span class='ocrx_word' id='word_1_124' title='bbox 272 2962 417 3011; x_wconf 87' lang='lat' dir='ltr'><strong>cam,</strong></span> <span class='ocrx_word' id='word_1_125' title='bbox 451 2959 567 2999; x_wconf 87' lang='lat' dir='ltr'><strong>non</strong></span> <span class='ocrx_word' id='word_1_126' title='bbox 598 2944 770 3014; x_wconf 88' lang='lat' dir='ltr'><strong>potui.</strong></span> <span class='ocrx_word' id='word_1_127' title='bbox 800 2942 892 2999; x_wconf 89' lang='lat' dir='ltr'><strong>Sic</strong></span> <span class='ocrx_word' id='word_1_128' title='bbox 913 2941 1056 2998; x_wconf 87' lang='lat' dir='ltr'><strong>enim</strong></span> <span class='ocrx_word' id='word_1_129' title='bbox 1084 2958 1174 2997; x_wconf 90' lang='lat' dir='ltr'><strong>me</strong></span> <span class='ocrx_word' id='word_1_130' title='bbox 1196 2940 1473 3011; x_wconf 81' lang='lat' dir='ltr'><strong>compulit,</strong></span> <span class='ocrx_word' id='word_1_131' title='bbox 1505 2940 1586 2995; x_wconf 83' lang='lat' dir='ltr'><strong>vel</strong></span> <span class='ocrx_word' id='word_1_132' title='bbox 1615 2940 1729 3013; x_wconf 76' lang='lat' dir='ltr'><strong>ipsa</strong></span> <span class='ocrx_word' id='word_1_133' title='bbox 1750 2938 1887 2997; x_wconf 76' lang='lat' dir='ltr'><strong>Cha-</strong></span> 
     </span>
    </p>
   </div>
   <div class='ocr_carea' id='block_1_21' title="bbox 282 3031 1889 3107">
    <p class='ocr_par' dir='ltr' id='par_1_21' title="bbox 282 3031 1889 3107">
     <span class='ocr_line' id='line_1_21' title="bbox 282 3031 1889 3107; baseline -0.004 -14"><span class='ocrx_word' id='word_1_134' title='bbox 282 3038 413 3093; x_wconf 82' lang='lat' dir='ltr'><strong>ritas</strong></span> <span class='ocrx_word' id='word_1_135' title='bbox 438 3051 549 3107; x_wconf 84' lang='lat' dir='ltr'><strong>qna</strong></span> <span class='ocrx_word' id='word_1_136' title='bbox 576 3035 638 3090; x_wconf 89' lang='lat' dir='ltr'><strong>in</strong></span> <span class='ocrx_word' id='word_1_137' title='bbox 667 3048 782 3089; x_wconf 78' lang='lat' dir='ltr'><strong>uno</strong></span> <span class='ocrx_word' id='word_1_138' title='bbox 819 3032 1246 3090; x_wconf 88' lang='lat' dir='ltr'><strong>incommutabili</strong></span> <span class='ocrx_word' id='word_1_139' title='bbox 1276 3047 1438 3087; x_wconf 91' lang='lat' dir='ltr'><strong>unum</strong></span> <span class='ocrx_word' id='word_1_140' title='bbox 1465 3046 1653 3087; x_wconf 88' lang='lat' dir='ltr'><strong>sumus</strong></span> <span class='ocrx_word' id='word_1_141' title='bbox 1680 3031 1734 3087; x_wconf 87' lang='lat' dir='ltr'><strong>in</strong></span> <span class='ocrx_word' id='word_1_142' title='bbox 1769 3044 1889 3086; x_wconf 83' lang='lat' dir='ltr'><strong>me-</strong></span> 
     </span>
    </p>
   </div>
   <div class='ocr_carea' id='block_1_22' title="bbox 284 3122 1886 3194">
    <p class='ocr_par' dir='ltr' id='par_1_22' title="bbox 284 3122 1886 3194">
     <span class='ocr_line' id='line_1_22' title="bbox 284 3122 1886 3194; baseline -0.006 -8"><span class='ocrx_word' id='word_1_143' title='bbox 284 3132 386 3186; x_wconf 73' lang='lat' dir='ltr'><strong>lius</strong></span> <span class='ocrx_word' id='word_1_144' title='bbox 398 3128 797 3194; x_wconf 76' lang='lat' dir='ltr'><strong>commutandi,</strong></span> <span class='ocrx_word' id='word_1_145' title='bbox 815 3128 903 3182; x_wconf 89' lang='lat' dir='ltr'><strong>vel</strong></span> <span class='ocrx_word' id='word_1_146' title='bbox 929 3125 1091 3181; x_wconf 85' lang='lat' dir='ltr'><strong>timor</strong></span> <span class='ocrx_word' id='word_1_147' title='bbox 1111 3140 1183 3181; x_wconf 90' lang='lat' dir='ltr'><strong>ne</strong></span> <span class='ocrx_word' id='word_1_148' title='bbox 1202 3125 1255 3179; x_wconf 91' lang='lat' dir='ltr'><strong>in</strong></span> <span class='ocrx_word' id='word_1_149' title='bbox 1273 3132 1326 3179; x_wconf 88' lang='lat' dir='ltr'><strong>te</strong></span> <span class='ocrx_word' id='word_1_150' title='bbox 1341 3122 1672 3189; x_wconf 82' lang='lat' dir='ltr'><strong>oll‘euderem</strong></span> <span class='ocrx_word' id='word_1_151' title='bbox 1694 3122 1886 3190; x_wconf 88' lang='lat' dir='ltr'><strong>Deum,</strong></span> 
     </span>
    </p>
   </div>
   <div class='ocr_carea' id='block_1_23' title="bbox 281 3220 1877 3291">
    <p class='ocr_par' dir='ltr' id='par_1_23' title="bbox 281 3220 1877 3291">
     <span class='ocr_line' id='line_1_23' title="bbox 281 3220 1877 3291; baseline 0.002 -17"><span class='ocrx_word' id='word_1_152' title='bbox 281 3223 373 3291; x_wconf 74' lang='lat' dir='ltr'><strong>qui</strong></span> <span class='ocrx_word' id='word_1_153' title='bbox 402 3222 499 3276; x_wconf 85' lang='lat' dir='ltr'><strong>tibi</strong></span> <span class='ocrx_word' id='word_1_154' title='bbox 536 3221 876 3277; x_wconf 78' lang='lat' dir='ltr'><strong>desiderium</strong></span> <span class='ocrx_word' id='word_1_155' title='bbox 910 3223 1013 3278; x_wconf 86' lang='lat' dir='ltr'><strong>tale</strong></span> <span class='ocrx_word' id='word_1_156' title='bbox 1050 3222 1301 3289; x_wconf 86' lang='lat' dir='ltr'><strong>donavit,</strong></span> <span class='ocrx_word' id='word_1_157' title='bbox 1349 3221 1436 3276; x_wconf 79' lang='lat' dir='ltr'><strong>cui</strong></span> <span class='ocrx_word' id='word_1_158' title='bbox 1477 3220 1762 3276; x_wconf 83' lang='lat' dir='ltr'><strong>serviendo</strong></span> <span class='ocrx_word' id='word_1_159' title='bbox 1792 3220 1877 3277; x_wconf 89' lang='lat' dir='ltr'><strong>illt</strong></span> 
     </span>
    </p>
   </div>
   <div class='ocr_carea' id='block_1_24' title="bbox 286 3312 1880 3383">
    <p class='ocr_par' dir='ltr' id='par_1_24' title="bbox 286 3312 1880 3383">
     <span class='ocr_line' id='line_1_24' title="bbox 286 3312 1880 3383; baseline -0.001 -14"><span class='ocrx_word' id='word_1_160' title='bbox 286 3317 513 3369; x_wconf 77' lang='lat' dir='ltr'><strong>serviam</strong></span> <span class='ocrx_word' id='word_1_161' title='bbox 541 3314 638 3383; x_wconf 79' lang='lat' dir='ltr'><strong>qui</strong></span> <span class='ocrx_word' id='word_1_162' title='bbox 669 3312 932 3368; x_wconf 84' lang='lat' dir='ltr'><strong>donavit:</strong></span> <span class='ocrx_word' id='word_1_163' title='bbox 957 3313 1071 3380; x_wconf 85' lang='lat' dir='ltr'><strong>sic,</strong></span> <span class='ocrx_word' id='word_1_164' title='bbox 1095 3313 1342 3383; x_wconf 74' lang='lat' dir='ltr'><strong>inquam,</strong></span> <span class='ocrx_word' id='word_1_165' title='bbox 1373 3328 1459 3368; x_wconf 87' lang='lat' dir='ltr'><strong>me</strong></span> <span class='ocrx_word' id='word_1_166' title='bbox 1484 3312 1771 3382; x_wconf 88' lang='lat' dir='ltr'><strong>compulit,</strong></span> <span class='ocrx_word' id='word_1_167' title='bbox 1800 3312 1880 3368; x_wconf 84' lang='lat' dir='ltr'><strong>sic</strong></span> 
     </span>
    </p>
   </div>
   <div class='ocr_carea' id='block_1_25' title="bbox 283 3401 1880 3474">
    <p class='ocr_par' dir='ltr' id='par_1_25' title="bbox 283 3401 1880 3474">
     <span class='ocr_line' id='line_1_25' title="bbox 283 3401 1880 3474; baseline -0.002 -14"><span class='ocrx_word' id='word_1_168' title='bbox 283 3405 435 3460; x_wconf 81' lang='lat' dir='ltr'><strong>duxit</strong></span> <span class='ocrx_word' id='word_1_169' title='bbox 462 3413 518 3459; x_wconf 90' lang='lat' dir='ltr'><strong>et</strong></span> <span class='ocrx_word' id='word_1_170' title='bbox 546 3406 719 3459; x_wconf 78' lang='lat' dir='ltr'><strong>traxit</strong></span> <span class='ocrx_word' id='word_1_171' title='bbox 761 3404 830 3458; x_wconf 84' lang='lat' dir='ltr'><strong>ad</strong></span> <span class='ocrx_word' id='word_1_172' title='bbox 883 3403 1252 3461; x_wconf 77' lang='lat' dir='ltr'><strong>dissolvendas</strong></span> <span class='ocrx_word' id='word_1_173' title='bbox 1295 3418 1391 3474; x_wconf 89' lang='lat' dir='ltr'><strong>pro</strong></span> <span class='ocrx_word' id='word_1_174' title='bbox 1437 3402 1653 3458; x_wconf 87' lang='lat' dir='ltr'><strong>tantillis</strong></span> <span class='ocrx_word' id='word_1_175' title='bbox 1676 3401 1880 3457; x_wconf 88' lang='lat' dir='ltr'><strong>viribus</strong></span> 
     </span>
    </p>
   </div>
   <div class='ocr_carea' id='block_1_26' title="bbox 283 3494 1879 3564">
    <p class='ocr_par' dir='ltr' id='par_1_26' title="bbox 283 3494 1879 3564">
     <span class='ocr_line' id='line_1_26' title="bbox 283 3494 1879 3564; baseline 0.001 -15"><span class='ocrx_word' id='word_1_176' title='bbox 283 3496 609 3564; x_wconf 69' lang='lat' dir='ltr'><strong>qustiones</strong></span> <span class='ocrx_word' id='word_1_177' title='bbox 635 3509 774 3563; x_wconf 82' lang='lat' dir='ltr'><strong>quas</strong></span> <span class='ocrx_word' id='word_1_178' title='bbox 798 3494 931 3548; x_wconf 83' lang='lat' dir='ltr'><strong>mihi</strong></span> <span class='ocrx_word' id='word_1_179' title='bbox 959 3495 1248 3551; x_wconf 82' lang='lat' dir='ltr'><strong>scribendo</strong></span> <span class='ocrx_word' id='word_1_180' title='bbox 1270 3494 1527 3562; x_wconf 77' lang='lat' dir='ltr'><strong>indixisti,</strong></span> <span class='ocrx_word' id='word_1_181' title='bbox 1551 3501 1610 3547; x_wconf 91' lang='lat' dir='ltr'><strong>nt</strong></span> <span class='ocrx_word' id='word_1_182' title='bbox 1637 3508 1699 3549; x_wconf 90' lang='lat' dir='ltr'><strong>ea</strong></span> <span class='ocrx_word' id='word_1_183' title='bbox 1720 3507 1879 3550; x_wconf 78' lang='lat' dir='ltr'><strong>causa</strong></span> 
     </span>
    </p>
   </div>
   <div class='ocr_carea' id='block_1_27' title="bbox 282 3586 1879 3656">
    <p class='ocr_par' dir='ltr' id='par_1_27' title="bbox 282 3586 1879 3656">
     <span class='ocr_line' id='line_1_27' title="bbox 282 3586 1879 3656; baseline 0.002 -14"><span class='ocrx_word' id='word_1_184' title='bbox 282 3586 337 3642; x_wconf 84' lang='lat' dir='ltr'><strong>in</strong></span> <span class='ocrx_word' id='word_1_185' title='bbox 360 3588 541 3642; x_wconf 80' lang='lat' dir='ltr'><strong>animo</strong></span> <span class='ocrx_word' id='word_1_186' title='bbox 564 3601 692 3641; x_wconf 88' lang='lat' dir='ltr'><strong>meo</strong></span> <span class='ocrx_word' id='word_1_187' title='bbox 723 3587 1005 3656; x_wconf 85' lang='lat' dir='ltr'><strong>paulisper</strong></span> <span class='ocrx_word' id='word_1_188' title='bbox 1031 3587 1277 3642; x_wconf 79' lang='lat' dir='ltr'><strong>vinceret</strong></span> <span class='ocrx_word' id='word_1_189' title='bbox 1298 3586 1453 3648; x_wconf 84' lang='lat' dir='ltr'><strong>alias,</strong></span> <span class='ocrx_word' id='word_1_190' title='bbox 1481 3586 1653 3643; x_wconf 89' lang='lat' dir='ltr'><strong>donec</strong></span> <span class='ocrx_word' id='word_1_191' title='bbox 1680 3587 1879 3646; x_wconf 75' lang='lat' dir='ltr'><strong>aliquid</strong></span> 
     </span>
    </p>
   </div>
   <div class='ocr_carea' id='block_1_28' title="bbox 282 3675 1888 3753">
    <p class='ocr_par' dir='ltr' id='par_1_28' title="bbox 282 3675 1888 3753">
     <span class='ocr_line' id='line_1_28' title="bbox 282 3675 1888 3753; baseline -0.006 -13"><span class='ocrx_word' id='word_1_192' title='bbox 282 3684 582 3748; x_wconf 74' lang='lat' dir='ltr'><strong>efﬁcerem,</strong></span> <span class='ocrx_word' id='word_1_193' title='bbox 611 3696 728 3753; x_wconf 85' lang='lat' dir='ltr'><strong>quo</strong></span> <span class='ocrx_word' id='word_1_194' title='bbox 755 3695 846 3741; x_wconf 83' lang='lat' dir='ltr'><strong>me</strong></span> <span class='ocrx_word' id='word_1_195' title='bbox 870 3679 1029 3736; x_wconf 73' lang='lat' dir='ltr'><strong>bona:</strong></span> <span class='ocrx_word' id='word_1_196' title='bbox 1056 3686 1165 3735; x_wconf 73' lang='lat' dir='ltr'><strong>tua:</strong></span> <span class='ocrx_word' id='word_1_197' title='bbox 1189 3678 1448 3734; x_wconf 78' lang='lat' dir='ltr'><strong>voluntati</strong></span> <span class='ocrx_word' id='word_1_198' title='bbox 1474 3685 1530 3734; x_wconf 90' lang='lat' dir='ltr'><strong>et</strong></span> <span class='ocrx_word' id='word_1_199' title='bbox 1556 3692 1743 3733; x_wconf 88' lang='lat' dir='ltr'><strong>eorum</strong></span> <span class='ocrx_word' id='word_1_200' title='bbox 1769 3675 1888 3748; x_wconf 85' lang='lat' dir='ltr'><strong>qui-</strong></span> 
     </span>
    </p>
   </div>
   <div class='ocr_carea' id='block_1_29' title="bbox 287 3760 1892 3836">
    <p class='ocr_par' dir='ltr' id='par_1_29' title="bbox 287 3760 1892 3836">
     <span class='ocr_line' id='line_1_29' title="bbox 287 3760 1892 3836; baseline -0.004 -5"><span class='ocrx_word' id='word_1_201' title='bbox 287 3774 391 3830; x_wconf 78' lang='lat' dir='ltr'><strong>bus</strong></span> <span class='ocrx_word' id='word_1_202' title='bbox 413 3774 526 3830; x_wconf 55' lang='lat' dir='ltr'><strong>haec</strong></span> <span class='ocrx_word' id='word_1_203' title='bbox 548 3787 703 3829; x_wconf 70' lang='lat' dir='ltr'><strong>curm</strong></span> <span class='ocrx_word' id='word_1_204' title='bbox 730 3780 882 3836; x_wconf 90' lang='lat' dir='ltr'><strong>sunt,</strong></span> <span class='ocrx_word' id='word_1_205' title='bbox 910 3760 1012 3827; x_wconf 73' lang='lat' dir='ltr'><strong>et&#39;si</strong></span> <span class='ocrx_word' id='word_1_206' title='bbox 1042 3785 1150 3826; x_wconf 88' lang='lat' dir='ltr'><strong>non</strong></span> <span class='ocrx_word' id='word_1_207' title='bbox 1180 3767 1529 3836; x_wconf 77' lang='lat' dir='ltr'><strong>sufﬁcienter,</strong></span> <span class='ocrx_word' id='word_1_208' title='bbox 1558 3777 1738 3823; x_wconf 87' lang='lat' dir='ltr'><strong>tamen</strong></span> <span class='ocrx_word' id='word_1_209' title='bbox 1763 3766 1892 3824; x_wconf 86' lang='lat' dir='ltr'><strong>obe-</strong></span> 
     </span>
    </p>
   </div>
   <div class='ocr_carea' id='block_1_30' title="bbox 284 3863 1149 3924">
    <p class='ocr_par' dir='ltr' id='par_1_30' title="bbox 284 3863 1149 3924">
     <span class='ocr_line' id='line_1_30' title="bbox 284 3863 1149 3924; baseline -0.009 0"><span class='ocrx_word' id='word_1_210' title='bbox 284 3865 495 3924; x_wconf 79' lang='lat' dir='ltr'><strong>dienter</strong></span> <span class='ocrx_word' id='word_1_211' title='bbox 518 3863 831 3921; x_wconf 85' lang='lat' dir='ltr'><strong>deservisse</strong></span> <span class='ocrx_word' id='word_1_212' title='bbox 853 3870 1149 3919; x_wconf 84' lang='lat' dir='ltr'><strong>constaret.</strong></span> 
     </span>
    </p>
   </div>
   <div class='ocr_carea' id='block_1_31' title="bbox 355 3950 1895 4023">
    <p class='ocr_par' dir='ltr' id='par_1_31' title="bbox 355 3950 1895 4023">
     <span class='ocr_line' id='line_1_31' title="bbox 355 3950 1895 4023; baseline -0.006 -9"><span class='ocrx_word' id='word_1_213' title='bbox 355 3956 587 4014; x_wconf 73' lang='lat' dir='ltr'><strong>CAPUT</strong></span> <span class='ocrx_word' id='word_1_214' title='bbox 628 3955 698 4011; x_wconf 88' lang='lat' dir='ltr'><strong>ll.</strong></span> <span class='ocrx_word' id='word_1_215' title='bbox 721 3985 801 3996; x_wconf 91' lang='lat'>—</span> <span class='ocrx_word' id='word_1_216' title='bbox 823 3953 882 4008; x_wconf 75' lang='grc'><strong>2.</strong></span> <span class='ocrx_word' id='word_1_217' title='bbox 915 3953 1103 4018; x_wconf 79' lang='lat' dir='ltr'><strong>Adam,</strong></span> <span class='ocrx_word' id='word_1_218' title='bbox 1128 3953 1173 4008; x_wconf 76' lang='lat' dir='ltr'><strong>ri</strong></span> <span class='ocrx_word' id='word_1_219' title='bbox 1195 3968 1294 4007; x_wconf 85' lang='lat' dir='ltr'><strong>non</strong></span> <span class='ocrx_word' id='word_1_220' title='bbox 1317 3961 1587 4023; x_wconf 81' lang='lat' dir='ltr'><strong>peccasset,</strong></span> <span class='ocrx_word' id='word_1_221' title='bbox 1615 3967 1717 4006; x_wconf 83' lang='lat' dir='ltr'><strong>non</strong></span> <span class='ocrx_word' id='word_1_222' title='bbox 1737 3950 1895 4022; x_wconf 79' lang='lat' dir='ltr'><strong>fuisse</strong></span> 
     </span>
    </p>
   </div>
   <div class='ocr_carea' id='block_1_32' title="bbox 285 4043 1891 4114">
    <p class='ocr_par' dir='ltr' id='par_1_32' title="bbox 285 4043 1891 4114">
     <span class='ocr_line' id='line_1_32' title="bbox 285 4043 1891 4114; baseline -0.004 -10"><span class='ocrx_word' id='word_1_223' title='bbox 285 4049 613 4104; x_wconf 63' lang='lat' dir='ltr'><strong>moriturum.</strong></span> <span class='ocrx_word' id='word_1_224' title='bbox 644 4046 749 4114; x_wconf 84' lang='lat' dir='ltr'><strong>Qui</strong></span> <span class='ocrx_word' id='word_1_225' title='bbox 794 4044 980 4101; x_wconf 87' lang='lat' dir='ltr'><strong>dicunt</strong></span> <span class='ocrx_word' id='word_1_226' title='bbox 1006 4044 1179 4100; x_wconf 81' lang='lat' dir='ltr'><strong>Adam</strong></span> <span class='ocrx_word' id='word_1_227' title='bbox 1222 4044 1299 4100; x_wconf 90' lang='lat' dir='ltr'><strong>sic</strong></span> <span class='ocrx_word' id='word_1_228' title='bbox 1335 4053 1575 4099; x_wconf 87' lang='lat' dir='ltr'><strong>creatum</strong></span> <span class='ocrx_word' id='word_1_229' title='bbox 1599 4084 1615 4110; x_wconf 98' lang='lat'><strong>,</strong></span> <span class='ocrx_word' id='word_1_230' title='bbox 1646 4051 1705 4098; x_wconf 92' lang='lat' dir='ltr'><strong>ut</strong></span> <span class='ocrx_word' id='word_1_231' title='bbox 1730 4043 1891 4099; x_wconf 86' lang='lat' dir='ltr'><strong>etiam</strong></span> 
     </span>
    </p>
   </div>
   <div class='ocr_carea' id='block_1_33' title="bbox 284 4133 1893 4217">
    <p class='ocr_par' dir='ltr' id='par_1_33' title="bbox 284 4133 1893 4217">
     <span class='ocr_line' id='line_1_33' title="bbox 284 4133 1893 4217; baseline -0.005 -19"><span class='ocrx_word' id='word_1_232' title='bbox 284 4143 410 4198; x_wconf 61' lang='lat' dir='ltr'><strong>sane</strong></span> <span class='ocrx_word' id='word_1_233' title='bbox 433 4140 642 4212; x_wconf 85' lang='lat' dir='ltr'><strong>peccati</strong></span> <span class='ocrx_word' id='word_1_234' title='bbox 672 4139 870 4196; x_wconf 89' lang='lat' dir='ltr'><strong>merito</strong></span> <span class='ocrx_word' id='word_1_235' title='bbox 899 4144 1223 4217; x_wconf 84' lang='lat' dir='ltr'><strong>moreretur,</strong></span> <span class='ocrx_word' id='word_1_236' title='bbox 1256 4151 1360 4191; x_wconf 91' lang='lat' dir='ltr'><strong>non</strong></span> <span class='ocrx_word' id='word_1_237' title='bbox 1386 4150 1543 4207; x_wconf 86' lang='lat' dir='ltr'><strong>poena</strong></span> <span class='ocrx_word' id='word_1_238' title='bbox 1572 4134 1765 4206; x_wconf 75' lang='lat' dir='ltr'><strong>culpm,</strong></span> <span class='ocrx_word' id='word_1_239' title='bbox 1796 4133 1893 4190; x_wconf 88' lang='lat' dir='ltr'><strong>sed</strong></span> 
     </span>
    </p>
   </div>
   <div class='ocr_carea' id='block_1_34' title="bbox 283 4224 1894 4300">
    <p class='ocr_par' dir='ltr' id='par_1_34' title="bbox 283 4224 1894 4300">
     <span class='ocr_line' id='line_1_34' title="bbox 283 4224 1894 4300; baseline -0.008 -8"><span class='ocrx_word' id='word_1_240' title='bbox 283 4233 614 4291; x_wconf 78' lang='lat' dir='ltr'><strong>necessitate</strong></span> <span class='ocrx_word' id='word_1_241' title='bbox 628 4241 869 4293; x_wconf 65' lang='lat' dir='ltr'><strong>naturae;</strong></span> <span class='ocrx_word' id='word_1_242' title='bbox 892 4227 1136 4300; x_wconf 83' lang='lat' dir='ltr'><strong>profecto</strong></span> <span class='ocrx_word' id='word_1_243' title='bbox 1150 4226 1282 4282; x_wconf 87' lang='lat' dir='ltr'><strong>illud</strong></span> <span class='ocrx_word' id='word_1_244' title='bbox 1303 4226 1443 4297; x_wconf 80' lang='lat' dir='ltr'><strong>quod</strong></span> <span class='ocrx_word' id='word_1_245' title='bbox 1463 4226 1514 4280; x_wconf 87' lang='lat' dir='ltr'><strong>in</strong></span> <span class='ocrx_word' id='word_1_246' title='bbox 1532 4225 1673 4297; x_wconf 83' lang='lat' dir='ltr'><strong>Lege</strong></span> <span class='ocrx_word' id='word_1_247' title='bbox 1694 4224 1894 4280; x_wconf 89' lang='lat' dir='ltr'><strong>dictum</strong></span> 
     </span>
    </p>
   </div>
   <div class='ocr_carea' id='block_1_35' title="bbox 280 4314 1894 4389">
    <p class='ocr_par' dir='ltr' id='par_1_35' title="bbox 280 4314 1894 4389">
     <span class='ocr_line' id='line_1_35' title="bbox 280 4314 1894 4389; baseline -0.006 -9"><span class='ocrx_word' id='word_1_248' title='bbox 280 4332 404 4389; x_wconf 81' lang='lat' dir='ltr'><strong>est,</strong></span> <span class='ocrx_word' id='word_1_249' title='bbox 438 4323 555 4389; x_wconf 77' lang='lat' dir='ltr'><strong>Qua</strong></span> <span class='ocrx_word' id='word_1_250' title='bbox 582 4322 672 4376; x_wconf 85' lang='lat' dir='ltr'><strong>die</strong></span> <span class='ocrx_word' id='word_1_251' title='bbox 695 4319 901 4375; x_wconf 79' lang='lat' dir='ltr'><strong>ederitis</strong></span> <span class='ocrx_word' id='word_1_252' title='bbox 921 4360 937 4386; x_wconf 94' lang='lat'><strong>,</strong></span> <span class='ocrx_word' id='word_1_253' title='bbox 965 4326 1129 4372; x_wconf 82' lang='lat' dir='ltr'><strong>morte</strong></span> <span class='ocrx_word' id='word_1_254' title='bbox 1151 4316 1435 4371; x_wconf 75' lang='lat' dir='ltr'><strong>moriemini</strong></span> <span class='ocrx_word' id='word_1_255' title='bbox 1463 4314 1614 4388; x_wconf 76' lang='lat' dir='ltr'><strong>(Gen.</strong></span> <span class='ocrx_word' id='word_1_256' title='bbox 1652 4331 1724 4382; x_wconf 86' lang='grc' dir='ltr'>ιι,</span> <span class='ocrx_word' id='word_1_257' title='bbox 1758 4314 1847 4386; x_wconf 80' lang='lat' dir='ltr'><strong>l7)</strong></span> <span class='ocrx_word' id='word_1_258' title='bbox 1878 4331 1894 4383; x_wconf 89' lang='lat'><strong>;</strong></span> 
     </span>
    </p>
   </div>
   <div class='ocr_carea' id='block_1_36' title="bbox 281 4406 1896 4479">
    <p class='ocr_par' dir='ltr' id='par_1_36' title="bbox 281 4406 1896 4479">
     <span class='ocr_line' id='line_1_36' title="bbox 281 4406 1896 4479; baseline -0.004 -10"><span class='ocrx_word' id='word_1_259' title='bbox 281 4428 397 4469; x_wconf 77' lang='lat' dir='ltr'><strong>non</strong></span> <span class='ocrx_word' id='word_1_260' title='bbox 419 4412 491 4468; x_wconf 87' lang='lat' dir='ltr'><strong>ad</strong></span> <span class='ocrx_word' id='word_1_261' title='bbox 518 4419 755 4468; x_wconf 88' lang='lat' dir='ltr'><strong>mortem</strong></span> <span class='ocrx_word' id='word_1_262' title='bbox 781 4409 1049 4479; x_wconf 88' lang='lat' dir='ltr'><strong>corporis,</strong></span> <span class='ocrx_word' id='word_1_263' title='bbox 1080 4407 1177 4463; x_wconf 90' lang='lat' dir='ltr'><strong>sed</strong></span> <span class='ocrx_word' id='word_1_264' title='bbox 1204 4406 1270 4463; x_wconf 90' lang='lat' dir='ltr'><strong>ad</strong></span> <span class='ocrx_word' id='word_1_265' title='bbox 1296 4416 1525 4464; x_wconf 89' lang='lat' dir='ltr'><strong>mortem</strong></span> <span class='ocrx_word' id='word_1_266' title='bbox 1554 4406 1748 4463; x_wconf 74' lang='lat' dir='ltr'><strong>anima:</strong></span> <span class='ocrx_word' id='word_1_267' title='bbox 1776 4419 1896 4477; x_wconf 75' lang='lat' dir='ltr'><strong>qua:</strong></span> 
     </span>
    </p>
   </div>
   <div class='ocr_carea' id='block_1_37' title="bbox 280 4504 1893 4577">
    <p class='ocr_par' dir='ltr' id='par_1_37' title="bbox 280 4504 1893 4577">
     <span class='ocr_line' id='line_1_37' title="bbox 280 4504 1893 4577; baseline -0.001 -17"><span class='ocrx_word' id='word_1_268' title='bbox 280 4505 339 4560; x_wconf 87' lang='lat' dir='ltr'><strong>in</strong></span> <span class='ocrx_word' id='word_1_269' title='bbox 364 4516 590 4577; x_wconf 83' lang='lat' dir='ltr'><strong>peccato</strong></span> <span class='ocrx_word' id='word_1_270' title='bbox 611 4507 675 4562; x_wconf 88' lang='lat' dir='ltr'><strong>ﬁt</strong></span> <span class='ocrx_word' id='word_1_271' title='bbox 702 4507 719 4539; x_wconf 87' lang='grc'>¹</span> <span class='ocrx_word' id='word_1_272' title='bbox 734 4548 752 4574; x_wconf 85' lang='grc'><em>,</em></span> <span class='ocrx_word' id='word_1_273' title='bbox 781 4505 986 4562; x_wconf 78' lang='lat' dir='ltr'><strong>referre</strong></span> <span class='ocrx_word' id='word_1_274' title='bbox 1006 4513 1291 4562; x_wconf 86' lang='lat' dir='ltr'><strong>conantur.</strong></span> <span class='ocrx_word' id='word_1_275' title='bbox 1317 4504 1432 4574; x_wconf 90' lang='lat' dir='ltr'><strong>Qua</strong></span> <span class='ocrx_word' id='word_1_276' title='bbox 1452 4511 1626 4560; x_wconf 87' lang='lat' dir='ltr'><strong>morte</strong></span> <span class='ocrx_word' id='word_1_277' title='bbox 1648 4512 1893 4560; x_wconf 89' lang='lat' dir='ltr'><strong>mortuos</strong></span> 
     </span>
    </p>
   </div>
   <div class='ocr_carea' id='block_1_38' title="bbox 278 4596 1888 4669">
    <p class='ocr_par' dir='ltr' id='par_1_38' title="bbox 278 4596 1888 4669">
     <span class='ocr_line' id='line_1_38' title="bbox 278 4596 1888 4669; baseline -0.001 -17"><span class='ocrx_word' id='word_1_278' title='bbox 278 4598 613 4669; x_wconf 69' lang='lat' dir='ltr'><strong>signiﬁcavit</strong></span> <span class='ocrx_word' id='word_1_279' title='bbox 639 4598 903 4654; x_wconf 86' lang='lat' dir='ltr'><strong>Dominus</strong></span> <span class='ocrx_word' id='word_1_280' title='bbox 943 4597 1189 4654; x_wconf 85' lang='lat' dir='ltr'><strong>inﬁdeles</strong></span> <span class='ocrx_word' id='word_1_281' title='bbox 1212 4640 1228 4666; x_wconf 91' lang='lat'><strong>,</strong></span> <span class='ocrx_word' id='word_1_282' title='bbox 1260 4597 1328 4654; x_wconf 91' lang='lat' dir='ltr'><strong>de</strong></span> <span class='ocrx_word' id='word_1_283' title='bbox 1372 4597 1564 4669; x_wconf 85' lang='lat' dir='ltr'><strong>quibus</strong></span> <span class='ocrx_word' id='word_1_284' title='bbox 1607 4596 1716 4664; x_wconf 91' lang='lat' dir='ltr'><strong>ait,</strong></span> <span class='ocrx_word' id='word_1_285' title='bbox 1761 4596 1888 4652; x_wconf 79' lang='lat' dir='ltr'><strong>Sine</strong></span> 
     </span>
    </p>
   </div>
   <div class='ocr_carea' id='block_1_39' title="bbox 282 4686 1893 4762">
    <p class='ocr_par' dir='ltr' id='par_1_39' title="bbox 282 4686 1893 4762">
     <span class='ocr_line' id='line_1_39' title="bbox 282 4686 1893 4762; baseline -0.003 -15"><span class='ocrx_word' id='word_1_286' title='bbox 282 4702 515 4747; x_wconf 61' lang='lat' dir='ltr'><strong>meo:</strong></span> <span class='ocrx_word' id='word_1_287' title='bbox 535 4691 757 4762; x_wconf 72' lang='lat' dir='ltr'><strong>sepelire</strong></span> <span class='ocrx_word' id='word_1_288' title='bbox 783 4700 1009 4746; x_wconf 79' lang='lat' dir='ltr'><strong>mortuos</strong></span> <span class='ocrx_word' id='word_1_289' title='bbox 1036 4706 1156 4745; x_wconf 74' lang='lat' dir='ltr'><strong>suos</strong></span> <span class='ocrx_word' id='word_1_290' title='bbox 1196 4688 1408 4762; x_wconf 72' lang='lat' dir='ltr'><strong>(Matth.</strong></span> <span class='ocrx_word' id='word_1_291' title='bbox 1436 4704 1530 4745; x_wconf 87' lang='lat' dir='ltr'><strong>vut</strong></span> <span class='ocrx_word' id='word_1_292' title='bbox 1555 4731 1570 4756; x_wconf 89' lang='lat'><strong>,</strong></span> <span class='ocrx_word' id='word_1_293' title='bbox 1600 4688 1716 4759; x_wconf 71' lang='grc'><strong>22).</strong></span> <span class='ocrx_word' id='word_1_294' title='bbox 1754 4686 1893 4757; x_wconf 82' lang='lat' dir='ltr'><strong>Quid</strong></span> 
     </span>
    </p>
   </div>
   <div class='ocr_carea' id='block_1_40' title="bbox 282 4780 1892 4855">
    <p class='ocr_par' dir='ltr' id='par_1_40' title="bbox 282 4780 1892 4855">
     <span class='ocr_line' id='line_1_40' title="bbox 282 4780 1892 4855; baseline -0.004 -14"><span class='ocrx_word' id='word_1_295' title='bbox 282 4797 427 4855; x_wconf 67' lang='grc' dir='ltr'><strong>ατο</strong></span> <span class='ocrx_word' id='word_1_296' title='bbox 448 4783 882 4855; x_wconf 69' lang='lat' dir='ltr'><strong>respondebunt,</strong></span> <span class='ocrx_word' id='word_1_297' title='bbox 911 4796 1035 4838; x_wconf 87' lang='lat' dir='ltr'><strong>cum</strong></span> <span class='ocrx_word' id='word_1_298' title='bbox 1065 4782 1256 4853; x_wconf 78' lang='lat' dir='ltr'><strong>legitur</strong></span> <span class='ocrx_word' id='word_1_299' title='bbox 1280 4780 1384 4838; x_wconf 80' lang='lat' dir='ltr'><strong>hoc</strong></span> <span class='ocrx_word' id='word_1_300' title='bbox 1408 4781 1573 4838; x_wconf 83' lang='lat' dir='ltr'><strong>Deum</strong></span> <span class='ocrx_word' id='word_1_301' title='bbox 1599 4781 1769 4851; x_wconf 84' lang='lat' dir='ltr'><strong>primo</strong></span> <span class='ocrx_word' id='word_1_302' title='bbox 1791 4780 1892 4835; x_wconf 81' lang='grc' dir='ltr'><strong>Ιιο⁴</strong></span> 
     </span>
    </p>
   </div>
   <div class='ocr_carea' id='block_1_41' title="bbox 1989 2296 3580 2372">
    <p class='ocr_par' dir='ltr' id='par_1_41' title="bbox 1989 2296 3580 2372">
     <span class='ocr_line' id='line_1_41' title="bbox 1989 2296 3580 2372; baseline 0.005 -22"><span class='ocrx_word' id='word_1_303' title='bbox 1989 2296 2121 2351; x_wconf 83' lang='grc' dir='ltr'>ηιίιιί</span> <span class='ocrx_word' id='word_1_304' title='bbox 2151 2297 2310 2353; x_wconf 89' lang='lat' dir='ltr'><strong>etiam</strong></span> <span class='ocrx_word' id='word_1_305' title='bbox 2343 2307 2464 2368; x_wconf 89' lang='lat' dir='ltr'><strong>post</strong></span> <span class='ocrx_word' id='word_1_306' title='bbox 2499 2308 2777 2371; x_wconf 78' lang='lat' dir='ltr'><strong>peceatum</strong></span> <span class='ocrx_word' id='word_1_307' title='bbox 2823 2300 3146 2372; x_wconf 69' lang='lat' dir='ltr'><strong>increpando</strong></span> <span class='ocrx_word' id='word_1_308' title='bbox 3182 2311 3237 2357; x_wconf 92' lang='lat' dir='ltr'><strong>et</strong></span> <span class='ocrx_word' id='word_1_309' title='bbox 3276 2300 3580 2358; x_wconf 89' lang='lat' dir='ltr'><strong>damnando</strong></span> 
     </span>
    </p>
   </div>
   <div class='ocr_carea' id='block_1_42' title="bbox 1987 2387 3579 2465">
    <p class='ocr_par' dir='ltr' id='par_1_42' title="bbox 1987 2387 3579 2465">
     <span class='ocr_line' id='line_1_42' title="bbox 1987 2387 3579 2465; baseline 0.006 -24"><span class='ocrx_word' id='word_1_310' title='bbox 1987 2387 2186 2444; x_wconf 82' lang='lat' dir='ltr'><strong>dixisse</strong></span> <span class='ocrx_word' id='word_1_311' title='bbox 2216 2405 2231 2441; x_wconf 90' lang='lat'><strong>:</strong></span> <span class='ocrx_word' id='word_1_312' title='bbox 2262 2387 2423 2444; x_wconf 86' lang='lat' dir='ltr'><strong>Terra</strong></span> <span class='ocrx_word' id='word_1_313' title='bbox 2447 2406 2499 2446; x_wconf 78' lang='lat' dir='ltr'><strong>es</strong></span> <span class='ocrx_word' id='word_1_314' title='bbox 2517 2431 2534 2458; x_wconf 92' lang='lat'><strong>,</strong></span> <span class='ocrx_word' id='word_1_315' title='bbox 2566 2392 2689 2446; x_wconf 82' lang='lat' dir='ltr'><strong>etin</strong></span> <span class='ocrx_word' id='word_1_316' title='bbox 2716 2399 2900 2447; x_wconf 82' lang='lat' dir='ltr'><strong>terram</strong></span> <span class='ocrx_word' id='word_1_317' title='bbox 2927 2392 3019 2448; x_wconf 70' lang='lat' dir='ltr'><strong>ibi:</strong></span> <span class='ocrx_word' id='word_1_318' title='bbox 3048 2392 3198 2465; x_wconf 84' lang='lat' dir='ltr'><strong>(Gen.</strong></span> <span class='ocrx_word' id='word_1_319' title='bbox 3217 2410 3294 2461; x_wconf 86' lang='grc' dir='ltr'>ιιι,</span> <span class='ocrx_word' id='word_1_320' title='bbox 3315 2393 3443 2465; x_wconf 82' lang='lat' dir='ltr'><strong>l9)?</strong></span> <span class='ocrx_word' id='word_1_321' title='bbox 3469 2394 3579 2453; x_wconf 83' lang='lat' dir='ltr'><strong>Ne-</strong></span> 
     </span>
    </p>
   </div>
   <div class='ocr_carea' id='block_1_43' title="bbox 1986 2472 3577 2554">
    <p class='ocr_par' dir='ltr' id='par_1_43' title="bbox 1986 2472 3577 2554">
     <span class='ocr_line' id='line_1_43' title="bbox 1986 2472 3577 2554; baseline 0.004 -20"><span class='ocrx_word' id='word_1_322' title='bbox 1986 2494 2093 2549; x_wconf 87' lang='lat' dir='ltr'><strong>que</strong></span> <span class='ocrx_word' id='word_1_323' title='bbox 2121 2480 2265 2535; x_wconf 88' lang='lat' dir='ltr'><strong>enim</strong></span> <span class='ocrx_word' id='word_1_324' title='bbox 2286 2481 2583 2537; x_wconf 89' lang='lat' dir='ltr'><strong>secundum</strong></span> <span class='ocrx_word' id='word_1_325' title='bbox 2613 2484 2847 2538; x_wconf 87' lang='lat' dir='ltr'><strong>animam</strong></span> <span class='ocrx_word' id='word_1_326' title='bbox 2870 2525 2886 2552; x_wconf 93' lang='lat'><strong>,</strong></span> <span class='ocrx_word' id='word_1_327' title='bbox 2906 2472 3034 2549; x_wconf 82' lang='lat' dir='ltr'><strong>sed,</strong></span> <span class='ocrx_word' id='word_1_328' title='bbox 3071 2484 3213 2554; x_wconf 90' lang='lat' dir='ltr'><strong>quod</strong></span> <span class='ocrx_word' id='word_1_329' title='bbox 3238 2484 3577 2541; x_wconf 85' lang='lat' dir='ltr'><strong>manifestum</strong></span> 
     </span>
    </p>
   </div>
   <div class='ocr_carea' id='block_1_44' title="bbox 1987 2571 3578 2647">
    <p class='ocr_par' dir='ltr' id='par_1_44' title="bbox 1987 2571 3578 2647">
     <span class='ocr_line' id='line_1_44' title="bbox 1987 2571 3578 2647; baseline 0.006 -23"><span class='ocrx_word' id='word_1_330' title='bbox 1987 2578 2104 2638; x_wconf 90' lang='lat' dir='ltr'><strong>est,</strong></span> <span class='ocrx_word' id='word_1_331' title='bbox 2148 2571 2445 2628; x_wconf 88' lang='lat' dir='ltr'><strong>secundum</strong></span> <span class='ocrx_word' id='word_1_332' title='bbox 2472 2586 2669 2644; x_wconf 88' lang='lat' dir='ltr'><strong>corpus</strong></span> <span class='ocrx_word' id='word_1_333' title='bbox 2695 2583 2834 2630; x_wconf 91' lang='lat' dir='ltr'><strong>terra</strong></span> <span class='ocrx_word' id='word_1_334' title='bbox 2860 2583 3009 2640; x_wconf 90' lang='lat' dir='ltr'><strong>erat,</strong></span> <span class='ocrx_word' id='word_1_335' title='bbox 3047 2583 3104 2631; x_wconf 91' lang='lat' dir='ltr'><strong>et</strong></span> <span class='ocrx_word' id='word_1_336' title='bbox 3142 2584 3314 2632; x_wconf 87' lang='lat' dir='ltr'><strong>morte</strong></span> <span class='ocrx_word' id='word_1_337' title='bbox 3338 2576 3578 2647; x_wconf 81' lang='lat' dir='ltr'><strong>ejusdem</strong></span> 
     </span>
    </p>
   </div>
   <div class='ocr_carea' id='block_1_45' title="bbox 1989 2659 3583 2733">
    <p class='ocr_par' dir='ltr' id='par_1_45' title="bbox 1989 2659 3583 2733">
     <span class='ocr_line' id='line_1_45' title="bbox 1989 2659 3583 2733; baseline 0.006 -18"><span class='ocrx_word' id='word_1_338' title='bbox 1989 2659 2234 2730; x_wconf 90' lang='lat' dir='ltr'><strong>corporis</strong></span> <span class='ocrx_word' id='word_1_339' title='bbox 2263 2670 2379 2716; x_wconf 89' lang='lat' dir='ltr'><strong>erat</strong></span> <span class='ocrx_word' id='word_1_340' title='bbox 2408 2662 2581 2719; x_wconf 89' lang='lat' dir='ltr'><strong>iturus</strong></span> <span class='ocrx_word' id='word_1_341' title='bbox 2608 2663 2665 2719; x_wconf 87' lang='lat' dir='ltr'><strong>in</strong></span> <span class='ocrx_word' id='word_1_342' title='bbox 2696 2671 2913 2720; x_wconf 87' lang='lat' dir='ltr'><strong>terram.</strong></span> <span class='ocrx_word' id='word_1_343' title='bbox 2941 2664 3196 2733; x_wconf 78' lang='lat' dir='ltr'><strong>Quamvis</strong></span> <span class='ocrx_word' id='word_1_344' title='bbox 3224 2666 3365 2722; x_wconf 89' lang='lat' dir='ltr'><strong>enim</strong></span> <span class='ocrx_word' id='word_1_345' title='bbox 3390 2683 3583 2725; x_wconf 89' lang='lat' dir='ltr'><strong>secun-</strong></span> 
     </span>
    </p>
   </div>
   <div class='ocr_carea' id='block_1_46' title="bbox 1988 2750 3582 2828">
    <p class='ocr_par' dir='ltr' id='par_1_46' title="bbox 1988 2750 3582 2828">
     <span class='ocr_line' id='line_1_46' title="bbox 1988 2750 3582 2828; baseline 0.008 -23"><span class='ocrx_word' id='word_1_346' title='bbox 1988 2750 2118 2805; x_wconf 88' lang='lat' dir='ltr'><strong>dum</strong></span> <span class='ocrx_word' id='word_1_347' title='bbox 2149 2765 2346 2822; x_wconf 90' lang='lat' dir='ltr'><strong>corpus</strong></span> <span class='ocrx_word' id='word_1_348' title='bbox 2391 2762 2533 2809; x_wconf 88' lang='lat' dir='ltr'><strong>terra</strong></span> <span class='ocrx_word' id='word_1_349' title='bbox 2570 2764 2753 2825; x_wconf 84' lang='lat' dir='ltr'><strong>esset,</strong></span> <span class='ocrx_word' id='word_1_350' title='bbox 2797 2764 2850 2812; x_wconf 89' lang='lat' dir='ltr'><strong>et</strong></span> <span class='ocrx_word' id='word_1_351' title='bbox 2891 2772 3085 2828; x_wconf 89' lang='lat' dir='ltr'><strong>corpus</strong></span> <span class='ocrx_word' id='word_1_352' title='bbox 3128 2759 3182 2814; x_wconf 88' lang='lat' dir='ltr'><strong>in</strong></span> <span class='ocrx_word' id='word_1_353' title='bbox 3223 2774 3331 2827; x_wconf 87' lang='lat' dir='ltr'><strong>quo</strong></span> <span class='ocrx_word' id='word_1_354' title='bbox 3368 2769 3582 2817; x_wconf 86' lang='lat' dir='ltr'><strong>creatus</strong></span> 
     </span>
    </p>
   </div>
   <div class='ocr_carea' id='block_1_47' title="bbox 1986 2842 3585 2919">
    <p class='ocr_par' dir='ltr' id='par_1_47' title="bbox 1986 2842 3585 2919">
     <span class='ocr_line' id='line_1_47' title="bbox 1986 2842 3585 2919; baseline 0.007 -22"><span class='ocrx_word' id='word_1_355' title='bbox 1986 2848 2071 2897; x_wconf 86' lang='lat' dir='ltr'><strong>est</strong></span> <span class='ocrx_word' id='word_1_356' title='bbox 2096 2842 2327 2898; x_wconf 87' lang='lat' dir='ltr'><strong>animale</strong></span> <span class='ocrx_word' id='word_1_357' title='bbox 2350 2852 2623 2915; x_wconf 73' lang='lat' dir='ltr'><strong>gestaret;</strong></span> <span class='ocrx_word' id='word_1_358' title='bbox 2654 2854 2829 2902; x_wconf 88' lang='lat' dir='ltr'><strong>tamen</strong></span> <span class='ocrx_word' id='word_1_359' title='bbox 2855 2846 2903 2903; x_wconf 91' lang='lat' dir='ltr'><strong>si</strong></span> <span class='ocrx_word' id='word_1_360' title='bbox 2923 2862 3028 2903; x_wconf 86' lang='lat' dir='ltr'><strong>non</strong></span> <span class='ocrx_word' id='word_1_361' title='bbox 3055 2858 3351 2919; x_wconf 86' lang='lat' dir='ltr'><strong>peccasset,</strong></span> <span class='ocrx_word' id='word_1_362' title='bbox 3379 2851 3433 2907; x_wconf 92' lang='lat' dir='ltr'><strong>in</strong></span> <span class='ocrx_word' id='word_1_363' title='bbox 3461 2866 3585 2907; x_wconf 82' lang='lat' dir='ltr'><strong>cor—</strong></span> 
     </span>
    </p>
   </div>
   <div class='ocr_carea' id='block_1_48' title="bbox 1989 2934 3583 3007">
    <p class='ocr_par' dir='ltr' id='par_1_48' title="bbox 1989 2934 3583 3007">
     <span class='ocr_line' id='line_1_48' title="bbox 1989 2934 3583 3007; baseline 0.008 -19"><span class='ocrx_word' id='word_1_364' title='bbox 1989 2949 2090 3005; x_wconf 87' lang='lat' dir='ltr'><strong>pus</strong></span> <span class='ocrx_word' id='word_1_365' title='bbox 2118 2934 2291 2990; x_wconf 84' lang='lat' dir='ltr'><strong>luerat</strong></span> <span class='ocrx_word' id='word_1_366' title='bbox 2315 2936 2595 3007; x_wconf 87' lang='lat' dir='ltr'><strong>spirituale</strong></span> <span class='ocrx_word' id='word_1_367' title='bbox 2632 2938 2918 2995; x_wconf 87' lang='lat' dir='ltr'><strong>mutandus</strong></span> <span class='ocrx_word' id='word_1_368' title='bbox 2940 2981 2955 3007; x_wconf 95' lang='lat'><strong>,</strong></span> <span class='ocrx_word' id='word_1_369' title='bbox 2997 2950 3051 2996; x_wconf 93' lang='lat' dir='ltr'><strong>et</strong></span> <span class='ocrx_word' id='word_1_370' title='bbox 3085 2941 3140 2996; x_wconf 90' lang='lat' dir='ltr'><strong>in</strong></span> <span class='ocrx_word' id='word_1_371' title='bbox 3166 2941 3312 2997; x_wconf 86' lang='lat' dir='ltr'><strong>illam</strong></span> <span class='ocrx_word' id='word_1_372' title='bbox 3341 2943 3583 3000; x_wconf 87' lang='lat' dir='ltr'><strong>incorru-</strong></span> 
     </span>
    </p>
   </div>
   <div class='ocr_carea' id='block_1_49' title="bbox 1988 3028 3583 3105">
    <p class='ocr_par' dir='ltr' id='par_1_49' title="bbox 1988 3028 3583 3105">
     <span class='ocr_line' id='line_1_49' title="bbox 1988 3028 3583 3105; baseline 0.008 -23"><span class='ocrx_word' id='word_1_373' title='bbox 1988 3028 2231 3098; x_wconf 91' lang='lat' dir='ltr'><strong>ptionem</strong></span> <span class='ocrx_word' id='word_1_374' title='bbox 2277 3045 2398 3099; x_wconf 79' lang='lat' dir='ltr'><strong>qua:</strong></span> <span class='ocrx_word' id='word_1_375' title='bbox 2438 3029 2685 3088; x_wconf 87' lang='lat' dir='ltr'><strong>ﬁdelibus</strong></span> <span class='ocrx_word' id='word_1_376' title='bbox 2724 3039 2780 3088; x_wconf 90' lang='lat' dir='ltr'><strong>et</strong></span> <span class='ocrx_word' id='word_1_377' title='bbox 2820 3033 3024 3089; x_wconf 84' lang='lat' dir='ltr'><strong>sanctis</strong></span> <span class='ocrx_word' id='word_1_378' title='bbox 3064 3036 3428 3105; x_wconf 84' lang='lat' dir='ltr'><strong>promittitur,</strong></span> <span class='ocrx_word' id='word_1_379' title='bbox 3463 3036 3583 3094; x_wconf 84' lang='lat' dir='ltr'><strong>sine</strong></span> 
     </span>
    </p>
   </div>
   <div class='ocr_carea' id='block_1_50' title="bbox 1991 3122 3583 3198">
    <p class='ocr_par' dir='ltr' id='par_1_50' title="bbox 1991 3122 3583 3198">
     <span class='ocr_line' id='line_1_50' title="bbox 1991 3122 3583 3198; baseline 0.006 -23"><span class='ocrx_word' id='word_1_380' title='bbox 1991 3122 2183 3177; x_wconf 90' lang='lat' dir='ltr'><strong>mortis</strong></span> <span class='ocrx_word' id='word_1_381' title='bbox 2212 3122 2448 3192; x_wconf 89' lang='lat' dir='ltr'><strong>periculo</strong></span> <span class='ocrx_word' id='word_1_382' title='bbox 2490 3124 2816 3181; x_wconf 85' lang='lat' dir='ltr'><strong>transiturus</strong></span> <span class='ocrx_word' id='word_1_383' title='bbox 2848 3125 2888 3180; x_wconf 77' lang='grc'><strong>⁸.</strong></span> <span class='ocrx_word' id='word_1_384' title='bbox 2935 3126 3101 3198; x_wconf 83' lang='lat' dir='ltr'><strong>Cujus</strong></span> <span class='ocrx_word' id='word_1_385' title='bbox 3136 3128 3215 3183; x_wconf 90' lang='lat' dir='ltr'><strong>rei</strong></span> <span class='ocrx_word' id='word_1_386' title='bbox 3257 3128 3583 3185; x_wconf 87' lang='lat' dir='ltr'><strong>desiderium</strong></span> 
     </span>
    </p>
   </div>
   <div class='ocr_carea' id='block_1_51' title="bbox 1988 3212 3582 3289">
    <p class='ocr_par' dir='ltr' id='par_1_51' title="bbox 1988 3212 3582 3289">
     <span class='ocr_line' id='line_1_51' title="bbox 1988 3212 3582 3289; baseline 0.006 -21"><span class='ocrx_word' id='word_1_387' title='bbox 1988 3228 2089 3269; x_wconf 85' lang='lat' dir='ltr'><strong>nos</strong></span> <span class='ocrx_word' id='word_1_388' title='bbox 2114 3212 2316 3271; x_wconf 78' lang='lat' dir='ltr'><strong>habere</strong></span> <span class='ocrx_word' id='word_1_389' title='bbox 2341 3230 2449 3271; x_wconf 86' lang='lat' dir='ltr'><strong>non</strong></span> <span class='ocrx_word' id='word_1_390' title='bbox 2479 3216 2654 3272; x_wconf 90' lang='lat' dir='ltr'><strong>solum</strong></span> <span class='ocrx_word' id='word_1_391' title='bbox 2685 3217 2786 3288; x_wconf 91' lang='lat' dir='ltr'><strong>ipsi</strong></span> <span class='ocrx_word' id='word_1_392' title='bbox 2812 3218 3074 3276; x_wconf 87' lang='lat' dir='ltr'><strong>sentimus</strong></span> <span class='ocrx_word' id='word_1_393' title='bbox 3100 3220 3152 3275; x_wconf 91' lang='lat' dir='ltr'><strong>in</strong></span> <span class='ocrx_word' id='word_1_394' title='bbox 3182 3220 3358 3289; x_wconf 82' lang='lat' dir='ltr'><strong>nobis,</strong></span> <span class='ocrx_word' id='word_1_395' title='bbox 3397 3236 3582 3278; x_wconf 80' lang='lat' dir='ltr'><strong>verum</strong></span> 
     </span>
    </p>
   </div>
   <div class='ocr_carea' id='block_1_52' title="bbox 1990 3304 3582 3383">
    <p class='ocr_par' dir='ltr' id='par_1_52' title="bbox 1990 3304 3582 3383">
     <span class='ocr_line' id='line_1_52' title="bbox 1990 3304 3582 3383; baseline 0.007 -24"><span class='ocrx_word' id='word_1_396' title='bbox 1990 3304 2153 3360; x_wconf 86' lang='lat' dir='ltr'><strong>etiam</strong></span> <span class='ocrx_word' id='word_1_397' title='bbox 2199 3305 2526 3364; x_wconf 77' lang='lat' dir='ltr'><strong>admonente</strong></span> <span class='ocrx_word' id='word_1_398' title='bbox 2572 3308 2833 3379; x_wconf 88' lang='lat' dir='ltr'><strong>Apostolo</strong></span> <span class='ocrx_word' id='word_1_399' title='bbox 2879 3313 3273 3383; x_wconf 81' lang='lat' dir='ltr'><strong>cognoscimus,</strong></span> <span class='ocrx_word' id='word_1_400' title='bbox 3327 3314 3418 3370; x_wconf 91' lang='lat' dir='ltr'><strong>ubi</strong></span> <span class='ocrx_word' id='word_1_401' title='bbox 3462 3315 3582 3370; x_wconf 86' lang='lat' dir='ltr'><strong>ait:</strong></span> 
     </span>
    </p>
   </div>
   <div class='ocr_carea' id='block_1_53' title="bbox 1994 3393 3588 3480">
    <p class='ocr_par' dir='ltr' id='par_1_53' title="bbox 1994 3393 3588 3480">
     <span class='ocr_line' id='line_1_53' title="bbox 1994 3393 3588 3480; baseline 0.009 -30"><span class='ocrx_word' id='word_1_402' title='bbox 1994 3393 2196 3452; x_wconf 82' lang='lat' dir='ltr'><strong>Etenim</strong></span> <span class='ocrx_word' id='word_1_403' title='bbox 2216 3398 2268 3453; x_wconf 85' lang='lat' dir='ltr'><strong>in</strong></span> <span class='ocrx_word' id='word_1_404' title='bbox 2288 3398 2387 3454; x_wconf 80' lang='lat' dir='ltr'><strong>ltoc</strong></span> <span class='ocrx_word' id='word_1_405' title='bbox 2407 3400 2800 3472; x_wconf 78' lang='lat' dir='ltr'><strong>ingemiscimus,</strong></span> <span class='ocrx_word' id='word_1_406' title='bbox 2822 3404 3163 3461; x_wconf 78' lang='lat' dir='ltr'><strong>habitaculum</strong></span> <span class='ocrx_word' id='word_1_407' title='bbox 3180 3416 3429 3473; x_wconf 79' lang='lat' dir='ltr'><strong>nostrum,</strong></span> <span class='ocrx_word' id='word_1_408' title='bbox 3450 3409 3588 3480; x_wconf 80' lang='lat' dir='ltr'><strong>quod</strong></span> 
     </span>
    </p>
   </div>
   <div class='ocr_carea' id='block_1_54' title="bbox 1991 3487 3587 3566">
    <p class='ocr_par' dir='ltr' id='par_1_54' title="bbox 1991 3487 3587 3566">
     <span class='ocr_line' id='line_1_54' title="bbox 1991 3487 3587 3566; baseline 0.011 -25"><span class='ocrx_word' id='word_1_409' title='bbox 1991 3487 2056 3543; x_wconf 76' lang='lat' dir='ltr'><strong>de</strong></span> <span class='ocrx_word' id='word_1_410' title='bbox 2081 3489 2207 3544; x_wconf 65' lang='lat' dir='ltr'><strong>caelo</strong></span> <span class='ocrx_word' id='word_1_411' title='bbox 2230 3499 2319 3556; x_wconf 78' lang='lat' dir='ltr'><strong>est,</strong></span> <span class='ocrx_word' id='word_1_412' title='bbox 2353 3492 2656 3561; x_wconf 79' lang='lat' dir='ltr'><strong>superindai</strong></span> <span class='ocrx_word' id='word_1_413' title='bbox 2678 3495 2969 3566; x_wconf 78' lang='lat' dir='ltr'><strong>cupienter;</strong></span> <span class='ocrx_word' id='word_1_414' title='bbox 2991 3498 3035 3553; x_wconf 73' lang='lat' dir='ltr'><strong>si</strong></span> <span class='ocrx_word' id='word_1_415' title='bbox 3057 3508 3225 3554; x_wconf 78' lang='lat' dir='ltr'><strong>tamen</strong></span> <span class='ocrx_word' id='word_1_416' title='bbox 3248 3499 3438 3566; x_wconf 79' lang='lat' dir='ltr'><strong>induti,</strong></span> <span class='ocrx_word' id='word_1_417' title='bbox 3483 3517 3587 3557; x_wconf 73' lang='lat' dir='ltr'><strong>non</strong></span> 
     </span>
    </p>
   </div>
   <div class='ocr_carea' id='block_1_55' title="bbox 1993 3580 3584 3659">
    <p class='ocr_par' dir='ltr' id='par_1_55' title="bbox 1993 3580 3584 3659">
     <span class='ocr_line' id='line_1_55' title="bbox 1993 3580 3584 3659; baseline 0.009 -26"><span class='ocrx_word' id='word_1_418' title='bbox 1993 3580 2119 3634; x_wconf 76' lang='lat' dir='ltr'><strong>nudi</strong></span> <span class='ocrx_word' id='word_1_419' title='bbox 2146 3581 2480 3636; x_wconf 81' lang='lat' dir='ltr'><strong>inveniamur.</strong></span> <span class='ocrx_word' id='word_1_420' title='bbox 2512 3582 2710 3639; x_wconf 78' lang='lat' dir='ltr'><strong>Etenim</strong></span> <span class='ocrx_word' id='word_1_421' title='bbox 2734 3586 2823 3656; x_wconf 83' lang='lat' dir='ltr'><strong>qui</strong></span> <span class='ocrx_word' id='word_1_422' title='bbox 2845 3603 3020 3642; x_wconf 73' lang='lat' dir='ltr'><strong>sumus</strong></span> <span class='ocrx_word' id='word_1_423' title='bbox 3045 3589 3099 3643; x_wconf 82' lang='lat' dir='ltr'><strong>in</strong></span> <span class='ocrx_word' id='word_1_424' title='bbox 3122 3589 3219 3644; x_wconf 74' lang='lat' dir='ltr'><strong>hac</strong></span> <span class='ocrx_word' id='word_1_425' title='bbox 3246 3589 3584 3659; x_wconf 79' lang='lat' dir='ltr'><strong>habitatione,</strong></span> 
     </span>
    </p>
   </div>
   <div class='ocr_carea' id='block_1_56' title="bbox 1994 3673 3589 3754">
    <p class='ocr_par' dir='ltr' id='par_1_56' title="bbox 1994 3673 3589 3754">
     <span class='ocr_line' id='line_1_56' title="bbox 1994 3673 3589 3754; baseline 0.008 -27"><span class='ocrx_word' id='word_1_426' title='bbox 1994 3673 2365 3746; x_wconf 75' lang='lat' dir='ltr'><strong>ingemiscinnts</strong></span> <span class='ocrx_word' id='word_1_427' title='bbox 2384 3677 2602 3745; x_wconf 81' lang='lat' dir='ltr'><strong>gravati,</strong></span> <span class='ocrx_word' id='word_1_428' title='bbox 2625 3677 2679 3733; x_wconf 81' lang='lat' dir='ltr'><strong>in</strong></span> <span class='ocrx_word' id='word_1_429' title='bbox 2698 3695 2798 3749; x_wconf 86' lang='lat' dir='ltr'><strong>quo</strong></span> <span class='ocrx_word' id='word_1_430' title='bbox 2819 3680 3055 3737; x_wconf 75' lang='lat' dir='ltr'><strong>nolumus</strong></span> <span class='ocrx_word' id='word_1_431' title='bbox 3075 3682 3370 3754; x_wconf 71' lang='lat' dir='ltr'><strong>exspoliari,</strong></span> <span class='ocrx_word' id='word_1_432' title='bbox 3393 3684 3483 3739; x_wconf 76' lang='lat' dir='ltr'><strong>sed</strong></span> <span class='ocrx_word' id='word_1_433' title='bbox 3499 3700 3589 3740; x_wconf 72' lang='lat' dir='ltr'><strong>ﬂl-</strong></span> 
     </span>
    </p>
   </div>
   <div class='ocr_carea' id='block_1_57' title="bbox 1994 3765 3584 3847">
    <p class='ocr_par' dir='ltr' id='par_1_57' title="bbox 1994 3765 3584 3847">
     <span class='ocr_line' id='line_1_57' title="bbox 1994 3765 3584 3847; baseline 0.008 -28"><span class='ocrx_word' id='word_1_434' title='bbox 1994 3766 2272 3837; x_wconf 78' lang='lat' dir='ltr'><strong>pervestiri,</strong></span> <span class='ocrx_word' id='word_1_435' title='bbox 2298 3775 2353 3820; x_wconf 84' lang='lat' dir='ltr'><strong>ut</strong></span> <span class='ocrx_word' id='word_1_436' title='bbox 2372 3765 2701 3823; x_wconf 76' lang='lat' dir='ltr'><strong>absorbeatur</strong></span> <span class='ocrx_word' id='word_1_437' title='bbox 2721 3772 2935 3826; x_wconf 86' lang='lat' dir='ltr'><strong>mortale</strong></span> <span class='ocrx_word' id='word_1_438' title='bbox 2957 3788 2989 3825; x_wconf 91' lang='lat' dir='ltr'><strong>a</strong></span> <span class='ocrx_word' id='word_1_439' title='bbox 3008 3772 3109 3827; x_wconf 78' lang='lat' dir='ltr'><strong>vita</strong></span> <span class='ocrx_word' id='word_1_440' title='bbox 3127 3773 3195 3844; x_wconf 94' lang='lat' dir='ltr'><strong>(ll</strong></span> <span class='ocrx_word' id='word_1_441' title='bbox 3217 3771 3339 3830; x_wconf 87' lang='lat' dir='ltr'><strong>Cor.</strong></span> <span class='ocrx_word' id='word_1_442' title='bbox 3364 3791 3419 3842; x_wconf 89' lang='lat' dir='ltr'><strong>v,</strong></span> <span class='ocrx_word' id='word_1_443' title='bbox 3442 3774 3584 3847; x_wconf 63' lang='lat'><strong>2-4).</strong></span> 
     </span>
    </p>
   </div>
   <div class='ocr_carea' id='block_1_58' title="bbox 1995 3857 3588 3936">
    <p class='ocr_par' dir='ltr' id='par_1_58' title="bbox 1995 3857 3588 3936">
     <span class='ocr_line' id='line_1_58' title="bbox 1995 3857 3588 3936; baseline 0.004 -23"><span class='ocrx_word' id='word_1_444' title='bbox 1995 3857 2227 3914; x_wconf 86' lang='lat' dir='ltr'><strong>Proinde</strong></span> <span class='ocrx_word' id='word_1_445' title='bbox 2252 3858 2297 3913; x_wconf 91' lang='lat' dir='ltr'><strong>si</strong></span> <span class='ocrx_word' id='word_1_446' title='bbox 2327 3872 2433 3914; x_wconf 87' lang='lat' dir='ltr'><strong>non</strong></span> <span class='ocrx_word' id='word_1_447' title='bbox 2457 3869 2734 3930; x_wconf 87' lang='lat' dir='ltr'><strong>peccasset</strong></span> <span class='ocrx_word' id='word_1_448' title='bbox 2758 3861 2930 3918; x_wconf 87' lang='lat' dir='ltr'><strong>Adam</strong></span> <span class='ocrx_word' id='word_1_449' title='bbox 2956 3903 2973 3931; x_wconf 92' lang='lat'><strong>,</strong></span> <span class='ocrx_word' id='word_1_450' title='bbox 3005 3878 3111 3919; x_wconf 89' lang='lat' dir='ltr'><strong>non</strong></span> <span class='ocrx_word' id='word_1_451' title='bbox 3139 3873 3256 3921; x_wconf 89' lang='lat' dir='ltr'><strong>erat</strong></span> <span class='ocrx_word' id='word_1_452' title='bbox 3279 3866 3588 3936; x_wconf 72' lang='lat' dir='ltr'><strong>exspoliari-</strong></span> 
     </span>
    </p>
   </div>
   <div class='ocr_carea' id='block_1_59' title="bbox 1994 3949 3591 4025">
    <p class='ocr_par' dir='ltr' id='par_1_59' title="bbox 1994 3949 3591 4025">
     <span class='ocr_line' id='line_1_59' title="bbox 1994 3949 3591 4025; baseline 0.005 -19"><span class='ocrx_word' id='word_1_453' title='bbox 1994 3949 2097 4007; x_wconf 91' lang='lat' dir='ltr'><strong>dus</strong></span> <span class='ocrx_word' id='word_1_454' title='bbox 2121 3966 2352 4024; x_wconf 90' lang='lat' dir='ltr'><strong>corpore</strong></span> <span class='ocrx_word' id='word_1_455' title='bbox 2375 3995 2392 4023; x_wconf 91' lang='lat'><strong>,</strong></span> <span class='ocrx_word' id='word_1_456' title='bbox 2421 3953 2517 4010; x_wconf 91' lang='lat' dir='ltr'><strong>sed</strong></span> <span class='ocrx_word' id='word_1_457' title='bbox 2556 3954 3028 4025; x_wconf 85' lang='lat' dir='ltr'><strong>supervestiendus</strong></span> <span class='ocrx_word' id='word_1_458' title='bbox 3066 3956 3464 4013; x_wconf 86' lang='lat' dir='ltr'><strong>immortalitate</strong></span> <span class='ocrx_word' id='word_1_459' title='bbox 3488 3999 3503 4025; x_wconf 92' lang='lat'><strong>,</strong></span> <span class='ocrx_word' id='word_1_460' title='bbox 3535 3967 3591 4014; x_wconf 86' lang='lat' dir='ltr'><strong>et</strong></span> 
     </span>
    </p>
   </div>
   <div class='ocr_carea' id='block_1_60' title="bbox 1995 4042 3581 4116">
    <p class='ocr_par' dir='ltr' id='par_1_60' title="bbox 1995 4042 3581 4116">
     <span class='ocr_line' id='line_1_60' title="bbox 1995 4042 3581 4116; baseline 0.003 -18"><span class='ocrx_word' id='word_1_461' title='bbox 1995 4042 2417 4114; x_wconf 86' lang='lat' dir='ltr'><strong>incorruptione,</strong></span> <span class='ocrx_word' id='word_1_462' title='bbox 2450 4053 2508 4100; x_wconf 90' lang='lat' dir='ltr'><strong>ut</strong></span> <span class='ocrx_word' id='word_1_463' title='bbox 2534 4044 2914 4102; x_wconf 88' lang='lat' dir='ltr'><strong>absorberetur</strong></span> <span class='ocrx_word' id='word_1_464' title='bbox 2934 4047 3161 4104; x_wconf 86' lang='lat' dir='ltr'><strong>mortale</strong></span> <span class='ocrx_word' id='word_1_465' title='bbox 3180 4062 3213 4103; x_wconf 84' lang='grc' dir='ltr'><strong>ιι</strong></span> <span class='ocrx_word' id='word_1_466' title='bbox 3239 4047 3369 4115; x_wconf 86' lang='lat' dir='ltr'><strong>vita,</strong></span> <span class='ocrx_word' id='word_1_467' title='bbox 3396 4048 3449 4104; x_wconf 90' lang='lat' dir='ltr'><strong>id</strong></span> <span class='ocrx_word' id='word_1_468' title='bbox 3476 4059 3581 4116; x_wconf 84' lang='lat' dir='ltr'><strong>est,</strong></span> 
     </span>
    </p>
   </div>
   <div class='ocr_carea' id='block_1_61' title="bbox 1996 4134 2992 4206">
    <p class='ocr_par' dir='ltr' id='par_1_61' title="bbox 1996 4134 2992 4206">
     <span class='ocr_line' id='line_1_61' title="bbox 1996 4134 2992 4206; baseline -0.002 -16"><span class='ocrx_word' id='word_1_469' title='bbox 1996 4135 2063 4190; x_wconf 86' lang='lat' dir='ltr'><strong>ab</strong></span> <span class='ocrx_word' id='word_1_470' title='bbox 2093 4135 2310 4191; x_wconf 84' lang='lat' dir='ltr'><strong>animali</strong></span> <span class='ocrx_word' id='word_1_471' title='bbox 2335 4136 2388 4192; x_wconf 91' lang='lat' dir='ltr'><strong>in</strong></span> <span class='ocrx_word' id='word_1_472' title='bbox 2418 4134 2692 4206; x_wconf 89' lang='lat' dir='ltr'><strong>spirituale</strong></span> <span class='ocrx_word' id='word_1_473' title='bbox 2720 4137 2992 4192; x_wconf 91' lang='lat' dir='ltr'><strong>transiret.</strong></span> 
     </span>
    </p>
   </div>
   <div class='ocr_carea' id='block_1_62' title="bbox 2067 4226 3589 4299">
    <p class='ocr_par' dir='ltr' id='par_1_62' title="bbox 2067 4226 3589 4299">
     <span class='ocr_line' id='line_1_62' title="bbox 2067 4226 3589 4299; baseline 0.005 -16"><span class='ocrx_word' id='word_1_474' title='bbox 2067 4226 2292 4285; x_wconf 86' lang='lat' dir='ltr'><strong>CAPUT</strong></span> <span class='ocrx_word' id='word_1_475' title='bbox 2316 4228 2420 4285; x_wconf 85' lang='lat' dir='ltr'><strong>.lll.</strong></span> <span class='ocrx_word' id='word_1_476' title='bbox 2457 4258 2530 4270; x_wconf 89' lang='lat'><strong>--</strong></span> <span class='ocrx_word' id='word_1_477' title='bbox 2554 4229 2610 4285; x_wconf 81' lang='grc'><strong>5.</strong></span> <span class='ocrx_word' id='word_1_478' title='bbox 2651 4228 2809 4284; x_wconf 80' lang='lat' dir='ltr'><strong>Aliud</strong></span> <span class='ocrx_word' id='word_1_479' title='bbox 2833 4246 2940 4285; x_wconf 73' lang='lat' dir='ltr'><strong>esse</strong></span> <span class='ocrx_word' id='word_1_480' title='bbox 2965 4231 3229 4286; x_wconf 86' lang='lat' dir='ltr'><strong>mortalem</strong></span> <span class='ocrx_word' id='word_1_481' title='bbox 3252 4273 3269 4299; x_wconf 95' lang='lat'><strong>,</strong></span> <span class='ocrx_word' id='word_1_482' title='bbox 3309 4232 3456 4288; x_wconf 81' lang='lat' dir='ltr'><strong>aliud</strong></span> <span class='ocrx_word' id='word_1_483' title='bbox 3478 4249 3589 4290; x_wconf 69' lang='lat' dir='ltr'><strong>esse</strong></span> 
     </span>
    </p>
   </div>
   <div class='ocr_carea' id='block_1_63' title="bbox 1996 4322 3587 4395">
    <p class='ocr_par' dir='ltr' id='par_1_63' title="bbox 1996 4322 3587 4395">
     <span class='ocr_line' id='line_1_63' title="bbox 1996 4322 3587 4395; baseline 0.006 -19"><span class='ocrx_word' id='word_1_484' title='bbox 1996 4323 2147 4377; x_wconf 85' lang='lat' dir='ltr'><strong>morti</strong></span> <span class='ocrx_word' id='word_1_485' title='bbox 2194 4322 2487 4379; x_wconf 72' lang='lat' dir='ltr'><strong>obnoxium.</strong></span> <span class='ocrx_word' id='word_1_486' title='bbox 2532 4322 2715 4395; x_wconf 88' lang='lat' dir='ltr'><strong>Neque</strong></span> <span class='ocrx_word' id='word_1_487' title='bbox 2762 4325 2905 4379; x_wconf 88' lang='lat' dir='ltr'><strong>enim</strong></span> <span class='ocrx_word' id='word_1_488' title='bbox 2958 4326 3304 4383; x_wconf 82' lang='lat' dir='ltr'><strong>metuendum</strong></span> <span class='ocrx_word' id='word_1_489' title='bbox 3352 4326 3470 4392; x_wconf 84' lang='lat' dir='ltr'><strong>luit,</strong></span> <span class='ocrx_word' id='word_1_490' title='bbox 3518 4344 3587 4386; x_wconf 85' lang='lat' dir='ltr'><strong>ne</strong></span> 
     </span>
    </p>
   </div>
   <div class='ocr_carea' id='block_1_64' title="bbox 1997 4412 3588 4487">
    <p class='ocr_par' dir='ltr' id='par_1_64' title="bbox 1997 4412 3588 4487">
     <span class='ocr_line' id='line_1_64' title="bbox 1997 4412 3588 4487; baseline 0.004 -18"><span class='ocrx_word' id='word_1_491' title='bbox 1997 4412 2136 4470; x_wconf 81' lang='lat' dir='ltr'><strong>forte</strong></span> <span class='ocrx_word' id='word_1_492' title='bbox 2155 4414 2199 4470; x_wconf 92' lang='lat' dir='ltr'><strong>si</strong></span> <span class='ocrx_word' id='word_1_493' title='bbox 2220 4414 2421 4471; x_wconf 88' lang='lat' dir='ltr'><strong>diutius</strong></span> <span class='ocrx_word' id='word_1_494' title='bbox 2446 4415 2533 4471; x_wconf 88' lang='lat' dir='ltr'><strong>hic</strong></span> <span class='ocrx_word' id='word_1_495' title='bbox 2558 4416 2763 4472; x_wconf 85' lang='lat' dir='ltr'><strong>viveret</strong></span> <span class='ocrx_word' id='word_1_496' title='bbox 2787 4416 2808 4448; x_wconf 80' lang='grc'>¹</span> <span class='ocrx_word' id='word_1_497' title='bbox 2839 4416 2892 4471; x_wconf 88' lang='lat' dir='ltr'><strong>in</strong></span> <span class='ocrx_word' id='word_1_498' title='bbox 2916 4432 3140 4487; x_wconf 88' lang='lat' dir='ltr'><strong>corpore</strong></span> <span class='ocrx_word' id='word_1_499' title='bbox 3167 4417 3405 4485; x_wconf 88' lang='lat' dir='ltr'><strong>animali,</strong></span> <span class='ocrx_word' id='word_1_500' title='bbox 3428 4433 3588 4476; x_wconf 85' lang='lat' dir='ltr'><strong>sene-</strong></span> 
     </span>
    </p>
   </div>
   <div class='ocr_carea' id='block_1_65' title="bbox 1997 4507 3589 4577">
    <p class='ocr_par' dir='ltr' id='par_1_65' title="bbox 1997 4507 3589 4577">
     <span class='ocr_line' id='line_1_65' title="bbox 1997 4507 3589 4577; baseline 0.004 -18"><span class='ocrx_word' id='word_1_501' title='bbox 1997 4512 2143 4560; x_wconf 90' lang='lat' dir='ltr'><strong>ctute</strong></span> <span class='ocrx_word' id='word_1_502' title='bbox 2166 4517 2499 4575; x_wconf 81' lang='lat' dir='ltr'><strong>gravaretur,</strong></span> <span class='ocrx_word' id='word_1_503' title='bbox 2525 4514 2580 4561; x_wconf 92' lang='lat' dir='ltr'><strong>et</strong></span> <span class='ocrx_word' id='word_1_504' title='bbox 2599 4507 2849 4576; x_wconf 86' lang='lat' dir='ltr'><strong>paulatim</strong></span> <span class='ocrx_word' id='word_1_505' title='bbox 2871 4507 3257 4563; x_wconf 78' lang='lat' dir='ltr'><strong>velemscendo</strong></span> <span class='ocrx_word' id='word_1_506' title='bbox 3283 4507 3589 4577; x_wconf 80' lang='lat' dir='ltr'><strong>perveniret</strong></span> 
     </span>
    </p>
   </div>
   <div class='ocr_carea' id='block_1_66' title="bbox 1998 4594 3590 4656">
    <p class='ocr_par' dir='ltr' id='par_1_66' title="bbox 1998 4594 3590 4656">
     <span class='ocr_line' id='line_1_66' title="bbox 1998 4594 3590 4656; baseline 0.003 -5"><span class='ocrx_word' id='word_1_507' title='bbox 1998 4594 2066 4651; x_wconf 86' lang='lat' dir='ltr'><strong>ad</strong></span> <span class='ocrx_word' id='word_1_508' title='bbox 2091 4604 2339 4653; x_wconf 90' lang='lat' dir='ltr'><strong>mortem.</strong></span> <span class='ocrx_word' id='word_1_509' title='bbox 2392 4596 2451 4653; x_wconf 87' lang='lat' dir='ltr'><strong>Si</strong></span> <span class='ocrx_word' id='word_1_510' title='bbox 2489 4596 2633 4653; x_wconf 90' lang='lat' dir='ltr'><strong>enim</strong></span> <span class='ocrx_word' id='word_1_511' title='bbox 2676 4597 2818 4653; x_wconf 90' lang='lat' dir='ltr'><strong>Deus</strong></span> <span class='ocrx_word' id='word_1_512' title='bbox 2850 4596 3210 4653; x_wconf 88' lang='lat' dir='ltr'><strong>lsraelitarum</strong></span> <span class='ocrx_word' id='word_1_513' title='bbox 3250 4597 3590 4656; x_wconf 82' lang='lat' dir='ltr'><strong>vestimentis</strong></span> 
     </span>
    </p>
   </div>
   <div class='ocr_carea' id='block_1_67' title="bbox 1997 4688 3585 4761">
    <p class='ocr_par' dir='ltr' id='par_1_67' title="bbox 1997 4688 3585 4761">
     <span class='ocr_line' id='line_1_67' title="bbox 1997 4688 3585 4761; baseline 0.001 -17"><span class='ocrx_word' id='word_1_514' title='bbox 1997 4697 2054 4744; x_wconf 92' lang='lat' dir='ltr'><strong>et</strong></span> <span class='ocrx_word' id='word_1_515' title='bbox 2073 4688 2451 4746; x_wconf 82' lang='lat' dir='ltr'><strong>calceamentis</strong></span> <span class='ocrx_word' id='word_1_516' title='bbox 2494 4689 2783 4760; x_wconf 62' lang='lat' dir='ltr'><strong>praestitit,</strong></span> <span class='ocrx_word' id='word_1_517' title='bbox 2829 4689 2972 4761; x_wconf 85' lang='lat' dir='ltr'><strong>quod</strong></span> <span class='ocrx_word' id='word_1_518' title='bbox 3012 4703 3109 4760; x_wconf 86' lang='lat' dir='ltr'><strong>per</strong></span> <span class='ocrx_word' id='word_1_519' title='bbox 3155 4699 3234 4746; x_wconf 94' lang='lat' dir='ltr'><strong>tot</strong></span> <span class='ocrx_word' id='word_1_520' title='bbox 3262 4705 3435 4748; x_wconf 89' lang='lat' dir='ltr'><strong>annos</strong></span> <span class='ocrx_word' id='word_1_521' title='bbox 3479 4705 3585 4748; x_wconf 85' lang='lat' dir='ltr'><strong>nOn</strong></span> 
     </span>
    </p>
   </div>
   <div class='ocr_carea' id='block_1_68' title="bbox 1995 4779 3598 4853">
    <p class='ocr_par' dir='ltr' id='par_1_68' title="bbox 1995 4779 3598 4853">
     <span class='ocr_line' id='line_1_68' title="bbox 1995 4779 3598 4853; baseline 0.001 -17"><span class='ocrx_word' id='word_1_522' title='bbox 1995 4790 2122 4836; x_wconf 88' lang='lat' dir='ltr'><strong>sunt</strong></span> <span class='ocrx_word' id='word_1_523' title='bbox 2161 4780 2360 4853; x_wconf 82' lang='lat' dir='ltr'><strong>obtrita</strong></span> <span class='ocrx_word' id='word_1_524' title='bbox 2406 4779 2583 4853; x_wconf 80' lang='lat' dir='ltr'><strong>(Dent.</strong></span> <span class='ocrx_word' id='word_1_525' title='bbox 2630 4795 2791 4848; x_wconf 65' lang='grc' dir='ltr'>χιιι,</span> <span class='ocrx_word' id='word_1_526' title='bbox 2836 4779 2935 4850; x_wconf 52' lang='grc' dir='ltr'><strong>5)ι;</strong></span> <span class='ocrx_word' id='word_1_527' title='bbox 2974 4779 3099 4850; x_wconf 82' lang='lat' dir='ltr'><strong>quid</strong></span> <span class='ocrx_word' id='word_1_528' title='bbox 3149 4781 3340 4836; x_wconf 86' lang='lat' dir='ltr'><strong>mirum</strong></span> <span class='ocrx_word' id='word_1_529' title='bbox 3387 4781 3431 4837; x_wconf 90' lang='lat' dir='ltr'><strong>si</strong></span> <span class='ocrx_word' id='word_1_530' title='bbox 3466 4781 3598 4838; x_wconf 86' lang='lat' dir='ltr'><strong>obc-</strong></span> 
     </span>
    </p>
   </div>
   <div class='ocr_carea' id='block_1_69' title="bbox 1467 4923 2481 4975">
    <p class='ocr_par' dir='ltr' id='par_1_69' title="bbox 1467 4923 2481 4975">
     <span class='ocr_line' id='line_1_69' title="bbox 1467 4923 2481 4975; baseline -0.002 -10"><span class='ocrx_word' id='word_1_531' title='bbox 1467 4924 1782 4965; x_wconf 67' lang='lat' dir='ltr'><strong>-AD)IO.\&#39;ITIO</strong></span> <span class='ocrx_word' id='word_1_532' title='bbox 1817 4924 1898 4963; x_wconf 78' lang='lat' dir='ltr'><strong>PP.</strong></span> <span class='ocrx_word' id='word_1_533' title='bbox 1936 4923 2414 4965; x_wconf 64' lang='lat' dir='ltr'><strong>BEXEDICTIXORUM.</strong></span> <span class='ocrx_word' id='word_1_534' title='bbox 2464 4972 2481 4975; x_wconf 92' lang='lat'><em>_</em></span> 
     </span>
    </p>
   </div>
   <div class='ocr_carea' id='block_1_70' title="bbox 348 4998 3597 5078">
    <p class='ocr_par' dir='ltr' id='par_1_70' title="bbox 348 4998 3597 5078">
     <span class='ocr_line' id='line_1_70' title="bbox 348 4998 3597 5078; baseline -0.001 -21"><span class='ocrx_word' id='word_1_535' title='bbox 348 5012 427 5056; x_wconf 79' lang='lat' dir='ltr'><strong>De</strong></span> <span class='ocrx_word' id='word_1_536' title='bbox 460 5014 775 5078; x_wconf 59' lang='lat' dir='ltr'><strong>Pectutorum</strong></span> <span class='ocrx_word' id='word_1_537' title='bbox 796 5005 981 5055; x_wconf 69' lang='lat' dir='ltr'><strong>Neritis</strong></span> <span class='ocrx_word' id='word_1_538' title='bbox 1008 5012 1072 5078; x_wconf 83' lang='lat' dir='ltr'><strong>_et</strong></span> <span class='ocrx_word' id='word_1_539' title='bbox 1097 4998 1393 5078; x_wconf 46' lang='lat' dir='ltr'><strong>demissione</strong></span> <span class='ocrx_word' id='word_1_540' title='bbox 1416 5003 1524 5053; x_wconf 86' lang='lat' dir='ltr'><strong>libri</strong></span> <span class='ocrx_word' id='word_1_541' title='bbox 1550 5012 1654 5054; x_wconf 89' lang='lat' dir='ltr'><strong>tres</strong></span> <span class='ocrx_word' id='word_1_542' title='bbox 1674 5003 2029 5078; x_wconf 59' lang='lat' dir='ltr'><strong>recognitiliac</strong></span> <span class='ocrx_word' id='word_1_543' title='bbox 2049 5015 2171 5078; x_wconf 54' lang='lat' dir='ltr'><strong>nova</strong></span> <span class='ocrx_word' id='word_1_544' title='bbox 2196 5003 2411 5078; x_wconf 71' lang='lat' dir='ltr'><strong>editione</strong></span> <span class='ocrx_word' id='word_1_545' title='bbox 2436 5003 2723 5078; x_wconf 45' lang='grc' dir='ltr'><strong>ρ“ιι(ξιιιι.ιιι-ιι‹1⁸</strong></span> <span class='ocrx_word' id='word_1_546' title='bbox 2736 5012 2936 5078; x_wconf 70' lang='lat' dir='ltr'><strong>veteres</strong></span> <span class='ocrx_word' id='word_1_547' title='bbox 2958 5002 3153 5078; x_wconf 77' lang='lat' dir='ltr'><strong>codices</strong></span> <span class='ocrx_word' id='word_1_548' title='bbox 3168 5011 3406 5078; x_wconf 69' lang='lat' dir='ltr'><strong>Romanos</strong></span> <span class='ocrx_word' id='word_1_549' title='bbox 3421 5004 3597 5078; x_wconf 80' lang='lat' dir='ltr'><strong>biblio-</strong></span> 
     </span>
    </p>
   </div>
   <div class='ocr_carea' id='block_1_71' title="bbox 285 5064 3598 5130">
    <p class='ocr_par' dir='ltr' id='par_1_71' title="bbox 285 5064 3598 5130">
     <span class='ocr_line' id='line_1_71' title="bbox 285 5064 3598 5130; baseline 0 -14"><span class='ocrx_word' id='word_1_550' title='bbox 285 5067 454 5119; x_wconf 65' lang='lat' dir='ltr'><strong>thecae</strong></span> <span class='ocrx_word' id='word_1_551' title='bbox 474 5070 717 5119; x_wconf 72' lang='lat' dir='ltr'><strong>Vaticana:</strong></span> <span class='ocrx_word' id='word_1_552' title='bbox 740 5075 866 5126; x_wconf 88' lang='lat' dir='ltr'><strong>tres,</strong></span> <span class='ocrx_word' id='word_1_553' title='bbox 886 5066 1023 5130; x_wconf 88' lang='lat' dir='ltr'><strong>et_ad</strong></span> <span class='ocrx_word' id='word_1_554' title='bbox 1040 5065 1305 5130; x_wconf 80' lang='lat' dir='ltr'><strong>Gallicanos</strong></span> <span class='ocrx_word' id='word_1_555' title='bbox 1318 5065 1510 5130; x_wconf 80' lang='lat' dir='ltr'><strong>decem,</strong></span> <span class='ocrx_word' id='word_1_556' title='bbox 1534 5078 1683 5130; x_wconf 86' lang='lat' dir='ltr'><strong>unum</strong></span> <span class='ocrx_word' id='word_1_557' title='bbox 1705 5064 1892 5130; x_wconf 83' lang='lat' dir='ltr'><strong>scilicet</strong></span> <span class='ocrx_word' id='word_1_558' title='bbox 1909 5077 1939 5115; x_wconf 92' lang='lat' dir='ltr'><strong>e</strong></span> <span class='ocrx_word' id='word_1_559' title='bbox 1964 5065 2254 5130; x_wconf 85' lang='lat' dir='ltr'><strong>bibliotheca</strong></span> <span class='ocrx_word' id='word_1_560' title='bbox 2281 5064 2600 5130; x_wconf 79' lang='lat' dir='ltr'><strong>illustrissimi</strong></span> <span class='ocrx_word' id='word_1_561' title='bbox 2614 5066 2678 5117; x_wconf 84' lang='lat' dir='ltr'><strong>de</strong></span> <span class='ocrx_word' id='word_1_562' title='bbox 2700 5074 2745 5115; x_wconf 68' lang='grc' dir='ltr'>ε.</span> <span class='ocrx_word' id='word_1_563' title='bbox 2769 5074 3014 5130; x_wconf 78' lang='lat' dir='ltr'><strong>Georges,</strong></span> <span class='ocrx_word' id='word_1_564' title='bbox 3037 5066 3409 5130; x_wconf 71' lang='lat' dir='ltr'><strong>archiepiscopi</strong></span> <span class='ocrx_word' id='word_1_565' title='bbox 3443 5075 3598 5117; x_wconf 76' lang='lat' dir='ltr'><strong>‘turo-</strong></span> 
     </span>
    </p>
   </div>
   <div class='ocr_carea' id='block_1_72' title="bbox 286 5127 3595 5239">
    <p class='ocr_par' dir='ltr' id='par_1_72' title="bbox 286 5127 3595 5239">
     <span class='ocr_line' id='line_1_72' title="bbox 286 5127 3595 5191; baseline -0 -13"><span class='ocrx_word' id='word_1_566' title='bbox 286 5132 464 5180; x_wconf 61' lang='lat' dir='ltr'><strong>censis</strong></span> <span class='ocrx_word' id='word_1_567' title='bbox 502 5143 531 5180; x_wconf 91' lang='lat' dir='ltr'><strong>a</strong></span> <span class='ocrx_word' id='word_1_568' title='bbox 556 5139 585 5179; x_wconf 68' lang='grc' dir='ltr'><strong>κ</strong></span> <span class='ocrx_word' id='word_1_569' title='bbox 659 5143 691 5179; x_wconf 89' lang='lat' dir='ltr'><strong>e</strong></span> <span class='ocrx_word' id='word_1_570' title='bbox 712 5127 983 5191; x_wconf 84' lang='lat' dir='ltr'><strong>designati,</strong></span> <span class='ocrx_word' id='word_1_571' title='bbox 1009 5141 1161 5176; x_wconf 87' lang='lat' dir='ltr'><strong>unum</strong></span> <span class='ocrx_word' id='word_1_572' title='bbox 1200 5127 1419 5177; x_wconf 70' lang='lat' dir='ltr'><strong>Ecclesia:</strong></span> <span class='ocrx_word' id='word_1_573' title='bbox 1442 5128 1796 5186; x_wconf 68' lang='lat' dir='ltr'><strong>lmtduucnsis,</strong></span> <span class='ocrx_word' id='word_1_574' title='bbox 1828 5139 1979 5175; x_wconf 89' lang='lat' dir='ltr'><strong>unum</strong></span> <span class='ocrx_word' id='word_1_575' title='bbox 2002 5128 2414 5177; x_wconf 85' lang='lat' dir='ltr'><strong>bominicauornm</strong></span> <span class='ocrx_word' id='word_1_576' title='bbox 2439 5129 2632 5190; x_wconf 81' lang='lat' dir='ltr'><strong>majoris</strong></span> <span class='ocrx_word' id='word_1_577' title='bbox 2652 5127 2925 5177; x_wconf 62' lang='lat' dir='ltr'><strong>conventus</strong></span> <span class='ocrx_word' id='word_1_578' title='bbox 2948 5128 3229 5178; x_wconf 65' lang='lat' dir='ltr'><strong>I’arisieusis</strong></span> <span class='ocrx_word' id='word_1_579' title='bbox 3255 5130 3333 5178; x_wconf 76' lang='lat' dir='ltr'><strong>via</strong></span> <span class='ocrx_word' id='word_1_580' title='bbox 3361 5127 3595 5185; x_wconf 59' lang='lat' dir='ltr'><strong>lacoba&#39;a,</strong></span> 
     </span>
     <span class='ocr_line' id='line_1_73' title="bbox 287 5144 3593 5239; baseline 0 0"><span class='ocrx_word' id='word_1_581' title='bbox 287 5193 534 5239; x_wconf 64' lang='lat' dir='ltr'><strong>Sabaeis</strong></span> <span class='ocrx_word' id='word_1_582' title='bbox 553 5144 755 5239; x_wconf 46' lang='lat' dir='ltr'><strong>co‘ﬁeuii</strong></span> <span class='ocrx_word' id='word_1_583' title='bbox 781 5203 954 5239; x_wconf 77' lang='lat' dir='ltr'><strong>uncto.</strong></span> <span class='ocrx_word' id='word_1_584' title='bbox 980 5198 1036 5239; x_wconf 86' lang='lat' dir='ltr'><strong>et</strong></span> <span class='ocrx_word' id='word_1_585' title='bbox 1056 5189 1251 5238; x_wconf 85' lang='lat' dir='ltr'><strong>codices</strong></span> <span class='ocrx_word' id='word_1_586' title='bbox 1274 5202 1336 5238; x_wconf 76' lang='lat' dir='ltr'><strong>ex</strong></span> <span class='ocrx_word' id='word_1_587' title='bbox 1369 5190 1559 5239; x_wconf 79' lang='lat' dir='ltr'><strong>abbatta</strong></span> <span class='ocrx_word' id='word_1_588' title='bbox 1580 5189 1879 5239; x_wconf 87' lang='lat' dir='ltr'><strong>corbciensi.</strong></span> <span class='ocrx_word' id='word_1_589' title='bbox 1905 5201 1968 5238; x_wconf 86' lang='lat' dir='ltr'><strong>ex</strong></span> <span class='ocrx_word' id='word_1_590' title='bbox 1994 5189 2285 5239; x_wconf 65' lang='lat' dir='ltr'><strong>ttemiuiana.</strong></span> <span class='ocrx_word' id='word_1_591' title='bbox 2308 5202 2370 5239; x_wconf 83' lang='lat' dir='ltr'><strong>ex</strong></span> <span class='ocrx_word' id='word_1_592' title='bbox 2392 5187 2695 5239; x_wconf 81' lang='lat' dir='ltr'><strong>I‘ratellcnsi.</strong></span> <span class='ocrx_word' id='word_1_593' title='bbox 2722 5202 2783 5238; x_wconf 77' lang='lat' dir='ltr'><strong>ex</strong></span> <span class='ocrx_word' id='word_1_594' title='bbox 2806 5190 3049 5239; x_wconf 82' lang='lat' dir='ltr'><strong>Beecensi.</strong></span> <span class='ocrx_word' id='word_1_595' title='bbox 3076 5201 3137 5238; x_wconf 78' lang='lat' dir='ltr'><strong>ex</strong></span> <span class='ocrx_word' id='word_1_596' title='bbox 3161 5189 3428 5239; x_wconf 70' lang='lat' dir='ltr'><strong>Casalcnst.</strong></span> <span class='ocrx_word' id='word_1_597' title='bbox 3455 5199 3505 5239; x_wconf 86' lang='lat' dir='ltr'><strong>et</strong></span> <span class='ocrx_word' id='word_1_598' title='bbox 3531 5204 3593 5239; x_wconf 72' lang='lat' dir='ltr'><strong>ex</strong></span> 
     </span>
    </p>
   </div>
   <div class='ocr_carea' id='block_1_73' title="bbox 392 5194 611 5262">
    <p class='ocr_par' dir='ltr' id='par_1_73' title="bbox 392 5194 611 5262">
     <span class='ocr_line' id='line_1_74' title="bbox 392 5194 611 5262; baseline -0.009 -19"><span class='ocrx_word' id='word_1_599' title='bbox 392 5194 611 5262; x_wconf 57' lang='lat' dir='ltr'><strong>genitam</strong></span> 
     </span>
    </p>
   </div>
   <div class='ocr_carea' id='block_1_74' title="bbox 651 5187 3593 5255">
    <p class='ocr_par' dir='ltr' id='par_1_74' title="bbox 651 5187 3593 5255">
     <span class='ocr_line' id='line_1_75' title="bbox 651 5187 3593 5255; baseline -0 -16"><span class='ocrx_word' id='word_1_600' title='bbox 651 5192 755 5255; x_wconf 76' lang='lat' dir='ltr'><strong>egit</strong></span> <span class='ocrx_word' id='word_1_601' title='bbox 781 5187 954 5255; x_wconf 70' lang='lat' dir='ltr'><strong>unum,</strong></span> <span class='ocrx_word' id='word_1_602' title='bbox 971 5187 1036 5239; x_wconf 82' lang='lat' dir='ltr'><strong>et</strong></span> <span class='ocrx_word' id='word_1_603' title='bbox 1053 5189 1559 5255; x_wconf 69' lang='lat' dir='ltr'><strong>calicesexabbatta</strong></span> <span class='ocrx_word' id='word_1_604' title='bbox 1580 5189 1879 5255; x_wconf 74' lang='lat' dir='ltr'><strong>Corbeiensi,</strong></span> <span class='ocrx_word' id='word_1_605' title='bbox 1905 5201 1968 5238; x_wconf 86' lang='lat' dir='ltr'><strong>ex</strong></span> <span class='ocrx_word' id='word_1_606' title='bbox 1994 5189 2285 5251; x_wconf 76' lang='lat' dir='ltr'><strong>bemigiana,</strong></span> <span class='ocrx_word' id='word_1_607' title='bbox 2308 5202 2370 5255; x_wconf 58' lang='lat' dir='ltr'><strong>ex</strong></span> <span class='ocrx_word' id='word_1_608' title='bbox 2392 5187 2695 5255; x_wconf 79' lang='lat' dir='ltr'><strong>l‘ratellcnsi,</strong></span> <span class='ocrx_word' id='word_1_609' title='bbox 2722 5202 2783 5255; x_wconf 58' lang='lat' dir='ltr'><strong>es</strong></span> <span class='ocrx_word' id='word_1_610' title='bbox 2806 5190 3049 5247; x_wconf 82' lang='lat' dir='ltr'><strong>Beeceusi,</strong></span> <span class='ocrx_word' id='word_1_611' title='bbox 3076 5201 3137 5255; x_wconf 64' lang='lat' dir='ltr'><strong>ex;</strong></span> <span class='ocrx_word' id='word_1_612' title='bbox 3161 5189 3428 5249; x_wconf 80' lang='lat' dir='ltr'><strong>casalenst,</strong></span> <span class='ocrx_word' id='word_1_613' title='bbox 3455 5199 3505 5241; x_wconf 87' lang='lat' dir='ltr'><strong>ct</strong></span> <span class='ocrx_word' id='word_1_614' title='bbox 3531 5204 3593 5255; x_wconf 61' lang='lat' dir='ltr'><strong>es</strong></span> 
     </span>
    </p>
   </div>
   <div class='ocr_carea' id='block_1_75' title="bbox 288 5249 3597 5319">
    <p class='ocr_par' dir='ltr' id='par_1_75' title="bbox 288 5249 3597 5319">
     <span class='ocr_line' id='line_1_76' title="bbox 288 5249 3597 5319; baseline -0.001 -17"><span class='ocrx_word' id='word_1_615' title='bbox 288 5249 836 5319; x_wconf 58' lang='lat' dir='ltr'><strong>cyginnnensi._ﬂiant</strong></span> <span class='ocrx_word' id='word_1_616' title='bbox 875 5253 937 5301; x_wconf 85' lang='lat' dir='ltr'><strong>ad</strong></span> <span class='ocrx_word' id='word_1_617' title='bbox 960 5252 1211 5319; x_wconf 51' lang='lat' dir='ltr'><strong>variantes</strong></span> <span class='ocrx_word' id='word_1_618' title='bbox 1249 5250 1486 5319; x_wconf 65' lang='lat' dir='ltr'><strong>lectiones</strong></span> <span class='ocrx_word' id='word_1_619' title='bbox 1527 5265 1589 5301; x_wconf 77' lang='lat' dir='ltr'><strong>ex</strong></span> <span class='ocrx_word' id='word_1_620' title='bbox 1631 5250 1836 5319; x_wconf 76' lang='lat' dir='ltr'><strong>Belgicis</strong></span> <span class='ocrx_word' id='word_1_621' title='bbox 1876 5258 2084 5319; x_wconf 73' lang='lat' dir='ltr'><strong>quatnor</strong></span> <span class='ocrx_word' id='word_1_622' title='bbox 2123 5249 2459 5319; x_wconf 56' lang='lat' dir='ltr'><strong>manuscripts</strong></span> <span class='ocrx_word' id='word_1_623' title='bbox 2498 5252 2999 5319; x_wconf 77' lang='lat' dir='ltr'><strong>Lovaniensiumcnra</strong></span> <span class='ocrx_word' id='word_1_624' title='bbox 3038 5249 3300 5319; x_wconf 59' lang='lat' dir='ltr'><strong>colli-clas;</strong></span> <span class='ocrx_word' id='word_1_625' title='bbox 3326 5264 3513 5302; x_wconf 87' lang='lat' dir='ltr'><strong>necnon</strong></span> <span class='ocrx_word' id='word_1_626' title='bbox 3539 5253 3597 5299; x_wconf 80' lang='lat' dir='ltr'><strong>ad</strong></span> 
     </span>
    </p>
   </div>
   <div class='ocr_carea' id='block_1_76' title="bbox 293 5304 3472 5379">
    <p class='ocr_par' dir='ltr' id='par_1_76' title="bbox 293 5304 3472 5379">
     <span class='ocr_line' id='line_1_77' title="bbox 293 5304 3472 5379; baseline -0.001 -14"><span class='ocrx_word' id='word_1_627' title='bbox 293 5304 560 5379; x_wconf 60' lang='lat' dir='ltr'><strong>pii-mpm</strong></span> <span class='ocrx_word' id='word_1_628' title='bbox 598 5304 853 5367; x_wconf 81' lang='lat' dir='ltr'><strong>editiones</strong></span> <span class='ocrx_word' id='word_1_629' title='bbox 876 5322 979 5363; x_wconf 79' lang='lat' dir='ltr'><strong>Am.</strong></span> <span class='ocrx_word' id='word_1_630' title='bbox 1009 5318 1084 5361; x_wconf 75' lang='lat' dir='ltr'><strong>Er.</strong></span> <span class='ocrx_word' id='word_1_631' title='bbox 1108 5320 1160 5362; x_wconf 78' lang='lat' dir='ltr'><strong>ct</strong></span> <span class='ocrx_word' id='word_1_632' title='bbox 1182 5318 1310 5372; x_wconf 80' lang='lat' dir='ltr'><strong>lov.,</strong></span> <span class='ocrx_word' id='word_1_633' title='bbox 1338 5313 1382 5363; x_wconf 88' lang='lat' dir='ltr'><strong>id</strong></span> <span class='ocrx_word' id='word_1_634' title='bbox 1407 5320 1501 5373; x_wconf 89' lang='lat' dir='ltr'><strong>est,</strong></span> <span class='ocrx_word' id='word_1_635' title='bbox 1526 5304 2039 5363; x_wconf 55' lang='lat' dir='ltr'><strong>JoannisVAmerbacbii</strong></span> <span class='ocrx_word' id='word_1_636' title='bbox 2057 5349 2071 5371; x_wconf 93' lang='lat'><strong>,</strong></span> <span class='ocrx_word' id='word_1_637' title='bbox 2100 5312 2336 5363; x_wconf 81' lang='lat' dir='ltr'><strong>Desiderii</strong></span> <span class='ocrx_word' id='word_1_638' title='bbox 2366 5304 2580 5369; x_wconf 71' lang='lat' dir='ltr'><strong>&#39;rlrasnii,</strong></span> <span class='ocrx_word' id='word_1_639' title='bbox 2630 5322 2682 5364; x_wconf 82' lang='lat' dir='ltr'><strong>ct</strong></span> <span class='ocrx_word' id='word_1_640' title='bbox 2714 5314 3076 5365; x_wconf 72' lang='lat' dir='ltr'><strong>Lemniensium</strong></span> <span class='ocrx_word' id='word_1_641' title='bbox 3100 5304 3472 5377; x_wconf 71' lang='lat' dir='ltr'><strong>theologorum.</strong></span> 
     </span>
    </p>
   </div>
   <div class='ocr_carea' id='block_1_77' title="bbox 375 5393 3460 5480">
    <p class='ocr_par' dir='ltr' id='par_1_77' title="bbox 375 5393 3460 5480">
     <span class='ocr_line' id='line_1_78' title="bbox 375 5393 3460 5480; baseline -0.002 -19"><span class='ocrx_word' id='word_1_642' title='bbox 375 5399 910 5480; x_wconf 72' lang='lat' dir='ltr'><strong>Comparam&#39;mtts</strong></span> <span class='ocrx_word' id='word_1_643' title='bbox 928 5404 1235 5480; x_wconf 69' lang='lat' dir='ltr'><strong>prajlerca</strong></span> <span class='ocrx_word' id='word_1_644' title='bbox 1257 5415 1356 5457; x_wconf 85' lang='lat' dir='ltr'><strong>eas</strong></span> <span class='ocrx_word' id='word_1_645' title='bbox 1389 5414 1593 5458; x_wconf 83' lang='lat' dir='ltr'><strong>omnes</strong></span> <span class='ocrx_word' id='word_1_646' title='bbox 1631 5396 1933 5459; x_wconf 82' lang='lat' dir='ltr'><strong>editiones</strong></span> <span class='ocrx_word' id='word_1_647' title='bbox 1957 5395 2143 5458; x_wconf 76' lang='lat' dir='ltr'><strong>initio</strong></span> <span class='ocrx_word' id='word_1_648' title='bbox 2177 5397 2346 5459; x_wconf 79' lang='lat' dir='ltr'><strong>Retr.</strong></span> <span class='ocrx_word' id='word_1_649' title='bbox 2370 5402 2425 5455; x_wconf 83' lang='lat' dir='ltr'><strong>et</strong></span> <span class='ocrx_word' id='word_1_650' title='bbox 2444 5393 2821 5471; x_wconf 84' lang='lat' dir='ltr'><strong>Confess.,l.</strong></span> <span class='ocrx_word' id='word_1_651' title='bbox 2853 5397 2911 5471; x_wconf 84' lang='grc'><strong>1,</strong></span> <span class='ocrx_word' id='word_1_652' title='bbox 2934 5407 3323 5459; x_wconf 83' lang='lat' dir='ltr'><strong>memoratas.</strong></span> <span class='ocrx_word' id='word_1_653' title='bbox 3374 5397 3460 5457; x_wconf 85' lang='grc' dir='ltr'><strong>Μ.</strong></span> 
     </span>
    </p>
   </div>
   <div class='ocr_carea' id='block_1_78' title="bbox 354 5474 1118 5544">
    <p class='ocr_par' dir='ltr' id='par_1_78' title="bbox 354 5474 1118 5544">
     <span class='ocr_line' id='line_1_79' title="bbox 354 5474 1118 5544; baseline -0.005 -17"><span class='ocrx_word' id='word_1_654' title='bbox 354 5477 433 5541; x_wconf 84' lang='lat' dir='ltr'><strong>(a)</strong></span> <span class='ocrx_word' id='word_1_655' title='bbox 460 5474 621 5544; x_wconf 70' lang='lat' dir='ltr'><strong>scripti</strong></span> <span class='ocrx_word' id='word_1_656' title='bbox 644 5493 779 5530; x_wconf 86' lang='lat' dir='ltr'><strong>anno</strong></span> <span class='ocrx_word' id='word_1_657' title='bbox 799 5474 979 5527; x_wconf 77' lang='lat' dir='ltr'><strong>Christi</strong></span> <span class='ocrx_word' id='word_1_658' title='bbox 1002 5474 1118 5524; x_wconf 61' lang='lat'><strong>«£12.</strong></span> 
     </span>
    </p>
   </div>
   <div class='ocr_carea' id='block_1_79' title="bbox 354 5557 3011 5623">
    <p class='ocr_par' dir='ltr' id='par_1_79' title="bbox 354 5557 3011 5623">
     <span class='ocr_line' id='line_1_80' title="bbox 354 5557 3011 5623; baseline -0.001 -13"><span class='ocrx_word' id='word_1_659' title='bbox 354 5559 432 5623; x_wconf 65' lang='lat' dir='ltr'><strong>(li)</strong></span> <span class='ocrx_word' id='word_1_660' title='bbox 459 5569 592 5615; x_wconf 80' lang='lat' dir='ltr'><strong>Forte</strong></span> <span class='ocrx_word' id='word_1_661' title='bbox 611 5576 642 5613; x_wconf 89' lang='lat' dir='ltr'><strong>a</strong></span> <span class='ocrx_word' id='word_1_662' title='bbox 666 5562 937 5613; x_wconf 80' lang='lat' dir='ltr'><strong>Donatistis</strong></span> <span class='ocrx_word' id='word_1_663' title='bbox 970 5562 1023 5610; x_wconf 89' lang='lat' dir='ltr'><strong>in</strong></span> <span class='ocrx_word' id='word_1_664' title='bbox 1058 5558 1322 5611; x_wconf 84' lang='lat' dir='ltr'><strong>catholicos</strong></span> <span class='ocrx_word' id='word_1_665' title='bbox 1357 5568 1459 5610; x_wconf 90' lang='lat' dir='ltr'><strong>tum</strong></span> <span class='ocrx_word' id='word_1_666' title='bbox 1492 5560 1723 5622; x_wconf 82' lang='lat' dir='ltr'><strong>temporis</strong></span> <span class='ocrx_word' id='word_1_667' title='bbox 1744 5558 2090 5623; x_wconf 82' lang='lat' dir='ltr'><strong>grassantibus.</strong></span> <span class='ocrx_word' id='word_1_668' title='bbox 2116 5557 2232 5610; x_wconf 80' lang='lat' dir='ltr'><strong>vide</strong></span> <span class='ocrx_word' id='word_1_669' title='bbox 2257 5558 2504 5621; x_wconf 74' lang='lat' dir='ltr'><strong>Augustini</strong></span> <span class='ocrx_word' id='word_1_670' title='bbox 2530 5559 2694 5620; x_wconf 69' lang='lat' dir='ltr'><strong>epistt.</strong></span> <span class='ocrx_word' id='word_1_671' title='bbox 2728 5560 2813 5609; x_wconf 80' lang='lat'><strong>155</strong></span> <span class='ocrx_word' id='word_1_672' title='bbox 2830 5568 2882 5610; x_wconf 86' lang='lat' dir='ltr'><strong>et</strong></span> <span class='ocrx_word' id='word_1_673' title='bbox 2910 5559 3011 5609; x_wconf 71' lang='lat' dir='ltr'><strong>15L</strong></span> 
     </span>
    </p>
   </div>
   <div class='ocr_carea' id='block_1_80' title="bbox 356 5641 1897 5707">
    <p class='ocr_par' dir='ltr' id='par_1_80' title="bbox 356 5641 1897 5707">
     <span class='ocr_line' id='line_1_81' title="bbox 356 5641 1897 5707; baseline -0.001 -13"><span class='ocrx_word' id='word_1_674' title='bbox 356 5645 378 5670; x_wconf 84' lang='lat'><strong>‘</strong></span> <span class='ocrx_word' id='word_1_675' title='bbox 416 5658 505 5697; x_wconf 68' lang='lat' dir='ltr'><strong>tm.</strong></span> <span class='ocrx_word' id='word_1_676' title='bbox 528 5647 683 5699; x_wconf 86' lang='lat' dir='ltr'><strong>editio</strong></span> <span class='ocrx_word' id='word_1_677' title='bbox 705 5655 762 5697; x_wconf 90' lang='lat' dir='ltr'><strong>ct</strong></span> <span class='ocrx_word' id='word_1_678' title='bbox 796 5652 905 5707; x_wconf 63' lang='lat' dir='ltr'><strong>lin,</strong></span> <span class='ocrx_word' id='word_1_679' title='bbox 929 5655 1048 5707; x_wconf 75' lang='lat' dir='ltr'><strong>qua:</strong></span> <span class='ocrx_word' id='word_1_680' title='bbox 1072 5641 1123 5692; x_wconf 84' lang='lat' dir='ltr'><strong>in</strong></span> <span class='ocrx_word' id='word_1_681' title='bbox 1147 5650 1338 5707; x_wconf 72' lang='lat' dir='ltr'><strong>peccato</strong></span> <span class='ocrx_word' id='word_1_682' title='bbox 1358 5642 1437 5707; x_wconf 63' lang='lat' dir='ltr'><strong>sit.</strong></span> <span class='ocrx_word' id='word_1_683' title='bbox 1471 5644 1712 5693; x_wconf 79' lang='lat' dir='ltr'><strong>casaliuus</strong></span> <span class='ocrx_word' id='word_1_684' title='bbox 1743 5641 1897 5693; x_wconf 81' lang='lat' dir='ltr'><strong>codex</strong></span> 
     </span>
    </p>
   </div>
   <div class='ocr_carea' id='block_1_81' title="bbox 288 5704 1443 5776">
    <p class='ocr_par' dir='ltr' id='par_1_81' title="bbox 288 5704 1443 5776">
     <span class='ocr_line' id='line_1_82' title="bbox 288 5704 1443 5776; baseline -0.013 -10"><span class='ocrx_word' id='word_1_685' title='bbox 288 5712 402 5769; x_wconf 62' lang='grc' dir='ltr'><strong>εἰ.</strong></span> <span class='ocrx_word' id='word_1_686' title='bbox 425 5721 527 5774; x_wconf 76' lang='lat' dir='ltr'><strong>quc</strong></span> <span class='ocrx_word' id='word_1_687' title='bbox 544 5717 752 5776; x_wconf 78' lang='lat' dir='ltr'><strong>peccato</strong></span> <span class='ocrx_word' id='word_1_688' title='bbox 772 5704 832 5773; x_wconf 77' lang='lat' dir='ltr'><strong>fit</strong></span> <span class='ocrx_word' id='word_1_689' title='bbox 856 5721 875 5770; x_wconf 90' lang='lat'><strong><em>;</em></strong></span> <span class='ocrx_word' id='word_1_690' title='bbox 900 5704 1087 5757; x_wconf 80' lang='lat' dir='ltr'><strong>omissa</strong></span> <span class='ocrx_word' id='word_1_691' title='bbox 1115 5704 1356 5767; x_wconf 66' lang='lat' dir='ltr'><strong>Ianiculo,</strong></span> <span class='ocrx_word' id='word_1_692' title='bbox 1378 5704 1443 5754; x_wconf 85' lang='lat' dir='ltr'><strong>in.</strong></span> 
     </span>
    </p>
   </div>
   <div class='ocr_carea' id='block_1_82' title="bbox 2073 5640 3599 5753">
    <p class='ocr_par' dir='ltr' id='par_1_82' title="bbox 2073 5640 3599 5753">
     <span class='ocr_line' id='line_1_83' title="bbox 2073 5640 3599 5704; baseline 0.003 -14"><span class='ocrx_word' id='word_1_693' title='bbox 2073 5643 2087 5674; x_wconf 78' lang='grc' dir='ltr'>ί</span> <span class='ocrx_word' id='word_1_694' title='bbox 2124 5641 2424 5704; x_wconf 72' lang='lat' dir='ltr'><strong>Manuscripli</strong></span> <span class='ocrx_word' id='word_1_695' title='bbox 2452 5640 2627 5703; x_wconf 79' lang='lat' dir='ltr'><strong>Bclgici</strong></span> <span class='ocrx_word' id='word_1_696' title='bbox 2654 5641 2751 5692; x_wconf 88' lang='lat' dir='ltr'><strong>duo</strong></span> <span class='ocrx_word' id='word_1_697' title='bbox 2775 5651 2825 5692; x_wconf 76' lang='lat' dir='ltr'><strong>et</strong></span> <span class='ocrx_word' id='word_1_698' title='bbox 2849 5655 2975 5691; x_wconf 88' lang='lat' dir='ltr'><strong>unus</strong></span> <span class='ocrx_word' id='word_1_699' title='bbox 3002 5649 3281 5700; x_wconf 65' lang='lat' dir='ltr'><strong>Vaticanus,</strong></span> <span class='ocrx_word' id='word_1_700' title='bbox 3305 5654 3406 5694; x_wconf 72' lang='lat' dir='ltr'><strong>sine</strong></span> <span class='ocrx_word' id='word_1_701' title='bbox 3430 5651 3599 5694; x_wconf 73' lang='lat' dir='ltr'><strong>morm</strong></span> 
     </span>
     <span class='ocr_line' id='line_1_84' title="bbox 2073 5702 2575 5753; baseline -0.002 0"><span class='ocrx_word' id='word_1_702' title='bbox 2073 5703 2241 5753; x_wconf 83' lang='lat' dir='ltr'><strong>nnticio</strong></span> <span class='ocrx_word' id='word_1_703' title='bbox 2270 5702 2575 5753; x_wconf 72' lang='lat' dir='ltr'><strong>transiturus.</strong></span> 
     </span>
    </p>
   </div>
   <div class='ocr_carea' id='block_1_83' title="bbox 2006 5710 3601 5879">
    <p class='ocr_par' dir='ltr' id='par_1_83' title="bbox 2006 5710 3601 5879">
     <span class='ocr_line' id='line_1_85' title="bbox 2006 5710 2575 5768; baseline -0.004 -14"><span class='ocrx_word' id='word_1_704' title='bbox 2006 5710 2241 5768; x_wconf 75' lang='lat' dir='ltr'><strong>supplicio</strong></span> <span class='ocrx_word' id='word_1_705' title='bbox 2270 5710 2575 5753; x_wconf 73' lang='lat' dir='ltr'><strong>transiturus.</strong></span> 
     </span>
     <span class='ocr_line' id='line_1_86' title="bbox 2071 5766 3601 5879; baseline 0.003 -65"><span class='ocrx_word' id='word_1_706' title='bbox 2071 5770 2232 5879; x_wconf 57' lang='lat' dir='ltr'><strong>&#39;llov.</strong></span> <span class='ocrx_word' id='word_1_707' title='bbox 2262 5779 2323 5815; x_wconf 74' lang='lat' dir='ltr'><strong>ex</strong></span> <span class='ocrx_word' id='word_1_708' title='bbox 2351 5768 2507 5815; x_wconf 65' lang='lat' dir='ltr'><strong>trdus</strong></span> <span class='ocrx_word' id='word_1_709' title='bbox 2539 5767 2740 5828; x_wconf 63' lang='grc' dir='ltr'><strong>ιιυῑεςίυἰε</strong></span> <span class='ocrx_word' id='word_1_710' title='bbox 2765 5774 2867 5815; x_wconf 67' lang='lat' dir='ltr'><strong>\tss.</strong></span> <span class='ocrx_word' id='word_1_711' title='bbox 2892 5801 2906 5825; x_wconf 87' lang='lat'><strong>,</strong></span> <span class='ocrx_word' id='word_1_712' title='bbox 2948 5778 3005 5817; x_wconf 75' lang='lat' dir='ltr'><strong>nr</strong></span> <span class='ocrx_word' id='word_1_713' title='bbox 3039 5766 3158 5828; x_wconf 59' lang='lat' dir='ltr'><strong>forte</strong></span> <span class='ocrx_word' id='word_1_714' title='bbox 3192 5769 3369 5817; x_wconf 69' lang='lat' dir='ltr'><strong>(linteas</strong></span> <span class='ocrx_word' id='word_1_715' title='bbox 3415 5768 3490 5817; x_wconf 77' lang='lat' dir='ltr'><strong>Inc</strong></span> <span class='ocrx_word' id='word_1_716' title='bbox 3538 5779 3601 5819; x_wconf 70' lang='lat' dir='ltr'><strong>rt-</strong></span> 
     </span>
     <span class='ocr_line' id='line_1_87' title="bbox 2010 5842 2157 5879; baseline 0.007 -1"><span class='ocrx_word' id='word_1_717' title='bbox 2010 5842 2107 5879; x_wconf 81' lang='lat' dir='ltr'><strong>rem</strong></span> <span class='ocrx_word' id='word_1_718' title='bbox 2129 5843 2157 5879; x_wconf 92' lang='grc' dir='ltr'><em>ο</em></span> 
     </span>
    </p>
   </div>
   <div class='ocr_carea' id='block_1_84' title="bbox 2010 5842 2157 5879">
    <p class='ocr_par' dir='ltr' id='par_1_84' title="bbox 2010 5842 2157 5879">
     <span class='ocr_line' id='line_1_88' title="bbox 2010 5842 2157 5879; baseline 0.014 -1"><span class='ocrx_word' id='word_1_719' title='bbox 2010 5842 2157 5879; x_wconf 68' lang='grc' dir='ltr'><strong>ι’(ἮίΙΟ</strong></span> 
     </span>
    </p>
   </div>
  </div>
