4086 6532
573 383 667 440 HI

570 500 735 554 tlienti
763 496 964 552 homini
994 492 1233 563 ejusdem
1273 489 1509 560 potentia
1539 490 1882 557 prmstaretttr
1904 521 1919 546 ,
1951 486 2009 531 ut
2035 475 2152 531 ani-

572 593 711 647 male
736 606 799 646 ac
818 587 1042 645 mortale
1068 586 1268 641 habens
1287 595 1479 650 corpus
1503 580 1542 643 ί,
1571 578 1791 634 haberet
1810 575 1862 629 in
1886 586 1951 628 eo
1971 584 2155 642 quem-

571 684 692 739 dam
721 691 915 737 statum
935 722 951 747 ,
979 676 1228 749 quesine
1250 674 1458 729 defectu
1487 679 1631 727 esset
1657 682 1891 723 annosus
1917 666 1971 729 ‘,
2015 672 2155 718 tem-

572 786 702 844 pore
724 786 831 844 quo
860 772 1001 827 Deus
1023 768 1218 833 vellet,
1246 782 1275 820 a
1306 764 1629 820 mortalitate
1670 760 1740 815 ad
1780 756 2158 813 immortalita-

573 876 716 932 tem,
748 864 866 917 sine
906 859 1078 915 media
1116 867 1290 913 morte
1326 852 1622 911 venturus?
1660 851 1812 908 Sicut
1854 847 1999 904 enim
2044 845 2158 899 haec

572 960 687 1029 ipsa
720 970 845 1010 care
865 968 1025 1026 quam
1056 967 1199 1006 nunc
1225 949 1501 1014 habemus,
1530 961 1636 1002 non
1664 943 1786 999 ideo
1810 955 1917 997 non
1938 947 2022 995 est
2044 936 2158 1029 vul-

572 1026 858 1111 nerabilis,
902 1045 1023 1115 quia
1063 1058 1167 1097 non
1208 1050 1291 1097 est
1331 1052 1554 1094 necesse
1597 1044 1655 1091 ut
1694 1033 2006 1088 vulneretur
2037 1046 2051 1081 :
2082 1026 2160 1082 sic

574 1142 660 1194 illa
691 1155 796 1194 non
829 1137 948 1192 idco
970 1150 1074 1190 non
1104 1132 1201 1189 fuit
1236 1124 1499 1196 mertalis,
1523 1127 1648 1199 quia
1669 1140 1777 1181 non
1799 1130 1915 1179 erat
1935 1132 2160 1176 necesse

573 1243 631 1286 ut
660 1238 977 1286 moreretur.
1002 1227 1183 1282 Talem
1212 1232 1337 1295 puto
1362 1219 1726 1277 habitudinem
1756 1216 1930 1272 adhuc
1958 1214 2010 1268 in
2034 1226 2158 1268 cor-

578 1338 709 1391 pore
733 1319 953 1377 animali
977 1327 1135 1388 atque
1162 1314 1396 1381 mortali,
1428 1313 1588 1368 etiam
1613 1310 1717 1366 illis
1736 1308 1828 1380 qui
1851 1308 1967 1362 sine
1991 1312 2164 1360 morte

579 1415 703 1469 hinc
732 1411 971 1468 translati
1002 1418 1162 1473 sunt,
1209 1406 1371 1461 fuisse
1410 1416 1747 1467 concessam.
1792 1399 1977 1469 Neque
2019 1396 2161 1453 enim

580 1506 762 1559 Eunch
809 1512 863 1558 et
908 1501 1053 1556 Elias
1102 1515 1196 1569 per
1242 1506 1348 1551 tam
1392 1495 1603 1566 longam
1642 1500 1853 1548 attatem
1893 1496 2165 1546 senectute

578 1602 937 1651 marcncrunt.
969 1591 1077 1646 Nec
1105 1598 1279 1644 tamen
1310 1585 1474 1642 credo
1500 1598 1594 1642 eos
1618 1584 1727 1656 jam
1757 1582 1809 1637 in
1839 1581 1984 1637 illam
2011 1578 2169 1650 spiri-

581 1689 775 1744 tualem
804 1687 1110 1758 qualitatem
1136 1680 1378 1752 corporis
1403 1685 1786 1740 commutatos,
1805 1674 1975 1746 qualis
2003 1674 2054 1727 in
2080 1687 2166 1728 re-

578 1779 908 1835 surrectione
936 1774 1264 1847 promittitur
1284 1814 1299 1840 ,
1334 1785 1452 1842 qua:
1491 1769 1544 1824 in
1575 1768 1805 1824 Domino
1830 1766 1996 1837 prima
2024 1777 2190 1835 prae»

578 1873 741 1929 cessit
772 1889 787 1925 :
816 1869 918 1924 nisi
945 1867 1068 1939 quia
1096 1865 1181 1921 isti
1213 1864 1439 1919 fortasse
1468 1875 1568 1917 nec
1597 1860 1681 1914 his
1706 1859 1839 1914 cibis
1869 1864 2047 1927 egent,
2077 1854 2167 1924 qui

581 1967 663 2022 sui
684 1962 1089 2033 censumptiene
1108 1959 1386 2023 reficiunt;
1413 1953 1509 2011 sed
1532 1970 1597 2010 ex
1622 1967 1730 2024 quo
1758 1949 1997 2007 translati
2019 1954 2161 2012 sunt,

580 2061 653 2112 ita
685 2059 906 2122 vivunt,
937 2064 996 2108 ut
1023 2049 1253 2107 similem
1288 2047 1519 2103 habeant
1548 2045 1847 2100 satietatem
1889 2040 1995 2097 illis
2031 2053 2166 2110 qua-

581 2149 825 2218 draginta
853 2144 1042 2201 diebus
1066 2184 1081 2208 ,
1112 2140 1305 2211 quibus
1345 2139 1489 2194 Elias
1529 2152 1594 2193 ex
1638 2135 1805 2191 calice
1839 2146 1992 2203 aqua:
2020 2138 2075 2186 et
2102 2144 2167 2184 ex

580 2235 840 2309 collyride
866 2234 888 2267 ⁸
914 2233 1068 2304 panis
1095 2232 1211 2287 sine
1235 2230 1356 2285 cibo
1386 2228 1517 2283 vixit
1542 2226 1631 2299 (IV
1658 2226 1785 2296 Reg.
1824 2238 1881 2289 ιι,
1915 2221 2006 2292 ll)
2034 2239 2048 2276 :
2078 2228 2172 2275 aut

583 2333 627 2384 si
657 2338 711 2383 et
736 2328 818 2383 his
847 2322 1224 2381 sustentaculis
1252 2333 1387 2391 opus
1415 2326 1500 2375 est
1518 2360 1533 2385 ,
1575 2315 1647 2372 ita
1685 2317 1740 2371 in
1770 2313 2018 2386 paradiso
2056 2310 2171 2368 for-

583 2426 728 2476 ‘asse
755 2425 1063 2487 pascuntur,
1094 2414 1233 2469 sicut
1258 2410 1426 2466 Adam
1457 2408 1763 2480 priusquam
1794 2412 2012 2476 propter
2041 2415 2169 2474 pec-

582 2522 760 2570 catum
787 2508 980 2567 exinde
1008 2507 1157 2563 exire
1181 2504 1484 2560 meruisset.
1515 2501 1754 2558 Habebat
1790 2501 1953 2564 enim,
1994 2511 2172 2568 quan.

584 2614 699 2659 tum
729 2600 976 2657 existimo
996 2640 1011 2665 ,
1053 2604 1107 2651 ct
1135 2595 1203 2650 de
1231 2594 1495 2666 lignorum
1527 2590 1789 2647 fructibus
1820 2588 2171 2645 refectionem

584 2702 767 2749 contra
784 2688 1161 2754 defectionem,
1176 2694 1230 2741 et
1248 2684 1315 2741 de
1334 2684 1476 2756 ligno
1488 2683 1607 2739 vita:
1620 2682 1962 2738 stabilitatem
1986 2686 2173 2736 contra

580 2789 924 2838 Ὑθῑυειᾶίθηὶ.

654 2871 881 2931 CAPUT
920 2870 1008 2927 IV.
1031 2899 1099 2911 —-
1125 2871 1179 2926 4.
1212 2868 1355 2924 Mors
1378 2868 1529 2925 etiam
1570 2868 1797 2938 corporis
1837 2881 1901 2922 ea:
1947 2873 2171 2937 peccato.

586 2967 790 3022 Prteter
811 2965 912 3019 hoc
932 2972 1110 3018 autem
1132 2961 1272 3034 quod
1299 2960 1526 3033 puniens
1554 2960 1694 3015 Deus
1712 2959 1879 3023 dixit,
1912 2958 2071 3013 Terra
2087 2973 2139 3014 es
2156 2997 2172 3025 ,

587 3071 633 3114 et
658 3061 711 3114 in
738 3070 927 3113 terram
954 3056 1081 3120 ibis,
1128 3052 1270 3126 quod
1301 3052 1403 3109 nisi
1432 3052 1502 3109 de
1545 3064 1716 3107 morte
1752 3050 1994 3123 corporis
2039 3064 2175 3121 quo-

588 3150 749 3206 modo
776 3148 995 3219 intelligi
1027 3146 1195 3217 possit
1232 3145 1449 3216 ignem;
1479 3152 1603 3198 sunt
1648 3151 1702 3198 et
1727 3142 1829 3197 alia
1871 3140 2176 3198 testimonia

588 3242 779 3314 quibus
809 3238 1209 3297 evidentissima
1228 3244 1513 3306 appareat,
1546 3249 1649 3290 non
1682 3243 1884 3288 tantum
1914 3232 2134 3302 spiritus
2157 3272 2173 3299 ,

588 3333 685 3387 sed
733 3332 893 3387 etiam
939 3329 1182 3399 corporis
1228 3336 1456 3383 mortem
1508 3333 1727 3396 propter
1754 3333 2030 3394 peccatum
2059 3337 2174 3378 me-

587 3425 762 3480 ruisse
804 3437 973 3493 genus
1013 3421 1324 3475 humanum.
1358 3418 1439 3473 Ad
1472 3418 1741 3473 Romanos
1767 3417 2056 3487 Apostolus
2096 3414 2179 3470 di-

587 3516 661 3569 cit
694 3531 707 3568 :
736 3512 796 3569 Si
818 3521 985 3567 autem
999 3510 1231 3566 Christus
1256 3510 1306 3563 in
1328 3507 1465 3563 vobis
1481 3517 1569 3573 est,
1599 3523 1785 3579 corpus
1808 3506 2011 3578 quidem
2036 3523 2176 3561 mor-

588 3618 733 3661 tuum
762 3614 832 3659 est
860 3612 1066 3675 propter
1095 3610 1373 3673 peccatum,
1405 3599 1615 3670 spiritus
1638 3607 1805 3653 autem
1830 3600 1930 3653 vita
1960 3607 2030 3653 est
2053 3614 2175 3668 pro-

589 3710 699 3772 pter
735 3698 1008 3771 justitiam.
1042 3696 1102 3751 Si
1145 3711 1264 3766 ergo
1301 3693 1507 3764 spiritus
1533 3693 1642 3765 ejus
1665 3692 1754 3764 qui
1793 3691 2051 3747 suscitavit
2088 3689 2178 3746 Je-

587 3809 702 3848 sum
727 3809 757 3846 a
796 3789 1006 3845 mortuis
1035 3788 1223 3841 habitat
1243 3788 1297 3842 in
1321 3786 1458 3841 vobis
1476 3826 1493 3853 ,
1534 3785 1620 3851 qui
1639 3785 1893 3839 suscitavit
1920 3783 2177 3840 Christum

586 3883 765 3939 Iesum
786 3899 817 3936 a
846 3881 1054 3936 mortuis
1078 3922 1091 3943 ,
1120 3877 1390 3948 uiviﬁcabit
1415 3886 1463 3931 et
1483 3877 1718 3931 mortalia
1740 3892 1955 3948 corpora
1980 3885 2141 3930 vestra
2159 3915 2176 3941 ,

588 3991 676 4044 per
695 3973 1053 4027 inhabitantem
1079 3970 1312 4040 spiritum
1342 3968 1452 4037 ejus
1479 3968 1534 4021 in
1561 3967 1698 4021 vobis
1727 3965 1905 4037 (Rom.
1930 3982 2055 4033 vtu,
2087 3966 2177 4032 10,

589 4067 700 4135 ll).
731 4064 864 4119 Puto
888 4061 1029 4133 quod
1058 4075 1163 4116 non
1193 4069 1499 4130 exposuere
1521 4098 1539 4127 ,
1570 4057 1664 4113 sed
1696 4066 1898 4112 tantum
1926 4057 2128 4113 lectore
2156 4056 2178 4088 ⁸

588 4170 723 4226 opus
748 4154 909 4209 habet
936 4164 1040 4207 tam
1071 4151 1213 4207 clara
1233 4159 1288 4206 et
1311 4156 1496 4218 aperta
1523 4147 1808 4203 sententia.
1838 4146 2065 4218 Corpus,
2092 4147 2177 4201 in-

588 4249 723 4318 quit,
752 4255 1005 4300 mortunm
1027 4253 1120 4307 est,
1149 4258 1253 4297 non
1284 4248 1504 4312 propter
1524 4238 1865 4311 fragilitatem
1886 4246 2176 4306 terrenam,

589 4340 712 4410 quia
740 4338 808 4392 de
849 4346 1004 4391 terra:
1034 4335 1252 4403 pulvere
1282 4332 1476 4387 factum
1504 4337 1588 4386 est
1605 4370 1621 4397 ,
1648 4329 1742 4387 sed
1773 4340 1979 4403 propter
1998 4347 2179 4402 pecca-

591 4442 732 4495 tum;
774 4426 900 4499 quid
929 4425 1156 4495 amplius
1184 4422 1511 4494 quaerimus?
1553 4423 1618 4477 Et
1645 4422 2046 4493 vigilantissime
2074 4437 2178 4478 non

589 4523 696 4587 ait,
730 4517 981 4583 Mortale;
1023 4514 1116 4570 sed
1142 4557 1157 4583 ,
1191 4523 1466 4568 mortuum.

660 4611 887 4670 CAPUT
927 4609 990 4666 V.
1020 4639 1091 4650 ——
1110 4610 1161 4665 5.
1187 4605 1440 4672 Mortale,
1463 4614 1719 4661 mortuum
1755 4621 1816 4659 ac
1858 4606 2176 4661 moriturum.

592 4704 832 4772 Namque
860 4708 1142 4769 antequam
1173 4698 1543 4751 immolaretur
1572 4698 1625 4751 in
1651 4696 1797 4750 illam
1825 4696 2182 4766 incorruptio-

595 4809 751 4857 nem,
795 4805 914 4861 quze
957 4791 1011 4843 in
1052 4796 1357 4843 sanctorum
1404 4787 1794 4842 resurrectione
1832 4787 2174 4857 promittitur,

595 4891 804 4954 poterat
831 4895 951 4936 esse
979 4879 1231 4945 mortale,
1265 4877 1506 4947 quamvis
1531 4892 1637 4931 non
1669 4878 1982 4932 moriturum
2007 4894 2022 4932 :
2046 4878 2183 4933 sicut

594 4977 697 5029 hoc
735 4979 972 5027 nostrum
1001 4978 1210 5040 potest,
1245 4977 1301 5020 nt
1344 4966 1411 5020 ita
1442 4966 1614 5021 dicam
1639 5008 1654 5032 ,
1688 4981 1809 5021 esse
1837 4966 2143 5036 aegrotabile
2162 5008 2177 5034 ,

592 5064 838 5132 quamvis
867 5077 971 5118 non
993 5068 1394 5131 aagretaturnm.
1421 5058 1583 5128 Cujus
1607 5058 1748 5113 enim
1778 5073 1904 5113 caro
1938 5068 2041 5124 est,
2063 5074 2182 5131 quae

595 5172 701 5211 non
730 5161 988 5225 aegrotare
1016 5152 1215 5222 possit,
1246 5148 1455 5204 etiamsi
1497 5149 1675 5218 alique
1712 5163 1838 5203 casu
1879 5151 2181 5219 priusquam

595 5252 822 5318 a-grotet
856 5242 1180 5300 occumbat?
1201 5240 1291 5297 Sic
1331 5249 1385 5296 et
1414 5238 1543 5294 illud
1567 5254 1761 5310 corpus
1777 5240 1886 5309 jam
1907 5249 2022 5296 erat
2049 5256 2185 5296 mer-

598 5340 741 5405 tale;
774 5352 933 5409 quam
961 5334 1338 5391 mortalitatem
1365 5332 1537 5389 fuerat
1577 5333 1921 5404 absumptura
1964 5337 2184 5393 mutatio

558 5516 575 5524 -
663 5477 675 5506 ¹
714 5471 937 5523 Gallicani
958 5473 1163 5528 quatuor
1186 5466 1497 5528 manuscripti
1518 5465 1711 5527 optima:
1735 5472 1862 5516 notae
1887 5474 1938 5516 et
1958 5467 2056 5517 duo
2078 5470 2185 5519 Bel-

600 5539 714 5598 gini,
740 5542 786 5598 ut
811 5526 1018 5598 animale
1040 5530 1127 5581 hoc
1162 5526 1363 5598 mortale
1384 5526 1563 5579 habens
1594 5540 1786 5592 corpus.
1821 5530 2041 5580 Nonnulli
2084 5532 2183 5591 alii,

600 5589 807 5645 animule
830 5595 917 5645 hoc
939 5600 1010 5645 est
1026 5589 1244 5650 mortale,
1271 5599 1365 5640 etc.

665 5663 683 5688 ²
706 5665 753 5723 tu
778 5666 891 5723 ante
915 5655 1075 5716 editis,
1099 5658 1429 5723 curiosumglt
1453 5650 1857 5723 inpranuscriptis
1872 5665 2023 5716 prepe
2038 5657 2188 5705 omni-

605 5719 695 5766 bus
720 5718 917 5775 lrgitur,
942 5712 1192 5775 armet-ten.
1220 5720 1266 5763 tn
1293 5714 1448 5762 tribus
1469 5712 1592 5774 aliis,
1618 5712 1840 5763 annosus.

669 5780 687 5810 ³
724 5774 777 5825 Ιιι⁷
795 5786 921 5836 Mssa,
947 5774 1202 5839 collyridtt.

670 5840 689 5871 ⁸
721 5839 963 5888 msaIinus
985 5836 1087 5899 tts'.,
1113 5836 1331 5886 relatore.

1188 372 1285 430 DE
1321 364 1787 428 {‘ECCATORUM
1828 356 2107 417 MERITIS
2149 354 2233 408 ET
2275 352 2698 427 lll'LMISSlUNE,
2741 361 2800 416 S.
2843 365 3214 425 AUGUSTINI

3759 370 3869 428 “‘2

2267 472 2315 526 iu
2342 484 2594 535 :eternam
2628 478 3078 550 incorruptionem
3102 521 3116 545 ,
3147 482 3192 534 si
3220 480 3270 535 iu
3304 480 3517 536 homine
3534 482 3740 553 justitia
3762 526 3778 542 .
3811 484 3869 540 id

2266 572 2349 618 est
2388 565 2722 634 obedientia,
2755 579 3095 638 permaneret
3123 586 3136 622 :
3169 569 3262 625 sed
3290 572 3462 641 ipsum
3507 574 3733 629 mortale
3758 588 3865 630 non

2265 665 2349 712 est
2372 657 2567 713 factum
2592 664 2859 715 mortuum
2883 662 2984 716 nisi
3011 672 3231 734 propter
3254 672 3553 733 peccatum.
3581 666 3715 732 Quia
3738 682 3868 722 vero

2267 747 2361 802 illa
2386 748 2440 819 in
2472 750 2490 781 ί
2517 750 2911 808 resurrectione
2939 753 3113 808 futura
3145 754 3387 820 mutatio,
3421 771 3526 811 non
3548 757 3720 812 solum
3748 759 3870 813 nul-

2269 838 2372 893 lam
2404 849 2629 895 mortem
2654 882 2670 906 ,
2714 857 2835 912 qua:
2874 842 3011 898 facta
3046 854 3128 899 est
3158 852 3376 914 propter
3420 855 3696 915 peccatum
3719 889 3734 911 ,
3770 850 3866 905 sed

2267 945 2367 986 nec
2396 932 2769 988 mortalitatem
2799 933 3045 991 habitura
3074 943 3196 1001 est,
3223 952 3385 1007 quam
3401 952 3598 1007 corpus
3620 926 3870 997 animale

2268 1021 2452 1077 habuit
2476 1032 2598 1080 ante
2626 1033 2903 1094 peccatum
2929 1066 2944 1089 ,
2977 1042 3082 1081 non
3123 1027 3235 1092 ait,
3283 1027 3383 1093 Qui
3420 1031 3676 1084 suscitavit
3721 1031 3873 1086 Chri-

2266 1121 2399 1167 stum
2425 1111 2603 1168 Jesum
2643 1131 2677 1168 a
2720 1116 2964 1180 mortuis,
3005 1117 3274 1187 uiviﬁcabit
3316 1128 3364 1172 et
3402 1131 3610 1174 mortua
3652 1137 3874 1192 corpora

2269 1213 2477 1269 uestra;
2513 1219 2634 1259 cum
2676 1219 2837 1275 supra
2876 1205 3130 1275 dixisset,
3178 1225 3363 1278 corpus
3400 1196 3707 1270 mortuum:
3736 1213 3829 1267 sed
3850 1254 3869 1279 ,

2271 1295 2558 1365 viviﬁcabit,
2593 1286 2765 1367 inquit
2782 1339 2799 1365 ,
2825 1306 2870 1352 et
2895 1300 3129 1353 mortalia
3152 1316 3370 1370 corpora
3395 1310 3559 1355 vestra
3588 1317 3608 1356 :
3636 1311 3694 1357 ut
3720 1304 3871 1359 scili-

2270 1394 2356 1442 cet
2375 1385 2485 1457 jam
2508 1396 2615 1442 non
2644 1387 2819 1443 solum
2843 1404 2948 1444 non
2975 1390 3083 1444 sint
3103 1400 3332 1458 mortua,
3357 1391 3452 1447 sed
3480 1408 3581 1448 nec
3598 1395 3869 1457 mortalia.

2272 1495 2394 1534 cum
2422 1480 2653 1537 animale
2679 1490 2923 1553 resurget
2961 1482 3013 1537 in
3055 1483 3337 1553 spirituale
3360 1524 3376 1549 ,
3407 1495 3462 1541 et
3501 1487 3727 1543 mortale
3768 1489 3876 1545 hoc

2275 1571 2455 1627 induet
2477 1573 2951 1639 immortalitatem,
2982 1583 3038 1630 ct
3061 1575 3434 1632 abserbcbitur
3458 1579 3683 1635 mortale
3708 1595 3741 1635 a
3762 1582 3869 1636 vita

2277 1663 2329 1735 (Ι
2356 1662 2471 1717 Cor.
2499 1681 2590 1729 xv,
2622 1666 2712 1732 Μ,
2745 1666 2833 1731 55,
2859 1667 2971 1736 5-4).
3426 1664 3459 1681 ¹

2344 1753 2568 1812 CAPUT
2602 1755 2688 1811 Vl.
2711 1787 2782 1796 —
2803 1757 2855 1812 ti.
2888 1758 3152 1825 Quomodo
3174 1777 3364 1831 corpus
3386 1770 3638 1816 mortuum
3662 1760 3723 1816 ob
3753 1779 3875 1833 pec-

2273 1857 2460 1901 catum.
2486 1846 2675 1902 Mirum
2707 1849 2749 1901 si
2777 1848 2975 1919 aliquid
3003 1850 3261 1919 quarritnr
3306 1852 3405 1906 hac
3435 1850 3874 1910 manifestatione

2277 1937 2550 2008 liquidius.
2574 1937 2687 1993 Nisi
2725 1938 2861 1993 forte
2897 1939 3220 1996 audiendum
3259 1950 3373 2005 est,
3418 1942 3557 2013 quod
3596 1941 3721 1998 huic
3753 1958 3878 2014 per-

2274 2028 2539 2100 spicuitati
2567 2015 2985 2095 contradicitur,
3027 2040 3084 2085 ut
3129 2040 3394 2088 mortuum
3438 2049 3632 2104 corpus
3674 2050 3875 2091 secun-

2275 2118 2402 2173 dum
2431 2119 2576 2174 illum
2610 2120 2825 2175 modum
2855 2120 2941 2177 hic
2963 2122 3351 2193 intelligamus,
3386 2140 3495 2195 quo
3522 2125 3724 2181 dictum
3750 2136 3877 2194 est,

2280 2208 2585 2279 Mortiﬁcate
2625 2212 2847 2265 membra
2874 2221 3037 2267 vestra
3060 2229 3175 2284 qua!
3198 2224 3313 2268 sunt
3342 2231 3493 2285 super
3530 2225 3717 2271 terram
3745 2217 3877 2289 (Co-

2277 2298 2399 2354 loss.
2426 2315 2482 2354 tu
2502 2340 2517 2368 ,
2546 2300 2626 2371 5).
2661 2300 2769 2357 Sed
2797 2301 2900 2358 hoc
2923 2303 3085 2359 modo
3108 2319 3303 2375 corpus
3346 2317 3567 2377 propter
3603 2307 3879 2379 justitiam

2276 2389 2628 2446 utertilicatur
2646 2432 2661 2457 ,
2700 2407 2807 2448 non
2830 2401 3051 2467 propter
3078 2384 3354 2465 peccatum
3383 2415 3397 2453 :
3428 2407 3488 2453 ut
3507 2399 3649 2455 enim
3680 2414 3884 2473 opere-

2279 2493 2400 2535 mur
2416 2480 2695 2552 justitiam,
2718 2484 3107 2542 mortiﬁcamus
3132 2488 3377 2544 membra
3395 2499 3576 2545 nostra
3599 2507 3719 2562 quae
3749 2504 3884 2549 sunt

2279 2584 2441 2643 super
2468 2580 2687 2630 terram.
2732 2577 2838 2632 Aut
2876 2576 2920 2632 si
2958 2585 3147 2648 putant
3190 2578 3312 2635 ideo
3351 2579 3626 2652 additum,
3670 2592 3881 2656 propter

2280 2674 2544 2735 peccatum
2562 2707 2578 2734 ,
2618 2675 2680 2722 ut
2716 2682 2824 2723 non
2853 2668 3210 2740 intelligamus
3233 2671 3355 2741 quia
3378 2681 3653 2743 peccatum
3682 2673 3885 2731 factum

2279 2767 2396 2827 est,
2424 2759 2519 2817 sed
2545 2769 2604 2816 ut
2629 2769 2907 2832 peccatum
2930 2777 3036 2817 non
3068 2762 3179 2830 ﬁat;
3204 2771 3456 2835 tanquam
3481 2765 3715 2833 diceret,
3746 2768 3887 2823 Cor-

2279 2866 2381 2923 pus
2419 2851 2633 2924 quidem
2680 2862 2948 2909 mertuum
2988 2862 3105 2923 est,
3157 2866 3375 2926 propter
3417 2873 3523 2913 non
3577 2859 3884 2915 faciendum

2281 2952 2559 3015 peccatum
2592 2962 2605 2998 :
2633 2943 2759 3016 quid
2785 2944 2890 2999 sibi
2921 2959 3048 3016 ergo
3087 2946 3235 3013 vult,
3266 2947 3410 3018 quod
3443 2963 3563 3005 cum
3607 2950 3884 3020 adjtmxiso

2282 3044 2384 3103 set,
2411 3034 2638 3107 Spiritus
2654 3044 2821 3090 autem
2843 3035 2947 3090 vita
2970 3046 3069 3100 est;
3096 3036 3332 3104 addidit,
3361 3049 3566 3113 propter
3580 3042 3840 3112 justitiam
3861 3045 3888 3096 1’

2281 3126 2574 3184 Sulfecerat
2619 3127 2761 3184 enim
2790 3128 2835 3183 si
2878 3127 3194 3200 adiungeret
3224 3131 3245 3161 '
3269 3171 3287 3199 ,
3316 3130 3491 3186 Vitam
3530 3133 3784 3203 spiritus;
3822 3146 3889 3190 ut

2281 3221 2442 3277 etiam
2469 3220 2558 3276 hic
2582 3219 2977 3288 subaudiretur,
3002 3220 3230 3292 Propter
3260 3237 3368 3277 non
3394 3221 3696 3279 faciendum
3743 3241 3880 3296 pec-

2281 3320 2461 3368 catum
2485 3330 2499 3367 :
2527 3319 2587 3367 ut
2604 3312 2685 3368 sic
2706 3319 2990 3384 utrumque
3025 3322 3243 3385 propter
3266 3329 3427 3370 unam
3458 3331 3571 3371 rent
3614 3318 3887 3388 intellige-

2283 3418 2465 3461 remus
2502 3412 2557 3460 et
2584 3413 2853 3460 mortuum
2879 3419 3002 3461 esse
3029 3420 3223 3477 corpus
3248 3449 3262 3474 ,
3291 3414 3345 3462 et
3373 3408 3534 3462 vitam
3564 3424 3684 3464 esse
3713 3411 3885 3480 spiri-

2284 3501 2395 3549 tum
2417 3533 2433 3560 ,
2464 3501 2683 3565 propter
2725 3509 2831 3549 non
2862 3493 3164 3551 faciendum
3188 3504 3489 3566 peccatum.
3518 3496 3594 3552 Ita
3637 3498 3840 3570 quippe
3864 3539 3878 3561 ,

2284 3586 2493 3643 etiamsi
2519 3586 2887 3642 tantummodo
2916 3587 3077 3643 vellet
3104 3587 3317 3655 dicere,
3350 3598 3558 3661 propter
3583 3591 3848 3661 justitiam
3867 3635 3882 3657 ,

2286 3680 2390 3736 hoc
2421 3688 2534 3748 est,
2578 3687 2798 3750 propter
2834 3677 3131 3736 faciendam
3168 3680 3430 3751 justitiam
3453 3723 3469 3749 ,
3500 3689 3782 3752 utrumque
3809 3684 3886 3739 ad

2286 3769 2389 3827 hoc
2414 3780 2594 3842 posset
2620 3769 2872 3835 referri’,
2896 3778 2953 3826 et
2980 3779 3246 3826 mortuum
3284 3786 3404 3827 esse
3442 3786 3638 3842 corpus
3660 3814 3676 3839 ,
3715 3781 3771 3826 et
3792 3773 3886 3828 vi-

2287 3871 2393 3917 tam
2420 3875 2541 3917 esse
2563 3861 2828 3932 spiritum,
2856 3870 3077 3932 propter
3100 3860 3393 3917 faciendam
3417 3861 3698 3931 justitiam.
3727 3861 3887 3919 Nunc

2286 3967 2414 4008 vero
2439 3960 2493 4010 et
2522 3961 2792 4008 mortuum
2818 3953 2951 4009 dixit
2977 3966 3098 4008 esse
3124 3965 3318 4021 corpus
3336 3959 3557 4022 propter
3578 3961 3883 4022 peccatum,

2284 4054 2341 4101 et
2363 4044 2607 4116 spiritum
2629 4059 2752 4101 esse
2779 4045 2942 4100 vitam
2969 4051 3187 4114 propter
3208 4043 3501 4114 justitiam;
3528 4044 3736 4101 diversa
3759 4060 3887 4100 mc-

2285 4138 2385 4193 rita
2407 4137 2634 4194 diversis
2657 4138 2817 4194 rebus
2840 4136 3136 4192 attribuens
3162 4153 3177 4190 :
3201 4137 3358 4191 morti
3378 4137 3593 4207 quidem
3613 4139 3883 4208 corporis,

2286 4228 2534 4285 meritum
2562 4228 2800 4298 peccati;
2823 4228 2946 4282 vita:
2972 4235 3149 4282 autem
3171 4227 3388 4296 spiritus
3405 4268 3420 4294 ,
3455 4228 3705 4284 meritum
3721 4230 3888 4299 justi-

2287 4321 2393 4376 tiaa.
2424 4319 2683 4388 Quocirca
2710 4320 2753 4376 si
2777 4360 2793 4384 ,
2820 4327 2880 4373 ut
2903 4317 3132 4373 dubitari
3156 4334 3261 4373 non
3293 4327 3498 4389 potest,
3526 4321 3733 4391 spiritus
3775 4323 3888 4376 rita

2287 4422 2360 4469 est
2387 4422 2590 4485 propter
2604 4411 2880 4484 justitiam,
2904 4412 3005 4466 hoc
3025 4420 3106 4467 est
3122 4453 3138 4478 ,
3164 4412 3356 4468 merito
3375 4411 3617 4482 justitite;
3640 4412 3887 4483 profecto

2287 4519 2472 4574 corpus
2514 4512 2766 4557 mortuum
2808 4511 3012 4573 propter
3054 4512 3345 4573 peccatum,
3373 4502 3501 4574 quid
3529 4503 3673 4559 aliud
3714 4518 3884 4575 quam

2286 4596 2480 4662 merito
2505 4593 2708 4665 peccati
2739 4592 3034 4665 intelligere
3058 4593 3317 4651 debemus
3348 4604 3441 4650 aut
3470 4609 3750 4663 possumus
3775 4637 3791 4664 ,
3837 4597 3886 4652 si

2287 4686 2681 4757 apertissimum
2709 4685 3002 4757 Scriptum
3020 4698 3238 4745 sensum
3265 4702 3370 4741 non
3392 4701 3490 4758 pro
3509 4687 3730 4742 arbitrio
3751 4702 3885 4758 per-

2286 4785 2499 4833 vertere
2537 4792 2603 4833 ac
2638 4776 2962 4847 detorquere
2987 4776 3284 4832 conamur?
3309 4776 3424 4832 Huc
3450 4775 3474 4809 ⁸
3506 4777 3667 4832 etiam
3695 4779 3888 4835 verbe-

2288 4886 2408 4927 rum
2438 4870 2879 4942 consequentium
2905 4871 3086 4926 lumen
3114 4870 3340 4927 accedit.
3383 4872 3519 4928 Cum
3557 4874 3699 4929 enim
3741 4887 3885 4944 pra:-

2288 4965 2459 5021 sentis
2487 4966 2743 5035 temporis
2782 4964 3006 5036 gratiam
3054 4964 3417 5023 determinans
3464 4966 3696 5037 diceret,
3737 4982 3886 5024 mor-

2292 5065 2441 5112 tuum
2469 5055 2685 5127 quidem
2710 5069 2832 5111 esse
2860 5070 3056 5126 corpus
3083 5067 3300 5127 propter
3326 5066 3603 5127 peccatum
3626 5098 3641 5123 ,
3672 5057 3795 5129 quia
3828 5059 3881 5113 in

2290 5161 2358 5202 eo
2387 5145 2621 5201 nondum
2644 5161 2739 5217 per
2763 5147 3211 5203 resurrectionem
3238 5156 3515 5215 renovato,
3540 5150 3743 5219 peccati
3764 5165 3881 5205 me-

2287 5241 2451 5295 ritum
2478 5247 2692 5305 manet,
2735 5237 2836 5293 hoc
2852 5246 2935 5294 est
2958 5239 3247 5294 necessitas
3271 5240 3492 5305 mortis;
3517 5239 3759 5309 spiritum
3789 5255 3882 5295 au-

2293 5340 2402 5388 tem
2450 5330 2613 5386 vitam
2656 5344 2777 5386 esse
2805 5339 3025 5401 propter
3045 5330 3303 5402 justitiam
3328 5373 3344 5397 ,
3375 5330 3496 5402 quia
3542 5331 3666 5388 licet
3708 5332 3883 5388 adhuc

2292 5436 2519 5494 corpore
2546 5421 2734 5477 mortis
2758 5419 2917 5492 hujus
2941 5436 3258 5487 oneremur,
3284 5422 3394 5490 jam
3423 5421 3719 5477 secundum
3746 5423 3880 5477 inte-

2360 5538 2377 5605 }
2410 5533 2729 5605 manusuam,
2753 5530 2867 5596 quia
2889 5545 3001 5583 vero
3020 5531 3106 5583 illa
3130 5531 3497 5594 resurrectione,
3532 5536 3705 5584 emissa
3740 5534 3877 5594 parti-

2295 5596 2514 5730 fui-3’5:
2541 5662 2594 5705 et
2610 5662 2683 5704 Fr.
2706 5652 2976 5719 :suﬁiceret
2991 5653 3118 5704 enim
3140 5653 3184 5705 si
3205 5652 3506 5720 adjtmgeret.
3533 5662 3663 5716 Lov.,
3695 5655 3765 5709 sic
3790 5653 3879 5704 ad-

2291 5731 2515 5827 Ῑηῗσξξιξί
2541 5784 2638 5837 m,
2670 5777 2736 5827 ad
2760 5782 3012 5841 utrumque
3037 5784 3188 5841 posset
3210 5776 3300 5828 hoc
3323 5778 3512 5841 referri.

2364 5844 2383 5873 ⁴
2420 5841 2640 5902 Plerique
2664 5845 2791 5902 Mss,
2816 5836 2943 5889 huic.
