4074 6544
290 372 373 434 IIS

283 493 450 547 riorem
472 485 764 543 hominem
794 497 980 560 empta
1016 490 1355 546 renovatione
1383 488 1433 542 in
1467 486 1586 542 lidei
1612 486 1871 558 justitiam

282 581 348 653 (α)
364 579 683 649 respiramus
709 596 725 633 :
754 588 950 637 tamen
972 597 1041 637 ne
1063 581 1293 636 humana
1306 579 1597 651 ignorantia
1613 578 1680 634 de
1697 592 1874 632 resur-

274 674 471 729 rectione
508 676 780 744 corporis
815 676 959 730 nihil
1002 682 1277 747 speraret,
1318 672 1479 729 etiam
1520 673 1690 743 ipsum
1728 669 1872 742 quod

269 775 446 833 propter
486 764 768 819 meritum
819 767 1035 836 peccati
1074 767 1128 821 in
1157 764 1404 836 praesenti
1449 764 1642 819 smculo
1667 762 1874 817 dixerat

265 865 495 910 mortuum
517 896 537 923 ,
568 855 628 910 in
651 855 868 914 futuro
897 867 1118 931 propter
1140 859 1389 915 meritum
1411 856 1631 928 justitim
1651 855 1780 911 dicit
1806 855 1872 910 vi-

262 945 549 1002 viﬁcandum
573 963 591 1012 ;
619 962 739 1004 nec
766 948 860 1005 sic
876 957 941 1004 ut
976 958 1182 1005 tantum
1207 964 1273 1005 ex
1299 956 1511 1004 mortuo
1532 946 1712 1002 vivum
1743 943 1868 1011 ﬁat,

262 1053 410 1094 verum
437 1038 614 1093 etiam
637 1053 721 1094 ex
752 1041 989 1097 mortali
1009 1041 1335 1097 immortale.

317 1128 522 1186 CAPUT
564 1128 699 1184 VII.
745 1161 831 1172 —
858 1133 913 1187 7.
952 1131 1072 1187 Vita
1097 1131 1324 1203 corporis
1348 1129 1601 1201 speranda
1624 1171 1639 1198 ,
1681 1146 1872 1201 prtece—

264 1222 382 1277 dente
406 1221 520 1292 jam
548 1224 667 1278 vita
714 1225 965 1296 spiritus.
995 1225 1313 1295 Quanquam
1355 1224 1533 1294 itaque
1572 1238 1767 1279 verear
1802 1238 1871 1280 ne

260 1313 633 1369 «smanil’esta
665 1315 1017 1386 exponendo
1060 1317 1237 1388 potius
1277 1314 1624 1383 obscuretur,
1663 1323 1873 1385 aposto-

261 1405 353 1461 liae
376 1414 552 1462 tamen
585 1409 903 1464 sententiae
931 1409 1118 1464 lumen
1165 1407 1396 1464 attende.
1430 1406 1493 1463 Si
1518 1415 1686 1462 autem
1713 1406 1866 1463 Chri-

262 1505 375 1563 stus,
400 1497 577 1568 inquit
598 1540 618 1566 ,
648 1500 714 1553 in
743 1500 895 1555 vobis
918 1509 995 1555 est
1013 1541 1031 1567 ,
1069 1516 1251 1572 corpus
1276 1499 1475 1569 quidem
1500 1509 1754 1552 mortuum
1796 1507 1868 1552 est

267 1599 435 1661 propter
453 1599 740 1660 peccatum
761 1633 778 1657 ,
823 1591 1047 1662 spiritus
1074 1600 1237 1646 autent
1264 1591 1366 1644 vita
1388 1598 1460 1645 est
1486 1600 1691 1661 propter
1705 1590 1865 1662 justi-

268 1680 384 1733 tiam.
404 1679 513 1735 lloc
537 1679 760 1736 dictum
788 1689 881 1737 est
902 1723 918 1749 ,
948 1697 1023 1737 ne
1064 1681 1187 1738 ideo
1215 1688 1462 1753 putarent
1499 1681 1742 1737 homines
1782 1680 1866 1737 vel

270 1771 476 1837 nullum,
512 1772 601 1827 vel
641 1788 891 1843 parvum
920 1788 983 1830 se
1012 1773 1216 1830 habere
1242 1772 1558 1830 beneﬁcium
1597 1773 1664 1829 de
1698 1773 1863 1843 gratia

273 1860 463 1926 Christi,
486 1862 611 1933 quia
631 1862 965 1920 necessario
992 1864 1241 1921 morituri
1267 1872 1392 1920 sunt
1410 1878 1655 1935 corpore.
1684 1865 1867 1920 Atten-

268 1952 381 2009 dere
395 1955 583 2025 quippe
601 1953 842 2023 debent,
870 1970 1081 2026 corpus
1095 1955 1304 2026 quidem
1326 1954 1502 2010 adhuc
1522 1954 1725 2026 peccati
1748 1969 1862 2010 me-

268 2046 408 2099 ritum
433 2060 621 2116 gerere
640 2086 659 2112 ,
686 2046 847 2118 quod
869 2047 1171 2104 conditioni
1198 2048 1384 2103 mortis
1403 2048 1716 2104 obstrictum
1746 2058 1861 2114 est;

264 2138 343 2194 sed
364 2138 466 2210 jam
496 2139 761 2210 spiritum
787 2141 1029 2211 cepisse
1059 2141 1239 2197 vivere
1266 2149 1482 2211 propter
1502 2141 1764 2212 justitiam
1796 2143 1861 2197 li-

264 2228 477 2300 dei,qui
506 2239 565 2285 et
586 2230 709 2300 ipse
740 2230 799 2286 in
832 2231 1061 2287 homine
1087 2231 1257 2286 fuerat
1282 2230 1510 2303 quadam
1538 2240 1712 2287 morte
1738 2231 1861 2287 inli-

269 2322 484 2378 delitatis
508 2324 844 2380 exstinctus.
874 2323 997 2379 Non
1026 2324 1190 2395 igitur
1210 2366 1226 2392 ,
1258 2324 1431 2395 inquit
1450 2366 1463 2390 ,
1490 2340 1677 2395 parum
1710 2326 1861 2383 vobis

267 2414 492 2470 muneris
515 2416 717 2485 putetis
748 2429 880 2472 esse
901 2415 1161 2471 collatum
1186 2457 1200 2482 ,
1230 2431 1327 2487 per
1349 2415 1405 2471 id
1448 2415 1592 2487 quod
1617 2417 1859 2474 Christus

261 2504 309 2560 in
330 2506 480 2562 vobis
510 2515 599 2564 est
615 2548 635 2575 ,
656 2508 808 2579 quod
834 2507 892 2563 in
912 2522 1144 2579 corpore
1169 2517 1388 2579 prapter
1413 2520 1688 2579 peccatum
1718 2525 1862 2567 mor-

257 2606 375 2666 tuo,
398 2599 512 2669 jam
534 2608 769 2671 propter
791 2599 1059 2671 justitiam
1087 2609 1266 2657 vester
1303 2600 1522 2671 spiritus
1548 2602 1713 2666 vivit;
1758 2616 1859 2659 nec

254 2688 376 2746 ideo
416 2691 490 2747 de
528 2693 654 2747 vita
690 2707 905 2764 quoque
942 2694 1117 2763 ipsius
1155 2694 1395 2763 corporis
1439 2692 1754 2764 despcretis.
1798 2696 1861 2752 Si

254 2785 394 2838 enim
423 2785 647 2856 spiritus
670 2787 785 2857 ejus
809 2786 890 2856 qui
914 2785 1174 2841 suscitavit
1200 2784 1456 2841 Christum
1473 2803 1505 2840 a
1533 2788 1742 2842 mortuis
1768 2788 1861 2842 ha-

249 2873 382 2927 bitat
401 2875 461 2928 in
488 2876 636 2929 vobis
653 2917 673 2942 ,
698 2876 791 2946 qui
803 2876 1061 2931 suscitavit
1081 2874 1336 2933 Christum
1365 2894 1395 2930 a
1427 2878 1639 2932 mortuis
1654 2920 1670 2944 ,
1694 2878 1857 2948 vivi/i—

252 2965 382 3019 ccbit
412 2975 462 3019 et
490 2958 749 3021 mortalia
767 2983 987 3038 corpora
1013 2977 1179 3023 vestra
1206 2986 1296 3041 per
1322 2969 1682 3025 inhabitantem
1710 2971 1861 3044 spiri-

255 3063 359 3108 tum
384 3057 492 3125 ejus
513 3057 572 3110 in
596 3056 761 3112 vobis.
801 3057 944 3127 Quid
972 3058 1151 3116 adhuc
1176 3068 1335 3115 tante
1370 3061 1473 3116 luci
1514 3063 1691 3119 fumus
1731 3077 1860 3120 con-

257 3146 503 3202 tentionis
542 3146 889 3222 oll'unditur?
915 3149 1125 3206 Clamat
1148 3152 1436 3222 Apostolus
1468 3168 1482 3206 :
1511 3153 1718 3224 Corpus
1743 3155 1857 3226 qui-

255 3240 376 3296 dem
400 3250 676 3299 mortuum
703 3252 793 3300 est
820 3244 877 3299 in
906 3244 1061 3301 vobis
1087 3254 1302 3317 propter
1321 3256 1596 3317 peccatum
1618 3290 1633 3317 ,
1662 3249 1756 3305 sed
1779 3249 1858 3304 vi-

255 3332 611 3389 viﬁcabuntur
656 3335 826 3391 etiam
870 3336 1120 3393 mortalia
1165 3352 1390 3408 corpora
1427 3350 1602 3395 vestra
1644 3349 1861 3412 propter

247 3421 505 3492 justitiam
524 3465 541 3490 ,
570 3435 800 3497 propter
820 3441 981 3498 quam
1013 3444 1157 3486 nunc
1187 3429 1297 3501 jam
1342 3431 1559 3503 spiritus
1598 3433 1702 3488 vita
1734 3442 1855 3503 est,

250 3513 395 3586 quod
415 3524 587 3573 totum
617 3520 934 3589 perﬁcietur
961 3536 1059 3592 per
1092 3523 1317 3593 gratiam
1344 3523 1572 3592 Christi,
1611 3525 1713 3582 hoc
1740 3538 1822 3582 est
1839 3570 1855 3596 ,

253 3621 349 3677 per
368 3607 764 3666 inhabitantem
788 3612 1036 3682 spiritum
1059 3613 1178 3683 ejus
1202 3614 1257 3669 in
1276 3614 1448 3682 vobis;
1477 3626 1532 3671 et
1558 3616 1734 3673 adhuc
1771 3634 1859 3674 re-

252 3699 545 3755 clamatur!
587 3701 734 3757 Dicit
769 3703 933 3758 ctiam
958 3704 1404 3775 quemadmodum
1445 3707 1535 3764 [lat
1562 3717 1618 3765 ut
1654 3709 1762 3765 vita
1806 3711 1857 3765 in

256 3808 317 3849 se
356 3804 586 3851 mortem
628 3797 1011 3854 mortiﬁcando
1052 3807 1331 3856 convertat
1357 3801 1393 3857 ί.
1424 3800 1565 3875 Ergo
1589 3844 1604 3872 ,
1632 3807 1815 3876 fratres
1840 3847 1854 3871 ,

257 3884 447 3956 inquit,
469 3887 724 3944 debitores
747 3905 926 3943 sumus
949 3906 1053 3945 non
1078 3891 1251 3960 carni,
1280 3901 1335 3947 ut
1358 3894 1633 3949 secundum
1657 3912 1859 3953 carnem

255 3977 497 4033 stivam.
517 3979 580 4035 Si
598 3980 737 4034 enim
752 3982 1036 4035 secundum
1059 3998 1263 4038 carnem
1288 3985 1530 4054 viceritis,
1552 3989 1857 4056 moriemini;

253 4070 301 4122 si
341 4082 511 4125 autem
556 4073 750 4143 spiritu
792 4078 933 4145 facta
973 4077 1144 4130 carnis
1186 4078 1637 4149 mortiﬁcaveritis,
1687 4082 1859 4138 vivctis

253 4159 434 4231 (Rom.
456 4178 583 4230 vni,
613 4164 835 4237 10-15).
856 4165 995 4234 Quid
1018 4175 1103 4223 est
1128 4167 1270 4222 aliud
1290 4210 1306 4235 ,
1338 4184 1495 4239 quam
1523 4170 1625 4227 hoc
1652 4189 1664 4226 :
1692 4172 1746 4229 Si
1772 4188 1859 4229 se-

248 4256 483 4334 cundum
513 4266 753 4314 mortem
781 4258 1025 4315 vixeritis
1043 4299 1061 4327 ,
1090 4268 1256 4316 totum
1282 4264 1575 4329 morietur;
1606 4265 1648 4319 si
1679 4274 1857 4322 autem

246 4347 549 4403 secundum
578 4350 748 4404 vitam
789 4349 1021 4406 vivendo
1062 4360 1291 4408 mortem
1324 4355 1767 4413 mortilicaveritis
1796 4360 1817 4390 ¹
1838 4400 1856 4429 ,

246 4443 426 4491 totum
451 4439 635 4495 vivet?

316 4528 555 4586 CAPUT
592 4530 733 4587 VIII.
776 4562 849 4572 —
894 4532 946 4588 8.
989 4531 1148 4587 Verba
1193 4533 1349 4590 Pauli
1389 4553 1488 4608 quo
1529 4555 1679 4595 sensu
1705 4540 1859 4595 intel-

244 4620 479 4691 ligendo.
531 4623 667 4679 Item
710 4623 855 4696 quod
885 4626 1000 4694 ait,
1054 4626 1157 4682 Per
1196 4627 1446 4684 hominem
1493 4647 1630 4687 mors
1668 4642 1716 4687 et
1769 4650 1858 4704 per

246 4712 511 4769 hominem
537 4718 846 4771 resurrectio
870 4729 1191 4774 mortuorum
1230 4736 1249 4775 :
1269 4722 1395 4792 quid
1422 4723 1564 4779 aliud
1604 4740 1760 4796 quam
1791 4727 1860 4784 de

246 4809 693 4877 meos-poris
715 4807 939 4878 intelligi
968 4817 1167 4879 potest;
1190 4811 1403 4881 quando
1423 4820 1481 4868 ut
1508 4813 1610 4870 hoc
1635 4815 1857 4885 diceret,

244 4895 317 4951 de
341 4900 749 4957 resurrectione
776 4901 1024 4972 corporis
1049 4902 1384 4973 loquebatur,
1405 4911 1632 4979 eamque
1659 4908 1861 4965 instan-

248 4989 462 5045 tissima
501 5000 559 5048 et
600 4992 870 5049 acerrima
912 4993 1213 5051 intentione
1263 4996 1552 5054 suadebat?
1600 4999 1737 5069 Quid
1779 5009 1862 5057 est

247 5097 385 5152 ergo
413 5085 551 5154 quod
594 5084 685 5141 hic
709 5084 788 5141 ait
814 5085 882 5141 ad
909 5086 1222 5143 Corinthios
1245 5131 1260 5155 ,
1293 5088 1395 5144 Per
1421 5091 1673 5147 hominem
1703 5111 1858 5163 mors,

251 5182 299 5223 et
341 5190 439 5241 per
474 5176 729 5231 hominem
768 5179 1077 5232 resurrectio
1102 5190 1431 5236 mortuorum.
1461 5182 1610 5239 Sicut
1651 5186 1783 5240 enim
1809 5189 1860 5243 in

257 5264 425 5320 Adam
449 5285 618 5326 omnes
639 5271 955 5336 moriuntur,
978 5272 1055 5326 sic
1075 5281 1123 5326 et
1146 5272 1198 5327 in
1223 5270 1423 5331 Christo
1443 5292 1617 5334 omnes
1634 5280 1860 5350 viviﬁca-

260 5355 447 5412 buntu-
473 5360 515 5430 (Ι
542 5359 664 5416 Cor.
690 5378 788 5429 xv,
815 5361 913 5431 2i,
943 5362 1062 5436 22):
1087 5362 1188 5419 nisi
1217 5364 1355 5435 quod
1383 5366 1457 5423 ait
1479 5371 1638 5424 etiam
1658 5369 1725 5426 ad
1754 5371 1861 5426 Ro-

234 5474 280 5543 "
322 5473 358 5543 ξ,
378 5472 491 5523 Editi
508 5508 522 5533 ,
540 5481 597 5543 ut
618 5475 772 5543 citam
810 5473 865 5526 in
902 5488 973 5543 se_
995 5482 1202 5543 mortem
1241 5476 1580 5543 mortiﬁcando
1602 5490 1858 5535 convertat.

261 5532 427 5591 Aptius
458 5532 663 5603 Vaticani
687 5545 826 5603 Mss”
852 5544 908 5603 ut
924 5536 1056 5603 vita,
1096 5539 1144 5587 id
1168 5547 1270 5595 est.
1314 5532 1514 5603 spiritus
1535 5532 1862 5597 mortilicando

256 5605 448 5666 “Emis,
461 5599 626 5666 reddat
648 5599 919 5663 Spirituale
932 5601 1187 5666 acvivum.
1207 5607 1252 5666 In
1262 5599 1598 5666 Lygirannensi
1615 5607 1779 5656 codice
1793 5609 1863 5657 le-

252 5655 401 5713 gitur,
417 5660 561 5710 atrila
575 5662 626 5712 in
645 5655 701 5713 se
720 5668 937 5713 mortem
953 5660 1245 5774 virjﬁcando
1253 5655 1584 5730 ηὼῖιίῄεαηάο
1604 5655 1857 5720 convertat.

312 5720 333 5748 ²
367 5721 579 5774 Gallina
601 5734 824 5774 uitatum-
851 5733 907 5774 et
930 5726 1022 5774 nui
1058 5723 1329 5774 achlnici
1353 5733 1478 5774 Mss.
1518 5737 1717 5774 manem
1740 5731 1851 5774 ιιὶιοὶ.

245 5779 293 5841 ρ
312 5720 333 5748 ²
367 5721 579 5818 Gallicani
601 5734 824 5787 quatuor
851 5733 907 5777 et
930 5720 1139 5788 quidam
1154 5723 1329 5789 Bclgici
1353 5720 1478 5788 Mss,
1518 5737 1717 5781 mortem
1740 5731 1851 5783 rivi-

286 5794 517 5834 harenis.

286 5789 517 5834 rat-eritis.

304 5843 385 5909 ω)
420 5853 549 5900 Forte
562 5886 576 5910 ,
589 5847 816 5913 justitia.

1672 369 1871 426 LIBER
1914 368 2188 428 PRIMUS.

2063 138 2077 165 /

3466 392 3567 448 ιιι

1983 500 2200 553 manus,
2234 485 2338 542 Per
2364 504 2516 545 unum
2540 494 2788 550 hominem
2819 506 3078 568 peccatum
3121 500 3321 556 intravit
3346 504 3397 558 in
3424 522 3567 575 utan:

1981 576 2141 646 dum,
2174 587 2222 633 et
2245 595 2334 649 per
2356 592 2618 651 peccatum
2645 602 2779 641 mors
2809 588 2983 659 (Rom.
3029 604 3094 655 v,
3142 589 3271 663 ην
3306 592 3454 648 Ilanc
3496 595 3570 648 illi

1978 677 2205 725 mortem
2230 711 2245 735 ,
2275 686 2382 726 non
2406 675 2646 744 corporis
2666 718 2680 744 ,
2712 678 2807 734 sed
2849 679 3041 736 animm
3079 680 3303 753 intelligi
3347 687 3566 750 volunt;

1977 760 2129 830 quasi
2157 760 2299 817 aliud
2344 763 2544 820 dictum
2569 766 2638 821 sit
2679 768 2747 823 ad
2782 767 3084 827 Corinthios
3107 815 3124 840 ,
3177 772 3279 828 Per
3318 776 3567 831 hominem

1977 867 2146 920 mors,
2178 852 2267 909 ubi
2296 856 2514 912 omnino
2539 857 2731 914 animae
2778 870 3004 917 mortem
3053 864 3296 935 accipere
3341 881 3445 920 non
3491 868 3565 921 si-

1976 951 2193 1012 nuntur,
2224 945 2346 1015 quia
2370 945 2439 1002 de
2466 950 2862 1007 resurrectione
2882 955 3123 1024 corporis
3152 957 3426 1027 agebatur,
3449 976 3567 1029 quae

1976 1033 2133 1088 morti
2155 1035 2395 1105 corporis
2423 1046 2506 1093 est
2527 1040 2815 1095 contraria.
2841 1039 2965 1098 Ideo
2993 1045 3152 1099 etiam
3180 1046 3290 1101 sola
3320 1062 3467 1103 mors
3496 1049 3565 1103 Illi

1976 1137 2072 1192 per
2096 1122 2364 1181 hominem
2388 1125 2526 1184 facta
2554 1141 2971 1187 commemorata
2993 1142 3094 1198 est,
3125 1149 3229 1189 non
3255 1136 3413 1191 etiam
3434 1154 3563 1209 pec-

1973 1222 2187 1280 catum;
2215 1216 2338 1287 quia
2365 1231 2471 1272 non
2501 1219 2756 1289 agebatur
2783 1220 2850 1276 de
2887 1221 3089 1293 justitia
3108 1266 3122 1287 ,
3153 1239 3273 1295 qua:
3297 1230 3563 1282 contraria

1973 1312 2057 1360 est
2080 1317 2297 1376 peccato
2315 1349 2333 1376 ,
2362 1310 2457 1365 sed
2479 1310 2545 1366 de
2569 1313 2811 1383 corporis
2836 1315 3229 1372 resurrectione
3248 1357 3263 1384 ,
3289 1332 3407 1388 qua:
3428 1332 3560 1373 con-

1973 1396 2133 1451 traria
2160 1407 2242 1453 est
2269 1402 2510 1472 corporis
2528 1404 2709 1458 morti.

2041 1486 2266 1546 CAPUT
2305 1489 2395 1545 IX.
2428 1522 2500 1533 -—
2526 1492 2580 1549 9.
2610 1494 2884 1550 Peccatum
2910 1500 3291 1571 propagatione,
3318 1516 3419 1556 non
3445 1503 3559 1555 imi-

1970 1579 2158 1635 tatione
2194 1591 2390 1637 tantum
2412 1586 2654 1643 transisse
2674 1588 2729 1642 in
2757 1605 2947 1643 omnes.
2974 1590 3085 1646 Hoc
3105 1603 3280 1648 autem
3302 1595 3558 1664 apostoli-

1968 1688 2090 1730 cum
2116 1678 2472 1734 testimonium
2501 1681 2553 1735 in
2582 1695 2688 1752 quo
2716 1683 2822 1748 ait,
2856 1682 2957 1738 Per
2986 1701 3141 1739 unum
3168 1685 3419 1741 hominem
3440 1704 3557 1759 pec»

1968 1776 2138 1823 catum
2172 1770 2376 1825 intravit
2403 1773 2456 1826 in
2478 1774 2723 1828 mundum
2743 1815 2758 1841 ,
2790 1785 2836 1829 et
2866 1792 2954 1847 per
2982 1785 3235 1847 peccatum
3257 1794 3421 1846 mors,
3460 1793 3555 1833 cn-

1967 1859 2083 1914 nari
2110 1875 2204 1916 eos
2250 1861 2463 1933 quidem
2494 1863 2561 1919 in
2582 1864 2739 1920 aliam
2765 1881 2955 1921 novam
2998 1867 3317 1940 detorquere
3345 1870 3552 1940 opinio-

1966 1964 2088 2004 nem
2113 1992 2128 2016 ,
2173 1952 2276 2007 luis
2306 1952 2498 2011 litteris
2525 1955 2817 2025 intimasti;
2865 1957 2960 2014 sed
2993 1958 3242 2029 quidnam
3276 1960 3405 2017 illud
3446 1961 3552 2027 sit,

1966 2043 2109 2104 quod
2133 2044 2187 2099 in
2213 2046 2295 2101 his
2319 2048 2494 2105 verbis
2533 2051 2819 2121 opinentur
2840 2094 2856 2118 ,
2888 2055 3117 2110 tacuisti.
3148 2055 3414 2124 Quantum
3453 2074 3551 2112 au-

1978 2137 2083 2185 tem
2107 2144 2176 2187 ex
2201 2146 2317 2189 ams
2341 2140 2595 2206 comperi,
2629 2142 2729 2194 hoc
2756 2141 2828 2196 Ibl
2855 2144 3112 2210 sentiunt,
3140 2145 3281 2213 quod
3317 2156 3370 2199 et
3397 2162 3542 2199 tnors

1974 2219 2073 2276 ista
2116 2237 2235 2291 quas
2276 2225 2385 2280 illic
2428 2238 2839 2285 commemorata
2883 2240 2993 2298 est,
3022 2247 3130 2288 non
3166 2233 3236 2287 sit
3271 2235 3541 2302 corporis,

1980 2327 2139 2384 quam
2187 2317 2375 2373 nolunt
2399 2319 2569 2376 Adam
2601 2325 2868 2391 peccando
2905 2327 3200 2396 meruisse,
3237 2328 3330 2383 sed
3370 2331 3542 2383 anima

1972 2421 2094 2477 qua:
2132 2411 2188 2464 in
2228 2413 2355 2480 ipso
2382 2427 2599 2483 peccato
2636 2416 2697 2471 lit
2726 2418 2741 2449 ⁸
2772 2434 2789 2472 :
2820 2428 2873 2474 et
2911 2419 3082 2490 ipsum
3125 2431 3394 2490 peccatum
3438 2437 3543 2477 non

1972 2506 2350 2575 propagatione
2376 2508 2427 2562 in
2449 2508 2583 2563 alios
2616 2510 2856 2565 immines
2884 2528 2947 2568 ex
2982 2514 3150 2578 primo
3180 2514 3425 2583 homine,
3449 2517 3543 2570 Sed

1963 2589 2257 2646 imitatione
2284 2592 2560 2649 transisse.
2590 2593 2723 2650 llinc
2748 2596 2894 2651 enim
2922 2597 3081 2653 etiam
3106 2599 3157 2653 in
3181 2599 3414 2669 parvulis
3446 2615 3544 2652 n0-

1961 2681 2076 2736 lunt
2095 2681 2317 2739 credere
2347 2698 2440 2756 per
2462 2685 2786 2756 Baptismum
2812 2689 2944 2745 solvi
2968 2691 3225 2762 originale
3250 2703 3548 2764 peccatum,

1961 2772 2102 2842 quod
2133 2773 2185 2828 in
2213 2776 2552 2834 nascentibus
2578 2779 2778 2835 nullum
2805 2796 2925 2838 esse
2953 2784 3170 2839 omnino
3199 2786 3544 2841 contendunt.

1962 2862 2069 2920 Sed
2098 2864 2457 2935 siApostolus
2485 2877 2757 2938 peccatum
2803 2872 2935 2929 illud
2982 2888 3403 2932 commemorare
3451 2892 3547 2932 vo-

1964 2953 2193 3022 luisset,
2224 2957 2366 3026 quod
2405 2957 2460 3012 in
2488 2959 2628 3015 hunc
2669 2962 2923 3018 mundum
2945 3006 2960 3032 ,
2992 2981 3098 3020 non
3129 2967 3508 3039 propagatione
3530 3011 3543 3033 ,

1962 3042 2056 3101 sed
2082 3044 2375 3103 imitatione
2396 3038 2670 3106 intraverit
2686 3052 2728 3118 ';
2757 3052 2874 3123 ejus
2893 3054 3208 3127 principem,
3229 3038 3334 3113 non
3353 3059 3541 3120 Adam.

1962 3136 2056 3193 sed
2083 3138 2353 3195 diabolum
2376 3140 2606 3211 diceret,
2633 3144 2700 3201 de
2727 3160 2833 3217 quo
2858 3148 3114 3219 scriptum
3142 3159 3224 3205 est
3242 3192 3258 3218 ,
3292 3150 3365 3205 Ab
3406 3151 3547 3204 initio

1962 3229 2193 3286 diabolus
2219 3242 2388 3302 peccat
2426 3233 2470 3306 (I
2505 3234 2661 3291 Joan.
2696 3253 2791 3307 ιιι,
2819 3238 2897 3312 8).
2932 3240 3007 3297 De
3036 3257 3141 3312 quo
3165 3244 3323 3298 etiam
3356 3243 3547 3315 legitur

1961 3323 2015 3378 in
2045 3324 2182 3380 libro
2208 3325 2517 3397 Sapientiae,
2547 3327 2752 3386 Invidia
2775 3340 2943 3388 autem
2971 3334 3160 3390 diaboli
3184 3353 3317 3392 mors
3340 3338 3546 3391 intravit

1960 3414 2014 3469 in
2043 3414 2210 3470 orbem
2236 3426 2502 3474 terrarum.
2532 3419 2662 3475 Nam
2689 3423 2940 3493 quoniam
2970 3426 3067 3481 ista
3095 3442 3239 3483 mors
3267 3428 3344 3482 sic
3369 3443 3399 3483 a
3429 3428 3543 3482 dia-

1961 3506 2087 3564 bolo
2114 3509 2259 3564 venit
2284 3510 2336 3565 iu
2378 3512 2642 3580 homines,
2674 3531 2778 3570 non
2806 3517 2947 3588 quod
2977 3518 3043 3573 ab
3082 3520 3172 3574 illo
3202 3520 3396 3576 fuerint
3427 3510 3548 3592 pro-

1963 3601 2134 3670 pagati
2156 3643 2171 3668 ,
2201 3601 2294 3657 sed
2321 3604 2463 3673 quod
2497 3619 2619 3660 eum
2648 3606 2846 3663 fuerint
2870 3608 3093 3677 imitati,
3118 3612 3372 3667 continuo
3417 3614 3546 3667 sub-

1957 3691 2164 3762 jnnxit,
2205 3693 2480 3750 Imitantur
2507 3707 2675 3752 autem
2697 3716 2823 3755 eum
2863 3702 2948 3769 qui
2973 3714 3090 3757 sunt
3123 3720 3186 3759 ex
3221 3714 3364 3775 parte
3391 3706 3549 3775 ipsius

1963 3782 2120 3855 (Sap.
2152 3800 2209 3853 ιι,
2241 3784 2329 3851 24,
2356 3785 2474 3855 25).
2498 3787 2727 3845 Proinde
2754 3791 3041 3860 Apostolus
3065 3808 3184 3848 cum
3208 3795 3329 3849 illud
3362 3812 3547 3863 pecca—

1964 3882 2077 3928 tum
2098 3889 2162 3930 ac
2185 3885 2412 3933 mortem
2431 3890 2893 3945 commemoraret,
2923 3899 3039 3953 qua:
3064 3885 3131 3939 ab
3156 3900 3262 3939 uno
3284 3884 3333 3938 in
3363 3901 3551 3939 Olllltt‘s

1963 3966 2340 4036 propagatione
2386 3969 2694 4036 transisset,
2742 3986 2863 4026 eum
2918 3974 3209 4045 principem
3256 3974 3467 4046 posuit,
3520 3992 3549 4029 a

1949 4070 2069 4125 quo
2101 4059 2410 4128 propagatio
2449 4062 2661 4131 generis
2706 4061 2919 4119 humani
2966 4067 3193 4135 sumpsit
3242 4067 3545 4122 exordium.

2034 4148 2121 4203 It).
2156 4148 2432 4205 Imitantur
2461 4152 2671 4222 quidem
2710 4154 2876 4209 Adam
2897 4196 2913 4223 ,
2947 4166 3205 4228 quotquot
3231 4174 3325 4229 per
3356 4159 3547 4215 inube-

1962 4237 2215 4295 dientiam
2258 4242 2717 4314 transgrediuntur
2757 4235 3063 4303 mandatum
3109 4249 3198 4304 Dei
3231 4267 3243 4304 :
3274 4249 3368 4305 sed
3406 4251 3548 4305 aliud

1963 4339 2046 4386 cst
2074 4331 2215 4401 quod
2245 4334 2546 4403 exemplum
2581 4345 2664 4391 est
2691 4337 2963 4394 voluntate
3005 4342 3378 4409 peccantibus,
3409 4342 3551 4397 aliud

1963 4420 2108 4491 quod
2136 4422 2287 4494 origo
2329 4433 2412 4480 est
2462 4439 2585 4481 cum
2640 4437 2858 4497 peccato
2907 4432 3264 4487 nascentibus.
3318 4430 3450 4487 Nam
3499 4443 3553 4487 et

1964 4511 2233 4571 Christum
2274 4517 2550 4573 imitantur
2584 4522 2750 4576 sancti
2784 4522 2902 4593 ejus
2928 4523 2991 4576 ad
3043 4524 3365 4594 sequendam
3397 4524 3559 4597 justi:

1965 4607 2114 4664 tiam.
2146 4607 2294 4665 Unde
2327 4619 2382 4665 ct
2422 4610 2562 4667 idem
2610 4615 2881 4683 apostolus
2920 4617 3086 4685 dicit,
3137 4616 3424 4674 lmitatores
3459 4624 3555 4674 mei

1965 4708 2146 4766 estote,
2168 4702 2300 4756 sicut
2339 4710 2387 4755 et
2412 4717 2503 4774 ego
2546 4702 2730 4759 Christi
2756 4704 2801 4777 (1
2833 4706 2948 4763 Cor.
2987 4725 3072 4774 XI,
3110 4709 3185 4780 l).
3227 4710 3331 4766 Sed
3363 4720 3556 4783 printer

1965 4790 2104 4846 hanc
2138 4790 2519 4862 imitationem,
2549 4794 2721 4865 gratia
2746 4796 2863 4867 ejus
2893 4798 3334 4858 illuminationem
3360 4801 3555 4871 justiliv

1966 4883 2337 4954 cationemque
2388 4894 2624 4941 nostram
2674 4888 2834 4945 etiam
2891 4891 3211 4949 intrinsecus
3261 4903 3552 4964 Operatur,

1966 4972 2059 5029 illo
2100 4989 2262 5045 opere
2302 4975 2370 5032 de
2412 4992 2518 5048 quo
2557 4977 2697 5034 idem
2736 4981 3050 5051 praedicator
3090 4983 3206 5055 ejus
3248 4985 3413 5052 dicit,
3447 4986 3558 5041 Nc-

1965 5083 2060 5139 que
2081 5068 2169 5139 qui
2197 5069 2396 5140 plantat
2428 5080 2500 5126 est
2518 5071 2712 5143 aliquid
2729 5115 2747 5142 ,
2775 5091 2933 5145 neque
2955 5077 3042 5146 qui
3060 5078 3223 5147 rigat;
3250 5080 3338 5135 sed
3362 5080 3448 5150 qui
3471 5080 3556 5134 in-

1967 5171 2271 5215 crementum
2291 5161 2379 5217 da't
2401 5160 2539 5218 Deus
2560 5161 2671 5235 (Id.
2696 5181 2785 5233 ιιι,
2810 5166 2887 5237 7).
2918 5167 3026 5224 Ilac
3052 5170 3194 5225 enim
3226 5174 3394 5241 gratia
3414 5172 3434 5203 ³
3461 5172 3556 5228 ba-

1970 5254 2193 5324 ptizatos
2234 5270 2448 5326 quoque
2489 5258 2739 5326 parvulos
2783 5273 2884 5315 suo
2930 5258 3118 5318 inserit
3160 5263 3411 5335 corpori,
3466 5266 3555 5335 qui

1967 5354 2112 5401 certe
2142 5345 2336 5402 imitari
2370 5346 2599 5418 aliquem
2632 5350 2867 5407 nondum
2908 5353 3107 5411 valent.
3140 5354 3289 5413 Sicut
3317 5372 3444 5425 ergo
3472 5356 3556 5412 ille

1968 5438 2019 5493 in
2050 5453 2154 5509 quo
2183 5453 2369 5495 omnes
2399 5440 2733 5498 viviﬁcantur
2751 5486 2766 5511 ,
2798 5455 2991 5514 praeter
3010 5447 3152 5519 quod
3177 5446 3202 5482 ⁸
3227 5462 3287 5504 se
3311 5447 3375 5502 ad
3394 5447 3557 5518 justi-

2031 5550 2049 5584 ¹
2083 5550 2218 5608 Editi,
2242 5550 2561 5625 sit.r_At_tflss.,
2579 5551 2650 5617 fit.
2687 5560 2748 5605 Ex
2775 5555 2850 5625 his
2870 5555 3025 5607 codex
3049 5558 3433 5622 Cygirannensis,
3450 5572 3544 5625 quo

1966 5612 2071 5687 ipso
2093 5611 2383 5687 peccatoﬁt.
2409 5616 2527 5687 Vide
2549 5611 2712 5687 supra,
2738 5631 2787 5667 ιι.
2813 5618 2873 5667 2.-

2033 5677 2051 5705 ¹
2089 5674 2275 5736 Aliquot
2292 5674 2418 5731 διεδ..
2445 5674 2656 5729 intrarit.

2032 5736 2051 5804 ξ
2086 5745 2191 5804 Am.
2212 5744 2282 5804 llr.
2307 5744 2358 5785 et
2382 5745 2505 5788 .\lSS.:
2538 5749 2649 5790 mre
2673 5740 2798 5804 enim
2821 5740 2980 5804 gratia
3004 5755 3022 5791 :
3048 5743 3207 5794 minus
3229 5755 3383 5795 recte.

2034 5799 2054 5827 ³
2085 5800 2157 5871 sic
2182 5799 2361 5847 habent
2385 5806 2488 5871 Mss.
2520 5809 2571 5852 At
2598 5803 2744 5863 editi,
2772 5799 2936 5867 £11"an
2963 5816 3123 5857 omnes
3160 5805 3520 5871 tiri/imbuatur
3545 5842 3557 5871 ι

1972 5867 2293 5923 pb'a'trrqmun
2317 5867 2460 5923 quod.
