4074 6566
561 359 663 414 115

555 474 683 528 tiam
732 469 1037 542 exemplum
1083 464 1410 523 imitantibus
1438 460 1692 533 prazbuit,
1732 459 1826 515 dat
1861 459 2022 516 etiam
2060 457 2141 514 sui

554 564 773 634 spiritus
792 560 1206 618 occultissimam
1236 554 1481 611 ﬁdelibus
1498 553 1721 626 gratiam
1736 594 1754 621 ,
1779 567 1940 624 quam
1969 551 2142 607 laten-

557 666 638 711 ter
665 652 892 710 tnt‘undit
914 661 969 707 et
996 647 1228 721 parvulis
1259 665 1274 702 :
1301 647 1380 703 sic
1404 654 1460 703 et
1486 646 1577 702 ille
1601 646 1654 701 in
1682 659 1789 716 quo
1808 658 1994 700 omnes
2023 657 2141 698 mo-

555 747 765 802 riuntur
787 786 801 811 ,
838 752 1031 816 praeter
1067 743 1208 813 quod
1235 742 1314 798 eis
1338 742 1426 813 qui
1456 750 1781 813 prasceptum
1810 738 2019 794 Domini
2045 752 2140 793 vo-

555 840 757 894 luntate
800 834 1297 906 transgrediuntur,
1343 833 1653 889 imitationis
1691 831 1992 903 exemplum
2019 840 2139 898 est,

554 930 760 984 occulta
796 928 956 983 etiam
984 926 1105 983 tabe
1131 926 1360 982 carnalis
1387 923 1832 995 concupiscentia:
1852 938 1966 980 suae
2005 920 2140 977 tabi-

554 1020 732 1074 tlcavit
750 1020 801 1074 in
826 1034 884 1075 se
904 1034 1093 1076 omnes
1111 1019 1179 1075 de
1198 1035 1293 1075 sua
1312 1019 1479 1088 stirpe
1501 1018 1776 1074 venientes
1803 1017 1844 1070 ί.
1873 1016 2007 1071 Hine
2025 1030 2141 1070 om-

552 1111 682 1167 nino
703 1152 720 1180 ,
750 1126 849 1167 nec
872 1110 1089 1168 aliunde
1112 1153 1127 1178 ,
1150 1110 1437 1181 Apostolus
1463 1110 1628 1179 dicit,
1656 1108 1761 1164 Per
1787 1125 1945 1163 unum
1971 1108 2135 1162 homi-

551 1219 665 1256 nem
710 1212 970 1274 peceatum
998 1203 1199 1258 intrauit
1243 1204 1295 1257 in
1333 1202 1577 1257 mundum
1598 1243 1614 1270 ,
1662 1210 1709 1256 et
1750 1217 1842 1272 per
1884 1205 2139 1271 peccatum

554 1310 723 1362 mors;
748 1306 798 1350 et
813 1296 885 1351 ita
904 1296 955 1350 in
973 1312 1143 1350 omnes
1162 1296 1387 1351 homines
1408 1293 1748 1365 pertransivit,
1773 1294 1827 1348 in
1845 1309 1944 1364 quo
1965 1308 2137 1348 omnes

554 1395 902 1452 peccaverunt.
932 1386 1043 1441 lloc
1066 1387 1110 1441 si
1136 1402 1235 1456 ego
1261 1386 1517 1452 dicerem,
1545 1385 1856 1441 resisterent
1884 1383 1994 1452 isti,
2026 1398 2139 1439 me-

552 1490 659 1545 que
702 1493 807 1531 non
851 1485 994 1533 recte
1023 1477 1199 1532 dicere
1221 1518 1237 1543 ,
1279 1490 1386 1531 non
1417 1483 1563 1531 recte
1590 1476 1788 1531 sentire
1817 1475 2132 1530 clamarent.

552 1565 763 1625 Nullam
799 1567 994 1637 quippe
1037 1568 1093 1623 in
1118 1567 1200 1622 his
1234 1567 1411 1623 verbis
1437 1566 1794 1638 intelligerent
1819 1565 2134 1623 sententiam

550 1658 835 1729 cujuslibet
854 1660 1091 1716 homin-is
1113 1662 1156 1729 ²,
1189 1660 1293 1716 nisi
1320 1660 1479 1716 istam
1496 1674 1655 1732 quam
1685 1660 1742 1715 in
1768 1659 2028 1730 Apostolo
2054 1658 2136 1713 in-

554 1748 791 1820 telligcre
833 1752 1037 1806 nolunt.
1066 1750 1170 1807 Sed
1203 1751 1326 1823 quia
1352 1751 1468 1822 ejus
1492 1750 1651 1807 verba
1680 1758 1840 1818 sunt,
1867 1750 2019 1821 cujus
2045 1765 2139 1805 au-

550 1841 785 1896 ctoritati
829 1841 1190 1913 doctrinaeque
1236 1844 1623 1913 succumbunt,
1677 1842 1831 1899 nobis
1882 1842 2139 1913 objiciunt

552 1930 889 2003 intelligendi
928 1933 1259 2003 tarditatem,
1295 1950 1415 1990 cum
1455 1950 1520 1992 ea
1560 1950 1680 2007 quae
1725 1945 1830 1990 tam
1861 1935 2138 2006 perspicue

549 2020 694 2079 dicta
717 2033 871 2091 sunt,
902 2024 957 2079 in
982 2025 1162 2081 nescio
1189 2024 1317 2096 quid
1343 2025 1487 2082 aliud
1512 2026 1830 2097 detorquere
1856 2034 2134 2081 conantur.

550 2109 659 2166 Per
683 2130 866 2181 unum,
890 2115 1095 2185 inquit,
1124 2116 1375 2171 hominen:
1400 2124 1658 2188 peccatum
1680 2117 1886 2171 intrauit
1910 2117 1965 2172 in
1987 2133 2138 2172 mun-

549 2205 698 2274 dum,
716 2215 762 2260 et
789 2222 878 2276 per
892 2217 1150 2280 peceatum
1166 2224 1320 2263 mors.
1347 2209 1460 2264 Hoc
1483 2208 1881 2281 propagationis
1905 2218 2010 2278 est,
2028 2224 2137 2266 non

550 2296 860 2357 imitationis
888 2316 902 2352 :
931 2314 1058 2354 nam
1079 2299 1125 2354 si
1153 2299 1465 2357 imitationis
1486 2341 1504 2369 ,
1545 2301 1650 2356 Per
1690 2300 1961 2358 diabolum
1991 2301 2139 2358 dice-

549 2397 633 2444 ret
656 2387 699 2442 ⁸.
726 2388 878 2457 Quod
901 2400 1084 2446 autem
1108 2407 1269 2449 nemo
1290 2392 1512 2464 ambigit
1529 2433 1544 2457 ,
1589 2392 1751 2448 istum
1775 2392 2008 2463 primum
2042 2394 2138 2451 ho-

549 2479 746 2536 minem
767 2480 898 2537 dicit
914 2523 929 2549 ,
958 2484 1048 2552 qui
1072 2493 1155 2538 est
1176 2484 1471 2554 appellatus
1493 2484 1686 2542 Adam.
1712 2483 1784 2540 Et
1811 2485 1905 2556 ita,
1932 2486 2137 2559 inquit,

549 2571 607 2627 in
625 2589 797 2627 omnes
817 2574 1041 2629 homines
1062 2577 1369 2647 pertransiit.

550 2689 558 2698 ι
620 2664 847 2722 CAPUT
875 2666 1106 2723 X.—ll.
1134 2668 1361 2724 Actualis
1379 2677 1426 2724 et
1449 2670 1712 2743 originalis
1736 2673 1926 2743 peccati
1952 2672 2137 2730 distin-

550 2755 669 2811 ctio.
702 2756 905 2813 Deinde
943 2758 1086 2830 quod
1124 2760 1385 2831 sequitur,
1425 2759 1493 2817 In
1536 2778 1638 2834 quo
1681 2779 1857 2820 omnes
1893 2781 2135 2838 peccave-

551 2855 692 2915 runt,
727 2863 886 2918 quam
916 2850 1321 2922 circumspecte,
1358 2867 1518 2924 quam
1556 2855 1788 2925 proprie,
1828 2870 1989 2929 quam
2019 2856 2137 2913 sine

549 2939 893 3012 ambiguitate
924 2941 1125 2999 dictum
1153 2951 1257 3000 est.
1282 2942 1340 3000 Si
1365 2944 1507 3001 enim
1532 2954 1813 3017 peceatum
1850 2947 2136 3005 intellexe-

551 3030 649 3098 ris,
670 3032 813 3102 quod
842 3046 938 3104 per
958 3050 1120 3091 unum
1141 3034 1414 3092 hominem
1435 3036 1654 3095 intravit
1673 3040 1730 3095 in
1769 3039 2051 3108 mundum,
2078 3040 2135 3095 in

549 3137 658 3192 quo
673 3123 767 3197 (α)
792 3139 981 3182 omnes
1024 3137 1379 3198 peccaverunt
1413 3145 1428 3183 :
1469 3137 1617 3185 certe
1658 3130 2002 3187 manifestum
2052 3139 2134 3188 est

551 3216 657 3271 alia
680 3231 800 3273 esse
826 3218 1038 3290 propria
1065 3220 1257 3290 cuique
1281 3230 1521 3291 peccata,
1544 3220 1598 3276 in
1624 3221 1817 3292 quibus
1845 3222 1901 3277 bi
1927 3230 2133 3279 tantum

548 3315 796 3376 peccant,
823 3323 1049 3379 quorum
1086 3320 1303 3381 peccata
1341 3320 1499 3379 sunt;
1534 3311 1679 3367 aliud
1716 3312 1821 3369 hoc
1861 3328 2045 3382 unum,
2079 3315 2133 3370 in

550 3412 659 3466 quo
700 3413 888 3454 omnes
934 3410 1323 3471 peccaverunt;
1368 3402 1584 3474 quando
1626 3419 1813 3461 omnes
1854 3405 1948 3461 ille
1997 3422 2135 3464 unus

548 3493 714 3547 homo
741 3490 974 3549 fuerunt.
998 3493 1054 3550 Si
1079 3502 1262 3551 autem
1290 3509 1397 3552 non
1436 3504 1736 3568 peccatum,
1760 3497 1857 3554 sed
1879 3498 1971 3554 ille
1995 3514 2134 3557 unus

548 3583 714 3640 homo
738 3585 1067 3658 intelligitur,
1094 3586 1146 3643 in
1170 3603 1274 3659 quo
1300 3603 1406 3644 uno
1430 3588 1646 3645 homine
1670 3604 1858 3646 omnes
1876 3605 2134 3661 peccave-

545 3686 693 3744 runt,
724 3677 848 3748 quid
874 3679 1035 3733 etiam
1064 3678 1166 3734 ista
1195 3688 1281 3737 est
1307 3679 1742 3737 manifestatione
1761 3681 2133 3739 manifestius?

545 3766 751 3840 Nempe
791 3764 1016 3840 legimus
1047 3768 1326 3841 justiticari
1366 3771 1425 3826 in
1448 3770 1663 3827 Christo
1699 3772 2051 3843 quiet-edunt
2078 3773 2136 3829 in

546 3873 692 3924 eum,
722 3868 940 3930 propter
966 3861 1228 3916 occultam
1254 3862 1797 3919 communicationem
1819 3871 1875 3919 et
1899 3864 2132 3935 inspira-

547 3951 748 4006 tionem
774 3954 958 4023 gratiae
978 3954 1290 4024 spiritualis,
1318 3971 1422 4026 qua
1444 3956 1598 4027 quisq
1608 3956 1689 4012 uis
1710 3956 1879 4014 hatret
1905 3958 2135 4015 Domino

550 4059 687 4099 unus
725 4044 944 4114 spiritus
981 4054 1084 4115 est,
1125 4050 1366 4117 quamvis
1403 4064 1524 4103 eum
1560 4057 1615 4104 et
1652 4050 1926 4106 imitentur
1961 4050 2137 4107 sancti

545 4136 662 4207 ejus
688 4154 702 4192 :
724 4137 931 4208 legatur
950 4138 1081 4193 mihi
1108 4139 1212 4195 tale
1237 4140 1435 4211 aliquid
1457 4139 1526 4195 de
1550 4139 1636 4208 iis,
1659 4142 1747 4212 qui
1774 4151 1987 4199 sanctos
2011 4142 2136 4215 ejus

544 4228 739 4286 imitati
767 4239 914 4296 sunt,
937 4238 1116 4285 utrum
1137 4231 1416 4303 quisquam
1444 4231 1617 4286 dictus
1646 4233 1714 4287 sit
1734 4232 2055 4303 justiﬁcatus
2077 4235 2129 4289 in

544 4321 712 4378 Paulo
739 4330 831 4377 aut
859 4322 912 4376 in
942 4322 1121 4390 Petro,
1151 4332 1244 4378 aut
1285 4325 1338 4379 in
1378 4323 1615 4394 quolibet
1653 4323 1865 4391 horum,
1902 4340 2129 4396 quorum

544 4417 601 4476 in
629 4416 827 4488 populo
850 4417 944 4473 Dei
972 4431 1161 4488 magna
1188 4417 1403 4472 excellit
1431 4418 1749 4483 auctoritas;
1776 4417 1877 4473 nisi
1907 4418 2050 4489 quod
2076 4420 2135 4475 in

541 4506 814 4563 Abraham
837 4508 1067 4563 dicimur
1086 4507 1349 4577 benedici,
1374 4508 1514 4564 sicut
1536 4507 1584 4563 ei
1609 4508 1810 4563 dictum
1832 4517 1916 4564 est
1938 4510 2133 4566 :Bene-

542 4600 777 4655 dicentur
802 4601 855 4655 in
882 4611 931 4655 te
956 4617 1129 4656 omnes
1154 4611 1324 4673 gentes
1353 4599 1506 4673 (Gen.
1531 4616 1630 4670 sn,
1660 4602 1714 4668 ὅ,
1738 4601 1910 4657 Galat.
1936 4619 2014 4670 nt,
2038 4603 2126 4676 8):

542 4700 762 4762 propter
783 4691 1050 4749 Christum
1079 4694 1169 4764 qui
1195 4709 1377 4749 semen
1408 4693 1525 4765 ejus
1558 4704 1640 4750 est
1676 4696 1969 4752 secundum
2006 4712 2129 4753 car-

542 4798 691 4839 nem.
714 4782 868 4851 Quod
887 4783 1451 4853 maniiestiusdicitur,
1474 4799 1595 4841 cum
1616 4787 1720 4842 hoc
1740 4787 1880 4842 idem
1902 4790 1977 4843 ita
1995 4789 2129 4845 dici-

544 4886 632 4931 tur
656 4894 670 4930 :
691 4875 1058 4931 Benedicentur
1102 4876 1157 4931 in
1203 4877 1392 4931 semine
1432 4887 1518 4932 tuo
1560 4894 1733 4934 omnes
1769 4890 1941 4951 gentes
1971 4880 2126 4951 (Gen.

544 4983 688 5035 xxn,
713 4967 845 5039 18).
868 4967 1077 5024 Dictum
1107 4978 1286 5023 autem
1311 4984 1629 5040 quemquam
1656 4970 1849 5028 divinis
1877 4972 2127 5043 eloquiis,

540 5074 796 5129 peccasse
822 5059 912 5116 vel
950 5073 1171 5130 peccare
1211 5059 1274 5116 in
1304 5059 1540 5129 diabolo,
1566 5078 1686 5117 cutn
1716 5077 1842 5119 etim
1881 5064 2045 5135 iniqui
2075 5074 2131 5120 et

607 5237 624 5300 ξ
657 5242 710 5300 In
726 5235 977 5300 plerisque
999 5243 1129 5297 uss,
1151 5244 1386 5289 venturos.

606 5299 627 5366 ξ
660 5299 745 5366 uie
764 5298 976 5366 additum
998 5299 1046 5347 in
1070 5301 1290 5366 pluribus
1309 5307 1438 5361 Mss,
1463 5300 1569 5352 haec
1602 5301 1801 5363 dicere;
1825 5305 1874 5353 in
1894 5317 2096 5366 ,excusxs
2111 5340 2129 5366 ,

542 5359 634 5434 qui
670 5357 852 5435 diceret
895 5358 1017 5411 hwc.
1062 5357 1331 5425 Classem,
1376 5357 1476 5426 quo
1517 5372 1685 5414 carent
1707 5357 1922 5414 nonnulli
1958 5357 2122 5415 manu:

542 5436 725 5475 δαιιιῑι.

789 5492 842 5536 ει
873 5491 934 5551 Er
951 5521 966 5545 ,
989 5497 1102 5534 nam
1122 5498 1207 5551 per
1233 5485 1474 5551 dictatum
1490 5486 1703 5548 diceret;
1738 5489 1944 5547 omisso,
1959 5486 2004 5540 si
2022 5487 2131 5543 imi-

544 5546 769 5614 tationis,
807 5547 935 5611 quod
976 5554 1085 5614 L0v_.
1113 5546 1164 5598 et
1197 5547 1417 5599 nonnulli
1453 5546 1762 5613 manuscripti
1805 5551 2014 5614 addunt,
2052 5560 2127 5603 ta-

546 5610 688 5660 metsi
713 5624 807 5661 non
825 5610 1177 5659 necessarium.

607 5671 680 5742 (ιι)
712 5678 871 5721 ϐιιεεε
887 5671 1066 5742 legitur
1088 5670 1252 5742 ephjo,
1270 5672 1397 5742 quod
1421 5685 1726 5742 geperenon
1750 5674 2004 5725 concordat
2018 5689 2129 5726 cum

545 5733 740 5797 nomine
762 5733 994 5797 antartia,
1008 5733 1162 5797 posito
1184 5735 1249 5784 ibi
1263 5733 1323 5797 ad
1350 5733 1710 5797 signiﬁcandum
1734 5744 2128 5797 peccattun.Cou-

548 5791 620 5843 l'er
642 5793 725 5848 lib.
752 5795 783 5844 4
803 5805 967 5846 contra
982 5791 1107 5846 duas
1123 5795 1351 5859 epistolas
1374 5791 1748 5860 ιῶιεείῖιιιοιιιιιιξ
1777 5812 1825 5847 ιι.
1853 5800 1899 5848 7.

1187 349 1275 407 nn
1315 344 1774 405 PECCATORUM
1813 343 2088 401 MERlTlS
2126 342 2217 401 ET
2255 340 2688 407 REMISSIONE,
2729 341 2786 398 ε.
2828 322 3197 399 Aueusnxt

3728 349 3828 405 116

2252 455 2398 525 impii
2426 469 2613 511 omnes
2641 454 2931 522 imitentur,
2960 456 3142 512 nescio
3167 465 3343 513 utrum
3365 456 3649 531 quisquam
3674 476 3830 530 repe-

2249 546 2351 601 riat
2374 564 2387 601 :
2410 545 2553 617 quod
2596 554 2774 602 tamen
2812 561 2935 602 cum
2968 547 3258 617 Apostolus
3292 547 3363 604 de
3397 549 3570 619 primo
3613 550 3832 609 homine

2247 639 2463 701 dixerit.
2496 637 2564 693 In
2602 655 2701 710 quo
2738 655 2911 695 omnes
2950 650 3299 711 peccaverunt,
3328 641 3504 698 adhuc
3530 643 3601 701 de
3627 646 3832 716 peccati

2250 732 2538 802 propagine
2561 731 2907 803 disceptatur,
2933 741 2990 789 et
3016 734 3198 790 nescio
3217 749 3338 806 quae
3359 735 3554 794 nebula
3578 737 3833 795 imitatio-

2247 824 2329 880 nis
2353 825 2641 897 opponitur
2671 826 2713 880 ¹.

2316 914 2404 972 12.
2462 918 2692 975 Attende
2748 918 2909 975 etiam
2958 933 3079 991 qua:
3130 928 3447 992 sequuntur.
3499 921 3633 978 Cum
3685 922 3829 979 enim

2245 1008 2487 1078 dixisset,
2517 1008 2585 1065 In
2607 1028 2705 1082 quo
2735 1027 2907 1067 omnes
2935 1022 3302 1083 peccaverunt;
3327 1023 3540 1071 secutus
3564 1014 3829 1085 adjunsit,

2250 1100 2418 1171 Usque
2458 1101 2527 1156 ad
2573 1102 2734 1174 legem
2773 1104 2907 1158 enim
2948 1113 3209 1176 peccatum
3251 1106 3306 1160 in
3343 1106 3533 1161 mundo
3558 1107 3659 1178 fuit
3685 1122 3706 1161 :
3731 1105 3832 1163 hoc

2244 1201 2343 1257 est,
2374 1193 2497 1263 quia
2528 1208 2629 1249 nec
2657 1194 2745 1248 lex
2775 1194 2945 1265 potuit
2979 1195 3191 1253 auferre
3224 1205 3521 1269 peccattun,
3548 1213 3673 1270 quin
3699 1199 3830 1255 sub-

2244 1284 2460 1339 intravit
2486 1293 2544 1341 ut
2567 1283 2738 1355 magis
2760 1285 3056 1342 abundaret
3091 1296 3404 1359 peccatum;
3434 1289 3548 1345 sive
3574 1291 3831 1346 naturalis

2243 1376 2350 1443 lex,
2378 1375 2433 1432 in
2460 1392 2563 1448 qua
2586 1378 2811 1449 quisque
2825 1377 2938 1449 jam
2967 1379 3173 1436 ratione
3201 1389 3377 1449 utens,
3401 1381 3587 1452 incipit
3609 1391 3831 1453 peccato

2243 1470 2486 1541 originali
2512 1471 2710 1547 addere
2734 1480 2789 1527 et
2808 1472 3021 1543 propria
3043 1489 3060 1541 ;
3086 1473 3201 1529 sive
3224 1474 3338 1545 ipsa
3361 1490 3481 1546 qua:
3511 1477 3711 1548 scripta
3734 1492 3832 1546 per

2243 1561 2459 1634 Moysen
2491 1562 2688 1635 populo
2715 1562 2840 1619 data
2864 1574 2968 1620 est.
2996 1563 3060 1620 Si
3096 1565 3228 1620 enim
3265 1565 3386 1620 data
3421 1577 3548 1622 esset
3584 1568 3687 1634 lese,
3715 1583 3831 1640 qua

2245 1663 2410 1724 posset
2436 1654 2710 1724 vivi/icore,
2735 1656 2940 1711 omnino
2963 1671 3028 1711 ea:
3054 1657 3163 1728 lege
3187 1665 3311 1713 esset
3324 1657 3551 1729 justitia.
3577 1657 3686 1714 Sed
3707 1675 3832 1716 con-

2243 1744 2393 1800 clusit
2411 1743 2686 1815 Scriptura
2710 1745 2881 1801 omnia
2905 1744 2995 1801 sub
3023 1757 3245 1818 peccato,
3269 1756 3323 1801 ut
3351 1748 3619 1819 promissio
3641 1764 3707 1804 ea:
3727 1749 3831 1818 [ide

2241 1835 2274 1891 J
2281 1853 2367 1892 esu
2387 1835 2572 1893 Christi
2601 1837 2806 1893 daretur
2830 1837 3141 1892 credentibus
3177 1838 3197 1910 (
3224 1837 3393 1894 Galat.
3419 1854 3497 1908 ιιι,
3524 1838 3589 1894 21
3616 1848 3666 1894 et
3690 1839 3761 1894 22
3783 1842 3828 1911 ),

2246 1928 2516 1986 Peccatum
2551 1939 2721 1985 autem
2757 1948 2859 1986 non
2890 1931 3244 2001 deputabatur,
3269 1949 3384 1987 cum
3421 1933 3505 1988 lea:
3540 1949 3645 1988 non
3676 1941 3828 1990 esset.

2242 2022 2379 2090 Quid
2404 2031 2507 2091 est,
2538 2040 2640 2079 non
2665 2023 3030 2096 deputabatur;
3053 2025 3177 2093 nisi,
3206 2025 3574 2096 lgnorabatur,
3610 2033 3669 2083 et
3700 2040 3830 2098 pee-

2241 2122 2418 2172 catum
2449 2128 2571 2172 esse
2603 2129 2709 2193 non
2752 2114 3066 2186 putabatur?
3088 2114 3272 2187 Neque
3298 2117 3442 2172 enim
3469 2116 3539 2174 ab
3572 2116 3693 2187 ipso
3719 2117 3830 2174 Do-

2241 2205 2388 2261 mino
2416 2206 2528 2263 Deo
2556 2214 2809 2279 tauquam
2851 2223 2960 2263 non
3001 2216 3147 2265 esset
3182 2208 3495 2277 habebatur,
3525 2224 3649 2266 cum
3685 2210 3828 2266 scri-

2241 2305 2389 2368 ptum
2415 2298 2504 2364 sit,
2538 2297 2850 2370 Quicumque
2895 2299 3003 2356 sine
3046 2301 3155 2372 lege
3196 2310 3542 2371 peccaverunt,
3572 2301 3681 2357 sine
3717 2301 3829 2373 lege

2241 2390 2471 2461 peribunt
2497 2389 2672 2465 (Rom.
2694 2408 2750 2460 ιι,
2781 2391 2893 2465 12).

2310 2482 2536 2541 CAPUT
2574 2483 2666 2559 XI.
2694 2514 2764 2526 —
2790 2486 2878 2542 15.
2918 2485 3152 2557 Regnum
3175 2487 3353 2543 mortis
3377 2488 3501 2561 quid
3523 2489 3667 2560 apud
3683 2487 3830 2560 Apo-

2240 2575 2445 2630 stolum.
2462 2575 2653 2632 —-Sed
2678 2576 2922 2648 regnavit,
2943 2577 3134 2648 inquit,
3152 2593 3289 2633 mors
3318 2580 3382 2634 ab
3394 2577 3559 2634 Adam
3586 2581 3831 2652 usquead

2241 2668 2455 2740 Moysen
2471 2667 2559 2723 :id
2582 2677 2686 2737 est,
2707 2683 2739 2723 a
2763 2668 2933 2740 primo
2952 2667 3170 2725 homine
3193 2685 3361 2741 usque
3384 2671 3452 2726 ad
3473 2672 3643 2741 ipsam
3661 2672 3832 2729 etiam

2241 2759 2414 2830 legem
2448 2775 2566 2832 quae
2594 2761 2847 2816 divinitus
2878 2763 3209 2833 promulgata
3258 2771 3361 2828 est,
3405 2765 3530 2834 quia
3567 2778 3668 2820 nec
3708 2765 3833 2835 ipsa

2241 2853 2414 2923 potuit
2448 2868 2672 2925 regnum
2706 2853 2897 2910 mortis
2923 2852 3157 2911 auferre.
3193 2855 3437 2927 Regnum
3465 2858 3608 2913 enim
3634 2858 3833 2917 mortis

2241 2942 2354 2998 vult
2395 2943 2651 3016 intelligi,
2696 2944 2910 3016 quando
2948 2945 3024 3001 ita
3065 2945 3370 3002 dominatur
3414 2946 3469 3002 in
3518 2946 3834 3006 hominibus

2241 3045 2421 3093 reatus
2450 3038 2675 3108 peccati,
2704 3046 2762 3094 ut
2802 3053 2898 3095 eos
2936 3038 3006 3095 ad
3041 3039 3200 3095 vitam
3240 3049 3525 3109 aeternam,
3551 3057 3673 3113 qua:
3695 3056 3834 3100 vera

2241 3128 2350 3184 vita
2386 3136 2487 3196 est,
2527 3130 2711 3185 venire
2750 3145 2862 3186 non
2901 3130 3065 3201 sinat,
3087 3131 3183 3187 sed
3220 3131 3290 3186 ad
3323 3131 3611 3189 secundam
3637 3134 3831 3201 etiam,

2241 3233 2361 3291 quae
2400 3219 2683 3289 poenaliter
2716 3227 2917 3275 interna
2952 3228 3057 3288 est,
3095 3230 3323 3277 mortem
3361 3222 3559 3278 trahat.
3588 3222 3702 3279 Hoc
3738 3239 3835 3281 re-

2239 3326 2403 3383 gnum
2426 3312 2616 3366 mortis
2640 3311 2753 3368 sola
2784 3312 2840 3366 in
2875 3312 3116 3384 quolibet
3139 3312 3360 3370 homine
3395 3316 3568 3384 gratia
3598 3315 3836 3372 destruit

2240 3403 2551 3469 Salvatoris,
2575 3418 2695 3474 quae
2719 3412 2938 3474 operata
2964 3413 3046 3459 est
3068 3403 3230 3460 etiam
3261 3405 3315 3460 in
3343 3406 3577 3477 antiquis
3599 3408 3831 3476 sanctis,

2240 3496 2565 3566 quicumque
2603 3502 2888 3564 antequam
2930 3494 2987 3549 in
3029 3509 3192 3552 carne
3227 3494 3471 3552 Christus
3499 3498 3725 3566 veniret,
3756 3497 3835 3554 ad

2241 3586 2359 3657 ejus
2374 3594 2549 3642 tamen
2569 3584 2907 3656 adjuvantem
2923 3587 3169 3656 gratiam,
3188 3601 3295 3643 non
3317 3587 3385 3643 ad
3410 3589 3542 3659 legis
3563 3588 3828 3658 litteram,

2240 3693 2359 3750 quae
2392 3677 2585 3748 jubere
2629 3685 2856 3744 tantum,
2882 3691 2989 3733 non
3031 3677 3282 3748 adjuvare
3322 3688 3551 3749 poterat,
3590 3681 3835 3751 pertine-

2240 3769 2388 3824 bant.
2416 3769 2527 3825 Hoc
2553 3783 2786 3840 namque
2814 3768 3178 3826 occultabatur
3200 3769 3257 3824 in
3277 3780 3458 3827 vetere
3479 3762 3836 3831 Testamento

2243 3876 2340 3932 pro
2383 3869 2686 3931 temporum
2720 3860 3121 3932 dispensatione
3152 3861 3469 3933 justissima,
3500 3863 3641 3933 quod
3680 3879 3837 3922 nunc

2242 3952 2510 4009 revelatur
2538 3953 2593 4009 in
2632 3968 2793 4009 novo.
2820 3953 2963 4025 Ergo
2990 3954 3046 4009 in
3078 3953 3328 4033 omnibus
3349 3957 3575 4028 regnavit
3599 3973 3734 4012 mors
3760 3958 3835 4013 ab

2238 4043 2403 4099 Adam
2431 4061 2587 4117 usque
2610 4044 2680 4099 ad
2704 4043 2937 4116 Moysen,
2966 4046 3057 4117 qui
3081 4045 3283 4102 Christi
3317 4049 3484 4119 gratia
3512 4064 3617 4103 non
3654 4048 3836 4120 adjuti

2240 4149 2384 4205 sunt,
2408 4144 2468 4193 ut
2492 4137 2548 4193 in
2570 4137 2650 4193 eis
2676 4153 2897 4209 regnum
2927 4140 3115 4195 mortis
3136 4138 3509 4197 destrueretur
3535 4158 3550 4196 :
3580 4142 3733 4195 etiam
3771 4142 3835 4198 in

2239 4234 2310 4287 eis
2335 4234 2357 4266 ³
2379 4232 2466 4304 qui
2498 4248 2599 4286 non
2633 4242 2960 4303 peccauerunt
2990 4233 3043 4287 in
3071 4233 3455 4288 similitudinem
3476 4233 3499 4265 ⁸
3519 4234 3842 4304 prtevarica-

2239 4323 2392 4377 tionis
2410 4322 2537 4377 Ade:
2550 4339 2573 4389 ;
2597 4321 2651 4377 id
2676 4329 2778 4390 est,
2801 4322 2892 4392 qui
2926 4321 3161 4378 nondum
3191 4337 3288 4378 sua
3314 4331 3370 4378 et
3395 4310 3838 4394 propria'volun-

2241 4423 2348 4470 tate
2372 4414 2510 4470 sicut
2533 4413 2625 4469 ille
2644 4422 3021 4484 peccaverunt,
3038 4414 3129 4471 sed
3153 4415 3336 4470 abillo
3362 4425 3634 4486 peccatum
3661 4419 3846 4491 origi-

2238 4504 2359 4559 nale
2381 4511 2657 4559 traxerunt
2681 4519 2696 4558 :
2723 4502 2811 4575 qui
2831 4513 2903 4558 est
2928 4504 3094 4574 [anna
3122 4505 3319 4578 futuri;
3344 4506 3467 4577 quia
3492 4508 3546 4561 in
3576 4508 3667 4563 illo
3686 4522 3837 4564 con-

2237 4596 2420 4650 stituta
2445 4603 2529 4660 est
2553 4594 2724 4651 forma
2749 4594 3208 4652 condemnationis
3235 4595 3427 4654 futuris
3456 4599 3706 4669 posteris,
3731 4603 3839 4672 qui

2236 4689 2354 4759 ejus
2386 4689 2677 4760 propagine
2704 4699 3032 4755 crearentur,
3063 4697 3122 4745 ut
3147 4704 3214 4746 ex
3244 4706 3351 4747 uno
3375 4706 3565 4748 omnes
3598 4694 3655 4748 in
3686 4709 3841 4751 con-

2236 4781 2633 4838 damnationem
2677 4792 3048 4848 nascerentur,
3088 4798 3157 4840 ex
3190 4797 3297 4854 qua
3337 4801 3445 4841 non
3489 4786 3681 4844 liberat
3717 4790 3839 4848 nisi

2234 4875 2405 4946 gratia
2433 4874 2743 4930 Salvatoris.
2763 4873 2887 4931 Scio
2906 4875 3119 4945 quidem
3147 4876 3430 4949 plerosque
3457 4879 3649 4938 latinos
3673 4883 3843 4939 codi-

2235 4982 2325 5022 ces
2349 4966 2428 5022 sic
2454 4965 2652 5022 habere
2682 4965 2759 5039 (a)
2784 4983 2799 5022 :
2823 4965 3071 5039 Regnavit
3106 4985 3242 5024 mors
3273 4969 3336 5023 ab
3369 4971 3537 5027 Adam
3566 4990 3728 5046 usque
3755 4978 3843 5031 ad

2236 5058 2451 5130 Moysen
2477 5058 2530 5113 in
2558 5074 2641 5114 eos
2665 5059 2750 5130 qui
2779 5069 3108 5131 peccaverunt
3134 5061 3187 5116 in
3211 5048 3839 5137 sintilitudinem'prtera-

2235 5152 2492 5206 ricatiouis
2523 5150 2670 5219 Adae,
2693 5151 2837 5223 quod
2862 5153 3024 5209 etiam
3059 5153 3256 5225 ipsum,
3278 5158 3368 5227 qui
3411 5157 3488 5213 ita
3520 5158 3726 5229 legunt,
3754 5163 3841 5218 ad

2234 5242 2481 5299 eumdem
2529 5245 2769 5300 referunt
2810 5245 3174 5314 intellectum;
3220 5256 3279 5302 ut
3319 5249 3374 5304 in
3415 5249 3839 5309 similitudinem

2237 5334 2689 5406 praevaricationis
2719 5334 2850 5392 Adio
2884 5351 3138 5407 peccasse
3169 5338 3584 5411 accipiant,.qui
3629 5341 3686 5397 in
3731 5343 3836 5401 illo

2298 5494 2315 5526 ¹
2350 5492 2518 5543 Proba:
2539 5499 2667 5543 notae
2685 5469 2818 5555 'Mss.,
2842 5493 3002 5544 adhuc
3026 5507 3136 5544 cum
3158 5494 3221 5544 de
3236 5493 3421 5558 peccati
3442 5495 3709 5563 propagine
3747 5500 3832 5552 di-

2298 5561 2493 5604 zntatur.
2526 5553 2684 5604 nescio
2705 5567 2815 5604 aute
2834 5554 3005 5604 nebula
3027 5554 3306 5604 imitationis
3326 5557 3600 5604 ommm'tur.

2232 5561 2493 5618 sceptatur,
2526 5554 2684 5606 nescio
2705 5567 2815 5627 qua:
2834 5554 3005 5627 nebula
3027 5554 3306 5629 imitationis
3326 5554 3616 5622 opponitur:
3664 5619 3678 5631 .
3771 5621 3786 5633 .

2235 5685 2260 5688 _
2283 5620 2415 5688 ita
2438 5617 3001 5688 codcttpygtranncns'ts.
3044 5618 3131 5667 Alit
3175 5632 3294 5669 vero
3337 5626 3444 5671 Mss.
3465 5654 3483 5685 ,
3518 5633 3635 5686 ergo
3654 5634 3711 5675 sn
3732 5635 3833 5677 ω.

2234 5680 2368 5738 Editi,
2392 5691 2507 5741 ergo
2528 5685 2573 5730 et
2596 5680 2646 5728 in
2668 5680 2754 5729 eis.

2295 5742 2317 5773 ³
2349 5738 2645 5802 manuscripti
2670 5738 2905 5797 nonnulli,
2949 5738 3001 5790 in
3032 5738 3364 5797 similitudine.

2296 5803 2367 5867 (tt)
2398 5802 2569 5853 Confer
2594 5802 2734 5866 epist.
2764 5803 2873 5864 157,
2892 5816 2939 5851 ιι.
2970 5802 3043 5852 19.
