4074 6542
290 319 376 375 n7
708 278 724 297 ’
1677 321 1875 379 LIBER
1917 323 2187 388 mutus.

285 438 626 502 peccarerunt,
651 437 716 484 ut
736 429 793 487 ci
814 432 1039 489 similes
1057 443 1394 501 crearentur,
1418 434 1553 491 sicut
1573 450 1640 491 ex
1664 434 1880 490 homine

284 522 517 584 homines
558 520 634 574 ita
679 535 755 576 ex
802 532 1111 593 peccatore
1155 537 1477 597 peceatores,
1517 542 1584 582 ex
1623 528 1881 582 morituro

280 613 507 679 morituri,
538 611 939 686 damnatoque
981 617 1227 675 damnati
1250 620 1288 673 πμ
1311 618 1480 675 (ἰνωοὶ
1516 628 1695 675 autem
1729 620 1879 675 codio

274 718 364 771 es,
384 702 520 760 unde
546 702 605 759 in
634 704 883 761 latinam
930 708 1179 779 linguam
1208 711 1575 781 interpretatio
1609 710 1745 767 facta
1775 720 1878 782 est,

269 804 342 851 aut
361 809 544 850 omnes
574 803 675 850 aut
708 812 866 867 pene
893 813 1119 870 onines,
1152 801 1204 859 id
1243 802 1385 874 quod
1414 818 1444 858 a
1472 819 1558 860 me
1588 802 1760 875 primo
1788 819 1881 875 po—

262 887 394 943 situm
411 895 516 950 est,
539 886 790 945 habent.

322 977 397 1033 li.
431 975 547 1033 Sed
568 994 712 1044 non,
726 978 954 1052 inquit,
976 983 1115 1038 sicut
1134 984 1393 1052 delictum,
1415 985 1485 1039 ita
1503 992 1552 1041 et
1572 985 1799 1042 donatio.
1822 987 1885 1045 Si

270 1069 377 1123 enim
398 1069 457 1123 ob
480 1069 648 1124 unius
680 1070 958 1127 delictum
985 1075 1137 1130 multi
1166 1075 1348 1131 mortui
1377 1086 1513 1143 sunt,
1541 1076 1698 1133 multo
1723 1080 1884 1149 magis

270 1163 407 1235 gratia
428 1161 524 1217 Dei
541 1171 593 1216 et
623 1161 849 1219 donum
875 1166 933 1221 in
956 1167 1129 1240 gratia
1149 1169 1296 1226 unius
1315 1167 1529 1223 hominis
1549 1167 1676 1223 Jcsu
1697 1167 1884 1225 Christi

268 1258 313 1311 is
332 1257 497 1311 multos
523 1256 844 1314 abmidavit
870 1274 893 1314 :
916 1275 1050 1327 non,
1082 1261 1247 1334 magis
1272 1262 1476 1330 multos,
1505 1261 1557 1317 id
1585 1272 1689 1330 est,
1717 1264 1885 1321 multo

269 1348 416 1419 plures
436 1347 737 1418 homines,
766 1367 961 1423 neque
987 1353 1133 1417 enim
1159 1353 1334 1424 plures
1348 1352 1706 1425 justiticantur
1723 1371 1882 1427 quam

269 1440 729 1509 condemnamur;
782 1444 917 1513 sed,
960 1447 1126 1502 multo
1177 1447 1334 1519 magis
1381 1447 1673 1521 abundauit.
1713 1448 1883 1505 Adam

268 1535 435 1606 quippe
464 1549 537 1595 ex
570 1551 693 1592 uno
719 1536 947 1595 delicto
988 1554 1089 1595 suo
1125 1555 1247 1596 reos
1280 1541 1460 1612 genuit
1483 1557 1498 1596 :
1520 1542 1764 1600 Christus
1788 1559 1885 1600 au-

274 1638 363 1683 teut
400 1627 565 1683 etiam
612 1644 754 1699 quae
804 1630 1070 1687 homines
1108 1631 1297 1688 delicta
1333 1634 1563 1704 prepriae
1598 1635 1885 1693 voluntatis

273 1720 336 1774 ad
358 1719 609 1791 originale
647 1720 709 1776 in
744 1738 867 1793 quo
898 1724 1015 1779 nati
1054 1734 1184 1781 sunt
1217 1724 1554 1794 addiderunt,
1582 1727 1750 1799 gratia
1788 1744 1883 1785 sua

281 1811 424 1867 solvit
444 1822 609 1883 atque
632 1811 908 1883 donavit,
930 1815 1075 1887 quod
1098 1815 1397 1873 evidentius
1424 1817 1481 1875 in
1504 1822 1884 1890 consequenti-

282 1903 372 1959 bus
395 1903 538 1959 dicit.

346 1996 561 2052 CAPUT
600 1996 732 2053 XII.
764 2029 844 2039 —
874 1999 968 2055 15.
1005 1998 1176 2054 Unum
1203 2010 1461 2072 peccatum
1486 2003 1717 2060 omnibus
1743 2021 1886 2061 com-

284 2105 431 2142 mm.
454 2086 661 2143 Verum
709 2089 858 2146 illud
901 2090 1207 2163 diligentius
1246 2091 1473 2161 intuere,
1512 2094 1656 2166 quod
1693 2096 1788 2164 ait,
1817 2096 1887 2153 ob

285 2181 428 2237 unius
460 2179 733 2237 delictum
779 2183 995 2239 multos
1036 2192 1292 2240 mortuos.
1323 2183 1429 2241 Cur
1455 2186 1599 2242 enim
1630 2187 1702 2244 ob
1731 2189 1885 2245 unius

291 2274 439 2338 illius,
457 2282 515 2330 et
538 2289 651 2329 non
673 2274 868 2344 potius
894 2275 967 2331 ob
986 2274 1181 2331 delicta
1202 2290 1297 2332 sua
1321 2276 1552 2347 propria,
1577 2278 1623 2334 si
1645 2277 1746 2335 hoc
1767 2279 1886 2337 loco

289 2366 617 2436 intelligenda
646 2376 739 2422 est
764 2366 1022 2434 imitatio,
1046 2382 1152 2423 non
1173 2369 1516 2440 propagatio?
1535 2370 1641 2427 Sed
1669 2374 1886 2431 attende

283 2457 418 2528 quod
449 2458 703 2529 squitur
730 2475 748 2513 :
777 2456 849 2510 Et
880 2474 985 2512 non
1010 2458 1142 2513 sicut
1171 2475 1260 2529 per
1293 2476 1448 2514 unum
1477 2471 1787 2532 peccantem,
1812 2464 1885 2520 ita

277 2560 346 2605 est
373 2563 420 2604 et
447 2548 670 2604 deum.
694 2548 843 2603 Nam
858 2548 1120 2621 judicium
1143 2549 1343 2621 quidem
1367 2567 1431 2606 ea:
1450 2568 1549 2607 uno
1567 2550 1621 2607 in
1643 2554 1886 2611 condent-

279 2642 566 2708 nationem,
585 2642 760 2714 gratia
785 2651 1048 2710 autemet:
1072 2640 1245 2696 multis
1272 2641 1468 2698 delictis
1490 2644 1544 2701 in
1558 2645 1886 2716 justi/iratio-

280 2750 423 2788 nem.
451 2734 619 2790 Nunc
644 2734 847 2802 dicant,
872 2734 958 2791 ubi
985 2734 1165 2790 locum
1194 2733 1385 2792 habeat
1410 2737 1467 2793 in
1487 2736 1571 2793 his
1592 2738 1767 2796 verbis
1794 2740 1885 2797 illa

278 2824 543 2880 imitatio.
567 2823 662 2879 Ea:
678 2842 797 2892 uno,
821 2826 1007 2896 inquit,
1030 2826 1087 2881 in
1107 2827 1571 2884 condemnationem
1590 2846 1609 2885 :
1623 2845 1729 2902 quo
1754 2847 1883 2901 uno,

275 2916 382 2970 nisi
410 2914 659 2977 delicta?
677 2915 794 2972 Hoc
815 2918 958 2973 enim
987 2917 1260 2989 explanat,
1284 2934 1403 2976 cum
1423 2920 1682 2992 adjungit,
1705 2921 1886 2980 Gratia

274 3016 445 3061 autem
486 3022 554 3061 ex
596 3007 777 3062 multis
817 3007 1014 3063 delictis
1052 3010 1107 3064 in
1137 3011 1575 3081 justiﬁcationem.
1610 3012 1721 3070 Cur
1758 3029 1886 3086 ergo

275 3096 533 3166 judicium
574 3111 644 3152 ex
691 3112 805 3152 uno
844 3097 1046 3155 delicto
1080 3099 1134 3155 in
1173 3099 1689 3171 condemnationem,
1719 3107 1886 3176 gratia

280 3203 406 3244 vero
436 3204 504 3243 ex
540 3189 733 3243 multis
770 3188 990 3245 delictis
1033 3188 1086 3245 in
1126 3190 1596 3261 justiticationem?
1622 3195 1813 3253 Nonne
1839 3198 1886 3255 si

276 3280 481 3336 nouum
506 3290 595 3337 est
612 3280 887 3352 originale
907 3280 1186 3351 delictum,
1210 3298 1316 3339 non
1342 3284 1518 3341 solum
1536 3286 1604 3343 ad
1626 3287 1886 3357 justitica-

276 3375 473 3430 tionem
493 3375 691 3445 gratia,
715 3373 817 3429 sed
838 3375 1003 3429 etiam
1019 3374 1278 3446 judicium
1296 3377 1362 3433 ad
1381 3379 1883 3439 condemnationem

272 3482 344 3523 ex
372 3467 553 3522 multis
586 3466 811 3522 delictis
840 3466 1095 3523 homines
1132 3467 1311 3524 ducit?
1333 3468 1517 3542 Neque
1544 3472 1687 3529 enim
1714 3476 1884 3546 gratia

274 3557 440 3612 multa
468 3556 667 3612 delicta
694 3556 891 3625 donat,
913 3568 1105 3614 etnon
1132 3560 1292 3615 etiam
1313 3560 1572 3631 judicium
1599 3565 1764 3621 multa
1786 3566 1886 3623 de-

274 3650 399 3705 licia
427 3649 784 3708 condemnat.
815 3651 929 3706 Aut
964 3650 1013 3705 si
1054 3660 1337 3722 propterea
1364 3668 1430 3709 ex
1461 3669 1568 3711 uno
1595 3655 1794 3714 delicto
1831 3659 1884 3714 in

274 3742 787 3799 condemnationem
826 3740 1121 3810 ducuntur,
1152 3743 1275 3814 quia
1315 3745 1493 3803 omnia
1537 3747 1728 3804 delicta
1766 3764 1885 3819 qua:

275 3832 731 3897 condemnamur,
770 3847 842 3888 ex
886 3832 1030 3888 illius
1072 3833 1226 3888 unius
1266 3834 1560 3893 imitatione
1598 3840 1883 3896 commissa

278 3934 443 3990 sunt;
467 3924 658 3981 eadem
687 3940 854 3980 causa
894 3933 980 3980 est
1019 3941 1116 3979 cur
1153 3940 1218 3981 ex
1259 3942 1364 3982 uno
1394 3926 1591 3983 delicto
1627 3930 1787 3985 etiam
1817 3931 1883 3987 ad

282 4017 723 4086 iustiﬁcationem
762 4017 892 4073 duci
929 4017 1313 4089 intelligantur,
1336 4021 1456 4091 quia
1483 4023 1665 4077 omnia
1691 4022 1885 4080 delicta

279 4125 407 4180 qua:
420 4109 730 4180 justiﬁeatis
747 4110 1120 4178 remittuntur,
1142 4127 1206 4166 ex
1237 4112 1379 4169 illius
1405 4114 1563 4171 unius
1593 4115 1887 4173 imitatione

281 4203 570 4258 commissa
617 4213 769 4258 sunt.
808 4202 916 4259 Sed
964 4202 1070 4258 hoc
1110 4204 1359 4261 videlicet
1404 4221 1510 4261 non
1560 4208 1888 4279 intelligebat

280 4294 577 4364 Apostolus
600 4310 728 4351 cum
755 4294 991 4361 dicebat,
1011 4294 1047 4350 Ι
1052 4297 1277 4351 udicium
1301 4299 1505 4371 quidem
1535 4315 1598 4354 ea:
1623 4316 1723 4354 uno
1752 4301 1883 4355 deli-

280 4394 365 4441 cto
394 4387 446 4440 in
471 4389 970 4456 condemnationem,
999 4389 1164 4460 gratia
1188 4407 1302 4445 vero
1330 4408 1391 4447 ea:
1414 4393 1589 4447 multis
1609 4394 1804 4450 delictis
1832 4399 1885 4449 in

275 4477 740 4551 iustiﬁcationem?
760 4479 874 4535 lmo
893 4496 1024 4536 vero
1044 4497 1143 4535 nos
1167 4482 1526 4553 intelligamus
1548 4486 1586 4537 Α
1596 4485 1881 4555 postolum,

276 4578 341 4625 et
366 4570 642 4626 videamus
671 4571 795 4626 ideo
819 4572 1020 4628 dictum
1063 4572 1321 4643 judicium
1348 4589 1412 4629 ex
1445 4591 1550 4629 uno
1587 4575 1784 4632 delicto
1827 4576 1881 4632 in

276 4662 817 4727 condemnationem,
849 4663 972 4732 quia
998 4663 1270 4720 sufﬁceret
1296 4664 1360 4720 ad
1385 4665 1882 4723 condemnationem

277 4755 498 4810 etiamsi
526 4770 636 4810 non
664 4764 812 4812 esset
847 4757 901 4810 in
930 4756 1237 4812 hominibus
1268 4758 1366 4812 nisi
1398 4759 1656 4828 originale
1692 4775 1885 4830 peccao

284 4848 700 4917 tum.Quamvis
736 4848 880 4904 enim
908 4848 1283 4904 condemnatio
1312 4851 1528 4920 gravior
1569 4851 1637 4906 sit
1675 4868 1880 4922 eorum,

280 4943 383 5011 qui
415 4943 655 5014 originali
694 4942 893 4999 delicto
929 4943 1091 4998 etiam
1136 4943 1344 5013 propria
1388 4945 1798 5015 conjunxerunt,
1832 4956 1886 5002 et

283 5042 444 5089 tanto
463 5036 684 5106 singulis
704 5035 937 5106 gravior,
960 5043 1164 5106 quanto
1189 5036 1404 5107 gravius
1426 5037 1548 5108 quis
1578 5039 1817 5107 peccavit
1840 5041 1880 5093 ἐ

286 5132 471 5182 tanien
514 5127 675 5182 etiam
720 5126 852 5182 illud
895 5127 1069 5182 solum
1109 5128 1250 5199 quod
1290 5130 1619 5201 originaliter
1657 5141 1884 5186 tractum

289 5226 377 5271 est
396 5257 415 5280 ,
454 5233 557 5273 non
600 5228 806 5274 tantum
836 5234 867 5273 a
898 5235 1068 5289 regno
1097 5220 1190 5276 Dei
1218 5232 1463 5291 separat,
1492 5239 1599 5294 quo
1639 5226 1887 5295 parvulos

294 5308 415 5363 sine
431 5320 639 5381 accepta
660 5309 860 5366 Christi
881 5312 1055 5382 gratia
1074 5310 1351 5369 defunctos
1377 5316 1575 5371 intrare
1598 5332 1703 5371 non
1729 5333 1885 5388 posse

297 5397 400 5468 ipsi
442 5401 595 5457 etiam
641 5403 1018 5468 conﬁtentur;
1061 5419 1243 5459 verum
1288 5414 1342 5461 et
1385 5421 1415 5459 a
1462 5406 1631 5464 salute
1672 5424 1737 5464 ac
1780 5412 1882 5465 vita

300 5498 489 5546 arterna
516 5492 639 5549 facit
665 5495 900 5558 alienos,
934 5509 1058 5564 qua:
1090 5496 1230 5550 nulla
1261 5512 1380 5553 csse
1407 5498 1508 5552 alia
1538 5510 1711 5570 potest
1744 5517 1880 5572 prte-

302 5589 383 5635 ter
410 5599 611 5657 regnum
637 5587 765 5653 Dei,
792 5602 911 5658 quo
948 5585 1064 5640 sola
1089 5586 1284 5644 Christi
1313 5589 1539 5645 societas
1574 5592 1880 5650 introducit.

348 5697 367 5768 ξ
398 5701 699 5768 ruentigianus
719 5698 903 5768 codex_
925 5703 983 5747 et
1002 5696 1180 5766 Belgici
1202 5700 1537 5768 quidamntssq
1568 5703 1852 5756 ttannmndi.

340 5761 362 5792 ³
393 5761 721 5833 ξιῆιί,’φιωιιο
742 5761 966 5833 "retritis
992 5761 1186 5823 quique
1216 5761 1445 5823 peccarit.
1475 5772 1528 5815 At
1551 5773 1639 5818 Mss
1664 5800 1677 5824 ,
1711 5776 1886 5828 quanto

260 5828 455 5886 mm
467 5828 577 5893 quis
597 5828 858 5892 peream.

3473 346 3593 403 IIS-

2060 439 2286 507 CM’UT
2326 442 2668 503 Χ111.-16.
2720 449 2981 518 Quomodo
3024 470 3112 525 per
3154 471 3311 511 unum
3355 476 3487 515 mors
3530 472 3573 516 et

1989 549 2076 601 per
2106 549 2260 588 unum
2287 530 2405 590 vita.
2436 537 2511 592 Ac
2546 555 2638 608 per
2666 542 2765 599 hoc
2789 545 2859 599 ab
2894 544 3064 603 Adam
3091 587 3107 614 ,
3135 547 3189 602 in
3234 564 3341 622 quo
3387 567 3574 608 omnes

1987 625 2341 693 peccavimus,
2370 643 2477 683 non
2508 633 2683 687 omnia
2712 646 2892 692 nostra
2925 648 3141 708 peccata
3164 681 3180 709 ,
3224 641 3321 698 sed
3365 653 3568 699 tantum

1989 716 2244 787 originale
2271 718 2602 779 traduximus
2624 723 2640 755 ¹
2668 742 2682 779 :
2712 739 2743 780 a
2771 726 2987 785 Christo
3014 746 3174 801 vero,
3224 733 3276 787 in
3307 749 3413 806 quo
3455 750 3567 790 om-

1985 842 2078 880 nes
2108 826 2465 895 justilleamur
2495 829 2540 895 ’,
2579 842 2685 883 non
2716 828 2861 883 illius
2888 838 3094 883 tantum
3134 829 3441 898 originalis,
3469 832 3563 885 sed

1983 918 2142 972 etiam
2171 928 2491 974 exterarum
2518 933 2638 989 qua:
2669 918 2766 986 ipsi
2789 919 3087 973 addidimus
3115 928 3451 987 peccatorum
3481 938 3561 977 rc-

1986 1011 2291 1066 missionem
2309 1011 2710 1078 consequimur.
2732 1010 2855 1064 Ideo
2878 1025 2977 1063 non
2997 1011 3124 1064 sicut
3153 1028 3241 1081 per
3260 1028 3417 1066 unum
3441 1029 3559 1079 pec-

1984 1110 2204 1165 cantem,
2222 1102 2294 1155 ita
2315 1109 2389 1155 est
2411 1111 2456 1155 et
2476 1101 2684 1153 donum.
2703 1099 2832 1154 Nam
2856 1099 3107 1166 judicium
3130 1102 3340 1168 quidem
3366 1119 3430 1158 ex
3456 1119 3560 1157 uno

1982 1191 2201 1256 delicto,
2226 1191 2268 1245 si
2292 1206 2399 1245 non
2422 1191 2732 1253 remittitur,
2753 1189 2801 1242 id
2820 1198 2923 1252 est,
2943 1190 3209 1257 originali,
3235 1190 3286 1244 in
3306 1193 3560 1246 condem-

1985 1281 2251 1336 nationem
2287 1279 2396 1349 jam
2446 1288 2617 1348 potest
2654 1280 2891 1334 ducere:
2922 1279 3087 1348 gratia
3118 1295 3245 1333 vero
3273 1295 3338 1334 ex
3380 1282 3559 1336 multis

1982 1370 2193 1426 delictis
2218 1371 2479 1436 remissis,
2511 1368 2614 1423 hoc
2644 1382 2745 1436 est,
2772 1384 2875 1423 non
2894 1371 3064 1423 solum
3087 1370 3348 1439 originali,
3378 1385 3559 1426 verunt

1981 1462 2141 1517 etiam
2169 1460 2417 1515 omnibus
2439 1463 2647 1515 caneris
2673 1460 2739 1515 ad
2764 1458 3196 1528 justiticationem
3224 1459 3484 1528 perducit.

2055 1554 2144 1608 Π.
2178 1554 2237 1609 Si
2274 1553 2406 1608 enim
2444 1552 2508 1607 ob
2545 1554 2697 1606 unius
2738 1553 2977 1607 delictum
3030 1569 3164 1607 mors
3202 1554 3432 1624 regnavit
3471 1570 3559 1623 per

1982 1662 2161 1712 unum,
2189 1645 2349 1699 multo
2375 1645 2538 1715 magis
2566 1646 2651 1715 qui
2678 1645 3047 1698 abundantiam
3073 1647 3255 1715 gratia:
3280 1657 3327 1698 et
3339 1646 3561 1716 jnstitia:

1980 1739 2259 1806 accipiunt,
2275 1739 2330 1792 in
2349 1739 2452 1793 vita
2473 1736 2757 1806 regnabant
2779 1752 2869 1807 per
2890 1753 3045 1790 unum
3074 1735 3253 1791 Iesum
3274 1733 3555 1790 Christum.

1982 1828 2088 1883 Cur
2112 1827 2181 1882 ob
2210 1826 2368 1882 unius
2395 1825 2649 1882 delictum
2683 1841 2826 1881 mors
2848 1827 3091 1896 regnavit
3117 1842 3207 1896 per
3237 1843 3428 1891 unum,
3461 1828 3559 1882 nisi

1981 1923 2101 1993 quia
2122 1923 2308 1977 mortis
2325 1921 2537 1977 vinculo
2555 1914 2869 1977 tenebantur
2886 1922 2936 1974 in
2955 1920 3045 1976 illo
3065 1936 3168 1974 uno
3182 1920 3234 1974 in
3249 1937 3354 1990 quo
3372 1936 3559 1975 omnes

1985 2019 2370 2078 peccaverunt,
2399 2011 2608 2065 etiamsi
2644 2009 2856 2080 propria
2895 2019 3107 2077 peccata
3134 2025 3236 2063 non
3266 2009 3560 2065 adderent?

1985 2101 2233 2170 Alioquin
2262 2116 2366 2157 non
2391 2100 2412 2133 ³
2444 2101 2514 2157 ob
2538 2101 2696 2156 unius
2718 2102 2968 2157 delictum
2995 2116 3136 2155 mors
3163 2116 3257 2171 per
3283 2116 3443 2155 unum
3473 2116 3554 2156 re-

1981 2195 2193 2263 gnavit,
2239 2192 2333 2248 sed
2379 2192 2450 2247 ob
2490 2192 2680 2249 delicta
2719 2195 2881 2248 ntulta
2924 2194 3206 2249 multorum
3240 2208 3332 2263 per
3362 2208 3558 2247 unum-

1983 2298 2245 2355 quemque
2275 2292 2606 2354 peccantem.
2637 2284 2767 2338 Nam
2797 2286 2840 2339 si
2869 2295 3147 2376 propterea
3173 2286 3352 2338 czctcri
3384 2283 3452 2339 ob
3475 2284 3558 2338 al-

1987 2375 2148 2430 terius
2167 2375 2398 2429 hominis
2421 2375 2671 2430 delictum
2696 2374 2887 2429 mortui
2907 2374 3050 2451 sunt,
3074 2376 3195 2444 quia
3222 2374 3365 2429 illum
3395 2375 3445 2428 in
3468 2375 3564 2429 de-

1986 2465 2268 2536 linquendo
2300 2465 2692 2534 praecedentem
2736 2466 3119 2535 subsequentes
3168 2464 3359 2517 imitati
3392 2471 3553 2517 sunt:

1988 2555 2076 2611 ille
2104 2568 2314 2624 quoque
2339 2564 2394 2609 et
2417 2554 2583 2607 multo
2612 2554 2778 2623 magis
2799 2554 2868 2607 oh
2888 2553 3105 2608 alterius
3131 2553 3385 2608 delictum
3415 2569 3557 2606 mor-

1986 2657 2110 2702 tuus
2133 2658 2237 2715 est,
2255 2661 2412 2716 quem
2433 2646 2674 2702 diabolus
2709 2645 3063 2715 delinquendo
3087 2646 3153 2699 ita
3182 2657 3558 2713 praecesserat,

1990 2750 2046 2795 ut
2074 2741 2121 2797 ei
2152 2739 2405 2796 delictum
2434 2740 2594 2794 etiam
2621 2739 2735 2806 ipse
2761 2738 3008 2792 suaderet
3033 2754 3046 2790 :
3074 2737 3242 2791 Adam
3274 2752 3401 2792 vero
3427 2737 3561 2794 nihil

1990 2832 2157 2887 suasit
2185 2830 2541 2886 itnitatoribus
2567 2828 2712 2894 suis;
2741 2835 2796 2882 et
2823 2826 2975 2883 multi
3015 2826 3100 2895 qui
3133 2824 3248 2895 ejus
3270 2826 3564 2882 imitatores

1994 2926 2262 2991 dicuntur,
2304 2940 2427 2980 eum
2467 2923 2629 2977 fuisse
2657 2930 2711 2976 et
2741 2922 2842 2975 tale
2872 2920 3073 2988 aliquid
3120 2918 3455 2974 commisisse
3484 2921 3564 2974 vel

1995 3032 2101 3072 non
2131 3016 2431 3077 audierunt.
2456 3014 2543 3069 vel
2568 3014 2786 3068 omnino
2808 3027 2912 3066 non
2933 3011 3176 3066 credunt.
3203 3012 3411 3075 Quanto
3437 3025 3566 3079 ergo

1998 3108 2211 3173 rectius,
2237 3108 2373 3161 sicut
2397 3106 2511 3175 jam
2538 3104 2670 3170 dixi,
2702 3103 2968 3158 diabolum
3014 3103 3307 3171 principem
3359 3104 3567 3157 consti-

1998 3198 2183 3254 tuisset
2210 3198 2523 3267 Apostolus,
2553 3211 2583 3250 a
2611 3212 2717 3263 quo
2760 3208 2866 3248 uno
2916 3202 3189 3262 peccatum
3226 3202 3291 3253 et
3339 3203 3567 3246 mortem

1990 3303 2087 3359 per
2109 3300 2298 3344 omnes
2326 3286 2604 3343 transiisse
2627 3285 2862 3352 diceret,
2895 3285 2939 3341 si
2970 3286 3073 3342 hoc
3096 3286 3218 3342 loco
3245 3300 3350 3341 non
3381 3299 3572 3356 prepa-

1986 3378 2274 3449 gationem,
2317 3374 2413 3432 sed
2458 3375 2809 3432 imitationem
2855 3375 3034 3432 dicere
3075 3375 3368 3431 voluisset?
3410 3374 3573 3429 Multo

1988 3469 2130 3525 enim
2152 3466 2520 3523 rationabilius
2532 3465 2699 3521 Adam
2721 3465 2915 3522 dicitur
2928 3467 3161 3522 imitator
3175 3465 3395 3531 diaboli,
3414 3481 3573 3537 quem

1987 3575 2262 3617 suasorem
2288 3558 2473 3616 habuit
2500 3560 2724 3631 peccati,
2765 3560 2810 3615 si
2857 3568 3031 3631 potest
3060 3560 3339 3631 quisquam
3379 3558 3573 3614 imitari

1989 3652 2147 3708 etiam
2175 3650 2324 3706 illum
2344 3650 2437 3722 qui
2462 3651 2593 3706 nihil
2617 3651 2722 3706 tale
2744 3650 2935 3719 suasit,
2959 3650 3038 3707 vel
3065 3651 3282 3707 omnino
3302 3666 3460 3722 quem
3482 3666 3575 3705 ne-

1989 3745 2108 3800 scit.
2124 3742 2257 3812 Quid
2272 3752 2353 3798 est
2371 3753 2570 3809 autem,
2592 3744 2677 3814 qui
2693 3742 2715 3775 ⁸
2730 3742 3089 3799 abundantiam
3113 3743 3292 3815 gratia:
3309 3752 3353 3798 et
3360 3744 3577 3814 justitite

1989 3836 2267 3907 accipiunt,
2283 3834 2386 3890 nisi
2400 3834 2538 3905 quod
2557 3851 2663 3889 non
2676 3837 2723 3890 ei
2747 3844 2949 3891 tantum
2963 3845 3181 3906 peccato
3195 3836 3246 3892 in
3260 3850 3368 3907 quo
3387 3851 3575 3891 omnes

1992 3935 2362 3998 peccaverunt,
2386 3926 2478 3981 sed
2495 3925 2573 3982 eis
2598 3926 2757 3983 etiam
2785 3942 2903 3998 qua:
2931 3926 3271 3995 addiderunt,
3300 3928 3467 3998 gratia
3488 3942 3573 3983 re-

1990 4018 2258 4075 missionis
2286 4016 2463 4083 datur;
2484 4017 2667 4089 eisque
2692 4018 2997 4075 hominibus
3021 4028 3163 4074 tanta
3178 4018 3384 4090 justitia
3404 4019 3572 4075 dona-

1990 4117 2077 4164 tur
2094 4150 2111 4177 ,
2138 4117 2196 4164 ut
2213 4124 2333 4164 cum
2356 4107 2524 4187 Adam
2552 4108 2882 4165 consenserit
2900 4109 2967 4176 ad
3000 4119 3272 4180 peccatum
3293 4110 3573 4177 suadenti,

1992 4216 2099 4258 non
2119 4199 2312 4257 cedant
2326 4200 2412 4256 isti
2431 4201 2591 4257 etiam
2608 4201 2851 4272 cogenti?
2872 4202 2939 4257 Et
2957 4202 3080 4273 quid
3099 4212 3202 4271 est,
3232 4203 3391 4258 multo
3416 4205 3577 4275 magis

1990 4292 2043 4345 in
2069 4291 2169 4346 vita
2191 4289 2490 4362 regnabant,
2520 4305 2642 4347 eum
2668 4293 2854 4347 mortis
2874 4308 3094 4363 regnum
3125 4294 3292 4348 multo
3314 4293 3493 4364 plures
3522 4296 3581 4349 in.

1989 4390 2248 4437 aeternam
2271 4396 2482 4452 poenam
2514 4382 2707 4449 trahat;
2736 4383 2839 4438 nisi
2860 4385 3217 4456 intelligamus
3242 4401 3337 4443 eos
3356 4386 3499 4456 ipsos
3519 4389 3572 4443 in

1992 4481 2216 4544 utroque
2231 4473 2334 4528 dici
2347 4473 2437 4544 qui
2455 4482 2731 4529 transeunt
2744 4474 2812 4531 ab
2827 4475 2993 4531 Adam
3012 4476 3076 4531 ad
3090 4476 3380 4544 Christum,
3405 4478 3453 4531 id
3467 4485 3572 4545 est,

1989 4581 2018 4620 a
2050 4573 2223 4621 morte
2251 4564 2317 4619 ad
2345 4566 2530 4633 vitam,
2551 4566 2673 4636 quia
2692 4567 2742 4621 in
2761 4567 2867 4622 vita
2897 4578 3094 4623 :eterna
3116 4570 3230 4624 sine
3254 4569 3358 4624 line
3388 4585 3574 4640 regna-

1992 4658 2143 4723 hunt,
2177 4657 2345 4727 magis
2383 4672 2541 4726 quam
2586 4658 2639 4712 in
2671 4657 2750 4713 eis
2776 4674 2921 4715 mors
2953 4659 3318 4731 temporaliter
3355 4671 3409 4717 et
3454 4677 3573 4717 cum

1992 4751 2096 4809 line
2126 4750 2400 4821 regnavit?

2064 4842 2149 4899 18.
2193 4841 2373 4914 Itaque
2395 4844 2522 4898 sicut
2548 4861 2635 4916 per
2655 4843 2805 4900 unius
2857 4844 3094 4900 delictum
3140 4846 3191 4900 in
3217 4863 3388 4902 omnes
3415 4847 3548 4901 hami

1993 4951 2077 4988 nes
2105 4934 2173 4988 ad
2196 4934 2685 5002 condemnationem,
2706 4936 2779 4990 ita
2806 4946 2853 4991 et
2882 4954 2970 5008 per
2990 4938 3141 4993 unius
3157 4940 3575 5009 justi/irationem

1993 5028 2044 5080 in
2073 5044 2245 5081 omnes
2284 5027 2507 5082 homines
2548 5031 2617 5082 ad
2643 5029 3061 5099 justificationem
3090 5031 3221 5086 vitae.
3267 5031 3378 5087 lloc
3423 5032 3578 5087 unius

1992 5119 2265 5185 delictum,
2295 5121 2338 5174 si
2382 5121 2731 5176 imitationem
2759 5122 3100 5177 attendamus
3124 5165 3137 5187 ,
3188 5140 3293 5177 non
3333 5124 3435 5179 erit
3476 5125 3576 5179 nisi

1992 5210 2208 5264 diaboli.
2249 5210 2352 5267 Sed
2379 5211 2501 5282 quia
2530 5212 2867 5269 manifestum
2896 5223 2996 5280 est,
3042 5212 3110 5269 de
3150 5214 3339 5282 Adam,
3374 5231 3479 5271 non
3512 5218 3576 5273 do

1992 5300 2205 5356 diabOlo
2244 5301 2382 5367 dici;
2416 5312 2577 5359 restat
2618 5303 2992 5375 intelligenda,
3037 5320 3142 5360 non
3182 5306 3441 5374 imitatio,
3483 5307 3577 5362 sed

1996 5393 2302 5463 propagatio
2330 5393 2552 5462 peccati.

1984 5527 1989 5533 .
2064 5482 2290 5540 CAPUT
2329 5484 2551 5538 XlV.-—
2578 5482 2743 5540 Nemo
2769 5485 2869 5539 nisi
2897 5484 3128 5541 Christus
3147 5485 3418 5557 iustiﬁcat.
3442 5484 3574 5541 Nam

2060 5586 2071 5615 ι
2111 5584 2330 5647 Belgicus
2351 5585 2544 5650 quidam
2566 5592 2669 5646 tus,
2692 5586 2812 5647 loco,
2825 5586 3152 5648 traducimus,
3171 5588 3399 5651 habebat,
3420 5590 3579 5641 ιγαπι-

1994 5660 2114 5695 mus.

2060 5711 2076 5739 ³
2111 5718 2200 5756 ευχ
2242 5716 2367 5763 \‘ss.,
2398 5707 2745 5772 jnstiﬁcantur.

2063 5772 2082 5801 ³
2126 5780 2212 5817 \ttt.
2242 5779 2291 5820 et
2316 5776 2384 5817 t-r.
2404 5806 2416 5828 ,
2442 5783 2532 5820 non
2557 5771 2723 5820 solum.

2061 5834 2078 5861 ‘
2111 5833 2255 5894 uilli,
2283 5832 2427 5895 quod.
2455 5840 2559 5882 Mss.
2595 5844 2728 5895 vero,
2757 5830 2855 5896 qui.
