4074 6560
569 330 664 384 Hii

565 456 616 498 et
643 445 782 514 quod
809 443 884 498 ait
915 444 980 500 de
1005 439 1234 508 Christo,
1267 459 1354 512 per
1380 441 1526 494 unius
1546 439 1996 512 justiﬁcationem;
2035 453 2148 491 ma-

562 539 644 606 gis
677 536 778 591 hoc
799 536 1089 608 expressit,
1121 550 1276 606 quam
1305 535 1348 588 si
1381 548 1474 602 per
1499 532 1656 586 unius
1695 531 1953 602 justitiam
1998 529 2147 583 dice-

565 639 668 684 ret.
699 627 829 681 Eam
873 628 1066 696 quippe
1089 625 1522 696 justificationem
1553 623 1715 687 dicit,
1757 637 1857 692 qua
1905 620 2149 675 Christus

561 720 818 790 justifieat
858 717 1106 788 impium,
1147 733 1306 789 quam
1337 732 1444 771 non
1475 715 1784 770 imitandam
1836 714 2142 784 proposuit,

565 813 660 868 sed
691 813 836 866 solus
864 811 966 866 hoc
995 819 1191 880 potest.
1217 810 1352 866 Nam
1381 809 1551 879 potuit
1577 808 1864 879 Apostolus
1893 817 2040 860 recte
2068 804 2148 859 di-

561 922 706 970 cere,
733 905 1020 959 lmitatores
1041 906 1138 959 mei
1160 913 1336 972 estote,
1375 905 1500 958 sicut
1531 913 1576 958 et
1603 919 1696 974 ego
1717 900 1904 958 Christi
1931 901 1948 970 (
1975 899 1995 954 l
2024 899 2141 956 Cor.

567 1013 643 1063 χι,
675 997 730 1066 1)
757 1015 771 1051 :
804 1013 1072 1068 nunquam
1100 1007 1275 1052 autem
1305 996 1509 1052 diceret
1533 1039 1548 1063 ,
1577 995 1949 1052 Justificamini
1979 1009 2007 1048 a
2036 1010 2144 1061 nte,

560 1091 700 1145 sicut
751 1100 810 1147 et
853 1106 954 1162 ego
1003 1107 1120 1146 sum
1162 1091 1494 1162 justificatus.
1531 1107 1560 1144 a
1605 1089 1835 1146 Christo.
1885 1088 2146 1156 Quoniam

561 1191 787 1249 possunt
833 1196 988 1246 esse,
1036 1192 1090 1237 et
1139 1189 1282 1250 sunt,
1328 1191 1382 1236 et
1427 1181 1640 1236 fuerunt
1690 1180 1840 1235 multi
1876 1179 2004 1250 justi
2047 1179 2146 1234 ho-

559 1272 733 1326 mines
802 1279 856 1327 et
915 1272 1206 1337 imitandi;
1282 1273 1456 1341 justus
1505 1279 1682 1325 autem
1736 1280 1790 1325 et
1847 1269 2147 1339 justiﬁcans

559 1376 741 1430 nemo,
783 1365 884 1418 nisi
911 1363 1171 1420 Christus.
1224 1363 1372 1420 Unde
1402 1364 1614 1430 dicitur,
1661 1362 1896 1418 Credenti
1937 1363 1992 1416 in
2033 1379 2148 1417 eum

563 1458 649 1525 qui
669 1458 919 1529 justiﬁcat
949 1459 1176 1528 impium,
1219 1457 1488 1528 deputatur
1511 1457 1637 1528 ﬁdes
1666 1457 1774 1526 ejus
1802 1457 1870 1510 ad
1897 1456 2148 1528 justitiam

564 1549 581 1613 t
596 1549 743 1604 Rom.
765 1565 841 1618 ιν,
864 1550 939 1620 5).
969 1551 1218 1620 Quisquis
1245 1565 1372 1621 ergo
1401 1565 1563 1606 ausus
1593 1550 1748 1606 fuerit
1767 1549 1965 1616 dicere,
1987 1549 2150 1604 Justi-

563 1642 668 1698 fico
693 1651 776 1706 te;
808 1656 1140 1712 consequens
1165 1652 1250 1698 est
1291 1651 1347 1698 ut
1374 1642 1512 1697 dicat
1537 1642 1717 1708 etiam,
1745 1639 1917 1696 Crede
1947 1641 1996 1694 in
2036 1655 2146 1695 me.

563 1731 718 1798 Quod
745 1747 904 1787 nemo
937 1743 1242 1788 sanctorum
1273 1743 1418 1788 recte
1455 1733 1634 1788 dicere
1663 1733 1850 1804 potuit,
1887 1732 1984 1786 uisi
2011 1732 2148 1788 San-

559 1835 680 1880 etus
722 1833 1026 1880 sanctorum
1057 1844 1070 1880 :
1102 1825 1336 1880 Credite‘
1370 1827 1422 1880 in
1452 1825 1638 1890 Deum,
1673 1835 1720 1880 et
1763 1825 1816 1878 in
1859 1841 1938 1877 me
1965 1823 2150 1878 credite

561 1915 760 1986 (Joan.
791 1933 900 1983 xw,
928 1917 982 1988 1)
1011 1935 1024 1970 :
1065 1926 1120 1972 ut
1146 1919 1266 1988 quia
1295 1918 1408 1988 ipse
1445 1918 1700 1988 justiticat
1736 1918 1980 1988 impium,
2034 1932 2150 1972 cre-

563 2006 713 2061 denti
746 2007 798 2061 in
825 2021 948 2062 eum
993 2009 1080 2078 qui
1115 2008 1370 2078 justiticst
1412 2009 1630 2079 impium
1653 2050 1667 2076 ,
1697 2008 1980 2080 deputetur
2019 2007 2149 2062 fides

559 2099 624 2152 ad
651 2100 932 2168 justitiam.

631 2191 857 2246 CAPUT
897 2191 1011 2246 XV.
1039 2223 1106 2232 —-
1133 2194 1220 2249 19.
1249 2193 1528 2264 Conﬁrmat
1556 2212 1620 2250 ea:
1643 2197 2008 2266 propagatione
2033 2211 2150 2266 pec-

562 2292 732 2336 catum
761 2299 886 2349 esse,
932 2287 1359 2356 quemadmodum
1403 2299 1450 2344 et
1487 2290 1740 2360 justitiam
1783 2306 1846 2344 ea:
1886 2307 2150 2361 regenera-

561 2373 714 2428 tione.
750 2374 1014 2438 Quomodo
1043 2387 1089 2432 et
1117 2395 1288 2432 omnes
1315 2395 1404 2449 per
1426 2379 1592 2433 Adam
1622 2389 1928 2449 peccatores,
1962 2393 2007 2434 et
2037 2397 2147 2435 om-

561 2481 649 2518 nes
679 2482 768 2536 per
791 2463 1044 2520 Christum
1065 2470 1214 2538 justi.
1243 2469 1374 2524 Nam
1403 2472 1446 2525 si
1474 2471 1588 2525 sola
1619 2471 1842 2526 imitatio
1875 2473 1996 2527 facit
2024 2488 2149 2542 pec-

560 2569 772 2622 catores
799 2575 894 2629 per
921 2560 1114 2628 Adam,
1142 2579 1239 2617 cur
1269 2579 1373 2618 non
1401 2564 1560 2618 etiam
1608 2579 1702 2634 per
1739 2564 2006 2619 Christum
2037 2567 2148 2620 sola

561 2649 788 2706 imitatio
810 2651 982 2722 iustos
1007 2652 1172 2709 facit?
1199 2655 1348 2710 Sicut
1376 2657 1528 2720 enim,
1557 2656 1744 2726 inquit,
1773 2671 1863 2726 per
1885 2657 2034 2712 unius
2061 2659 2150 2712 de-

559 2741 738 2795 lictum
763 2742 814 2796 in
841 2759 1012 2798 omnes
1036 2745 1262 2800 homines
1285 2745 1354 2800 ad
1377 2747 1860 2814 condemnationem,
1891 2749 1964 2804 sic
1989 2760 2034 2804 et
2063 2769 2151 2822 per

561 2832 716 2887 unius
727 2833 1144 2902 justiﬁcationem
1177 2837 1230 2890 in
1261 2853 1434 2891 omnes
1468 2837 1694 2892 homines
1731 2839 1799 2892 ad
1829 2841 2151 2911 justi/icatio-

565 2937 680 2975 nent
708 2923 840 2977 vitte.
879 2924 1110 2980 Proinde
1140 2927 1246 2995 isti,
1295 2943 1428 2982 turus
1467 2935 1521 2982 et
1564 2945 1727 2994 unus,
1759 2945 1864 2984 non
1901 2930 2067 2985 Adam
2095 2941 2149 2988 et

563 3011 808 3069 Christus
834 3056 850 3082 ,
891 3016 986 3070 sed
1029 3017 1201 3073 Adam
1247 3029 1300 3074 et
1350 3020 1484 3076 Abel
1529 3023 1780 3076 constitui
1826 3022 2145 3078 debuerunt.

562 3103 825 3170 Quoniam
855 3121 984 3162 cum—
1005 3109 1156 3164 multi
1186 3124 1284 3166 nos
1313 3111 1364 3165 in
1396 3111 1552 3182 hujus
1581 3113 1702 3168 vitro
1731 3121 1970 3184 tempore
2007 3131 2146 3186 pra:-

561 3197 824 3253 cesseri-nt
863 3211 1174 3270 peccatores
1196 3244 1210 3268 ,
1259 3217 1459 3274 eOSque
1489 3205 1678 3260 imitati
1710 3206 1902 3262 fuerint
1930 3207 2018 3278 qui
2049 3223 2147 3278 po-

561 3288 788 3344 steriore
841 3297 1084 3360 tempore
1133 3305 1519 3363 peccaverunt;
1583 3297 1703 3352 ideo
1747 3309 1922 3354 tamen
1968 3300 2148 3354 volunt

487 3409 496 3416 -
561 3378 673 3446 isti,
702 3379 912 3435 nonnisi
943 3382 1109 3436 Adam
1137 3385 1358 3452 dictum,
1389 3385 1440 3439 in
1481 3401 1588 3456 quo
1623 3402 1810 3444 omnes
1855 3389 2147 3444 imitatione

560 3477 900 3540 peccaverint
925 3476 968 3540 ³,
995 3475 1114 3546 quia
1165 3477 1365 3546 primus
1409 3477 1686 3534 hominum
1731 3481 1844 3552 ipse
1891 3483 2144 3551 peccavit.

563 3563 644 3617 Ac
671 3579 766 3634 per
793 3565 894 3620 hoc
922 3565 1058 3623 Abel
1086 3566 1188 3622 dici
1215 3567 1417 3634 debuit,
1450 3570 1501 3624 in
1525 3587 1632 3640 quo
1657 3587 1763 3626 uno
1789 3587 1976 3629 omnes
2001 3575 2148 3629 simi-

559 3653 685 3710 liter
709 3654 956 3712 homines
993 3657 1289 3715 imitatione
1322 3660 1700 3730 justiﬁcentur,
1743 3665 1994 3734 quoniam
2032 3667 2147 3736 ipse

559 3745 766 3813 primus
809 3749 1082 3804 hominum
1119 3750 1260 3820 juste
1294 3752 1442 3806 vixit.
1481 3753 1588 3808 Aut
1623 3755 1666 3808 si
1711 3765 1930 3826 propter
1955 3772 2144 3828 quem-

557 3837 678 3894 dam
725 3840 1004 3896 articulum
1051 3844 1304 3912 temporis
1330 3845 1398 3901 ad
1424 3845 1558 3901 Novi
1609 3847 1938 3905 Testamenti
1977 3865 2136 3906 exor-

559 3930 706 3986 dium
751 3933 1126 4002 pertinentem,
1157 3935 1398 3992 Christus
1427 3948 1508 3993 est
1537 3939 1741 4009 positus
1781 3949 1996 4010 propter
2024 3941 2143 3996 imi—

557 4020 813 4076 tationem
852 4033 1010 4092 caput
1035 4024 1334 4094 justorum:
1369 4027 1534 4084 Judas
1563 4031 1678 4100 ejus
1720 4031 1942 4087 traditur
1985 4046 2146 4104 caput

557 4111 685 4181 poni
714 4111 894 4168 debuit
920 4123 1276 4184 peccatorum.
1308 4117 1475 4172 Porro
1503 4119 1546 4173 si
1579 4129 1859 4190 propterea
1901 4121 2142 4178 Christus

555 4217 696 4257 unus
725 4205 883 4258 estin
923 4221 1028 4275 quo
1055 4222 1242 4262 omnes
1284 4209 1657 4278 justiticeutur,
1709 4213 1831 4281 quia
1877 4228 1981 4269 non
2029 4215 2140 4269 sola

555 4293 674 4362 ejus
702 4293 925 4350 imitatio
947 4297 1117 4365 justos
1143 4297 1286 4364 facit,
1309 4298 1406 4354 sed
1433 4315 1528 4369 per
1552 4301 1794 4370 Spiritum
1817 4317 2141 4374 regenerans

551 4383 723 4454 gratia
759 4402 772 4436 :
814 4395 1093 4456 prepterea
1125 4397 1179 4442 et
1217 4387 1386 4443 Adam
1427 4405 1562 4444 unus
1602 4401 1682 4445 est
1721 4391 1771 4445 in
1811 4407 1916 4463 quo
1956 4409 2140 4450 omnes

551 4485 945 4544 peccaverunt,
993 4477 1114 4548 quia
1147 4495 1252 4533 non
1289 4479 1400 4534 sola
1429 4480 1542 4550 ejus
1583 4481 1806 4536 imitatio
1838 4493 2140 4552 peccatores

549 4563 696 4632 facit,
727 4567 818 4622 sed
845 4583 939 4638 per
963 4583 1177 4624 carnem
1205 4585 1468 4640 generatis
1513 4587 1688 4641 poma.
1735 4571 1816 4628 0b
1845 4573 1946 4629 hoc
1979 4577 2137 4629 etiam

549 4655 750 4712 (lietum
777 4668 890 4724 est,
931 4675 1101 4714 omnes
1135 4671 1188 4716 et
1217 4679 1406 4716 omnes.
1454 4662 1636 4733 Neque
1673 4664 1814 4718 enim
1855 4667 1944 4736 qui
1973 4682 2136 4736 gene-

549 4761 738 4804 rantur
759 4765 852 4819 per
865 4751 1052 4818 Adam,
1071 4753 1226 4808 iidem
1243 4755 1340 4824 ipsi
1360 4771 1546 4810 omnes
1567 4771 1663 4825 per
1689 4755 1957 4812 Christum
1987 4775 2140 4829 rege-

549 4849 806 4894 nerantur
835 4858 850 4894 :
873 4843 964 4897 sed
987 4841 1090 4898 hoc
1107 4853 1251 4899 recte
1274 4846 1472 4900 dictum
1499 4856 1601 4913 est,
1625 4849 1746 4918 quia
1775 4849 1912 4904 sicut
1939 4852 2136 4906 nullius

547 4932 778 4986 carnalis
804 4933 1078 5002 generatio
1107 4936 1208 4989 nisi
1239 4951 1334 5005 per
1361 4937 1555 5000 Adam.
1583 4941 1660 4994 sic
1701 4942 1991 5010 spiritualis
2019 4944 2132 4996 nul-

545 5022 651 5078 lius
677 5023 778 5088 nisi
809 5038 904 5094 per
925 5023 1214 5080 Christum.
1245 5026 1378 5082 Nam
1421 5029 1464 5083 si
1505 5030 1666 5100 aliqui
1713 5043 1931 5101 possent
1974 5049 2134 5089 carne

545 5111 850 5179 generari‘
889 5129 993 5168 non
1041 5129 1135 5184 per
1177 5115 1384 5184 Adam,
1437 5129 1489 5173 et
1535 5119 1696 5190 aliqui
1743 5123 1983 5191 generari
2025 5124 2134 5193 spi-

545 5200 651 5254 ritu
701 5216 806 5257 non
853 5219 946 5272 per
989 5205 1292 5272 Christum;
1345 5223 1448 5264 non
1505 5209 1706 5281 liquide
1759 5229 1963 5280 omnes,
2019 5216 2132 5271 sive

543 5293 674 5364 hic,
730 5296 844 5351 sive
887 5297 956 5351 ibi
1012 5299 1338 5356 dicerentur.
1413 5303 1643 5359 Eosdem
1706 5317 1882 5361 autem
1943 5323 2130 5362 omnes

541 5394 726 5456 postea
781 5387 977 5444 multos
1025 5389 1185 5457 dicit;
1241 5403 1463 5462 possunt
1511 5396 1708 5465 quippe
1757 5397 1808 5450 in
1845 5397 2016 5468 aliqua
2051 5415 2129 5456 .re

541 5491 730 5534 omnes
756 5494 875 5534 esse
903 5497 992 5550 qut
1025 5483 1176 5551 pauci
1219 5495 1340 5538 sunt
1371 5503 1383 5538 :
1429 5485 1522 5540 sed
1555 5487 1750 5542 multos
1781 5487 1938 5543 habet
1961 5505 2126 5560 gene-

605 5593 636 5667 ‘_
657 5595 804 5650 rem,
828 5593 1124 5667 creditis._At
1153 5605 1264 5667 _stss.
1281 5634 1298 5660 ,
1336 5599 1551 5662 credite,
1601 5607 1654 5651 ut
1677 5601 1804 5652 solet
1835 5605 2128 5667 Augustinus

533 5663 671 5718 juxta
697 5669 907 5716 ετευρυιιι
924 5693 938 5712 ,
963 5663 1208 5718 jn'steuete.

605 5717 624 5744 '
660 5725 757 5762 Am.
786 5724 880 5774 Era,
905 5717 1236 5777 peccaverunt.

606 5777 626 5808 ³
658 5781 706 5826 ω
733 5778 894 5840 editiS,
921 5781 1214 5846 regctterari.
1253 5789 1298 5830 lu
1325 5789 1452 5846 3155.,
1477 5787 1714 5848 generari.

1067 349 1076 357 -
1167 331 1250 385 ne
1290 325 1744 384 recc-vroauu
1783 323 2061 378 uentris
2102 321 2188 376 E'l‘
2225 320 2644 392 umnsswus,
2686 326 2742 382 s.
2785 327 3152 386 AUGUSTINI

3735 339 3844 400 120

2265 441 2398 492 ratio
2436 441 2696 508 carnalis,
2739 443 2936 500 multos
2981 453 3036 502 et
3068 446 3400 517 spiritualis;
3443 452 3690 522 quamvis
3735 471 3840 514 non

2259 538 2362 583 tam
2409 531 2603 586 multos
2642 533 2757 588 haec
2793 535 3100 604 spiritualis,
3132 552 3292 608 quam
3335 539 3422 596 illa
3448 543 3705 599 carnalis.
3737 545 3840 602 Ve-

2255 633 2551 679 rumtamen
2574 626 3022 695 quemadmodum
3053 629 3140 684 illa
3161 645 3349 687 omnes
3373 632 3533 688 habet
3553 634 3801 692 homines
3823 677 3838 702 ,

2253 717 2328 771 sic
2357 717 2454 772 ista
2484 733 2670 774 omnes
2689 719 2861 788 justos
2877 719 3121 776 homines
3143 738 3156 774 :
3171 722 3295 792 quia
3310 723 3446 779 sicut
3467 739 3628 781 nemo
3641 735 3836 797 praeter

2253 806 2396 861 illam
2425 807 2608 875 homo,
2632 809 2708 864 sic
2735 825 2892 866 nemo
2919 819 3114 880 prteter
3135 812 3292 867 istam
3331 813 3508 882 justus
3549 815 3754 872 homo:
3787 829 3840 874 et

2254 897 2306 951 in
2342 908 2568 968 utraque
2597 900 2768 955 multi.
2799 900 2945 956 Sicut
2973 902 3103 956 enim
3133 919 3222 973 per
3257 903 3646 962 inobedientiam
3687 909 3836 964 unius

2254 989 2469 1043 hominis
2511 1001 2793 1062 peccatores
2829 994 3086 1048 constituti
3127 1003 3244 1048 sunt
3285 995 3470 1066 multi,
3497 997 3572 1052 ita
3599 1015 3693 1070 per
3736 1001 3844 1056 obe-

2253 1080 2491 1135 dientiam
2517 1083 2666 1137 unius
2694 1084 2908 1138 hominis
2914 1085 3042 1154 justi
3069 1086 3434 1142 constituentur
3459 1089 3626 1144 multi.

2323 1172 2413 1228 20.
2455 1173 2561 1228 Lex
2587 1183 2755 1230 autem
2795 1176 3110 1244 subintravit,
3153 1188 3210 1233 ut
3251 1179 3532 1236 abundaret
3575 1183 3836 1240 delictum.

2255 1265 2367 1320 lloc
2393 1266 2462 1322 ad
2485 1267 2743 1338 originale
2771 1267 3017 1326 homines
3043 1269 3362 1328 addiderunt
3383 1273 3494 1344 jam
3521 1277 3738 1346 propria
3757 1295 3840 1334 vo-

2253 1358 2476 1426 luntate,
2507 1375 2613 1415 non
2641 1375 2736 1431 per
2759 1361 2932 1416 Adam
2958 1380 2971 1416 :
3001 1363 3096 1418 sed
3127 1363 3231 1421 hoe
3254 1380 3464 1437 quoque
3499 1368 3730 1424 solvitur
3761 1384 3840 1425 sa-

2255 1461 2516 1522 uaturque
2541 1469 2635 1523 per
2657 1453 2964 1522 Christum;
2993 1455 3114 1526 quia
3139 1457 3228 1512 ubi
3250 1458 3524 1514 abundavit
3548 1472 3838 1532 peccatum,

2252 1546 2674 1616 superabundavit
2695 1548 2858 1618 gratia
2879 1549 2896 1580 ί
2913 1564 2934 1603 :
2953 1557 3010 1602 ut
3034 1548 3456 1622 quemadmodum
3481 1555 3711 1623 regnauit
3737 1569 3843 1624 pec-

2253 1646 2421 1690 catum
2459 1637 2512 1691 in
2540 1647 2779 1704 mortem,
2812 1639 2971 1695 etiam
3013 1639 3156 1710 quod
3187 1655 3294 1696 non
3337 1656 3404 1697 ex
3447 1641 3622 1698 Adam
3667 1652 3840 1701 traxe-

2253 1737 2377 1782 runt
2415 1728 2676 1796 homines,
2715 1729 2812 1784 sed
2850 1745 2944 1785 sua
2985 1731 3262 1787 voluntate
3298 1731 3654 1800 addiderunt;
3687 1736 3762 1789 sic
3791 1745 3838 1790 et

2253 1821 2416 1889 gratia
2440 1830 2610 1890 regnet
2639 1836 2728 1890 per
2752 1821 3004 1892 justitiam
3045 1822 3098 1876 in
3127 1822 3278 1877 vitam
3302 1832 3564 1878 azternam.
3603 1823 3722 1880 Non
3763 1833 3838 1880 ta-

2255 1927 2375 1967 men
2415 1913 2590 1983 aliqua
2633 1913 2836 1984 justitia
2883 1923 3080 1984 prmter
3122 1913 3423 1982 Christum,
3473 1917 3616 1972 sicut
3661 1918 3836 1988 aliqua

2255 2013 2470 2074 peccata
2502 2015 2695 2076 praeter
2723 2007 2914 2062 Adam.
2946 2007 3068 2062 Ideo
3094 2022 3216 2062 eum
3243 2008 3486 2078 dixisset,
3515 2010 3838 2081 quemadmo-

2255 2098 2376 2152 dum
2403 2100 2628 2170 regnavit
2657 2109 2916 2170 peceatum
2937 2101 2992 2154 in
3029 2109 3278 2166 mortem;
3316 2101 3402 2158 hic
3443 2116 3550 2157 non
3593 2101 3834 2168 addidit,

2257 2188 2360 2246 Per
2383 2205 2566 2256 unum,
2597 2200 2710 2258 aut,
2737 2191 2838 2246 Per
2861 2191 3027 2246 Adam
3061 2207 3076 2248 :
3107 2192 3226 2261 quia
3253 2206 3414 2261 supra
3439 2189 3648 2248 dixerat
3675 2181 3834 2249 etiam

2253 2281 2323 2338 de
2349 2291 2569 2352 peccato
2600 2283 2708 2350 illo,
2738 2283 2878 2356 quod
2909 2285 3238 2340 subintrante
3275 2285 3393 2356 lege
3419 2283 3748 2352 abundavit;
3785 2295 3838 2342 et

2257 2375 2358 2431 hoc
2385 2377 2570 2446 utique
2599 2392 2708 2432 non
2735 2385 2817 2433 est
2845 2377 3082 2446 originis,
3126 2377 3220 2432 sed
3247 2376 3354 2447 jam
3399 2375 3628 2448 propria:
3653 2377 3837 2433 volun-

2255 2469 2396 2524 tatis.
2433 2468 2567 2524 Cum
2605 2479 2784 2526 autem
2827 2469 3080 2534 dixisset,
3123 2469 3196 2524 sic
3243 2477 3290 2523 et
3331 2469 3496 2540 gratia
3537 2479 3709 2542 regnet
3751 2487 3838 2539 per

2245 2562 2502 2632 justitiam
2529 2562 2762 2622 invitam
2790 2571 3028 2617 cateruam
3043 2575 3064 2625 ;
3091 2559 3321 2628 addidit,
3355 2578 3442 2631 per
3467 2561 3642 2628 Iesum
3685 2560 3834 2616 Chri-

2253 2662 2383 2707 stum
2407 2651 2686 2706 Dominum
2706 2661 2932 2707 nostrum
2963 2652 2981 2721 (
3007 2651 3158 2708 Rom.
3185 2667 3238 2718 v,
3273 2651 3418 2706 ίὲ-ΞΙ
3446 2650 3465 2724 )
3489 2671 3502 2707 :
3527 2653 3648 2724 quia
3677 2667 3836 2722 gene-

2253 2751 2408 2800 rante
2439 2759 2602 2800 carne
2630 2743 2758 2799 illud
2785 2741 3150 2800 tantummodo
3179 2744 3428 2812 trahitur,
3454 2745 3596 2815 quod
3623 2755 3707 2800 est
3731 2745 3838 2800 ori-

2253 2834 2426 2906 ginale
2463 2843 2735 2905 peceatum
2759 2833 2871 2906 (a);
2901 2843 3252 2905 regenerante
3281 2846 3458 2890 autem
3487 2835 3699 2906 spiritu,
3731 2851 3838 2892 non

2252 2927 2424 2982 solum
2443 2925 2734 2997 originalis,
2755 2925 2850 2982 sed
2867 2926 3028 2985 etiam
3055 2925 3470 2981 voluntariorum
3501 2925 3561 2981 fit
3587 2927 3838 2982 remissio

2253 3025 2614 3086 peccatorum.

2323 3107 2548 3163 CAPUT
2573 3107 2788 3164 XVl.——
2805 3109 2894 3163 21.
2927 3109 3160 3180 Infantes
3185 3125 3286 3164 non
3315 3109 3557 3178 baptismi
3581 3109 3844 3164 lenissime

2251 3193 2472 3264 quidem,
2503 3193 2592 3248 sed
2609 3203 2772 3248 tamen
2796 3193 3120 3269 damnantur.
3151 3192 3312 3248 Ptena
3325 3195 3517 3264 peccati
3532 3194 3656 3250 Δάας
3669 3196 3844 3266 gratia

2251 3286 2479 3355 corporis
2496 3286 2702 3340 amissa.
2719 3287 2900 3342 Potest
2915 3287 3136 3358 proinde
3151 3295 3298 3342 recte
3309 3287 3437 3354 dici,
3459 3288 3707 3358 parvulos
3720 3289 3842 3344 sine

2251 3375 2523 3446 Baptismo
2551 3375 2619 3432 de
2656 3391 2884 3447 corpore
2925 3387 3182 3434 exeuntes
3229 3379 3284 3432 in
3326 3378 3668 3435 damnatione
3711 3394 3840 3433 om-

2253 3469 2396 3522 nium
2424 3467 2702 3523 mitissima
2741 3469 2968 3524 futuros.
2995 3469 3216 3524 Multum
3243 3479 3418 3524 autem
3449 3469 3582 3524 fallit
3609 3477 3664 3526 et
3691 3471 3840 3525 falli-

2251 3567 2358 3626 tur,
2383 3561 2472 3630 qui
2501 3573 2602 3618 eos.
2621 3561 2676 3614 in
2705 3559 3048 3615 damnatione
3077 3560 3328 3630 praedicat
3356 3575 3460 3616 non
3491 3559 3719 3628 futuros,
3749 3561 3841 3616 di-

2250 3661 2412 3709 cente
2437 3652 2716 3723 Apostoio,
2746 3651 3008 3706 Judicium
3037 3669 3098 3707 ea:
3123 3669 3222 3708 uno
3240 3651 3420 3706 delicto
3447 3654 3500 3707 in
3525 3655 3838 3709 condemna-

2253 3745 2475 3808 tionem;
2512 3751 2566 3806 et
2603 3743 2764 3814 paulo
2799 3752 2940 3813 post,
2973 3741 3076 3796 Per
3113 3745 3262 3797 unius
3301 3743 3538 3798 delictum
3571 3745 3626 3799 in
3659 3761 3842 3800 omnes

2251 3836 2585 3891 homines-ad
2611 3836 3094 3890 condemnationem.
3143 3835 3364 3904 Quando
3415 3851 3542 3907 ergo
3593 3839 3844 3907 peccavit

2248 3925 2418 3984 Adam
2447 3942 2554 3982 non
2583 3927 2836 3982 obediens
2871 3927 3010 3992 Deo,
3043 3935 3168 3982 tunc
3193 3927 3310 3996 ejus
3343 3941 3556 3996 corpus,
3589 3930 3844 3998 quamvis

2247 4025 2390 4073 esset
2411 4017 2638 4072 animale
2662 4033 2724 4072 ac
2757 4017 3003 4082 mortale,
3032 4017 3252 4088 gratiam
3289 4017 3538 4088 perdidit,
3574 4033 3676 4089 qua
3711 4020 3840 4089 ejus

2246 4109 2437 4164 animae
2447 4109 2667 4164 omniex
2681 4117 2826 4179 parte
2837 4108 3118 4166 obediebat
3134 4125 3148 4175 ;
3165 4118 3290 4164 tunc
3304 4109 3390 4164 ille
3409 4109 3610 4164 exstitit
3629 4109 3838 4166 bestia-

2247 4203 2312 4257 lis
2336 4213 2510 4257 motus
2537 4201 2816 4273 pudendus
2849 4200 3175 4269 hominibus,
3215 4217 3372 4272 quem
3399 4203 3453 4258 in
3479 4217 3572 4258 sua
3615 4203 3842 4260 erubuit

2247 4293 2502 4350 nuditate.
2531 4293 2680 4348 Tunc
2703 4293 2862 4348 etiam
2891 4291 3078 4348 morbo
3100 4295 3328 4364 quodam
3359 4309 3422 4350 ex
3455 4295 3732 4365 repentina
3777 4307 3842 4352 et

2247 4384 2492 4452 pestifera
2505 4383 2842 4454 corruptione
2865 4393 3124 4454 concepto
3141 4385 3334 4440 factum
3349 4386 3400 4439 in
3413 4386 3516 4440 illis
3531 4395 3631 4453 est,
3655 4395 3710 4442 ut
3745 4388 3838 4442 illa

2247 4475 2298 4528 in
2337 4491 2440 4545 qua
2469 4475 2634 4530 creati
2663 4483 2786 4530 sunt
2809 4475 3094 4531 stabilitate
3124 4477 3296 4532 aetatis
3323 4477 3536 4544 amissa,
3573 4494 3668 4548 per
3715 4495 3840 4534 muo

2246 4566 2529 4621 tabilitates
2554 4575 2768 4622 inlatum
2787 4563 2930 4620 irent
2965 4566 3020 4620 in
3045 4575 3290 4622 mortem.
3313 4567 3567 4634 Quamvis
3585 4583 3714 4640 ergo
3735 4585 3842 4624 au-

2243 4675 2342 4714 nos
2367 4659 2564 4714 multos
2593 4668 2778 4729 postea
2803 4659 3060 4727 vixerint,
3091 4661 3186 4716 illo
3219 4667 3394 4715 tamen
3423 4661 3510 4716 die
3539 4663 3674 4718 mori
3715 4677 3842 4718 ca:-

2245 4760 2454 4820 perunt,
2483 4765 2590 4820 quo
2619 4751 2807 4806 mortis
2831 4751 3034 4821 legem,
3065 4767 3167 4821 qna
3199 4753 3251 4805 in
3289 4753 3498 4807 senium
3527 4761 3840 4810 veterasce—

2243 4854 2382 4910 rent,
2413 4853 2760 4913 acceperunt.
2791 4843 2906 4898 Non
2937 4845 3078 4899 enim
3127 4853 3232 4898 stat
3275 4845 3358 4899 vel
3407 4847 3662 4916 temporis
3689 4862 3838 4916 pun-

2241 4947 2346 5003 cto,
2375 4936 2467 4991 sed
2495 4936 2612 4992 sine
2646 4937 3038 5000 intermissione
3069 4937 3282 5004 labitur,
3310 4938 3528 5009 quiquid
3571 4941 3836 4998 continua

2303 5051 2317 5081 ¹
2357 5048 2476 5098 Editi
2495 5083 2509 5108 ,
2545 5046 2950 5112 superabundavit
2969 5053 3014 5098 et
3034 5045 3211 5112 gratia.
3237 5049 3496 5112 Particulo,
3531 5059 3606 5112 et,
3635 5052 3780 5102 abest
3807 5071 3840 5104 ξι

2239 5112 2576 5172 manuscriptis
2599 5109 2649 5160 et
2665 5123 2692 5159 a
2715 5123 2877 5172 graeco
2901 5109 3132 5172 Apostbli.

2299 5172 2370 5233 (τι)
2405 5179 2461 5236 In,
2473 5173 2741 5236 tiochiritlio
2763 5172 2939 5236 multis
2949 5177 3058 5236 post
3079 5173 3218 5236 altilis
3237 5173 3366 5236 edito
3387 5174 3578 5236 scripsit
3605 5179 3840 5236 Augusti-

2237 5247 2343 5297 nus,
2369 5247 2418 5282 η.
2443 5235 2518 5297 i3,
2543 5246 2636 5282 non
2659 5233 3038 5297 improbabiliter
3069 5235 3178 5294 dici,
3201 5234 3424 5296 parvulos
3455 5233 3710 5297 parentum
3735 5251 3836 5288 non

2235 5295 2390 5344 solum
2408 5296 2687 5360 primorum,
2705 5296 2793 5344 sed
2814 5297 2958 5344 etiam
2973 5309 3172 5344 suorum
3191 5295 3255 5344 de
3271 5298 3448 5360 quibus
3456 5295 3560 5358 ipsi
3577 5300 3674 5346 nati
3693 5307 3836 5359 sunt,

2235 5355 2447 5420 peccatis
2467 5355 2686 5420 obligari,
2714 5369 2897 5420 eosque
2938 5363 3051 5406 ante
3075 5355 3502 5420 regenerationem
3535 5361 3698 5408 teneri
3747 5355 3836 5410 illa

2233 5417 2392 5467 divina
2411 5417 2670 5484 sententia,
2693 5417 2905 5484 Reddam
2923 5423 3118 5484 peccata
3139 5417 3334 5482 patrum
3348 5419 3406 5484 in
3428 5418 3570 5484 ﬁlios.
3597 5423 3836 5484 Magister

2233 5487 2472 5538 sentent.,
2499 5479 2582 5543 lib.
2601 5479 2651 5539 2,
2673 5481 2885 5543 eap._33,
2911 5479 3478 5543 Ostendit'augustinu'm
3514 5483 3620 5532 haec
3633 5479 3836 5534 dixisse

2235 5555 2331 5592 non
2353 5541 2635 5604 asserenda,
2661 5541 2750 5590 sed
2775 5541 3078 5604 diversorum
3101 5541 3356 5604 opiniones
3375 5543 3663 5604 referendo.
3699 5545 3834 5595 Dixit

2232 5617 2350 5653 δηιιε
2375 5615 2432 5652 ea
2447 5601 2618 5667 regula
2635 5610 2686 5652 et
2701 5603 3052 5667 moderatione,
3071 5601 3214 5666 quam
3231 5606 3416 5654 servari
3429 5605 3572 5667 jussit
3592 5605 3640 5656 in
3655 5603 3781 5667 libro
3797 5607 3834 5656 ϐ

2231 5667 2294 5714 de
2317 5667 2490 5728 Genesi
2512 5664 2572 5712 ad
2609 5667 2850 5724 Litteram,
2887 5679 2936 5713 ιι.
2981 5665 3056 5724 14,
3089 5664 3316 5728 nimirum
3355 5683 3378 5713 ι
3410 5664 3466 5720 tit
3503 5668 3552 5715 in
3585 5666 3830 5728 profundo

2243 5745 2264 5771 «ι
2288 5727 2540 5794 Scriptura:
2562 5739 2711 5794 sensu
2735 5728 3162 5794 magisjlmestaret
3181 5726 3486 5791 diligentiam
3519 5726 3822 5794 intiuircudi.

2245 5809 2264 5836 ιι
2285 5801 2427 5852 quam
2452 5787 2710 5838 afﬁrmandi
2734 5787 3074 5839 temeritatem.
3101 5801 3140 5832 ι’
