4074 6528
278 348 355 406 ut
894 308 901 315 ’
1658 340 1862 401 unum
1900 336 2174 400 PRIMUS.
3451 352 3554 415 ης

266 461 533 520 mutatione
555 463 777 520 sensim
806 465 989 521 currit
1021 467 1075 522 in
1117 465 1295 531 finem,
1325 480 1428 519 non
1458 461 1821 541 perficicntem
1846 500 1860 522 .

262 558 344 611 sed
366 564 802 611 consumentem.
852 556 954 613 Sic
981 560 1164 628 itaque
1191 557 1465 627 impletum
1492 561 1576 610 est
1616 552 1758 625 quod
1785 552 1867 607 di-

262 653 385 699 xerat
409 643 575 715 Deus,
613 643 747 712 Qua
778 646 871 701 die
895 647 1132 716 ederitis,
1166 657 1323 702 ntorte
1351 645 1630 701 moriemini
1681 644 1702 718 (
1734 643 1861 699 Gen.

251 734 443 803 11,17).
503 735 589 789 Ex
652 735 769 791 hac
800 738 975 809 igitur
1029 739 1389 795 iuobedientia
1427 740 1626 806 carnis,
1657 752 1724 792 ex
1762 736 1865 792 hac

245 827 341 896 ιφ
372 827 586 895 peccati
612 836 678 883 et
708 832 943 898 mortis,
968 831 1212 903 quisquis
1237 830 1520 887 carnaliter
1537 836 1829 901 generatur
1847 870 1862 896 ,

242 918 527 987 regenerari
598 919 996 990 Spiritualiter,
1048 939 1188 994 opus
1235 922 1433 991 habet,
1491 929 1549 976 ut
1602 935 1711 977 non
1777 933 1866 976 so-

241 1010 334 1066 lum
356 1009 419 1066 ad
442 1026 699 1082 regnum
737 1014 847 1070 Dei
878 1015 1234 1086 perducatur,
1260 1030 1445 1071 verum
1474 1013 1636 1070 etiam
1676 1028 1705 1068 a
1735 1028 1864 1084 pec-

246 1105 332 1161 cati
356 1104 726 1162 damnatione
770 1108 1069 1165 liberetur.
1119 1109 1290 1165 Simul
1333 1109 1508 1178 itaque
1549 1115 1768 1179 peccato
1812 1113 1865 1160 et

249 1196 379 1253 morti
404 1196 569 1268 primi
603 1196 877 1255 hominis
903 1200 1130 1257 obnoxii
1170 1208 1462 1257 nascuntur
1493 1198 1547 1254 in
1587 1214 1771 1265 carne,
1812 1208 1865 1253 et

243 1288 376 1347 muni
390 1288 631 1360 iustitia:
652 1290 917 1362 vitaeque
941 1301 1162 1349 aeterna:
1181 1291 1395 1348 secundi
1422 1291 1653 1348 hominis
1678 1291 1864 1347 sociati

242 1389 584 1438 renascuntur
625 1382 694 1437 in
735 1383 1076 1455 Baptismo:
1128 1385 1265 1441 sicut
1301 1393 1356 1441 et
1391 1384 1445 1440 in
1484 1386 1864 1442 Ecclesiastico

244 1474 478 1545 scriptum
507 1482 624 1541 est,
661 1475 714 1528 A
744 1475 978 1530 muliere
1000 1474 1206 1530 initium
1230 1475 1419 1546 factum
1453 1486 1526 1531 est
1563 1477 1771 1549 peccati,
1818 1487 1863 1532 et

248 1581 323 1637 par
351 1566 493 1619 illam
523 1582 721 1621 omnes
751 1568 1016 1621 morimur
1041 1564 1233 1639 (Eccli.
1260 1582 1392 1635 xxv,
1421 1568 1491 1623 '55
1509 1568 1551 1639 ).
1600 1567 1724 1624 Sive
1765 1584 1863 1622 auo

248 1668 344 1733 tem
364 1674 395 1713 ι
420 1656 690 1726 muliere,
721 1660 853 1716 sive
890 1660 965 1714 ab
992 1659 1165 1715 Adam
1206 1658 1431 1727 dicatur,
1475 1668 1758 1733 utrumque
1797 1661 1862 1716 ad

256 1729 467 1820 primum
493 1747 802 1806 hominem
837 1751 1075 1820 pertinet
1098 1768 1114 1805 :
1137 1750 1405 1821 quoniam,
1435 1750 1572 1806 sicut
1598 1752 1862 1815 novimus,

260 1842 430 1897 mulier
454 1855 519 1896 ex
547 1841 680 1897 viro
712 1851 805 1898 est
826 1884 845 1909 ,
879 1851 937 1897 et
964 1843 1240 1913 utriusque
1282 1858 1383 1898 una
1422 1858 1549 1899 caro
1577 1851 1678 1898 est.
1711 1843 1867 1902 Unde

262 1943 315 1989 et
334 1932 456 1989 illud
481 1932 631 2004 quod
659 1934 948 2005 scriptum
974 1942 1078 2000 est,
1105 1933 1170 1987 Et
1198 1943 1340 1989 erunt
1365 1935 1466 1990 duo
1494 1936 1547 1989 in
1569 1952 1720 1993 carne
1740 1953 1861 1994 una.

264 2025 417 2097 Igitur
437 2026 556 2097 jam
595 2042 712 2080 non
753 2027 890 2094 duo,
936 2026 1108 2098 inquit
1146 2026 1418 2097 Dominus,
1458 2028 1547 2084 sed
1584 2045 1689 2085 una
1747 2047 1866 2087 caro

262 2119 455 2189 (saltis.
486 2133 607 2183 xu,
632 2118 695 2185 5,
728 2118 834 2189 6).

325 2209 546 2266 CAPUT
588 2209 771 2266 XVII.
791 2241 869 2250 —
888 2209 981 2264 22.
1014 2208 1137 2265 Non
1158 2227 1263 2266 esse
1289 2210 1566 2283 infantibus
1604 2216 1867 2285 personale

272 2315 515 2376 peccatum
535 2303 898 2359 tribuendum.
942 2304 1280 2375 QuaprOpter
1302 2306 1391 2376 qui
1412 2305 1597 2362 dicunt
1613 2309 1863 2377 parvulos

269 2396 383 2451 idco
407 2395 688 2465 baptizari,
722 2404 785 2450 ut
807 2394 916 2450 hoc
944 2394 1027 2450 eis
1053 2396 1356 2450 remittatur
1379 2395 1521 2467 quod
1550 2397 1603 2452 in
1632 2397 1731 2454 hac
1759 2398 1865 2454 vita

263 2487 529 2556 proprium
559 2493 982 2553 contraxerunt,
1013 2500 1120 2540 non
1149 2485 1288 2557 quod
1317 2501 1384 2542 ex
1408 2485 1580 2543 Adam
1613 2489 1866 2547 traduxe-

260 2586 402 2643 runt,
432 2591 547 2631 non
576 2593 779 2648 magno
820 2576 1100 2632 molimine
1146 2575 1424 2633 refellendi
1453 2589 1599 2635 sunt.
1640 2580 1864 2648 Quando

266 2670 411 2724 enim
433 2683 628 2723 secum
652 2667 761 2738 ipsi
787 2667 1061 2737 paululum
1091 2666 1209 2723 sine
1234 2669 1475 2725 certandi
1516 2671 1693 2727 studio
1717 2674 1865 2744 cogi-

270 2763 534 2825 taverim,
556 2775 726 2829 quam
751 2760 817 2814 sit
838 2758 1124 2815 absurdum
1150 2775 1250 2815 nec
1270 2760 1484 2831 dignum
1506 2761 1868 2832 disputatione

196 2912 209 2924 _
263 2849 417 2920 quod
464 2850 696 2915 dicunt,
752 2850 1000 2907 continuo
1065 2851 1386 2907 sententiam
1440 2855 1863 2911 commutabunt.

264 2943 417 3012 Quod
443 2942 490 2998 si
518 2943 815 3010 noluerint,
848 2958 955 2999 non
1003 2958 1173 3016 usque
1202 2944 1336 3001 adeo
1360 2945 1427 3002 de
1468 2946 1716 3003 humanis
1741 2965 1867 3005 sen-

269 3035 417 3090 sibus
440 3033 843 3105 desperandum
872 3044 975 3102 est,
1004 3045 1065 3092 ut
1085 3046 1386 3095 metuamus
1407 3056 1474 3096 ne
1503 3039 1608 3096 hoc
1637 3042 1866 3114 cuipiam

269 3124 644 3195 persuadeant.
684 3125 794 3196 Ipsi
843 3127 1042 3198 quippe
1091 3137 1150 3183 ut
1193 3127 1296 3184 hoc
1340 3129 1602 3199 dicerent,
1647 3133 1870 3205 alicujus

262 3217 484 3272 alterius
505 3218 796 3273 sententia:
817 3219 1153 3290 praejudicio,
1178 3221 1277 3275 nisi
1294 3219 1466 3289 fallor,
1488 3223 1701 3295 impulsi
1722 3235 1866 3282 sunt:

262 3325 327 3365 ac
355 3318 640 3380 propterea
671 3326 798 3367 cum
831 3313 1037 3368 remitti
1082 3314 1346 3385 haptizato
1376 3325 1592 3386 peccata
1622 3333 1871 3375 necessa-

264 3401 346 3456 rio
390 3401 711 3468 faterentur,
766 3418 871 3459 nec
907 3404 1064 3460 fateri
1112 3407 1305 3462 vellent
1331 3423 1397 3462 ex
1442 3409 1612 3464 Adam
1653 3410 1869 3469 ductum

263 3505 386 3547 esse
432 3500 740 3562 peccatum,
768 3494 918 3565 quod
964 3496 1166 3551 remitti
1213 3496 1514 3554 fatebantur
1558 3499 1864 3570 infantibus,

262 3583 432 3653 ipsam
460 3582 748 3639 infantiam
798 3587 972 3641 coacti
999 3598 1126 3641 sunt
1154 3602 1405 3645 accusare
1433 3608 1447 3645 :
1478 3592 1629 3661 quasi
1655 3608 1871 3650 accusa-

266 3682 353 3729 tor
395 3673 641 3730 infantia:
693 3675 803 3732 hoc
846 3678 1091 3732 securior
1138 3678 1308 3746 fieret,
1356 3697 1463 3753 quo
1505 3693 1781 3741 accusatus
1822 3687 1869 3743 ei

266 3765 594 3836 respondere
622 3782 740 3822 non
789 3778 994 3839 posset.
1036 3768 1141 3824 Sed
1190 3770 1340 3839 istos,
1391 3782 1449 3826 ut
1473 3772 1604 3841 dixi,
1651 3776 1867 3831 omitta-

268 3872 424 3925 mus;
454 3875 634 3931 neque
661 3863 809 3917 enim
835 3876 1090 3918 sermone
1119 3863 1205 3918 vel
1230 3864 1564 3923 documentis
1603 3883 1737 3939 opus
1767 3878 1868 3937 est,

271 3950 462 4020 quibus
505 3953 819 4009 innocentia
870 3953 1129 4024 probetur
1172 3955 1455 4024 infantum,
1502 3968 1760 4029 quantum
1804 3963 1870 4018 ad

274 4055 457 4096 eorum
483 4044 723 4112 pertinet
763 4043 949 4109 vitam,
984 4060 1144 4116 quam
1171 4048 1371 4103 recenti
1401 4057 1522 4103 ortu
1569 4050 1622 4106 in
1656 4066 1713 4107 se
1743 4052 1873 4123 ipsis

274 4136 456 4199 agunt,
482 4133 677 4187 sicam
729 4148 838 4189 non
880 4136 1128 4205 agnoscit
1177 4151 1366 4192 sensus
1396 4137 1678 4209 humanus,
1711 4144 1874 4199 nullis

276 4222 615 4280 adminiculis
638 4226 959 4297 cujusquam
991 4227 1362 4298 disputationis
1390 4232 1626 4305 adjutus.

347 4313 575 4372 CAPUT
612 4315 806 4371 XVIII.
836 4347 911 4358 —
936 4319 1031 4374 25.
1085 4320 1293 4390 Refellit
1348 4339 1432 4378 eos
1490 4325 1578 4393 qui
1628 4327 1875 4397 baptizari

278 4410 513 4479 pusulas
539 4408 719 4464 volunt
744 4427 847 4465 non
876 4410 932 4465 in
970 4414 1164 4483 peccati
1191 4416 1554 4484 remissionem,
1582 4419 1672 4473 sed
1695 4421 1764 4474 ad
1788 4420 1873 4475 ob-

277 4499 539 4556 tinendum
564 4519 784 4573 regnum
826 4503 1088 4559 caelorum.
1129 4504 1236 4561 Sed
1280 4507 1354 4562 illi
1397 4519 1633 4576 movent,
1679 4520 1734 4566 et
1777 4514 1875 4568 ali-

275 4590 412 4660 quid
456 4590 891 4648 consideratione
935 4608 998 4648 ac
1025 4593 1358 4654 discussione
1383 4597 1602 4670 dignum
1630 4601 1875 4659 videntur

276 4679 494 4749 aﬂerre,
519 4684 610 4753 qui
642 4683 832 4739 dicunt
854 4686 1104 4755 parvulos
1133 4688 1336 4743 recenti
1366 4688 1471 4745 vita
1500 4691 1674 4749 editos
1701 4694 1876 4751 visce-

278 4771 435 4828 ribus
477 4782 731 4839 matrum,
783 4792 890 4831 non
922 4784 1141 4848 propter
1169 4779 1549 4838 remittendum
1599 4794 1875 4856 peccatum

280 4862 560 4934 percipere
585 4865 943 4937 Baptismum,
976 4868 1071 4924 sed
1103 4878 1162 4925 ut
1186 4872 1516 4942 spiritualem
1551 4879 1878 4945 procreatio-

278 4970 415 5010 nem
454 4972 561 5011 non
606 4958 873 5017 habentes
903 4961 920 4993 ί
949 4972 1205 5017 creentur
1256 4964 1309 5019 in
1340 4965 1574 5034 Christo,
1606 4977 1662 5024 et.
1712 4970 1879 5040 ipsius

280 5050 441 5119 regni
462 5052 725 5109 caelorum
751 5055 1040 5126 participes
1080 5056 1228 5122 fiant,
1259 5059 1449 5116 eodem
1476 5061 1637 5118 modo
1665 5062 1757 5118 lilii
1779 5067 1801 5097 ¹
1824 5075 1880 5121 et

287 5137 528 5199 heredes
570 5146 691 5214 Dei,
745 5146 1064 5203 cohzeredcs
1108 5160 1285 5207 autem
1333 5140 1552 5208 Christi.
1594 5154 1640 5209 A
1687 5155 1880 5225 quibus

292 5242 466 5291 tamen
508 5254 629 5293 cum
676 5242 959 5311 qumritur,
1009 5253 1184 5299 utrum
1232 5261 1338 5301 non
1385 5246 1632 5317 baptizati
1675 5258 1730 5305 et
1773 5268 1877 5307 non

291 5322 464 5381 εσθαιί
489 5330 798 5388 ωιιωτθιιθε
836 5332 1060 5398 Christi,
1092 5337 1345 5407 regnique
1372 5339 1630 5395 calorum
1657 5342 1878 5412 partici-

298 5428 413 5481 pes,
456 5417 682 5476 habeant
729 5423 929 5478 saltem
987 5422 1303 5482 beneficium
1353 5428 1540 5485 salutis
1581 5439 1798 5487 aiternae
1827 5432 1879 5489 in

301 5513 674 5571 resurrectione
701 5524 1072 5581 mortuorum,
1089 5558 1100 5565 .
1117 5517 1356 5575 laborant
1383 5521 1748 5591 vehementer,
1782 5540 1881 5581 nec

356 5667 700 5750 :‘tAZorheiensis
726 5684 783 5727 et
806 5674 897 5750 alii
928 5674 1039 5750 _duo
1068 5683 1192 5741 uss,
1219 5664 1592 5744 procreationem
1624 5680 1882 5750 habentes;

282 5737 689 5802 Wﬂegame
715 5737 994 5802 particula.

339 5795 362 5827 ’
386 5797 517 5863 Edili,
534 5795 597 5854 ἓο
617 5795 779 5854 modo
802 5797 928 5864 ﬁlii.
959 5807 1016 5849 Al
1042 5806 1164 5863 uss,
1187 5805 1348 5855 eodem
1369 5804 1510 5857 modo
1522 5803 1630 5871 filii.

1966 455 2167 510 exitum
2212 456 2505 513 inveniunt.
2544 458 2675 528 Quis
2718 461 2861 518 enim
2906 460 3334 523 Christianorum
3373 469 3550 539 ferat,

1967 559 2090 601 cum
2115 545 2308 602 dicitur
2334 548 2401 603 ad
2450 558 2705 607 aeternam
2753 554 2977 610 salutem
3024 572 3182 626 posse
3226 576 3550 633 quemquam

1967 640 2269 709 pervenire,
2319 640 2501 697 sinon
2543 657 2853 702 renascatur
2892 648 2946 703 in
2986 647 3220 721 Christo,
3268 653 3414 725 quod
3458 671 3556 726 per

1967 732 2295 804 Baptismum
2326 735 2441 790 ﬁeri
2468 737 2656 804 voluit,
2679 755 2745 795 eo
2763 742 2873 811 jam
2902 751 3139 815 tempore
3178 762 3286 818 quo
3321 750 3426 805 tale
3454 749 3553 805 Sa-

1967 836 2296 882 cramentum
2328 829 2757 886 constituendum
2788 832 2886 889 fuit
2911 840 3288 908 regenerandis
3315 841 3369 896 in
3396 857 3548 912 spem

1968 916 2153 972 salutis
2190 920 2444 974 aeternae?
2482 918 2635 976 Unde
2661 921 2789 977 dicit
2814 924 3100 995 Apostolus
3129 948 3143 984 :
3175 928 3299 985 Non
3340 948 3405 986 ea:
3430 949 3555 1004 ope-

1967 1009 2107 1063 ribus
2125 1010 2344 1081 justitite
2391 1028 2506 1083 qua:
2545 1029 2637 1067 nos
2684 1016 2916 1085 fecimus,
2966 1020 3055 1073 scd
3099 1024 3372 1080 secundum
3409 1043 3555 1080 suam

1968 1101 2366 1161 misericordiam
2403 1104 2566 1159 salvos
2594 1121 2685 1159 nos
2713 1106 2832 1178 fecit
2857 1125 2945 1178 per
2983 1108 3242 1168 lavacrum
3288 1132 3557 1187 regenera-

1970 1190 2119 1246 tionis
2149 1191 2274 1266 (Tit.
2306 1209 2383 1262 ιη,
2413 1194 2489 1267 5).
2529 1195 2700 1262 Quam
2750 1207 2931 1253 tamen
2976 1202 3199 1257 salutem
3226 1204 3281 1259 in
3307 1221 3403 1276 spe
3428 1208 3558 1264 dicit

1968 1296 2108 1351 esse,
2136 1298 2257 1338 cum
2281 1284 2369 1340 hic
2393 1286 2643 1354 vivimus,
2690 1287 2780 1343 ubi
2808 1289 2879 1343 ait
2909 1306 2923 1343 :
2958 1290 3068 1363 Spe
3101 1294 3233 1348 enim
3270 1295 3397 1350 salvi
3434 1299 3558 1368 facti

1967 1392 2159 1433 sumus.
2192 1376 2325 1447 Spes
2346 1388 2513 1433 autem
2536 1396 2649 1451 qua:
2670 1380 2864 1436 videtur
2883 1400 2985 1438 non
3005 1393 3074 1440 est
3098 1402 3211 1456 spes
3230 1403 3250 1442 :
3264 1388 3399 1458 quod
3426 1392 3557 1446 enim

1968 1468 2100 1523 videt
2140 1469 2270 1539 quis,
2298 1471 2419 1542 quid
2461 1473 2674 1543 sperat?
2721 1473 2784 1529 Si
2824 1486 2992 1530 autem
3026 1479 3163 1550 quod
3202 1496 3304 1534 non
3332 1481 3557 1537 videmus

1967 1578 2249 1632 speramus,
2291 1580 2383 1638 per
2407 1565 2700 1637 patientiam
2724 1578 3072 1638 exspectamus
3098 1566 3285 1641 (Rom;
3304 1589 3416 1641 vni,
3446 1574 3518 1631 24
3538 1615 3556 1641 ,

1966 1651 2083 1723 25).
2123 1652 2251 1711 Sine
2279 1656 2377 1711 ista
2405 1672 2532 1728 ergo
2561 1660 2963 1729 regeneratione
2996 1646 3181 1717 rsalvos
3210 1663 3263 1719 in
3298 1674 3558 1732 aeternum

1970 1756 2129 1812 posse
2173 1747 2424 1815 parvulos
2452 1748 2587 1815 fieri,
2617 1748 2737 1820 quis
2763 1749 2956 1806 audeat
2983 1752 3272 1822 affirmare,
3306 1762 3558 1826 tanquam

1969 1848 2075 1890 non
2123 1849 2220 1905 pro
2249 1835 2327 1891 eis
2356 1846 2598 1894 mortuus
2640 1839 2711 1895 sit
2759 1839 3043 1898 Christus?
3070 1842 3285 1899 Etenim
3330 1844 3561 1902 Christus

1968 1941 2063 1997 pro
2088 1925 2258 1997 impiis
2283 1936 2509 1984 mortuus
2554 1939 2629 1985 est
2663 1928 2773 2006 (Id.
2802 1948 2855 1999 v,
2887 1931 2964 2005 6).
3006 1933 3098 1989 Isti
3136 1945 3315 1991 autem
3355 1938 3467 2009 qui,
3499 1948 3556 1993 ut

1968 2019 2310 2075 manifestum
2335 2028 2438 2089 est,
2466 2020 2600 2076 nihil
2626 2022 2679 2078 in
2717 2038 2811 2078 sua
2838 2024 3054 2096 propria
3080 2027 3186 2082 vita
3214 2027 3374 2098 impie
3400 2044 3551 2084 com-

1970 2110 2251 2180 miserunt,
2299 2112 2345 2168 si
2375 2128 2474 2169 nec
2497 2115 2824 2186 originaliter
2867 2118 2977 2173 ullo
3015 2120 3302 2190 impietatis
3343 2123 3558 2179 vinculo

1969 2199 2295 2270 detinentur,
2319 2206 2584 2275 quomodo
2610 2221 2707 2277 pro
2735 2208 2814 2264 eis
2843 2218 3084 2266 mortuus
3108 2223 3189 2267 est
3213 2215 3304 2284 qui
3331 2220 3428 2285 pro
3456 2216 3526 2269 im
3545 2245 3562 2255 -

1970 2293 2074 2365 piis
2120 2303 2362 2351 mortuus
2406 2297 2528 2351 cst?
2564 2297 2621 2353 Si
2671 2298 2818 2357 nulla
2865 2300 3140 2371 originalis
3188 2314 3312 2358 sunt
3358 2308 3561 2376 peccati

1971 2388 2285 2460 aegritudine
2311 2390 2553 2457 sauciati,
2583 2390 2852 2460 quomodo
2878 2391 2946 2448 ad
2974 2393 3239 2450 medicum
3263 2395 3556 2464 Christum,

1972 2479 2075 2536 hoc
2102 2489 2203 2547 est,
2227 2479 2293 2535 ad
2320 2481 2720 2551 percipiendum
2751 2482 3156 2539 Sacramentum
3187 2486 3373 2542 salutis
3398 2497 3560 2544 acter-

1972 2586 2080 2639 Iec,
2111 2584 2331 2625 suorum
2357 2571 2683 2627 currentium
2709 2573 2799 2644 pio
2830 2574 3021 2630 timore
3050 2583 3350 2646 portantur,
3378 2587 3432 2634 et
3456 2595 3561 2633 non

1971 2663 2051 2720 eis
2081 2662 2133 2717 in
2158 2661 2396 2718 Ecclesia
2422 2661 2638 2732 dicitur,
2662 2663 2882 2721 Auferte
2908 2666 3031 2722 hinc
3051 2667 3360 2724 innocentes
3392 2670 3559 2735 istos;

1971 2769 2080 2811 non
2108 2763 2193 2811 est
2218 2769 2352 2825 opus
2396 2756 2541 2812 sanis
2584 2756 2846 2825 medicus,
2896 2759 2989 2814 sed
3017 2759 3156 2815 male
3201 2759 3561 2817 habentibus:

1972 2856 2078 2905 non
2122 2849 2271 2904 venit
2316 2846 2560 2905 Christus
2590 2865 2783 2906 vocare
2824 2851 3020 2922 justos,
3076 2853 3170 2908 sed
3217 2855 3565 2923 peccatores?

1973 2940 2254 3012 Nunquam
2284 2940 2487 2996 dictum
2530 2950 2633 3010 est,
2680 2957 2949 3012 nunquam
2993 2943 3186 3000 dicitur
3226 2946 3266 3012 ί,
3296 2962 3566 3017 nunquam

1975 3035 2195 3092 omnino
2220 3034 2426 3091 dicetur
2452 3035 2505 3090 in
2530 3035 2768 3092 Ecclesia
2793 3035 2986 3093 Christi
3014 3038 3116 3094 tale
3141 3049 3526 3096 commentum.

2043 3126 2271 3184 CAPUT
2319 3126 2463 3182 XIX.
2495 3156 2567 3168 —
2618 3127 2709 3183 24.
2766 3126 2996 3201 Infantes
3043 3137 3095 3184 ut
3142 3130 3340 3199 ﬁdeles,
3396 3132 3468 3186 ita
3517 3141 3566 3188 et

1983 3217 2273 3288 ptenitentes
2317 3217 2571 3272 dicuntur.
2618 3215 2837 3272 Peccata
2870 3218 2979 3272 sola
3014 3219 3146 3274 inter
3178 3218 3343 3275 Deum
3386 3230 3431 3275 et
3470 3222 3567 3277 Ito-

1978 3309 2137 3365 mines
2188 3317 2446 3381 separant.
2521 3308 2601 3364 Ae
2650 3323 2720 3365 ne
2775 3309 2893 3381 quis
2951 3309 3222 3367 existimet
3268 3310 3389 3368 ideo
3447 3328 3568 3383 par-

1976 3402 2134 3458 vulos
2184 3401 2253 3457 ad
2308 3402 2638 3473 Baptismum
2679 3401 2860 3459 afferri
2917 3413 3203 3475 oportere,
3254 3406 3376 3476 quia
3430 3406 3568 3463 sicut

1975 3501 2287 3563 peccatores
2329 3507 2437 3548 non
2483 3500 2649 3562 sunt,
2707 3493 2781 3548 ita
2827 3509 2928 3550 nec
2964 3494 3095 3566 justi
3137 3504 3262 3552 sunt
3292 3516 3306 3553 :
3336 3513 3563 3568 quomo-

1974 3582 2045 3639 do
2089 3597 2218 3654 ergo
2259 3581 2474 3654 quidam
2521 3583 2771 3639 meritum
2826 3584 2983 3655 hujus
3037 3585 3211 3641 aetatis
3258 3602 3289 3640 a
3336 3586 3563 3643 Domino

1975 3674 2246 3730 laudatum
2275 3688 2399 3755 esse
2419 3684 2861 3743 commemorant,
2890 3676 2978 3731 ubi
3004 3676 3099 3742 ait,
3133 3676 3300 3732 Sinite
3324 3677 3563 3749 parvulos

1974 3766 2139 3822 venire
2157 3766 2225 3820 ad
2251 3780 2368 3831 me;
2393 3762 2572 3821 talium
2598 3772 2669 3821 est
2694 3768 2826 3822 enim
2851 3784 3060 3839 regnum
3082 3764 3320 3824 caelorum
3347 3769 3561 3843 (Matth.

1974 3873 2086 3927 xxx,
2123 3854 2260 3930 ﬂ)?
2295 3858 2350 3915 Si
2376 3857 2520 3914 enim
2551 3857 2652 3913 hoc
2695 3874 2799 3914 non
2832 3870 3048 3930 propter
3079 3860 3389 3918 humilitatis
3416 3862 3567 3917 simi-

1973 3944 2278 4017 Iitudinem,
2326 3948 2786 4020 quod'humilitas
2815 3951 3065 4021 parvulos
3093 3952 3272 4019 faciat,
3304 3952 3398 4008 sed
3440 3968 3565 4024 pro-

1978 4055 2097 4118 pter
2119 4060 2404 4116 puerorum
2430 4045 2592 4100 vitam
2619 4044 2938 4101 laudabilem
2964 4045 3164 4101 dictum
3192 4055 3296 4115 est,
3326 4047 3565 4118 profecto

1977 4143 2034 4192 et
2069 4136 2198 4207 justi
2227 4143 2370 4191 sunt.
2409 4134 2525 4191 Non
2557 4136 2701 4191 enim
2729 4146 2872 4192 recte
2901 4137 3057 4193 aliter
3080 4137 3184 4194 dici
3218 4140 3410 4209 potuit,
3457 4138 3566 4194 Ta-

1977 4227 2104 4283 lium
2131 4234 2203 4281 est
2244 4243 2452 4299 regnum
2481 4227 2742 4293 caelorum,
2788 4242 2908 4283 cum
2955 4242 3076 4285 esse
3117 4244 3224 4286 non
3251 4230 3419 4301 possit
3464 4232 3567 4287 nisi

1973 4317 2257 4389 iustorum.
2298 4315 2406 4372 Sed
2437 4316 2569 4372 forte
2605 4316 2705 4372 hoc
2733 4317 2944 4387 quidem
2970 4333 3077 4374 non
3103 4328 3460 4391 congruenter
3489 4321 3571 4376 di-

1977 4409 2148 4477 citur,
2190 4407 2331 4478 quod
2363 4407 2706 4479 parvulorum
2753 4409 2917 4464 vitam
2972 4409 3266 4466 laudaverit
3310 4412 3568 4469 Dominus

1978 4501 2182 4568 dicens,
2214 4499 2420 4555 Talium
2460 4510 2531 4555 est
2576 4517 2785 4570 regnum
2824 4501 3061 4555 caelorum
3089 4518 3108 4556 :
3142 4517 3263 4557 cum
3306 4518 3468 4558 verax
3498 4492 3569 4559 sit

1978 4592 2070 4648 ille
2091 4592 2391 4648 intellectus
2407 4590 2549 4662 quod
2573 4591 2884 4646 humilitatis
2902 4591 3303 4648 similitudinem
3329 4594 3381 4648 in
3405 4610 3563 4664 parva

1979 4691 2138 4739 mtate
2178 4682 2435 4754 posuerit.
2483 4681 2859 4737 Verumtamen
2890 4682 3111 4738 forsitan
3144 4683 3244 4740 hoc
3275 4684 3565 4741 tenendum

1981 4781 2066 4830 est
2106 4768 2246 4844 quod
2275 4770 2406 4839 dixi,
2449 4781 2730 4843 propterea
2770 4772 3018 4844 parvulos
3045 4774 3302 4846 baptizari
3331 4776 3528 4833 debere
3553 4820 3569 4846 ,

1980 4866 2104 4938 quia
2133 4865 2269 4921 sicut
2315 4874 2623 4936 peccatores
2665 4879 2773 4919 non
2814 4874 2958 4934 sunt,
3005 4866 3077 4921 ita
3120 4882 3219 4923 nec
3250 4868 3379 4938 justi
3423 4879 3565 4925 sunt.

1981 4956 2087 5013 Sed
2112 4972 2232 5012 cum
2261 4956 2459 5012 dictum
2489 4964 2652 5025 esset,
2684 4954 2804 5011 Non
2845 4957 2957 5012 veni
2984 4975 3161 5014 vocare
3186 4960 3378 5032 justas,
3418 4963 3569 5032 quasi

1980 5048 2029 5105 ei
2059 5047 2493 5119 responderetur,
2513 5048 2657 5117 Quos
2677 5064 2807 5120 ergo
2834 5065 3026 5106 vocare
3047 5052 3279 5130 venisti}
3313 5054 3570 5110 continuo

1983 5140 2275 5212 subjunxit,
2306 5140 2394 5195 sed
2424 5150 2705 5211 peccatores
2731 5141 2784 5195 in
2822 5143 3166 5212 pwnitentiam
3193 5143 3342 5217 (Luc.
3369 5162 3421 5213 v,
3447 5146 3563 5220 '52).

1984 5232 2061 5288 Ac
2109 5248 2207 5304 per
2265 5232 2400 5297 hoc,
2448 5232 2716 5302 quomodo
2771 5233 2818 5289 si
2858 5233 2988 5304 justi
3032 5244 3186 5304 sunt,
3236 5238 3308 5294 ita
3359 5239 3568 5296 etiamsi

1983 5335 2290 5396 peccatores
2318 5342 2423 5381 non
2454 5336 2596 5390 sunt,
2627 5342 2733 5383 non
2762 5343 2855 5384 eos
2878 5329 3025 5385 venit
3050 5346 3260 5396 vocare,
3292 5333 3383 5402 qui
3412 5332 3565 5396 dixit,

1985 5418 2109 5475 Non
2134 5421 2246 5476 veni
2288 5437 2466 5475 uocare
2482 5421 2673 5492 justas,
2720 5423 2809 5476 sed
2855 5433 3138 5494 peccatores
3159 5424 3185 5478 ?
3221 5424 3291 5479 Et
3319 5423 3440 5480 ideo
3469 5424 3572 5480 Βα-

1984 5512 2178 5584 ptismo
2207 5512 2321 5584 ejus
2350 5511 2440 5584 qui
2481 5527 2575 5569 eos
2605 5528 2711 5570 non
2743 5522 2920 5583 vocat,
2957 5530 3063 5571 non
3096 5524 3300 5571 tantum
3330 5514 3525 5572 frustra
3558 5557 3574 5583 ,

1984 5622 2167 5664 verum
2206 5607 2364 5662 etiam
2409 5607 2648 5677 improbe
2686 5609 2937 5664 videntur
2975 5608 3218 5676 irruere;
3249 5608 3388 5680 quod
3433 5609 3570 5665 absit

1986 5709 2042 5757 ut
2072 5696 2386 5755 sentiamiis.
2426 5699 2592 5755 Vocat
2620 5717 2710 5757 eos
2750 5702 2907 5771 igitur
2934 5700 3194 5769 medicus,
3228 5702 3317 5773 qui
3348 5715 3453 5759 non
3486 5710 3570 5759 est

2054 5816 2067 5846 ι
2106 5820 2156 5866 ιιι
2172 5819 2301 5875 Mss,
2325 5826 2567 5878 nunquam
2591 5816 2797 5867 dicatur.
