4074 6550
534 330 638 385 125

531 455 670 511 opus
694 438 861 503 sanis,
878 435 972 492 sed
996 431 1396 505 aegrotantibus,
1416 440 1516 481 nec
1537 423 1685 480 venit
1707 434 1900 477 vocare
1921 417 2117 511 justus,

533 509 630 588 sed
680 536 985 602 peccatores
1028 525 1084 581 in
1130 517 1515 592 paenitentiam.
1566 515 1634 571 Et
1680 513 1801 569 ideo
1843 509 1967 583 quia
2009 523 2122 602 sua:

532 624 657 678 vita:
684 601 911 692 pr0prire
935 613 1165 688 peccatis
1192 611 1354 667 nullis
1390 608 1566 665 adhuc
1605 614 1855 664 tenentur
1883 601 2118 666 obnoxii,

537 714 810 786 originalis
848 712 900 767 in
928 710 1006 766 eis
1043 704 1301 778 aegritudo
1325 711 1542 760 sanatur
1584 702 1638 757 in
1668 700 1783 771 ejus
1821 696 1990 770 gratia
2032 694 2122 767 qui

536 807 716 862 salvos
743 803 866 859 facit
891 817 987 873 per
1029 800 1296 854 lavacrum
1322 793 1764 868 regenerationis.

606 896 698 950 25.
739 894 889 949 Dicet
931 892 1122 963 aliquis
1153 907 1168 945 :
1196 887 1475 958 Quomodo
1502 900 1631 958 ergo
1657 892 1713 940 ct
1740 880 1841 952 ipsi
1868 886 2126 935 vocantur

536 988 590 1042 in
635 983 1044 1056 paenitentiam?
1081 980 1347 1053 Numquid
1388 977 1628 1034 tantillos
1658 977 1675 1008 ¹
1707 980 1885 1047 potest
1926 966 2125 1041 aliquid

537 1075 841 1147 poenitere?
878 1075 1015 1131 Huic
1039 1072 1430 1145 respondetur:
1455 1068 1512 1125 Si
1544 1074 1825 1139 propterea
1852 1060 2123 1134 paeniten-

536 1177 621 1225 tes
668 1167 881 1224 dicendi
927 1182 1033 1222 non
1079 1173 1226 1231 sunt,
1259 1163 1379 1235 quia
1424 1176 1640 1217 sensum
1685 1153 1976 1228 paenitendi
2019 1166 2126 1208 non

540 1259 742 1316 habent
764 1261 808 1325 ³,
838 1273 941 1314 nec
971 1256 1151 1312 ﬁdeles
1175 1254 1385 1311 dicendi
1410 1259 1552 1319 sunt,
1585 1250 1708 1320 quia
1732 1246 1976 1304 similiter
2000 1259 2126 1300 sen-

542 1366 662 1408 sum
707 1349 960 1408 credendi
1011 1346 1247 1405 nondum
1290 1345 1506 1400 habent.
1548 1341 1605 1397 Si
1638 1348 1816 1395 autem
1846 1345 2127 1409 propterea

539 1453 688 1500 recte
717 1441 899 1499 ﬁdeles
924 1448 1202 1506 vocantur,
1235 1437 1485 1510 quoniam
1529 1433 1689 1490 ﬁdem
1720 1447 1817 1503 per
1841 1428 2001 1485 verba
2027 1442 2124 1498 ge-

539 1535 799 1592 stantium
837 1532 1067 1605 quodam
1095 1529 1257 1587 modo
1303 1528 1656 1601 proﬁtentur;
1687 1540 1784 1580 cur
1830 1537 1937 1577 non
1982 1519 2129 1590 prius

540 1630 702 1686 etiam
730 1628 1051 1700 pmnitentes
1070 1625 1353 1692 habentur,
1376 1636 1496 1677 cum
1522 1635 1621 1691 per
1636 1615 1949 1674 eorumdem
1965 1611 2129 1669 verba

538 1719 861 1790 gestantium
905 1716 1118 1772 diabolo
1146 1723 1202 1771 et
1230 1714 1354 1769 huic
1397 1711 1595 1768 saeculo
1639 1708 1949 1765 renuntiare
1976 1719 2130 1761 mon-

539 1808 820 1864 strantur?
857 1807 1049 1863 Totum
1101 1806 1204 1861 hoc
1246 1805 1299 1860 in
1343 1819 1440 1875 spe
1499 1802 1558 1857 ﬁt
1601 1801 1655 1857 vi
1707 1796 2034 1856 Sacramenti
2078 1804 2132 1875 et

541 1901 740 1957 divina:
764 1901 965 1972 gratiae,
994 1915 1157 1971 quam
1182 1899 1441 1955 Dominus
1467 1894 1686 1961 donavit
1711 1894 1988 1965 Ecclesiae.
2015 1889 2132 1947 Ca:-

539 2001 715 2049 terum
758 1991 876 2064 quis
916 1993 1124 2064 ignorat
1168 1991 1310 2063 quod
1341 1990 1639 2061 baptizatus
1669 1987 1940 2059 parvulus,
1989 1986 2034 2042 si
2064 1986 2132 2041 ad

540 2083 830 2139 rationales
858 2098 1029 2138 annos
1068 2082 1293 2138 veniens
1328 2096 1437 2136 non
1480 2079 1790 2147 crediderit,
1840 2092 1942 2133 nec
1980 2092 2041 2133 se
2066 2075 2135 2132 ab

539 2171 739 2227 illicitis
782 2171 1230 2241 concupiscentiis
1273 2170 1612 2236 abstinuerit,
1662 2168 1795 2223 nihil
1820 2167 1870 2223 ei
1896 2164 2133 2238 proderit

539 2262 684 2335 quod
724 2279 919 2333 parvus
956 2263 1208 2333 accepit?
1243 2262 1627 2318 Verumtamen
1668 2261 1714 2316 si
1742 2268 1998 2331 percepto
2026 2259 2134 2314 Ba—

539 2356 790 2427 ptismate
837 2355 909 2412 de
934 2356 1035 2417 bac
1080 2356 1187 2411 vita
1229 2354 1590 2426 emigraverit,
1636 2353 1813 2409 soluto
1860 2361 2012 2409 reatu
2049 2351 2133 2407 cui

542 2446 874 2517 originaliter
898 2456 1013 2501 erat
1052 2445 1333 2512 obnoxius,
1372 2444 1679 2515 perﬁcietur
1704 2445 1758 2500 in
1800 2444 1893 2499 illo
1934 2441 2136 2499 lumine

541 2537 805 2604 veritatis,
830 2537 969 2608 quod
998 2536 1502 2593 incommutabiliter
1524 2552 1749 2592 manens
1767 2537 1822 2592 in
1848 2545 2133 2604 aeternum,

538 2626 858 2697 justiﬁeatos
923 2627 1204 2697 praesentia
1255 2625 1528 2683 Creatoris
1571 2626 1853 2683 illuminat.
1910 2627 2136 2683 Peccata

543 2720 689 2775 enim
718 2719 832 2775 sola
856 2727 1106 2790 separant
1128 2719 1269 2775 inter
1292 2719 1535 2776 homines
1563 2726 1617 2775 et
1641 2718 1833 2788 Deum,
1876 2734 1996 2789 quae
2022 2718 2136 2773 sol-

543 2820 743 2867 vuntur
766 2810 961 2867 Christi
988 2812 1179 2882 gratia,
1209 2826 1306 2882 per
1332 2827 1493 2882 quem
1517 2810 1864 2868 mediatorem
1890 2809 2140 2867 reconci-

544 2901 759 2969 liamur,
790 2918 911 2975 cum
937 2903 1194 2973 justiﬁcat
1218 2904 1460 2973 impium.

625 2995 850 3052 CAPUT
885 2994 1007 3051 XX.
1036 3026 1109 3037 —
1147 2995 1239 3052 26.
1280 2996 1362 3050 Ad
1387 3012 1611 3051 mensam
1638 2994 1849 3051 Domini
1871 3012 2017 3051 nemo
2044 2997 2140 3052 rite

550 3085 651 3140 nisi
677 3085 957 3157 baptizatus
990 3087 1200 3141 accedit.
1233 3086 1527 3143 Terrentur
1554 3095 1731 3143 autem
1761 3087 1848 3142 isti
1875 3089 2139 3144 sententia

550 3179 758 3234 Domini
772 3179 1018 3247 dicentis,
1038 3179 1158 3235 Nisi
1176 3180 1288 3251 quis
1303 3188 1452 3235 natus
1468 3180 1618 3250 fuerit
1634 3178 1820 3246 denuo,
1846 3197 1946 3234 non
1960 3179 2141 3235 videbit

549 3286 759 3341 regnum
783 3271 900 3327 Dei.
942 3271 1094 3340 Quod
1111 3287 1232 3328 cum
1256 3279 1567 3342 exponeret,
1597 3274 1691 3339 ait,
1723 3272 1843 3328 Nisi
1864 3274 1974 3343 quis
1994 3291 2142 3330 rena-

549 3366 633 3416 tus
679 3364 832 3434 fuerit
858 3381 921 3419 ac
946 3380 1079 3435 aqua
1122 3374 1168 3419 et
1196 3364 1421 3437 Spiritu,
1461 3382 1563 3421 non
1606 3366 1812 3421 intrabit
1837 3366 1891 3422 in
1933 3385 2144 3439 regnum

551 3454 791 3508 calorum
818 3453 999 3526 (Joan.
1030 3470 1109 3522 ιιι,
1132 3456 1185 3522 '5,
1217 3456 1297 3527 5).
1339 3456 1405 3512 Et
1430 3464 1711 3527 propterea
1731 3466 1995 3514 conantur
2017 3473 2142 3530 par-

551 3544 690 3600 vulis
730 3559 837 3602 non
887 3546 1163 3616 baptizatis
1205 3547 1523 3604 innocentia:
1567 3549 1757 3605 merito
1809 3550 2036 3606 salutem
2077 3566 2142 3607 ac

551 3637 713 3693 vitam
739 3646 993 3694 aeternam
1019 3639 1282 3707 tribuere;
1314 3640 1409 3697 sed
1439 3640 1561 3713 quia
1587 3642 1836 3712 baptizati
1868 3640 1975 3699 non
1994 3653 2139 3712 sunt,

546 3741 648 3783 eos
670 3743 702 3782 a
733 3743 898 3799 regno
924 3729 1183 3785 caelorum
1230 3729 1413 3787 facere
1457 3732 1663 3787 alienos
1692 3748 1707 3787 :
1734 3722 1872 3787 nova
1914 3733 2143 3802 quadam

546 3829 608 3875 et
629 3820 855 3875 mirabili
883 3822 1321 3892 praesumptione,
1365 3823 1518 3892 quasi
1547 3823 1690 3879 salus
1715 3839 1779 3880 ac
1806 3833 2005 3880 mterna
2036 3826 2141 3881 vita

550 3914 723 3984 possit
758 3928 878 3970 esse
921 3924 1116 3985 prater
1148 3914 1345 3970 Christi
1391 3915 1776 3984 litereditatem,
1816 3925 2013 3988 prazter
2052 3933 2142 3973 re-

551 4019 721 4075 gnum
764 4006 1044 4061 coelorum.
1085 4005 1295 4061 Habent
1321 4006 1465 4061 enim
1512 4005 1760 4062 videlicet
1805 4023 1911 4078 quo
1957 4007 2146 4063 confu-

548 4094 720 4165 giant,
748 4104 907 4166 atque
942 4094 1032 4150 ubi
1071 4095 1405 4164 delitescant,
1450 4096 1571 4166 quia
1616 4111 1721 4152 non
1751 4096 1826 4152 ait
1853 4097 2141 4167 Dominus,

557 4186 620 4241 Si
644 4188 754 4258 quis
786 4204 887 4242 non
914 4198 1117 4242 renatus
1141 4189 1295 4260 fuerit
1323 4205 1386 4243 ea:
1423 4205 1556 4258 aqua
1579 4198 1627 4243 et
1656 4188 1877 4261 Spiritu,
1912 4207 2020 4246 non
2045 4191 2142 4246 ha-

554 4277 705 4334 bebit
728 4279 931 4345 vitam;
983 4278 1077 4335 sed
1106 4281 1201 4348 ait,
1249 4296 1351 4334 non
1394 4280 1600 4335 intrabit
1639 4281 1694 4336 in
1736 4297 1947 4353 regnum
1974 4283 2072 4339 Dei
2101 4284 2141 4339 ³.

553 4367 689 4428 Nam
719 4369 765 4426 si
790 4369 921 4426 illud
950 4369 1193 4438 dixisset,
1222 4369 1367 4425 nulla
1392 4369 1516 4426 hinc
1542 4370 1803 4427 dubitatio
1827 4382 2007 4443 posset
2044 4374 2145 4431 ob-

554 4463 708 4520 oriri.
747 4462 1033 4521 Auferatur
1074 4478 1203 4533 ergo
1244 4461 1503 4518 dubitatio
1542 4482 1557 4519 :
1584 4463 1693 4534 jam
1742 4464 2025 4522 Dominum
2050 4482 2147 4526 au-

552 4555 785 4622 diamus,
819 4570 927 4610 non
964 4554 1297 4626 suspiciones
1333 4553 1770 4627 conjecturasque
1800 4557 2139 4626 mortalium;

557 4646 840 4701 Dominum
886 4645 1186 4712 audiamus,
1232 4645 1469 4716 inquam,
1517 4660 1623 4703 non
1674 4645 1889 4717 quidem
1934 4647 2039 4704 hoc
2075 4649 2144 4706 de

1170 318 1258 374 DE
1290 307 1750 372 PECCATORUM
1780 303 2059 360 MERITIS
2096 301 2185 357 ΕΤ
2229 299 2657 369 REMISSIONE,
2700 302 2755 358 S.
2797 301 3166 359 AUGUSTINI

3706 308 3806 364 HJ

2298 414 2392 467 27.
2433 414 2517 468 An
2550 430 2678 470 vero
2720 415 2997 486 quisquam
3024 415 3183 470 etiam
3215 413 3318 470 hoc
3342 414 3519 472 dicere
3562 418 3817 491 audebit,

2227 504 2367 576 quod
2391 505 2457 560 ad
2487 506 2737 576 parvulos
2782 506 2897 562 brec
2924 507 3190 561 sententia
3220 522 3327 562 non
3365 510 3649 579 pertineat,
3701 527 3820 582 pos-

2227 602 2440 673 sintque
2481 602 2600 659 sine
2636 602 3042 674 participatione
3067 605 3309 676 corporis
3337 605 3499 677 hujus
3523 618 3577 663 et
3606 610 3820 679 sangui—

2229 691 2312 747 nis
2353 694 2407 747 in
2433 706 2493 749 se
2539 691 2739 749 habere
2780 694 2942 748 vitam
2974 691 3049 768 (a)
3084 713 3098 749 :
3129 695 3253 765 quia
3293 711 3400 751 non
3428 697 3522 764 ait,
3571 696 3672 765 Qui
3713 714 3816 755 non

2230 783 2646 849 manducaverit,
2690 783 2832 839 sicut
2872 784 2942 840 de
2985 784 3278 856 Baptismo,
3326 786 3425 854 Qui
3469 804 3574 842 non
3617 799 3822 845 renatus

2230 876 2380 948 fuerit
2405 893 2426 943 ;
2453 875 2550 933 sed
2590 877 2683 944 ait,
2708 876 2771 932 Si
2797 894 2899 932 non
2925 877 3364 947 manduca‘ueritis,
3393 880 3541 936 velut
3568 894 3665 936 eos
3693 880 3823 938 allo-

2230 981 2401 1038 quens
2420 968 2513 1039 qui
2550 967 2734 1023 audire
2772 977 2826 1025 et
2853 969 3151 1041 intelligere
3174 979 3439 1040 poterant,
3470 971 3613 1043 quod
3639 973 3821 1044 utique

2232 1076 2337 1116 non
2366 1061 2548 1117 valent
2575 1062 2822 1133 parvuli?
2861 1062 2968 1120 Sed
2997 1065 3088 1135 qui
3132 1064 3235 1121 hoc
3262 1064 3410 1132 dicit,
3455 1081 3562 1122 non
3593 1067 3824 1124 attendit

2231 1151 2355 1224 quia
2370 1153 2472 1209 nisi
2487 1168 2675 1211 omnes
2692 1152 2792 1211 ista
2808 1158 3071 1213 sententia
3086 1165 3285 1224 teneat,
3310 1167 3368 1214 ut
3384 1159 3501 1215 sine
3512 1176 3742 1231 corpore
3768 1172 3825 1218 et

2232 1244 2487 1317 sanguine
2528 1245 2649 1301 Filii
2686 1245 2919 1303 hominis
2960 1248 3123 1305 vitam
3173 1248 3376 1307 habere
3415 1267 3525 1307 non
3569 1254 3825 1324 possint,
3896 1244 3902 1250 ’

2233 1334 2426 1391 frustra
2454 1336 2614 1393 etiam
2653 1346 2784 1394 tetas
2824 1339 3001 1409 major
3045 1339 3098 1395 id
3143 1352 3314 1397 curat.
3354 1343 3539 1400 Potest
3581 1346 3747 1414 enim,
3781 1349 3829 1405 si

2234 1442 2341 1482 non
2388 1428 2731 1497 voluntatem,
2781 1429 2877 1486 sed
2920 1431 3081 1487 verba
3122 1432 3392 1503 loquentis
3435 1419 3705 1504 attendas,
3748 1438 3829 1495 eis

2234 1518 2362 1575 solis
2389 1519 2562 1576 videri
2588 1520 2809 1588 dictum,
2832 1522 3024 1593 quibus
3049 1531 3176 1580 tunc
3200 1525 3459 1583 Dominus
3479 1527 3822 1598 loquebatur:

2234 1611 2356 1680 quia
2398 1624 2505 1666 non
2553 1611 2646 1679 ait,
2701 1613 2802 1677 Qui
2848 1628 2956 1669 non
2992 1614 3430 1684 manducaverit;
3475 1617 3592 1687 sed,
3641 1620 3705 1676 Si
3731 1638 3835 1677 non

2234 1700 2673 1758 manducaveritis.
2715 1702 2786 1759 Et
2828 1704 2917 1760 ubi
2958 1715 3042 1761 est
3073 1706 3217 1778 quod
3243 1708 3433 1764 eodem
3463 1709 3584 1767 loco
3626 1711 3695 1768 de
3733 1719 3837 1769 hac

2236 1794 2349 1865 ipsa
2376 1810 2436 1851 re
2473 1795 2566 1863 ait,
2598 1794 2760 1851 Panis
2794 1813 2943 1868 quem
2978 1815 3068 1870 ego
3112 1798 3318 1868 dedero,
3350 1818 3469 1856 caro
3500 1818 3615 1857 mea
3642 1813 3715 1859 est
3739 1822 3837 1877 pro

2239 1884 2413 1940 saeculi
2450 1885 2552 1939 vita
2592 1883 2769 1958 (Joan.
2805 1903 2881 1956 v1,
2911 1880 3000 1955 54,
3034 1887 3172 1961 52)?
3208 1889 3515 1947 Secundum
3542 1893 3647 1950 hoc
3687 1896 3835 1951 enim

2237 1974 2401 2030 etiam
2441 1974 2508 2031 ad
2534 1990 2634 2032 nos
2671 1977 2937 2047 pertinere
2974 1978 3107 2034 illud
3133 1979 3543 2038 Sacramentum
3575 1985 3835 2058 intelligi-

2237 2080 2378 2133 mus,
2424 2067 2515 2137 qui
2545 2075 2670 2124 tunc
2697 2069 2933 2125 nondum
2976 2069 3175 2129 fuimus
3204 2074 3421 2144 quando
3450 2075 3551 2133 ista
3579 2076 3833 2145 dicebat;

2238 2159 2360 2230 quia
2387 2159 2405 2191 ⁸
2436 2174 2541 2214 non
2567 2175 2850 2231 possumus
2876 2161 3061 2220 dicere
3086 2165 3155 2220 ad
3174 2167 3429 2222 saeculum
3455 2185 3554 2224 nos
3577 2185 3686 2226 non
3708 2187 3838 2242 per-

2241 2252 2429 2319 tinere,
2468 2266 2566 2322 pro
2606 2252 2758 2323 cujus
2800 2253 2907 2308 vita
2947 2253 3193 2311 Christus
3221 2252 3372 2313 suam
3416 2273 3634 2316 carnem
3661 2261 3836 2318 dedit.

2239 2344 2369 2412 Quis
2412 2352 2591 2401 autem
2621 2345 2856 2416 ambigat
2882 2348 3065 2402 sreculi
3093 2350 3311 2406 nomine
3340 2350 3587 2409 homines
3625 2353 3839 2425 signiﬁ-

2240 2443 2389 2490 catos
2413 2448 2555 2503 esse,
2587 2436 2675 2507 qui
2719 2437 2991 2493 nascendo
3031 2439 3085 2493 in
3126 2439 3228 2496 hoc
3272 2443 3528 2498 sacculum
3574 2446 3843 2501 veniunt?

2240 2527 2396 2595 Nam,
2433 2527 2572 2584 sicut
2614 2528 2740 2584 alibi
2781 2530 2877 2598 ait,
2926 2529 3054 2585 Filii
3096 2533 3270 2589 διεθηιὶ
3321 2535 3476 2606 hujus
3520 2547 3763 2608 generant
3791 2549 3843 2594 et

2241 2628 2545 2690 generantur
2572 2617 2721 2692 (Luc.
2760 2637 2850 2688 xx,
2879 2620 2998 2693 54).
3036 2622 3115 2678 Ac
3140 2640 3236 2694 per
3265 2625 3368 2680 hoc
3394 2627 3555 2682 etiam
3589 2644 3685 2700 pro
3714 2645 3844 2700 par-

2242 2711 2485 2767 vulorum
2526 2713 2636 2768 vita
2663 2727 2788 2769 caro
2816 2713 2939 2770 data
2965 2723 3067 2782 est,
3099 2733 3217 2788 qua:
3244 2717 3366 2773 data
3395 2728 3479 2775 est
3525 2736 3623 2791 pro
3650 2723 3842 2778 smcnli

2244 2801 2388 2869 vita;
2419 2811 2474 2859 et
2497 2802 2545 2859 si
2570 2818 2676 2860 non
2707 2805 3143 2863 manducaverint
3172 2824 3388 2866 carnem
3418 2809 3539 2866 Filii
3571 2811 3839 2883 hominis,

2244 2910 2343 2952 nec
2369 2895 2467 2967 ipsi
2496 2896 2766 2954 habebunt
2788 2899 2972 2955 vitam.

2312 2985 2405 3043 28.
2430 2985 2564 3042 Hinc
2582 2996 2665 3044 est
2706 2989 2867 3045 etiam
2910 2990 3060 3057 illud,
3107 2991 3265 3047 Pater
3312 2994 3479 3067 diligit
3525 2995 3746 3062 Filium,
3778 3008 3832 3054 et

2244 3077 2416 3132 omnia
2438 3076 2576 3132 dedit
2598 3078 2652 3133 in
2672 3095 2825 3134 manu
2847 3081 2868 3112 ¹
2897 3081 3027 3152 ejus.
3064 3082 3165 3150 Qui
3191 3086 3350 3139 credit
3371 3086 3423 3141 in
3450 3085 3659 3156 Filium,
3688 3087 3847 3145 habet

2244 3170 2396 3225 vitam
2417 3179 2657 3226 aeternam
2680 3189 2695 3226 :
2725 3174 2812 3242 qui
2824 3182 2990 3228 autem
3018 3175 3308 3232 incredulus
3327 3187 3401 3254 est
3427 3177 3588 3246 Filio,
3610 3196 3714 3235 non
3744 3181 3846 3236 ha-

2247 3261 2372 3316 bebit
2388 3263 2564 3330 vitam,
2594 3262 2685 3318 sed
2714 3263 2794 3319 ira
2836 3264 2933 3319 Dei
2972 3276 3140 3321 manet
3182 3284 3336 3338 super
3379 3285 3492 3324 eum
3518 3272 3536 3342 (
3565 3269 3724 3326 Joan.
3751 3288 3839 3341 ιιι,

2245 3353 2335 3421 ⁸55,
2366 3353 2437 3410 56
2461 3353 2505 3426 ).
2525 3355 2584 3410 in
2612 3368 2719 3426 quo
2742 3355 2903 3427 igitur
2927 3356 3118 3413 horum
3144 3375 3342 3430 genere
3374 3376 3632 3432 ponemus
3654 3362 3840 3420 infano

2247 3448 2373 3503 tes?
2402 3447 2454 3502 in
2479 3461 2664 3503 eorum
2704 3448 2796 3519 qui
2825 3448 3053 3505 credunt
3095 3450 3148 3505 in
3176 3451 3393 3520 Filium,
3421 3468 3490 3509 an
3542 3454 3595 3510 in
3646 3470 3844 3515 eorum

2246 3538 2336 3609 qui
2363 3546 2487 3594 sunt
2513 3530 2772 3595 increduli
2802 3539 2979 3596 Filio?
3001 3539 3059 3596 In
3090 3551 3301 3611 neutro,
3349 3544 3427 3599 ait
3450 3546 3677 3617 aliquis;
3698 3547 3832 3618 quia

2247 3643 2367 3684 cum
2393 3628 2569 3685 adhuc
2596 3628 2818 3685 credere
2842 3646 2947 3686 non
2978 3641 3218 3701 possunt,
3242 3648 3342 3690 nec
3363 3635 3622 3691 increduli
3648 3637 3831 3708 depu-

2250 3719 2393 3775 tandi
2427 3729 2570 3775 sunt.
2596 3718 2713 3777 Non
2770 3720 2874 3777 hoc
2923 3722 3122 3778 indicat
3150 3723 3171 3755 ³
3220 3725 3576 3783 ecclesiastica
3607 3728 3821 3797 regula,

2249 3824 2369 3880 quae.
2410 3808 2709 3881 baptizatos
2754 3810 2984 3867 infantes
3028 3813 3264 3868 ﬁdelium
3320 3831 3543 3871 numero
3572 3816 3844 3889 adjungit.

2249 3900 2419 3957 Porro
2445 3900 2491 3956 si
2530 3901 2617 3957 isti
2653 3901 2744 3973 qui
2766 3902 3124 3973 baptizanlur,
3178 3913 3396 3976 propter
3424 3907 3672 3964 virtutem
3698 3910 3853 3966 cele-

2249 3992 2652 4065 brationemque
2701 3996 2832 4049 tanti
2878 3995 3229 4074 Sacramenti,
3269 4001 3512 4069 quamvis
3543 4016 3641 4059 suo
3663 4005 3856 4061 corde

2249 4094 2407 4156 atque
2430 4100 2525 4142 ore
2557 4101 2665 4141 non
2697 4095 2855 4158 agant
2900 4088 3043 4160 quod
3086 4090 3153 4145 ad
3197 4091 3525 4149 credendum
3578 4095 3856 4153 conﬁten-

2314 4262 2331 4330 ξ
2367 4262 2665 4330 m__o_rnnibus
2683 4269 2790 4313 Mss.
2805 4296 2820 4325 ,
2845 4264 2945 4330 qui.

2247 4322 2505 4435 ωᾶῃαεάἱιὶ,
2545 4323 2598 4375 in
2627 4322 2816 4376 manus.
2855 4322 2914 4377 λι
2950 4330 3283 4393 manuscripti,
3313 4331 3454 4394 juxta
3487 4333 3754 4400 Vulgatam,
3800 4337 3859 4390 in

2313 4447 2334 4512 ξ
2365 4447 2438 4512 sic
2460 4454 2564 4497 mss.
2590 4447 2710 4498 Editi
2735 4461 2872 4511 vero,
2886 4448 3106 4512 judicat.

2311 4506 2384 4570 (a)
2418 4515 2545 4559 lianc
2577 4506 2878 4577 sententiam
2886 4506 2973 4561 'ab
3012 4514 3275 4575 Apostolica
3315 4516 3473 4577 Sede,
3507 4532 3617 4569 cum
3649 4520 3714 4571 de
3760 4522 3861 4576 hac

2252 4570 2355 4643 ipsa
2376 4583 2447 4643 re.
2456 4578 2706 4643 ageretur,
2723 4572 2980 4643 adhibitam
2997 4570 3168 4643 contra
3183 4570 3471 4643 Pelagianos
3486 4580 3655 4643 fuisse,
3679 4570 3862 4638 scribit

2254 4632 2560 4704 Augustinus,
2571 4632 2889 4704 epist.186,ad
2903 4635 3164 4704 Paulinum,
3180 4632 3327 4704 nuBS
3338 4651 3390 4692 et
3399 4640 3475 4690 29.
3486 4632 3701 4697 adhibuit
3710 4632 3861 4697 uin—1i:

2378 4697 2685 4761 Innocentius
2705 4708 2827 4761 papa
2860 4698 2908 4761 in
2926 4697 3125 4761 epistola
3144 4699 3205 4747 ad
3230 4708 3392 4751 Patres
3413 4705 3667 4755 Milevitani
3690 4712 3861 4760 conci-

556 4735 906 4791 Sacramento
955 4734 1152 4790 lavacri
1176 4734 1198 4766 ⁸
1233 4734 1519 4803 dicentem,
1566 4736 1663 4791 sed
1688 4736 1757 4792 dc
1797 4736 2145 4797 Sacramenta

557 4833 759 4883 sancta
784 4826 806 4858 '
831 4839 1033 4881 mensae
1075 4840 1209 4893 suae,
1254 4841 1359 4896 quo
1385 4840 1543 4882 nemo
1579 4826 1683 4882 rite
1710 4827 1813 4883 nisi
1850 4828 2144 4898 baptizatus

556 4915 763 4972 accedit
793 4932 807 4969 :
842 4913 963 4969 Nisi
985 4914 1404 4970 manducaueritis
1423 4932 1623 4970 carnem
1648 4934 1833 4985 meam,
1861 4928 1906 4973 et
1928 4920 2145 4976 biberitis

556 5008 854 5081 sanguinem
879 5023 1065 5073 meum,
1097 5023 1199 5062 non
1245 5006 1484 5062 habebitis
1521 5008 1673 5063 vitam
1713 5011 1767 5063 in
1808 5008 1963 5065 vobis.
2007 5011 2142 5080 Quid

560 5098 699 5154 ultra
727 5095 1062 5169 quaerimus?
1098 5095 1235 5167 Quid
1261 5096 1329 5152 ad
1356 5097 1457 5153 hoc
1482 5098 1797 5169 responderi
1819 5110 2014 5172 potest,
2041 5103 2142 5159 nisi

557 5188 850 5263 pertinacia
905 5203 1173 5260 pugnaces
1231 5203 1427 5245 nervos
1484 5190 1740 5249 adversus
1788 5193 2139 5251 constantiam

556 5284 853 5356 perspicua:
881 5283 1118 5340 veritatis
1158 5284 1431 5340 intendat?

2251 4753 2448 4832 εξετειμίιξ
2464 4756 2612 4832 uer
2629 4753 3000 4832 aerisaeris
3035 4768 3113 4832 es
3146 4761 3250 4832 «8:2.
3277 4766 3431 4832 Ysrba
3457 4753 3858 4832 mace-amissa
3898 4767 3909 4832 μ

2250 4816 2602 4884 huc'spectant,
2628 4816 2873 4884 transtulit
2893 4824 3184 4884 Augustinus
3206 4824 3255 4873 in
3287 4823 3464 4874 librum
3492 4829 3523 4877 2
3543 4816 3713 4879 eontra
3724 4816 3858 4884 δυξῆ
3893 4818 3902 4884 ἶ

2248 4879 2870 4962 Ejiismlmlgelamaumm,
2884 4895 2933 4930 n.
2945 4879 2993 4931 7'.
3008 4886 3475 4962 eraitereapelasius
3492 4904 3569 4962 pall
3582 4904 3610 4939 a
3630 4899 3737 4962 post
3756 4879 3829 4943 illi

2247 4939 2627 5017 g‘iistiniobituni
2638 4939 2890 5017 eadem_ex
2915 4948 3161 5017 sententia
3180 4946 3478 5017 Pelagianos,
3492 4939 3734 5014 cpiscopis

2250 5003 2718 5076 tricenunrscribeus,
2734 5003 3005 5076 redarguit,
3014 5020 3225 5076 eaquep
3233 5003 3441 5076 eniinem
3455 5003 3716 5076 exceptu'm
3731 5003 3856 5068 ess—6.
3889 5003 3893 5069 ῗ

2247 5062 2744 5146 (ἐοίέἓὶξῗυέἕθηιὲὶε
2767 5062 2915 5146 ΡἭδ
2934 5080 2971 5142 ³.
2988 5062 3466 5146 ’νενίρηάςηᾳίειεφιιο
3493 5062 3694 5146 regiius
3727 5062 3854 5141 (ἰῖὗᾶ
3888 5063 3900 5133 ὲ·

2250 5125 2923 5207 aristimandgmndeusalute
2954 5132 3159 5207 juvenis
3193 5133 3442 5207 Aitbiopis,
3468 5125 3579 5207 _qd_i
3622 5125 3854 5207 insita-nte

2248 5192 2406 5258 morte
2428 5187 2710 5265 liaptiuatuls.2
2730 5190 2861 5265 prius
2882 5187 3182 5265 όθὸςξδθςαι,
3207 5187 3715 5265 qttain'_Eurharistiam
3738 5187 3858 5265 131:?—

2247 5247 2790 5326 cepisseufostendit'et
2807 5264 2876 5326 ex
2889 5252 3070 5326 multis
3086 5247 3338 5317 Script'urae
3365 5257 3497 5319 locis,
3525 5268 3577 5309 et
3604 5247 3857 5326 agiagi}-
3885 5248 3895 5317 ξ

2246 5309 2359 5359 stini
2389 5323 2621 5383 sermone
2658 5311 2717 5383 ad
2753 5311 2980 5383 infantes,
3013 5332 3045 5383 «_
3060 5322 3175 5383 tunc
3186 5309 3594 5383 unumquemque
3615 5309 3855 5376 ﬁdeliam
3887 5309 3893 5339 ³

2254 5372 3153 5453 fEQQYEERWEiéﬂPEPQmFW
3181 5372 3464 5453 ιςέπὲοίὺιξῐη
3488 5372 3613 5453 fieri:
3653 5372 3856 5447 quasi;

2254 5449 2279 5478 ι
2302 5438 2359 5507 in
2393 5438 2679 5507 Baptismate
2716 5438 2987 5507 membrum
3016 5438 3231 5501 corporis
3264 5438 3434 5507 Christi
3472 5438 3707 5507 edicitur;
3754 5438 3856 5501 nec

2255 5511 2277 5540 ε
2300 5493 2497 5544 alienari
2521 5496 2582 5563 ab
2601 5509 2662 5545 eo
2683 5498 2821 5561 panis
2832 5497 3091 5563 calicisqne
3102 5493 3362 5563 consortio,
3376 5507 3567 5556 etiamsi
3584 5493 3647 5556 an

2255 5574 2276 5599 ε
2300 5568 2475 5627 panem
2513 5555 2655 5627 illum
2683 5555 2919 5627 'comedat
2952 5555 3024 5610 ρι’
3040 5562 3239 5627 calicem
3277 5555 3428 5626 bibat,
3452 5555 3853 5622 ue’uoé'saééiia

2256 5621 2349 5684 _«__in
2366 5621 2559 5684 unitate
2581 5622 2795 5682 corporis
2816 5621 2984 5673 Christi
3020 5625 3311 5676 constitutus
3346 5621 3596 5680 abscedat.
3622 5647 3645 5676 ι
3672 5634 3853 5684 confer

2248 5677 2398 5789 ξίιζιιὸ
2432 5679 2495 5730 de
2519 5677 2824 5734 Pcocatorum
2868 5685 3062 5746 Meritis,
3100 5698 3149 5734 n.
3185 5687 3286 5748 7-9,
3330 5696 3381 5740 et
3403 5677 3852 5745 'l'ractatum'éﬁﬂin

2272 5758 2301 5789 υ
3572 5782 3573 5787 η

2272 5758 2328 5789 υἱ]
2334 5758 2376 5789 ιι.
3572 5782 3573 5787 η

619 5433 637 5465 ί
673 5431 749 5496 sic
761 5432 1014 5496 Vaticanus
1032 5429 1208 5496 codex.
1237 5429 1321 5481 Alii
1346 5444 1463 5482 vero
1483 5444 1592 5482 cum
1614 5433 1824 5496 excusis,
1847 5432 2076 5485 lautitias.

618 5497 639 5526 ³
672 5493 808 5553 Editi,
831 5492 1044 5555 nondum
1058 5490 1247 5555 habent.
1275 5499 1328 5543 At
1347 5499 1475 5555 Mss,
1496 5508 1591 5545 non
1611 5494 1801 5547 habent.

623 5556 646 5587 ³
672 5560 807 5619 _Lov.,
829 5554 883 5607 in
904 5566 1107 5619 regnum
1129 5553 1377 5604 calortmt.
1401 5553 1502 5619 em.
1531 5570 1667 5619 vero,
1687 5563 1763 5606 Er.
1786 5564 1839 5609 et
1858 5559 2009 5608 nostri
2033 5565 2137 5609 Mss.

553 5615 648 5666 hoc
668 5615 778 5667 loco
800 5615 1002 5676 habent,
1018 5615 1073 5679 in
1089 5628 1296 5679 regnum
1326 5616 1427 5679 Dei.

623 5679 644 5710 δ
677 5685 808 5739 Lov.,
831 5679 985 5730 srmcti
1008 5676 1190 5730 lavacri
1207 5691 1225 5739 ;
1249 5678 1408 5728 addita
1430 5692 1578 5739 voce,
1603 5680 1769 5740 sancti,
1800 5694 1862 5731 cx
1897 5694 1993 5732 uno
2033 5690 2136 5732 tan-

555 5747 659 5804 tum
682 5744 1016 5804 manuscripto.

618 5803 641 5877 f
673 5802 1038 5868 Cygirannensis
1059 5802 1213 5854 codex
1238 5802 1430 5867 omittit,
1454 5808 1646 5856 sanata.
