4074 6554
284 355 374 410 ἐῢ

273 469 488 537 dumque
534 463 854 534 pertineat,
909 475 1098 522 tamen
1169 466 1220 519 in
1265 477 1484 518 numero
1547 461 1875 516 credentium

268 564 624 627 computantur
650 573 663 607 :
695 555 962 630 profecto
998 557 1078 611 illi
1106 557 1298 627 quibus
1345 555 1747 610 Sacramentum
1777 551 1875 605 de-

263 651 417 710 fuerit,
450 648 501 701 in
531 647 615 701 eis
645 645 900 702 habendi
962 659 1094 703 sunt
1145 647 1233 718 qui
1277 662 1382 702 non
1427 648 1653 700 credunt
1698 642 1870 706 Filio;

259 753 396 810 atque
415 739 541 792 ideo
572 739 620 792 si
645 739 826 809 hujus
850 741 1054 795 inanes
1079 741 1266 811 gratite
1281 739 1349 794 de
1365 752 1590 808 corpore
1618 735 1870 802 exierint,

251 841 486 902 sequetur
503 844 604 884 eos
635 831 798 899 quod
834 831 1052 886 dictum
1079 841 1186 897 est,
1214 831 1329 886 Non
1352 829 1623 884 habebunt
1652 827 1872 892 vitam‘,

241 925 323 980 sed
347 925 414 977 ira
447 921 546 975 Dei
583 931 792 976 manet
825 939 1000 992 super
1019 939 1138 977 eos.
1174 922 1322 979 Unde
1351 921 1452 976 hoc
1471 921 1514 988 ³,
1537 918 1750 990 quando
1779 932 1873 973 eos

242 1018 421 1072 clatum
450 1025 535 1070 est
581 1025 834 1084 peccata
880 1017 1106 1087 propria
1132 1031 1238 1070 non
1265 1014 1480 1080 habere,
1523 1013 1566 1068 si
1593 1026 1692 1066 nec
1708 1010 1868 1081 origi-

247 1108 337 1161 nali
355 1113 568 1175 peccato
601 1114 931 1161 teneantur
957 1108 1226 1162 obnoxii?

213 1218 217 1226 ·
306 1197 518 1254 CAPUT
558 1197 728 1252 XXI.
749 1228 835 1238 —
860 1199 959 1254 29.
993 1197 1353 1262 Inscrutabile,
1384 1212 1472 1249 cur
1510 1195 1731 1265 infantes
1779 1193 1870 1245 alii

242 1290 478 1344 discedant
501 1291 764 1358 frustrati
792 1289 1099 1361 Baptismo,
1121 1290 1213 1343 alii
1234 1305 1353 1341 non.
1386 1287 1528 1342 Bene
1556 1292 1732 1339 autem
1759 1298 1866 1337 non

240 1387 319 1450 ait,
348 1386 421 1438 ira
449 1382 551 1437 Dei
578 1385 786 1438 veniet
818 1400 994 1454 super
1021 1399 1149 1438 eum
1173 1399 1188 1449 ;
1213 1381 1326 1447 sed,
1356 1387 1522 1432 manet
1557 1393 1710 1448 super
1731 1391 1863 1429 eum.

241 1479 312 1534 Ab
333 1478 428 1532 hac
452 1477 666 1547 quippe
720 1477 809 1530 ira
833 1519 852 1543 ,
881 1492 990 1546 qua
1019 1491 1211 1530 omnes
1237 1475 1335 1528 sub
1379 1479 1601 1542 peccato
1625 1478 1770 1534 sunt,
1798 1468 1866 1524 de

240 1586 331 1643 qua
354 1569 478 1624 dicit
505 1568 857 1637 Apostolus,
880 1568 1101 1622 Fuimus
1132 1567 1263 1621 enim
1288 1573 1334 1619 et
1361 1579 1450 1618 nos
1471 1561 1746 1631 aliquando
1766 1576 1864 1614 na-

251 1661 463 1716 turaliter
486 1659 589 1728 ﬁlii
610 1660 742 1725 iras,
767 1660 916 1712 sicut
960 1668 1006 1713 et
1035 1658 1202 1712 caeteri
1231 1655 1250 1728 (
1277 1653 1471 1726 Ephes.
1500 1669 1559 1720 tt,
1587 1654 1622 1708 5
1651 1651 1691 1723 ),
1719 1651 1863 1705 nulla

254 1770 338 1810 res
358 1753 566 1814 liberat,
597 1753 716 1807 nisi
743 1753 932 1822 gratia
969 1751 1082 1814 Dei,
1102 1766 1198 1820 per
1237 1749 1416 1804 Jesum
1455 1746 1724 1802 Christum
1757 1745 1863 1798 Do-

255 1852 733 1906 minumnostrum.
769 1847 910 1902 Haec
934 1845 1104 1916 gratia
1133 1859 1228 1898 cur
1278 1843 1344 1897 ad
1370 1842 1516 1896 illum
1562 1839 1762 1906 veniat,
1789 1837 1856 1893 ad

255 1944 395 1999 illum
412 1957 514 1996 non
553 1940 771 2005 veniat,
815 1937 1034 1994 occulta
1073 1951 1193 1992 esse
1239 1949 1401 1990 causa
1440 1941 1636 2004 potest,
1666 1931 1860 2001 injusta

259 2051 358 2090 non
401 2040 590 2103 potest.
645 2029 938 2098 Numquid
984 2028 1126 2083 enim
1180 2026 1420 2095 iniquitas
1457 2023 1598 2096 apud
1648 2020 1860 2076 Deum?

257 2127 386 2180 Absit
411 2122 606 2195 (Rom.
631 2137 721 2186 xx,
756 2122 830 2176 H
863 2120 906 2191 ).
929 2119 1037 2176 Sed
1059 2119 1201 2189 prius
1221 2127 1524 2172 sanctarum
1555 2115 1858 2184 Scriptura-

261 2233 370 2272 rum
407 2214 828 2269 auctoritatibus
855 2212 996 2266 colla
1042 2207 1315 2270 subdenda
1355 2215 1498 2272 sunt,
1526 2217 1585 2262 ut
1609 2205 1677 2261 ad
1703 2205 1859 2261 intel-

269 2311 449 2366 lectum
465 2325 559 2378 per
579 2306 750 2362 fidem
783 2305 1016 2376 quisque
1047 2302 1340 2374 perveniat.
1369 2299 1554 2370 Neque
1575 2299 1716 2354 enim
1745 2297 1857 2353 fru-

266 2411 370 2457 stra
407 2401 600 2454 dictum
657 2405 794 2452 est:
833 2395 1047 2450 Iudicia
1096 2404 1184 2448 tua
1244 2393 1373 2447 sicut
1419 2391 1632 2462 abyssus
1695 2389 1856 2444 multa

264 2493 440 2566 (Psal.
469 2507 641 2558 xxxv,
669 2491 703 2544 Ἰ
731 2491 750 2561 )
777 2530 792 2544 .
812 2488 985 2558 Cujus
1013 2486 1192 2557 abyssi
1233 2484 1562 2540 altitudinem
1581 2481 1740 2538 veluti
1764 2498 1858 2537 ex-

257 2601 587 2658 pavescens,
635 2583 905 2638 exclamat
955 2578 1287 2649 Apostolus:
1325 2575 1370 2630 0
1395 2571 1612 2630 altitudo
1656 2574 1854 2629 divitia-

261 2696 376 2732 rum
395 2678 660 2748 sapientia:
683 2685 729 2729 et
758 2675 974 2729 scientiis
990 2669 1126 2726 Dei!
1146 2668 1486 2726 Prtemiserat
1519 2669 1714 2740 quippe
1733 2683 1856 2724 sen-

268 2770 498 2824 tentiam
543 2768 699 2822 mine
740 2763 1126 2836 profunditatis,
1185 2761 1408 2817 dicens:
1433 2758 1692 2815 Conclusit
1721 2760 1856 2815 enim

269 2859 416 2914 Deus
462 2876 637 2913 omnes
672 2859 724 2911 in
750 2855 1094 2910 incredulitate
1115 2896 1131 2921 ,
1172 2862 1226 2907 ut
1272 2853 1502 2908 omnibus
1539 2853 1852 2907 misereatur.

267 2951 434 3021 Cujus
461 2949 831 3020 profunditatis
857 2947 1018 3002 veluti
1061 2947 1283 3002 horrore
1305 2959 1592 3015 percussus
1619 2962 1633 2999 :
1659 2942 1703 2998 0
1725 2943 1850 2998 alti-

270 3044 414 3108 tudo,
434 3043 617 3110 inquit,
641 3041 930 3093 divitiarum
949 3038 1213 3108 sapientite
1228 3045 1273 3091 et
1298 3037 1520 3091 scientiae
1544 3035 1681 3090 Dei!
1706 3052 1857 3105 quam

261 3132 608 3186 insrmtabilia
643 3131 851 3202 judicia
897 3132 1031 3201 ejus,
1076 3137 1122 3183 et
1167 3127 1534 3199 investigabiles
1561 3127 1655 3181 vite
1698 3125 1858 3198 ejus!

259 3224 383 3290 Quis
397 3225 526 3278 alim
554 3224 791 3294 cognovit
815 3237 1017 3277 sensum
1057 3219 1311 3274 Domini?
1350 3219 1454 3272 Aut
1481 3219 1592 3290 quis
1618 3219 1856 3272 consilia-

256 3319 360 3372 rius
381 3319 518 3370 illius
534 3315 802 3385 {uit?Aut
841 3314 956 3386 quis
995 3313 1138 3384 prior
1186 3311 1321 3366 dedit
1347 3312 1444 3377 illi,
1474 3319 1522 3364 et
1545 3309 1845 3364 retribuetur

256 3409 373 3462 ei"!
395 3408 740 3474 Quoniamea:
783 3406 921 3475 ipso,
945 3414 990 3458 et
1036 3419 1125 3468 per
1174 3403 1362 3474 ipsum,
1403 3410 1451 3456 et
1487 3401 1541 3454 in
1589 3401 1702 3471 ipso
1740 3409 1858 3455 sunt

255 3501 420 3553 omnia
436 3515 454 3561 ;
475 3499 574 3568 ipsi
597 3497 768 3569 gloria
797 3497 854 3550 in
891 3494 1084 3551 sarcula
1109 3490 1428 3548 sazculorum.
1471 3493 1631 3546 Amen
1661 3491 1852 3564 (Rom.

253 3609 328 3658 ιι,
365 3591 535 3647 32-36
559 3591 601 3662 ).
630 3588 945 3659 Valdeergo
987 3602 1210 3659 parvum
1251 3601 1467 3641 sensum
1511 3585 1768 3640 habemus
1789 3584 1856 3640 ad

261 3683 644 3740 discutiendam
666 3682 933 3753 justitiam
956 3680 1278 3752 iudiciorum
1307 3679 1402 3734 Dei
1426 3695 1441 3743 ;
1471 3678 1539 3733 ad
1565 3679 1854 3734 discutien-

260 3777 378 3832 dam
402 3776 627 3848 gratiam
668 3773 981 3844 gratuitam,
1014 3773 1172 3827 nullis
1204 3771 1405 3826 meritis
1433 3770 1857 3842 prarcedentibus

261 3869 630 3940 noniniquam,
653 3883 777 3938 qua:
823 3882 930 3920 non
982 3874 1092 3919 tam
1124 3873 1300 3918 movet
1325 3879 1445 3918 cum
1477 3863 1856 3933 prtestaturin-

264 3962 448 4031 dignis,
472 3976 632 4029 quam
663 3975 787 4015 cum
814 3975 968 4029 mque
996 3957 1227 4027 indignis
1254 3957 1369 4010 aliis
1397 3956 1710 4028 denegatur.

336 4053 422 4108 '50.
450 4051 582 4107 Nam
603 4061 658 4105 et
708 4051 763 4104 hi
792 4051 988 4120 quibus
1029 4049 1238 4103 videtur
1272 4049 1523 4117 iniustum
1574 4059 1630 4102 ut
1655 4049 1858 4120 parvuli

267 4146 383 4199 sine
408 4145 570 4215 gratia
589 4142 794 4197 Christi
840 4141 909 4195 de
958 4154 1188 4209 corpore
1217 4147 1494 4203 exeuntes,
1532 4154 1637 4193 non
1686 4140 1857 4193 solum

270 4252 432 4306 regno
461 4235 580 4302 Dei,
623 4249 733 4302 quo
761 4243 812 4288 et
865 4233 970 4303 ipsi
993 4231 1228 4286 fatentur
1268 4232 1368 4284 nisi
1406 4246 1502 4300 per
1528 4231 1856 4300 Baptismum

267 4338 477 4382 renatos
496 4327 702 4381 intrare
729 4340 834 4379 non
872 4339 1034 4395 posse
1062 4341 1075 4388 ;
1118 4339 1302 4378 verum
1329 4323 1489 4378 ctiam
1519 4323 1622 4376 vita
1654 4331 1852 4378 {eterna

268 4430 322 4474 ct
361 4421 523 4474 salute
569 4420 847 4489 priventur
870 4435 883 4481 ;
910 4426 1210 4487 quaerentes
1247 4416 1513 4486 quomodo
1560 4416 1760 4486 justum
1793 4418 1860 4472 sit

270 4512 331 4557 ut
352 4504 562 4558 aliusab
600 4503 848 4574 originali
881 4502 1152 4571 impietate
1194 4501 1449 4566 solvatur,
1472 4500 1607 4555 alius
1633 4516 1740 4556 non
1756 4503 1863 4556 sol-

269 4606 444 4657 vatur,
473 4611 593 4650 cum
635 4595 824 4649 eadem
867 4594 938 4647 sit
982 4594 1257 4663 utriusque
1301 4593 1581 4648 conditio:
1621 4594 1718 4662 ipsi
1766 4610 1855 4649 re-

268 4688 568 4759 spondeant
614 4687 913 4742 secundum
962 4701 1113 4740 suam
1181 4688 1506 4741 sententiam
1540 4727 1554 4751 ,
1595 4686 1862 4756 quomodo

270 4780 559 4836 identidem
609 4781 813 4850 justum
855 4780 924 4833 sit
949 4788 1005 4832 ut
1048 4777 1171 4832 huic
1222 4788 1506 4848 prtestetur
1539 4777 1859 4849 Baptismus,

271 4890 382 4944 quo
409 4874 565 4930 intret
589 4874 642 4928 in
661 4889 883 4944 regnum
930 4873 1044 4937 Dei,
1080 4872 1155 4926 illi
1176 4886 1278 4925 non
1307 4879 1608 4941 prmstetur,
1644 4887 1763 4926 cum
1795 4871 1864 4924 sit

275 4969 545 5038 utriusque
573 4984 669 5038 par
696 4983 878 5022 causa.
911 4965 965 5020 Si
988 4967 1130 5020 enim
1161 4975 1361 5031 movet,
1403 4979 1500 5020 cur
1527 4980 1594 5019 ex
1622 4964 1703 5018 his
1733 4964 1865 5019 duo-

275 5063 398 5124 bus,
423 5078 560 5121 cum.
581 5077 650 5116 ex
677 5076 832 5132 mque
850 5060 1010 5114 ambo
1042 5059 1149 5114 sint
1173 5058 1503 5130 originaliter
1533 5066 1860 5127 peccatores,

278 5152 412 5207 alius
435 5155 499 5209 ab
537 5155 643 5208 hoc
671 5152 886 5208 vinculo
916 5152 1167 5216 solvitur,
1203 5152 1285 5205 cui
1316 5149 1628 5204 conceditur
1657 5149 1867 5217 Baptis-

282 5259 428 5309 mus;
453 5246 585 5299 alius
623 5260 728 5300 non
757 5243 1006 5306 solvitur,
1034 5241 1118 5296 cui
1152 5242 1269 5296 talis
1297 5241 1464 5311 gratia
1495 5257 1598 5294 nun
1617 5239 1865 5294 concedi-

288 5343 400 5387 tur:
428 5351 516 5390 cur
537 5352 639 5390 non
685 5336 889 5404 pariter
925 5341 1105 5387 movet
1129 5331 1170 5398 ⁸,
1194 5331 1333 5401 quod
1367 5347 1429 5385 cx
1473 5331 1678 5384 duobus
1705 5327 1865 5398 origi-

291 5427 466 5480 ualitcr
488 5427 884 5486 innocentibus,
905 5424 1044 5476 alius
1074 5422 1263 5491 accipit
1285 5421 1632 5490 Baptismum,
1663 5435 1769 5490 quo
1798 5419 1849 5473 in

295 5532 490 5587 regnum
516 5521 605 5575 Dei
637 5521 815 5590 possit
857 5519 1104 5580 intrare;
1139 5516 1271 5570 alius
1295 5531 1409 5570 non
1453 5514 1662 5583 accipit,
1691 5530 1756 5571 ne
1799 5515 1862 5569 ad

349 5649 366 5679 ⁸
399 5657 436 5698 in
458 5659 580 5708 Mss,
608 5665 703 5700 non
733 5647 976 5698 ridebunt
1001 5645 1158 5694 ritum.

340 5712 360 5742 '
386 5715 510 5770 illiti.
528 5722 573 5763 et
597 5713 732 5762 unde
755 5710 876 5758 hoc.
908 5710 1161 5770 Aliostmt,
1185 5722 1210 5756 a
1228 5715 1333 5756 Mss.

330 5776 350 5807 ³
378 5784 424 5825 tu
444 5779 699 5839 plerisque
723 5781 870 5826 Mss,
899 5777 955 5839 ut
983 5777 1053 5817 ret
1081 5769 1314 5820 iuuaretur
1337 5769 1397 5821 ei.

323 5840 341 5865 ι
369 5845 413 5889 ω
582 5832 677 5889 ἀμ·
701 5848 808 5887 non
838 5832 1010 5881 taliter
1031 5839 1190 5880 utort't.

1608 363 1610 365 ‘
1665 345 1865 401 LIBER
1904 345 2176 402 PRIMUS.

3463 357 3567 416 126

1987 477 2206 531 regnum
2247 461 2340 517 Dei
2369 464 2532 533 possit
2559 466 2847 524 accedere?
2877 467 3076 539 Nempe
3106 469 3160 524 in
3181 478 3404 543 utraque
3429 489 3554 527 cau-

1981 567 2042 608 sa
2083 553 2150 608 ad
2172 554 2314 608 illam
2335 556 2771 614 exclamationem
2797 560 3018 629 reditur,
3055 561 3098 615 0
3120 562 3336 616 altitudo
3364 563 3564 618 divitia-

1981 647 2143 700 rum!
2180 647 2262 702 Ex
2299 648 2429 717 ipsis
2467 650 2660 706 deinde
2707 653 2987 724 baptizatis
3023 655 3293 724 parvulis,
3339 656 3550 711 dicatur

1981 737 2132 805 mihi,
2159 753 2256 793 cur
2279 739 2412 794 alius
2429 743 2647 810 rapitur,
2680 759 2748 799 ne
2779 746 2977 800 malitia
3027 756 3195 802 mutet
3223 748 3552 803 intellectum

1980 829 2136 903 ejus(
2163 831 2296 901 Sap.
2341 847 2410 900 tv,
2441 835 2500 888 tl
2532 835 2586 905 );
2617 845 2672 891 et
2709 838 2844 892 alius
2871 840 3017 905 vivit,
3064 841 3256 912 impius
3304 841 3556 897 futurus?

1979 921 2167 978 Nonne
2217 925 2262 979 si
2287 925 2446 981 ambo
2483 937 2818 996 raperentur,
2850 931 3007 985 ambo
3046 933 3096 986 in
3128 949 3350 1002 regnum
3379 933 3550 989 οωιου

1976 1031 2097 1070 rum
2120 1016 2558 1087 ingrederentur?
2584 1021 2650 1074 Et
2677 1027 2850 1075 tamen
2891 1037 2996 1076 non
3023 1033 3104 1077 est
3131 1025 3381 1094 iniquitas
3414 1024 3554 1096 apud

1978 1105 2164 1161 Deum.
2196 1108 2366 1176 Quid?
2391 1109 2521 1165 illud
2573 1126 2730 1180 quem
2759 1126 2865 1166 non
2895 1122 3125 1180 moveat,
3172 1130 3329 1184 quem
3358 1131 3464 1171 non
3501 1119 3554 1170 in

1977 1207 2121 1253 tanta
2165 1200 2442 1257 altitudine
2469 1203 2772 1259 exclamare
2797 1204 3103 1275 compellat,
3135 1206 3276 1274 quod
3301 1207 3388 1262 alii
3430 1223 3556 1277 par-

1973 1291 2080 1346 vuli
2106 1293 2294 1362 spiritu
2315 1293 2589 1349 immundo
2619 1304 2900 1362 vexantur,
2927 1295 3016 1350 alii
3045 1295 3177 1350 nihil
3209 1297 3314 1351 tale
3345 1299 3554 1367 patiun-

1975 1391 2077 1449 tur,
2099 1383 2188 1438 alii
2229 1385 2390 1439 etiam
2414 1385 2466 1439 in
2494 1386 2658 1441 uteris
2685 1395 2938 1453 matrum,
2967 1387 3103 1442 sicut
3122 1387 3401 1454 Ieremias,
3431 1403 3556 1443 san-

1970 1475 2486 1550 ctiﬁcantur(Jerem.
2515 1493 2554 1543 ι,
2582 1476 2659 1552 5)
2685 1495 2699 1544 ;
2731 1494 2851 1534 cum
2878 1494 3086 1544 omnes,
3109 1480 3152 1534 si
3173 1487 3257 1534 est
3299 1481 3557 1551 originale

1969 1579 2262 1638 peccatum,
2320 1571 2518 1640 pariter
2545 1573 2623 1626 rei
2675 1572 2783 1627 sint
2810 1589 2824 1638 ;
2848 1572 2893 1628 si
2919 1586 3026 1627 non
3058 1582 3165 1637 est,
3189 1571 3556 1643 pariterinno-

1967 1668 2151 1716 centes
2192 1661 2340 1716 sint?
2369 1661 2517 1718 Unde
2575 1665 2677 1718 ista
2722 1671 2865 1718 tanta
2916 1663 3230 1728 diversitas,
3283 1665 3386 1717 nisi
3431 1663 3553 1733 quia

1967 1749 2326 1808 iuscrutabilia
2357 1762 2482 1809 sunt
2521 1753 2719 1825 judicia
2763 1755 2900 1826 ejus,
2935 1764 2988 1810 et
3017 1755 3412 1825 investigabiles
3452 1757 3548 1812 via:

1964 1841 2080 1912 ejus
2096 1843 2120 1898 ?

2035 1932 2262 1991 CAPUT
2301 1935 2463 1992 XXII.
2490 1967 2565 1978 ——
2591 1938 2650 1994 3|
2667 1977 2680 1990 .
2706 1937 2913 2009 Refellit
2934 1953 3017 1992 eos
3044 1939 3133 2010 qui
3153 1947 3334 2008 putant
3353 1939 3550 1993 animas

1963 2023 2026 2078 ob
2047 2023 2230 2079 delicta
2253 2025 2377 2080 alibi
2401 2029 2687 2094 commissa,
2717 2029 2771 2082 in
2814 2044 3030 2098 corpora
3072 2029 3262 2082 meritis
3291 2029 3396 2083 suis
3423 2045 3549 2082 con-

1962 2117 2209 2171 uenientia
2245 2113 2466 2183 detrudi,
2495 2119 2549 2173 in
2590 2119 2749 2190 iisque
2797 2124 2957 2190 magis
3002 2120 3226 2174 minusve
3261 2121 3433 2190 affligi.
3465 2121 3546 2174 An

1961 2205 2099 2263 forte
2143 2208 2272 2263 illud
2294 2209 2403 2279 jam
2425 2211 2702 2281 explosum
2737 2211 3176 2282 repudiatumque
3210 2211 3543 2266 sentiendum

1960 2309 2061 2366 est,
2090 2301 2232 2372 quod
2255 2301 2446 2356 animm
2471 2303 2620 2372 prius
2651 2303 2703 2357 in
2739 2303 2944 2358 cmlesti
2974 2303 3298 2359 habitatione
3317 2319 3542 2374 peccan-

1963 2399 2062 2457 tes,
2090 2392 2351 2462 gradatim
2389 2403 2548 2464 atque
2589 2395 2841 2464 paulatim
2870 2395 2936 2450 ad
2991 2409 3208 2450 suorum
3235 2397 3544 2452 meritorum

1959 2496 2185 2552 corpora
2213 2483 2444 2549 veniant,
2473 2499 2536 2540 ac
2563 2499 2660 2554 pro
2686 2495 2810 2540 ante
2833 2495 2981 2554 gesta
3007 2486 3113 2539 vita
3146 2488 3313 2556 magis
3342 2488 3546 2542 minus-

1959 2589 2025 2630 ve
2050 2576 2323 2644 corporeis
2343 2577 2578 2645 pestibus
2597 2575 2932 2646 afﬂigantur?
2961 2575 3058 2631 Cui
3080 2578 3317 2646 opinioni
3342 2594 3500 2649 quam
3516 2608 3536 2618 -

1957 2666 2040 2722 vis
2082 2675 2265 2722 sancta
2315 2667 2587 2736 Scriptura
2644 2668 2979 2737 apertissime
3028 2669 3376 2736 contradicat,
3423 2687 3544 2740 qua:

1957 2772 2081 2813 cum
2119 2758 2343 2829 gratiam
2395 2757 2824 2825 commendaret,
2873 2758 3138 2826 Nondum,
3177 2759 3366 2829 inquit,
3391 2761 3541 2825 natis,

1958 2863 2049 2902 nec
2094 2847 2178 2917 qui
2207 2846 2400 2920 aliquid
2449 2856 2650 2918 egerant
2680 2849 2697 2880 ³
2728 2847 2843 2902 boni
2868 2857 2956 2902 aut
2991 2848 3138 2914 mali,
3161 2857 3216 2902 ut
3266 2850 3543 2904 secundum

1958 2938 2248 2993 electionem
2274 2939 2585 3008 propositum
2608 2938 2704 2993 Dei
2730 2949 2977 3007 maneret,
3024 2958 3125 2995 non
3173 2957 3235 2996 ea:
3281 2942 3534 3012 aperibus,

1957 3031 2047 3086 sed
2074 3039 2354 3086 exuocanle
2373 3031 2563 3085 dictum
2605 3041 2680 3085 est
2719 3033 2856 3103 quod
2903 3034 3070 3104 major
3097 3035 3273 3088 serviet
3307 3036 3492 3089 minori
3524 3053 3542 3089 :

1960 3136 2060 3177 nec
2089 3122 2189 3192 ipsi
2214 3130 2392 3177 tamen
2420 3124 2507 3192 qui
2534 3121 2634 3177 hoc
2654 3123 2912 3189 sentiunt,
2947 3124 3182 3178 evadunt
3210 3124 3367 3194 hujus
3391 3143 3541 3196 qua»

1959 3213 2146 3281 stionis
2173 3214 2462 3284 angustias,
2487 3213 2580 3268 sed
2617 3215 2672 3268 in
2700 3214 2779 3269 eis
2806 3216 3060 3269 coarctati
3083 3224 3137 3270 et
3163 3215 3428 3272 haerentes
3459 3219 3539 3271 si-

1949 3304 2176 3370 militer,
2197 3303 2242 3359 Ο
2267 3304 2527 3358 altitudo!
2553 3305 2855 3360 exclamare
2891 3315 3174 3376 coguntur.
3206 3305 3360 3363 Unde
3390 3309 3536 3363 enim

1959 3395 2021 3451 tit
2034 3406 2092 3451 ut
2117 3396 2277 3452 homo
2291 3397 2360 3452 ab
2382 3397 2582 3452 ineunti
2595 3397 2818 3468 pueritia
2841 3397 3158 3464 modestior,
3185 3399 3534 3470 ingeniosior,

1961 3486 2361 3556 temperantior,
2390 3502 2457 3543 ex
2499 3503 2688 3558 magna
2722 3498 2872 3558 parte
2917 3489 3195 3545 libidinum
3220 3492 3410 3556 victor,
3448 3491 3545 3560 qui

1959 3577 2136 3634 oderit
2161 3579 2457 3644 avaritiam,
2490 3579 2753 3635 luxuriam
2781 3580 3098 3650 detestetur,
3141 3593 3300 3650 atque
3326 3583 3391 3636 ad
3420 3583 3535 3636 vir-

1961 3678 2101 3726 tutes
2124 3679 2347 3726 caeteras
2397 3673 2696 3742 provectior
2723 3673 3000 3745 aptiorque
3028 3683 3333 3745 consurgat,
3382 3685 3435 3730 et
3459 3684 3542 3730 ta-

1961 3777 2084 3818 men
2110 3777 2176 3818 eo
2203 3762 2321 3817 loco
2355 3763 2444 3825 sit.
2481 3763 2570 3818 ubi
2613 3764 2662 3818 ei
2711 3765 2986 3834 praedicari
3043 3767 3210 3835 gratia
3251 3766 3544 3820 christiana

1962 3868 2070 3908 non
2093 3853 2302 3922 possit?
2334 3852 2598 3917 Quomodo
2651 3855 2792 3908 enim
2847 3855 3146 3908 invocabant
3185 3856 3238 3909 in
3275 3873 3421 3928 quem
3448 3873 3550 3912 non

1962 3946 2280 4001 crediderunt
2303 3947 2444 4001 ?Aut
2473 3947 2724 4017 quontodo
2751 3947 2951 4001 credent
2982 3948 3028 4001 ei
3055 3964 3198 4018 queat
3223 3965 3322 4002 non
3369 3951 3546 4004 audies

1962 4038 2123 4092 runt?
2156 4037 2422 4102 Quomodo
2449 4047 2615 4091 autem
2645 4038 2851 4092 audient
2879 4039 2987 4092 sine
3012 4039 3319 4109 praedicante
3345 4040 3363 4110 (
3397 4039 3546 4094 llam.

1966 4145 2024 4195 Χ,
2054 4129 2199 4200 M)?
2245 4131 2394 4184 Alius
2417 4138 2595 4184 autem
2643 4129 2826 4185 tardus
2857 4129 3090 4200 ingenio,
3124 4130 3430 4186 libidinibus
3455 4132 3545 4186 dc-

1963 4223 2128 4286 ditus,
2161 4223 2372 4292 ﬂagitiis
2399 4231 2454 4277 et
2477 4221 2797 4277 facinoribus
2826 4232 3129 4292 c00pertus,
3162 4224 3231 4276 ita
3280 4225 3542 4293 guberne~

1966 4321 2073 4381 tur,
2117 4323 2176 4368 ut
2223 4313 2421 4378 audiat,
2467 4312 2671 4378 credat,
2711 4314 3028 4382 ικψιίῑυιυτ,
3081 4314 3337 4383 rapiatur,
3385 4324 3475 4368 aut
3502 4316 3552 4370 si

1966 4405 2215 4462 detentus
2251 4404 2339 4459 hic
2380 4403 2576 4472 fuerit,
2609 4405 2948 4461 laudabiliter
2989 4406 3076 4460 hic
3102 4406 3283 4461 vivat?
3312 4407 3408 4462 Ubi
3437 4407 3547 4462 duo

1967 4502 2051 4556 isti
2101 4509 2208 4555 tam
2247 4500 2458 4555 diversa
2505 4500 2695 4554 merita
2737 4509 3150 4566 contraxerunt,
3187 4517 3292 4555 non
3325 4501 3468 4567 dico,
3499 4511 3554 4554 ut

1967 4592 2066 4646 iste
2087 4590 2288 4657 credat,
2322 4591 2410 4644 ille
2436 4603 2541 4644 non
2569 4590 2770 4652 credat,
2804 4590 2943 4659 quod
2992 4599 3077 4644 est
3103 4590 3331 4660 propriae
3360 4591 3547 4644 volun-

1969 4685 2127 4751 tatis;
2154 4682 2250 4739 sed
2273 4692 2328 4737 ut
2355 4683 2455 4738 iste
2485 4682 2665 4737 audiat
2691 4682 2830 4753 quod
2855 4682 3060 4745 credat,
3087 4683 3176 4737 ille
3202 4699 3306 4737 non
3331 4683 3549 4747 audiat;

1971 4777 2071 4832 hoc
2093 4775 2236 4833 enim
2267 4782 2476 4830 nonest
2504 4773 2558 4829 in
2577 4773 2806 4828 hominis
2846 4781 3110 4844 potestate
3141 4791 3154 4828 :
3184 4775 3292 4840 ubi,
3313 4775 3552 4845 inquam,

1970 4870 2084 4925 haec
2134 4879 2238 4924 tam
2279 4869 2488 4923 diversa
2547 4868 2732 4922 merita
2769 4867 3188 4922 contraxerunt?
3215 4867 3270 4923 Si
3309 4864 3370 4921 in
3415 4868 3557 4922 caelo

1969 4969 2188 5030 egerunt
2213 4959 2443 5028 aliquam
2473 4957 2655 5024 vitam,
2684 4966 2740 5011 ut
2770 4972 2866 5027 pro
2891 4958 3001 5012 suis
3046 4957 3251 5012 actibus
3287 4959 3552 5028 propelle-

1971 5059 2151 5107 rentur
2203 5050 2288 5104 vel
2337 5049 2644 5103 laberentur
2670 5050 2690 5079 ¹
2722 5049 2984 5114 interras,
3017 5048 3373 5118 congruisque
3423 5063 3536 5102 sua:

1971 5154 2093 5199 ante
2142 5153 2274 5198 acta:
2321 5143 2443 5196 vita:
2480 5143 2754 5210 corporeis
2797 5141 3147 5209 receptaculis
3194 5147 3553 5195 tenerentur:

1973 5237 2058 5290 ille
2081 5235 2260 5304 utique
2284 5233 2475 5288 melius
2492 5241 2614 5286 ante
2644 5231 2745 5286 hoc
2763 5231 2985 5285 mortale
3011 5245 3206 5300 corpus
3227 5231 3420 5284 vixisse
3436 5245 3557 5284 crc-

1971 5323 2175 5384 dcndus
2201 5335 2302 5390 est,
2333 5327 2420 5396 qui
2465 5341 2529 5380 eo
2559 5341 2662 5379 nou
2694 5325 2918 5379 multum
2968 5324 3161 5379 meruit
3201 5321 3553 5393 prtcgravari,

1975 5429 2107 5476 utet
2158 5420 2358 5476 bonum
2407 5417 2630 5472 haberet
2677 5417 2968 5487 ingenium,
3011 5427 3064 5471 et
3109 5412 3555 5483 concupiscentiis

2037 5581 2055 5612 ι
2089 5581 2238 5630 mlitio
2282 5587 2427 5637 t.ov.,
2473 5589 2627 5642 neque
2673 5573 2860 5642 aliquid
2894 5579 3118 5642 _cgeraut.
3161 5569 3450 5642 timenda-itur
3496 5569 3560 5619 ad

1975 5645 2337 5702 manuscriptos.
2385 5632 2449 5689 Ex
2489 5632 2565 5688 his
2583 5632 2797 5688 nonnulli
2833 5632 3048 5691 habent,
3094 5632 3396 5703 thinliqttid
3445 5645 3555 5703 cge-

1977 5703 2102 5768 rint;
2125 5693 2316 5768 onu'sso,
2335 5714 2441 5751 nec.
2459 5703 2668 5768 Vaticani
2695 5714 2828 5768 vero,
2853 5693 3116 5768 nequequi'
3131 5693 3315 5768 aliquid
3338 5700 3554 5758 egerunt.

1975 5759 2455 5826 (zygiranneusisatsq
2483 5776 2570 5812 nec
2598 5764 2714 5812 dum
2734 5759 2921 5826 aliquid
2931 5759 3161 5826 egissent.
3243 5821 3249 5826 _
3295 5818 3322 5826 μ’

2044 5830 2060 5858 ²
2098 5829 2262 5885 Ain-sl,
2287 5825 2355 5873 ’τι
2383 5825 2666 5884 1.’,έ›ον‹’,νιιϋ,
2693 5838 2718 5871 a
2747 5821 2989 5870 tmuuullis
3018 5821 3368 5881 manttsmij-tis.
