4074 6538
530 344 633 404 127

534 464 653 534 ejus
676 459 973 516 mitioribus
994 463 1287 527 urgeretur,
1321 465 1453 521 quas
1481 457 1660 519 posset
1700 446 1851 500 facile
1876 456 2098 534 supera-

532 533 593 608 re
623 572 635 607 :
667 562 721 609 et
737 562 915 608 tamen
941 564 1058 604 eam
1078 545 1178 602 sibi
1201 544 1423 615 gratiam
1450 538 1727 611 praedicari
1753 552 1863 591 non
1888 533 2103 598 meruit,

535 659 639 713 qua
682 641 798 697 sola
847 648 1024 711 posset
1049 653 1077 691 a
1107 634 1354 691 secunda:
1392 632 1579 688 mortis
1614 628 1848 702 pernicie
1872 625 2108 682 liberari.

535 733 632 788 Ille
655 741 830 787 autem
871 745 965 800 pro
1018 728 1224 783 meritis
1274 723 1659 789 deterioribus,
1704 721 1843 776 sicut
1887 724 2097 789 putant,

537 822 768 893 graviori
810 819 1020 889 corpori
1064 818 1368 888 implicitus,
1423 814 1556 869 etob
1581 812 1683 868 hoc
1708 809 1887 866 cordis
1911 808 2111 874 obtusi,

536 930 656 969 cum
682 912 858 968 carnis
886 910 1152 967 illecebris
1183 908 1555 964 ardentissima
1580 904 1829 976 cupidine
1876 902 2116 956 vincere-

537 1013 645 1071 tur,
694 1013 749 1059 et
795 1019 889 1074 per
937 1004 1320 1074 nequissimam
1362 1001 1523 1057 vitam
1566 997 1801 1070 peccatis
1847 994 2108 1066 pristinis,

532 1096 727 1165 quibus
754 1096 822 1151 ad
853 1096 953 1151 hoc
973 1096 1154 1151 venire
1173 1101 1460 1155 meruerat,
1474 1090 1696 1146 adderet
1721 1088 1907 1159 pejora
1932 1094 2105 1140 terre-

497 1232 501 1236 .
536 1172 636 1253 na;
667 1194 761 1242 aut
786 1187 838 1242 in
874 1201 1036 1241 cruce
1063 1195 1241 1240 tamen
1268 1183 1490 1247 audivit,
1523 1179 1689 1235 Hodie
1710 1192 1902 1233 mecum
1933 1177 2031 1230 eris
2056 1176 2110 1228 in

535 1277 776 1348 paradiso
809 1275 981 1350 (Luc.
1032 1292 1186 1342 χχιιι,
1209 1275 1357 1347 45);
1388 1282 1482 1328 aut
1529 1271 1688 1327 alicui
1732 1268 2116 1337 cohazsitapo-

541 1369 704 1437 stolo,
744 1370 895 1440 cujus
939 1369 1316 1439 praedicatione
1342 1373 1596 1433 mutatus,
1628 1371 1684 1420 et
1720 1377 1816 1433 per
1844 1362 2115 1416 lavacrum

539 1458 956 1530 regenerationis
988 1458 1164 1514 salvus
1196 1456 1415 1512 effectus
1437 1463 1520 1519 est
1550 1473 1564 1509 :
1611 1460 1668 1508 ut
1698 1452 1788 1508 ubi
1830 1450 2119 1507 abundavit

539 1557 834 1617 peccatum,
855 1546 1307 1618 superabundaret
1324 1546 1511 1616 gratia.
1536 1544 1672 1613 Quid
1698 1543 1822 1598 hinc
1845 1543 1861 1574 ί
1894 1556 2119 1612 respou-

539 1638 722 1706 deant,
740 1640 959 1694 omnino
987 1655 1090 1695 non
1118 1639 1294 1707 video,
1327 1638 1417 1709 qui
1444 1638 1685 1694 volentes
1706 1636 1953 1692 humanis
1975 1651 2110 1696 con-

535 1728 758 1799 jecturis
773 1730 1032 1801 justitiam
1067 1731 1161 1786 Dei
1186 1730 1494 1796 defendere,
1521 1738 1577 1785 et
1604 1729 1910 1799 ignorantes
1935 1727 2120 1782 altitu-

541 1818 720 1875 dinem
749 1821 954 1891 gratize,
975 1821 1181 1876 fabulas
1207 1821 1584 1891 improbabiles
1608 1829 1912 1876 texuerunt.
1941 1854 1946 1861 η

611 1910 703 1965 52.
722 1911 882 1967 Multa
911 1912 1051 1967 enim
1079 1912 1181 1967 dici
1221 1921 1443 1982 possunt
1465 1910 1532 1966 de
1579 1910 1731 1965 miris
1755 1908 2121 1966 vocationi'bus

541 2000 838 2069 hominum,
864 2004 981 2059 sive
995 2004 1384 2075 quaslegimus,
1398 2004 1511 2059 sive
1529 2017 1663 2074 quas
1683 2002 1891 2072 experti
1911 2014 2115 2066 sumus,

544 2095 737 2163 quibus
758 2111 942 2152 eorum
968 2097 1150 2168 opinio
1183 2098 1548 2162 subvertatur,
1583 2097 1673 2166 qui
1726 2094 1956 2151 credunt
1989 2102 2115 2150 ante

539 2188 640 2243 ista
662 2201 882 2256 corpora
903 2201 1019 2254 sua,
1037 2187 1291 2257 quasdam
1322 2188 1562 2257 proprias
1580 2187 1717 2242 vitas
1732 2187 1972 2257 gessisse
1995 2185 2083 2240 ani
2101 2213 2122 2227 -

542 2292 659 2333 mas
684 2276 982 2343 hominum,
1025 2278 1217 2348 quibus
1243 2279 1311 2334 ad
1338 2279 1455 2334 haec
1478 2282 1743 2345 venirent,
1780 2293 1874 2349 pro
1900 2279 2125 2334 diversi-

542 2375 655 2426 tate
694 2369 1003 2425 meritorum
1030 2368 1239 2425 diversa
1259 2370 1280 2402 ³
1305 2368 1394 2425 hic
1423 2377 1720 2440 esperturae
1745 2369 1832 2425 vel
1872 2370 2010 2426 bona
2037 2371 2124 2427 vel

542 2460 704 2514 mala.
739 2460 846 2515 Sed
872 2459 1189 2516 terminandi
1220 2459 1378 2530 hujus
1403 2462 1583 2532 operis
1608 2476 1735 2516 cura
1776 2476 1884 2516 non
1912 2462 2039 2518 sinit
2068 2462 2120 2517 in

543 2550 630 2606 his
667 2549 871 2607 diutius
884 2551 1177 2607 immorari.
1212 2552 1385 2608 Unum
1417 2561 1613 2618 tamen,
1637 2553 1779 2624 quod
1807 2554 1948 2610 inter
1982 2555 2121 2610 mul-

542 2647 596 2696 ta
621 2640 862 2698 mirabile
901 2643 1159 2713 comperi,
1191 2657 1298 2699 non
1352 2644 1558 2700 tacebo.
1589 2645 1720 2712 Quis
1762 2661 1871 2702 non
1920 2660 2121 2703 secun-

540 2731 667 2789 dum
694 2734 845 2800 istos,
873 2735 964 2805 qui
989 2750 1056 2790 ex
1076 2735 1283 2792 meritis
1311 2736 1502 2806 prioris
1542 2737 1665 2793 vitae
1691 2744 1816 2794 ante
1856 2737 1960 2794 hoc
1999 2754 2125 2796 cor-

544 2837 645 2892 pus
688 2824 744 2879 in
769 2823 1076 2880 coelestibus
1097 2834 1261 2896 gesta:
1310 2826 1516 2881 animas
1563 2829 1789 2884 terrenis
1811 2830 2123 2901 corporibus

540 2915 710 2986 magis
746 2916 988 2973 minusve
1009 2918 1216 2989 gravari
1257 2919 1563 2989 Opinantur,
1611 2921 1844 2978 afﬁrmet
1877 2938 1971 2979 eos
1998 2932 2124 2981 ante

544 3005 702 3061 istam
737 3006 898 3061 vitam
947 3008 1259 3078 sceleratius
1297 3010 1687 3082 immaniusque
1732 3028 2004 3083 peccasse,
2032 3016 2122 3086 qui

510 3088 513 3095 ’
541 3095 738 3151 mentis
765 3095 944 3152 lumen
959 3098 1037 3152 sic
1063 3098 1307 3154 amittere
1350 3110 1681 3167 meruerunt,
1715 3112 1772 3157 ut
1800 3118 1963 3158 sensu
1989 3104 2122 3159 vici-

540 3200 613 3241 no
632 3186 915 3256 pecoribus
945 3198 1331 3256 nascerentur;
1366 3205 1472 3246 non
1494 3191 1614 3247 dico
1637 3193 1923 3254 tardissimi
1963 3195 2113 3265 inge-

542 3276 655 3345 nio,
686 3292 807 3333 nam
851 3277 955 3335 hoc
996 3279 1064 3335 de
1097 3280 1216 3335 aliis
1241 3280 1347 3336 dici
1378 3282 1556 3350 solet;
1589 3284 1684 3339 sed
1714 3284 1787 3339 ita
1837 3286 2118 3356 excordes,

538 3377 599 3425 ut
622 3370 783 3427 etiam
801 3371 982 3427 cirrati
1011 3371 1033 3404 ³
1056 3372 1124 3429 ad
1139 3374 1459 3430 movendum
1489 3376 1655 3432 risum
1681 3377 1968 3434 exhibeant
2001 3394 2123 3435 cor-

540 3461 681 3517 datis
730 3461 950 3519 delicias
999 3463 1274 3533 fatuitatis,
1303 3483 1531 3538 quorum
1587 3484 1782 3525 nomen
1835 3486 1904 3527 ex
1948 3487 2122 3543 graeco

539 3551 835 3609 derivatum
877 3555 1148 3613 moriones.
1171 3558 1357 3628 vulgus
1394 3560 1662 3630 appellat?
1687 3561 1897 3617 Talium
1944 3573 2119 3620 tamen

538 3641 753 3712 quidam
778 3641 876 3699 fuit
894 3644 967 3699 ita
1002 3644 1347 3715 christianus,
1376 3656 1435 3702 ut
1462 3663 1584 3704 cum
1613 3658 1758 3706 esset
1778 3651 2017 3708 omnium
2040 3653 2122 3709 in-

532 3730 797 3801 juriarum
816 3749 1031 3790 suarum
1065 3736 1199 3792 mira
1227 3737 1466 3794 fatuitate
1511 3740 1950 3812 patientissimus,
1978 3745 2121 3816 inju-

537 3823 671 3878 riam
703 3832 880 3880 tamen
906 3825 1104 3882 Christi
1133 3830 1364 3885 nominis
1379 3831 1464 3886 vel
1487 3831 1540 3887 in
1565 3846 1625 3889 se
1645 3832 1761 3905 ipso
1790 3835 2065 3907 religionis
2082 3837 2105 3868 ‘

536 3930 641 3984 qua
659 3915 892 3973 imbutus
925 3927 1058 3985 erat,
1110 3920 1188 3976 sic
1218 3921 1359 3978 ferre
1383 3937 1493 3978 non
1542 3933 1743 3995 posset,
1773 3936 1831 3982 ut
1870 3928 2119 4000 blasphe-

537 4015 747 4062 mantes
762 4008 1011 4066 videlicet
1045 4012 1315 4078 cordatos,
1337 4028 1369 4067 a
1395 4014 1587 4084 quibus
1630 4016 1748 4072 haec
1772 4026 1831 4073 ut
1856 4034 2120 4089 provoca-

536 4104 687 4152 retur
737 4097 1007 4166 audiebat,
1054 4100 1304 4156 insectari
1353 4102 1617 4174 lapidibus
1663 4122 1771 4162 non
1813 4108 2115 4181 desisteret,

537 4203 640 4246 nec
682 4189 736 4245 in
761 4205 824 4245 ea
873 4205 1034 4247 causa
1081 4192 1167 4248 vel
1209 4193 1439 4250 dominis
1473 4206 1738 4266 parceret.
1786 4199 1945 4257 Tales
1988 4219 2118 4275 ergo

536 4280 900 4349 praedestinari
922 4292 977 4339 et
1004 4285 1172 4339 creari
1199 4286 1451 4354 arbitror,
1475 4296 1537 4343 ut
1560 4290 1650 4358 qui
1681 4303 1929 4360 possunt,
1956 4295 2115 4352 intel-

534 4373 717 4444 ligant,
754 4375 846 4431 Dei
884 4376 1107 4446 gratiam
1131 4386 1187 4433 et
1213 4377 1468 4447 Spiritum
1508 4380 1599 4448 qui
1639 4381 1728 4437 ubi
1765 4383 1880 4439 vult
1932 4386 2106 4456 spirat

533 4465 554 4537 (
583 4465 740 4521 Joan.
770 4483 848 4534 ιιι,
893 4467 987 4540 8),
1019 4468 1090 4525 ob
1133 4468 1237 4525 hoc
1287 4485 1447 4527 omne
1483 4473 1677 4544 ingenii
1705 4490 1875 4547 genus
1913 4479 1966 4534 in
1993 4480 2116 4537 filiis

531 4558 913 4615 misericordia:
939 4576 1046 4617 non
1078 4563 1388 4633 prmterire,
1434 4566 1667 4638 itemque
1708 4583 1867 4627 omne
1910 4573 2112 4644 ingenii

529 4666 700 4722 genus
725 4653 778 4707 in
804 4652 1063 4724 gehennae
1085 4655 1207 4710 ﬁliis
1235 4657 1528 4726 praeterire,
1563 4668 1617 4713 ut
1644 4661 1731 4730 qui
1757 4661 2008 4731 gloriatur
2048 4668 2103 4722 in

529 4741 750 4797 Domino
787 4745 1031 4814 glorietur
1056 4746 1074 4815 (
1096 4747 1117 4800 ι
1139 4745 1256 4801 Cor.
1302 4763 1340 4813 ι,
1387 4749 1450 4804 51
1482 4747 1526 4819 ).
1556 4749 1635 4805 Illi
1679 4761 1857 4809 autem
1896 4758 1987 4826 qui
2015 4774 2113 4829 pro

527 4833 734 4889 meritis
762 4834 882 4889 vita:
931 4836 1219 4904 superioris
1269 4837 1512 4907 accipere
1556 4856 1795 4913 quasque
1846 4846 2053 4903 animas
2081 4852 2106 4885 ⁸

527 4922 740 4981 diversa
762 4933 969 4980 terrena
991 4940 1223 5003 corpora
1235 4926 1522 4998 aflirmant,
1545 4933 1744 5003 quibus
1763 4936 1885 4993 alia:
1913 4940 2107 5010 magis,

590 5105 778 5181 ν,
1112 5106 1601 5181 respondeant._l.ov.,
1639 5110 1735 5163 hic.
1783 5117 1955 5167 Verius
1977 5125 2105 5181 Mss,

526 5162 673 5231 hinc;
694 5162 937 5231 locutione
963 5162 1225 5231 Augustino
1249 5170 1481 5225 familiari.

589 5229 613 5291 ξ
642 5234 693 5276 ιιι
717 5227 937 5290 pluribus
958 5227 1083 5291 Mssi,
1109 5229 1311 5282 diverse.

589 5290 611 5322 ³
643 5296 840 5367 Αιιιειξι.
867 5298 920 5367 et
940 5292 1158 5362 quinque
1190 5299 1321 5367 Mss?
1344 5292 1517 5366 curati.
1542 5294 1627 5346 Alii
1662 5311 1780 5367 vero
1792 5303 2105 5367 manuscriptl

670 5350 890 5426 editione
904 5350 1010 5426 to}.
1031 5387 1044 5412 ,
1076 5350 1265 5405 'cirrati.
1285 5350 1333 5403 in
1353 5356 1570 5426 margine
1586 5359 1763 5426 codicis
1785 5350 2102 5426 (ῖγείὴῇἁέἇῖ

521 5412 590 5461 sis
612 5414 846 5478 scriptum
872 5415 1070 5477 antiqua
1107 5428 1249 5465 manu
1268 5450 1283 5474 ,
1315 5433 1339 5463 ι
1360 5412 1652 5478 Vel'cem'ti,
1678 5421 1725 5469 id
1749 5412 1835 5473 est"
1845 5412 2087 5476 Τυιιὶοδίξῖ

522 5474 726 5548 Ducitur
741 5487 832 5525 vox
847 5487 874 5524 a
892 5474 1091 5548 Cerere,
1116 5478 1166 5526 in
1180 5479 1320 5548 cujus
1339 5479 1489 5528 sacris
1502 5474 1669 5531 furore
1690 5487 1902 5548 correpti
1924 5474 2103 5539 mentis

520 5546 617 5601 non
638 5536 768 5601 satis
785 5544 1035 5601 compotes
1055 5536 1213 5590 erant.

585 5595 993 5708 gemitu.
1014 5634 1028 5662 ,
1050 5608 1191 5664 post,
1224 5601 1297 5653 uel
1318 5599 1368 5652 in
1398 5599 1555 5667 seipso
1590 5602 1867 5670 religionis,
1889 5608 2096 5674 additur,

520 5668 798 5709 reverentia.

583 5721 604 5751 ⁸
637 5730 736 5770 itm.
764 5730 821 5793 et
837 5724 987 5793 nostri
1011 5732 1335 5793 onines_Mss.,
1355 5724 1576 5793 accipere
1609 5739 1846 5793 ηιμιδιιιωε
1866 5735 2053 5786 animus
2077 5749 2096 5787 .'

519 5787 665 5846 atque
690 5795 751 5836 ex
792 5786 961 5838 iisdem
1005 5785 1171 5852 plures
1190 5788 1404 5851 habent,
1429 5785 1630 5840 diversa
1649 5788 1697 5842 in
1720 5785 1851 5846 terra
1874 5785 2091 5861 corpora.

1152 336 1241 395 DE
1278 328 1734 392 PECCATORUM
1773 321 2050 383 MERITIS
2088 321 2175 377 ET
2214 321 2645 391 RLMISSIONE,
2688 325 2744 381 S.
2791 324 3158 383 AUGUSTINI

3699 325 3799 383 I23

2220 441 2337 493 aliae
2367 440 2543 495 minus
2569 450 2883 511 graventur,
2915 450 2971 497 et
2996 455 3095 510 pro
3119 439 3323 496 eisdem
3361 440 3570 496 meritis
3594 439 3794 496 huma-

2218 546 2285 586 na
2329 531 2538 602 ingenia
2566 532 2779 598 variari,
2802 540 2860 586 ut
2890 532 3126 587 acutiora
3172 531 3280 587 sint
3316 530 3580 601 quaedam,
3613 540 3670 587 et
3693 531 3799 586 alia

2219 622 2510 693 obtusiqra,
2528 637 2731 692 proque
2758 622 2927 693 ipsius
2970 622 3090 677 vita:
3111 606 3404 691 superioris
3427 623 3632 677 meritis
3659 622 3803 677 divi-

2219 728 2343 768 nam
2367 728 2578 784 quoque
2599 714 2821 784 gratiam
2851 713 3139 768 liberaudis
3176 712 3481 768 hominibus
3505 712 3797 783 dispensa-

2220 802 2447 873 ri;quid
2495 802 2564 858 de
2590 804 2694 857 isto
2741 809 2996 873 poterunt
3040 802 3408 873 respondere?
3433 802 3715 871 Quomodo
3753 806 3808 859 ei

2224 893 2457 950 tribuent
2489 904 2544 950 et
2581 893 2912 949 teterrimam
2938 893 3101 948 vitam
3136 894 3496 963 superiorem,
3527 902 3585 949 ut
3608 909 3674 949 ex
3700 894 3808 950 hoc

2223 984 2399 1042 fatuus
2449 994 2790 1053 nasceretur;
2814 994 2869 1041 et
2895 994 3003 1041 tam
3044 985 3181 1041 bene
3214 986 3481 1050 meritam,
3507 995 3567 1041 ut
3596 1002 3664 1042 ex
3693 986 3802 1043 hoc

2224 1076 2277 1131 iu
2302 1075 2501 1131 Christi
2539 1078 2708 1147 gratia
2723 1078 2904 1132 multis
2923 1076 3246 1132 acutissimis
3268 1075 3618 1147 praeferretur
3637 1078 3662 1132 ?

2293 1168 2384 1223 55.
2447 1166 2706 1223 Cedamus
2753 1169 2912 1239 igitur
2955 1177 3010 1223 et
3059 1169 3455 1224 consentiamus
3499 1170 3813 1225 auctoritati

2224 1266 2421 1316 sanctae
2438 1260 2748 1331 Scriptum,
2775 1275 2893 1331 qua:
2920 1260 3089 1315 nescit
3115 1258 3224 1313 falli
3240 1273 3340 1314 nec
3361 1258 3542 1315 fallere
3571 1277 3586 1314 :
3617 1268 3672 1315 et
3697 1261 3812 1317 sic-

2225 1358 2284 1405 ut
2321 1356 2561 1406 nondum
2585 1358 2739 1406 natos
2780 1350 2848 1405 ad
2892 1350 3244 1406 discernenda
3271 1351 3459 1406 merita
3483 1365 3670 1407 eorum
3705 1352 3815 1407 ali-

2225 1443 2352 1512 quid
2378 1443 2519 1511 .boni
2561 1444 2645 1500 vel
2674 1443 2800 1499 mali
2825 1443 3000 1514 egisse
3042 1457 3147 1498 non
3188 1442 3489 1509 credimus;
3522 1444 3595 1500 ita
3621 1460 3817 1501 omnes

2225 1534 2325 1590 sub
2349 1541 2568 1605 peccato
2607 1549 2730 1591 esse
2749 1575 2764 1602 ,
2812 1533 2954 1604 quod
2982 1549 3078 1605 per
3105 1550 3266 1589 unum
3295 1534 3569 1589 hominem
3594 1534 3820 1590 intravit

2227 1624 2282 1679 in
2311 1624 2590 1690 mundum,
2613 1633 2668 1681 et
2689 1640 2785 1695 per
2812 1640 3001 1680 omnes
3028 1624 3273 1680 homines
3292 1625 3618 1695 pertransiit,
3644 1640 3676 1680 a
3701 1640 3819 1696 quo

2227 1730 2332 1772 non
2362 1716 2552 1772 liberat
2577 1716 2678 1771 nisi
2704 1717 2869 1788 gratia
2898 1717 2990 1772 Dei
3019 1732 3113 1786 per
3134 1717 3419 1772 Dominum
3444 1726 3687 1774 nostrum
3711 1717 3814 1774 Je‘

2226 1820 2346 1861 sum
2373 1806 2668 1872 Christum,
2698 1806 2915 1861 minime
2940 1806 3262 1862 dubitemus.

2302 1896 2527 1953 CAPUT
2557 1896 2743 1952 XXIII.
2764 1929 2835 1939 —
2859 1898 3087 1954 Christus
3128 1900 3280 1954 etiam
3319 1902 3593 1973 infantium
3636 1901 3820 1956 salva-

2228 1994 2307 2041 tor
2352 1996 2399 2041 et
2446 1987 2755 2060 redemptor.
2812 1987 2978 2059 Cujus
3023 1990 3355 2046 medicinalis
3396 1991 3654 2048 adventus
3702 2008 3817 2047 non

2227 2085 2310 2132 est
2352 2092 2487 2148 opus
2529 2080 2706 2148 sanis,
2760 2080 2855 2135 sed
2896 2082 3302 2152 aegrotantibus;
3342 2084 3465 2154 quia
3509 2098 3619 2140 non
3665 2087 3823 2141 venit

2227 2182 2419 2223 vocare
2437 2169 2613 2239 justos
2631 2211 2647 2239 ,
2673 2171 2769 2226 sed
2799 2179 3107 2242 peccatores
3135 2191 3149 2227 :
3182 2173 3235 2228 in
3267 2174 3417 2244 cujus
3452 2190 3673 2246 regnum
3696 2193 3821 2232 non

2228 2259 2446 2316 intrabit
2474 2262 2573 2317 nisi
2595 2263 2685 2333 qui
2713 2273 2930 2319 renatus
2955 2263 3114 2320 fuerit
3136 2280 3204 2320 ex
3233 2280 3370 2336 aqua
3390 2275 3445 2322 et
3467 2267 3682 2337 spiritu,
3711 2284 3824 2325 nec

2229 2361 2424 2422 praeter
2447 2369 2669 2424 regnum
2690 2355 2806 2425 ejus
2827 2356 3050 2412 salutem
3075 2372 3137 2413 ac
3157 2357 3319 2414 vitam
3342 2359 3634 2429 possidebit
3652 2370 3823 2417 aeter-

2229 2457 2374 2501 nam.
2392 2443 2651 2512 Quoniam
2678 2448 2765 2517 qui
2794 2462 2899 2502 non
2918 2447 3314 2505 manducaverit
3334 2465 3548 2507 carnem
3570 2451 3689 2522 ejus
3710 2494 3726 2521 ,
3757 2462 3825 2509 et

2175 2528 2187 2545 ⁸
2227 2536 2318 2607 qui
2336 2535 2641 2593 incredulus
2660 2548 2744 2594 est
2759 2539 2913 2604 Filio,
2937 2555 3044 2595 non
3069 2540 3283 2597 habebit
3303 2543 3486 2613 vitam,
3505 2543 3601 2600 sed
3621 2545 3698 2599 ira
3718 2546 3824 2601 Dci

2227 2637 2409 2685 ntanet
2433 2643 2595 2699 super
2617 2646 2758 2686 eum.
2777 2631 2859 2686 Ab
2879 2630 2980 2687 hoc
2999 2641 3238 2701 peccato,
3261 2633 3328 2690 ab
3350 2632 3450 2689 hac
3474 2635 3822 2705 aegritudine,

2227 2718 2295 2773 ab
2324 2718 2422 2777 hac
2455 2718 2533 2774 ira
2565 2720 2693 2789 Dei,
2721 2721 2873 2791 cujus
2898 2723 3210 2778 naturaliter
3237 2723 3333 2778 filii
3359 2732 3503 2790 sunt,
3531 2726 3625 2796 qui
3651 2727 3824 2781 etiam

2226 2808 2271 2864 si
2295 2824 2390 2879 per
2415 2818 2626 2866 mtatcm
2652 2826 2757 2867 non
2797 2811 2997 2867 habent
3043 2813 3346 2883 proprium,
3370 2814 3604 2884 Qtrahunt
3635 2824 3824 2873 tamen

2226 2900 2485 2971 originale
2513 2911 2811 2973 peccatum,
2840 2918 2947 2959 non
2978 2904 3169 2961 liberat
3212 2906 3314 2962 nisi
3359 2906 3540 2978 Agnus
3588 2908 3684 2965 Dei
3724 2911 3825 2980 qui

2230 2991 2368 3047 tollit
2395 3003 2610 3063 peccata
2636 2994 2819 3049 mundi
2843 2996 2858 3026 ¹
2888 2994 3063 3067 (Joan.
3095 3011 3146 3063 ι,
3176 2995 3270 3068 29)
3291 3038 3306 3063 ,
3335 2999 3549 3054 nonnisi
3576 2999 3826 3057 Medicus

2226 3083 2319 3153 qui
2348 3099 2455 3139 non
2486 3085 2630 3140 venit
2658 3095 2876 3157 propter
2903 3102 3094 3155 sanos,
3145 3090 3240 3145 sed
3291 3100 3510 3163 propter
3556 3104 3823 3165 aegrotos,

2229 3176 2440 3231 nonnisi
2471 3177 2739 3244 Salvator,
2771 3178 2840 3235 de
2867 3195 2974 3250 quo
3009 3168 3211 3237 dictum
3236 3191 3319 3237 est
3342 3185 3525 3254 generi
3551 3183 3820 3253 humano,

2229 3265 2400 3324 Natus
2440 3279 2513 3324 est
2538 3270 2674 3325 vobis
2703 3271 2853 3329 hodie
2877 3272 3117 3328 Salvator
3142 3272 3305 3347 (Luc.
3335 3292 3392 3342 ιι,
3426 3277 3484 3332 It
3510 3277 3529 3348 )
3558 3295 3571 3330 :
3599 3278 3822 3334 nonnisi

2227 3361 2575 3433 Redemptor,
2602 3364 2755 3434 cujus
2783 3365 3040 3436 sanguine
3059 3366 3268 3423 deletur
3281 3367 3521 3424 debitum
3543 3378 3819 3426 nostrum.

2225 3451 2358 3508 Nam
2384 3454 2504 3524 quis
2528 3454 2722 3510 audeat
2761 3455 2941 3512 dicere
2964 3498 2980 3523 ,
3023 3471 3130 3512 non
3177 3473 3297 3514 esse
3333 3458 3602 3515 Christum
3636 3460 3820 3517 infan-

2227 3544 2357 3599 tium
2386 3545 2705 3601 salvatorem
2732 3559 2834 3602 nec
2862 3546 3294 3618 redemptorem?
3322 3549 3475 3606 Unde
3499 3559 3676 3607 autem
3704 3553 3822 3609 sal-

2226 3649 2322 3690 vos
2345 3634 2491 3701 facit,
2522 3636 2569 3691 si
2597 3636 2741 3691 nulla
2767 3637 2820 3692 in
2846 3638 2927 3694 eis
2952 3646 3036 3694 est
3071 3639 3341 3711 originalis
3382 3642 3641 3713 :cgritudo
3677 3659 3817 3715 pec-

2225 3727 2363 3782 cati?
2394 3726 2546 3784 Unde
2582 3728 2816 3796 redimit,
2844 3730 2890 3785 si
2935 3746 3041 3787 non
3068 3740 3194 3787 sunt
3237 3747 3332 3803 per
3358 3735 3618 3806 originem
3647 3738 3813 3807 primi
3860 3808 3875 3819 1

2225 3815 2457 3873 hominis
2506 3820 2814 3875 venumdati
2863 3821 2965 3877 sub
3020 3825 3281 3893 peccato?
3323 3825 3480 3882 Nulla
3532 3828 3694 3900 igitur
3744 3846 3819 3887 ex

2224 3917 2409 3966 nostro
2434 3910 2673 3979 arbitrio,
2697 3921 2893 3982 praeter
2909 3913 3476 3989 Baptismuijhristi,
3495 3921 3640 3976 salus
3659 3933 3816 3978 teter-
3916 3976 3919 3977 ,

2223 4015 2292 4056 na
2322 4003 2663 4072 promittatur
2688 4002 2978 4060 infantibus
3003 4046 3018 4072 ,
3046 4021 3205 4076 quam
3232 4022 3338 4063 non
3369 4012 3630 4078 promittit
3659 4012 3816 4069 Scri-

2223 4100 2375 4162 ptura
2400 4091 2577 4151 divina
2597 4135 2611 4159 ,
2645 4094 2890 4152 humanis
2916 4097 3162 4153 omnibus
3189 4098 3417 4170 ingeniis
3452 4101 3816 4173 prml'erenda.

2254 4222 2259 4227 -
2291 4184 2516 4243 CAPUT
2545 4186 2739 4244 XXIV.
2771 4216 2834 4228 -—
2858 4189 2949 4245 54.
2982 4188 3274 4262 Baptismus
3318 4192 3459 4249 salus
3482 4236 3497 4260 ,
3545 4194 3819 4252 Euchari-

2221 4276 2318 4329 stia
2347 4277 2447 4331 vita
2473 4289 2679 4332 vocatur
2702 4294 2734 4332 a
2759 4277 2970 4334 Punicis
2999 4279 3318 4337 Christianis.
3364 4283 3577 4354 Optime
3619 4285 3819 4344 Punici

2218 4366 2506 4423 Christiani
2549 4368 2875 4439 Baptismum
2905 4370 3081 4441 ipsum
3120 4371 3249 4426 nihil
3293 4372 3439 4428 aliud
3466 4390 3625 4445 quam
3655 4377 3816 4432 salu-

2222 4468 2349 4526 tem,
2398 4468 2454 4515 et
2494 4468 2885 4517 sacramentum
2917 4463 3160 4533 corporis
3198 4463 3432 4531 Christi,
3481 4466 3614 4521 nihil
3658 4467 3817 4525 aliud

2218 4565 2375 4620 quam
2399 4550 2561 4605 vitam
2585 4561 2795 4608 vocant.
2825 4551 2999 4618 Unde,
3027 4554 3132 4609 nisi
3159 4569 3225 4611 ex
3253 4556 3465 4627 antiqua
3485 4599 3501 4623 ,
3533 4568 3590 4613 ut
3614 4559 3819 4616 existi-

2218 4656 2326 4707 mo,
2366 4650 2421 4697 et
2461 4643 2752 4712 apostolica
2783 4644 3105 4714 traditione,
3146 4661 3250 4717 qua
3298 4646 3555 4704 Ecclesia:
3603 4650 3815 4709 Christi

2217 4732 2433 4789 insitum
2461 4742 2660 4802 tenent,
2693 4745 2888 4806 praeter
2906 4736 3235 4807 Baptismum
3260 4747 3311 4795 et
3339 4740 3813 4812 participationem

2215 4840 2415 4881 mensa:
2444 4826 2733 4882 Dominicae
2756 4868 2771 4893 ,
2801 4843 2907 4883 non
2936 4829 3112 4886 solum
3144 4829 3214 4887 ad
3247 4846 3473 4902 regnum
3514 4834 3609 4890 Dei
3629 4837 3672 4902 ’,
3703 4838 3813 4893 sed

2214 4932 2315 4973 nec
2352 4917 2420 4974 ad
2457 4919 2682 4975 salutem
2711 4928 2765 4976 et
2791 4923 2954 4976 vitam
2991 4930 3247 4980 aeternam
3290 4939 3449 4996 posse
3478 4942 3811 4998 quemquam

2214 5008 2487 5066 hominum
2509 5013 2829 5081 pervenire?
2857 5014 2971 5071 IIoc
2988 5015 3133 5071 enim
3157 5024 3214 5073 et
3255 5016 3526 5089 Scriptura
3551 5014 3806 5088 testatur,

2211 5102 2501 5158 secundum
2526 5119 2588 5160 ea
2611 5120 2731 5176 quae
2755 5121 2915 5176 supra
2942 5107 3194 5164 diximus.
3225 5108 3360 5166 Nam
3385 5110 3511 5180 quid
3537 5112 3681 5167 aliud
3715 5123 3776 5169 te
3795 5146 3810 5157 -

2210 5205 2359 5263 nent,
2390 5196 2478 5267 qui
2516 5198 2843 5269 Baptismum
2870 5200 3087 5257 nomine
3127 5201 3316 5257 salutis
3359 5203 3628 5272 appellant
3654 5245 3669 5266 ,
3698 5206 3813 5263 nisi

2207 5292 2349 5364 quod
2375 5291 2576 5349 dictum
2604 5304 2709 5363 est,
2736 5295 2918 5352 Salvos
2937 5313 3030 5351 nos
3059 5297 3178 5367 fecit
3202 5313 3293 5368 per
3312 5298 3573 5353 lavacrum
3594 5314 3808 5370 regene-

2206 5383 2416 5438 rationis
2439 5382 2565 5455 (Tit.
2596 5398 2674 5450 ιιι,
2712 5386 2805 5456 5);
2835 5394 2891 5442 et
2917 5385 3060 5457 quod
3086 5386 3275 5443 Petrus
3299 5386 3395 5454 ait,
3424 5388 3515 5443 Sic
3538 5397 3586 5443 et
3614 5404 3701 5445 vos
3725 5390 3809 5444 si-

2205 5475 2315 5529 mili
2341 5478 2508 5546 forma
2524 5475 2791 5549 Baptisma
2805 5478 2972 5533 salvos
2997 5479 3121 5549 facit
3146 5479 3191 5549 (I
3220 5478 3362 5534 Petr.
3391 5496 3469 5547 ιιι,
3491 5480 3553 5537 21
3569 5482 3629 5552 )?
3653 5482 3807 5549 Quid

2202 5566 2346 5623 aliud
2386 5568 2545 5624 etiam
2566 5611 2581 5637 ,
2613 5571 2702 5640 qui
2733 5581 3125 5627 sacramentum
3155 5587 3355 5629 mensa:
3386 5574 3677 5632 Dominica:
3708 5578 3803 5631 vi-

2267 5680 2284 5746 ξ
2318 5685 2468 5746 vetus
2487 5687 2531 5730 s.
2557 5682 2751 5746 Amandi
2766 5682 2946 5746 codex,
2968 5688 3215 5746 peccatum
3232 5683 3423 5736 nmndi.

2268 5743 2304 5814 s‘
2316 5742 2458 5814 imitri,
2476 5756 2581 5793 non
2599 5742 2751 5793 solum
2773 5758 2868 5814 non
2881 5744 2947 5814 ad
2968 5742 3171 5814 regnum
3193 5747 3320 5803 Dei:
3343 5750 3558 5814 repetita
3579 5756 3801 5814 negante

2205 5803 2457 5868 particula,
2482 5817 2593 5870 (pia:
2610 5808 2882 5869 posteriore
2905 5807 3012 5860 loco
3023 5803 3178 5860 "abest
3201 5821 3229 5863 a
3252 5803 3606 5875 manuscriptis.
