4074 6538
217 327 315 381 12')

219 449 321 492 tam
347 445 555 505 vocant,
588 439 698 497 nisi
733 446 892 514 quod
923 450 1133 509 dictum
1163 463 1262 521 est,
1296 455 1406 527 Ego
1434 473 1545 511 sum
1568 462 1715 528 panis
1744 463 1819 516 vi~

220 546 331 597 eus,
356 530 443 600 qui
464 531 523 583 de
547 532 680 585 caelo
708 534 1006 608 descendi;
1029 553 1105 611 et,
1134 544 1292 601 Panis
1318 564 1465 619 quem
1491 567 1584 621 ego
1608 552 1817 622 dedero,

218 638 335 674 cura
361 630 557 675 mest
584 638 690 689 pro
718 629 918 683 sceeuli
944 634 1089 700 vita;
1118 644 1187 700 et,
1219 636 1282 692 Si
1309 653 1412 693 non
1433 641 1818 698 manducaueri-

217 713 277 763 tis
314 726 510 764 carnem
554 710 693 768 Filii
734 716 979 775 hominis
1005 732 1058 777 et
1082 727 1379 796 sanguinem
1417 729 1669 797 biberitis,
1714 748 1818 787 non

216 801 443 856 habebitis
465 804 624 857 vitam
655 806 715 860 in
743 809 898 865 nobis
914 813 1101 882 (Joan.
1127 831 1196 881 vt,
1222 818 1311 885 5i,
1334 817 1424 885 52,
1456 820 1546 891 54)
1563 823 1586 876 ?
1604 822 1661 877 Si
1687 836 1817 893 ergo

220 900 269 944 ut
297 902 371 947 tot
397 903 451 948 et
480 903 631 950 tanta
648 897 860 957 divina
888 909 1201 964 testimonia
1225 912 1534 980 concinnat,
1558 929 1654 970 nec
1674 916 1816 972 salus

217 997 309 1036 nec
332 982 433 1035 vita
459 993 673 1041 aeterna
699 990 835 1048 sine
859 994 1140 1064 Baptismo
1157 1009 1213 1055 et
1237 1014 1462 1069 corpore
1486 1014 1540 1059 et
1559 1006 1815 1076 sanguine

210 1078 407 1133 Domini
430 1078 693 1148 cuiquam
722 1084 1005 1152 speranda
1053 1095 1155 1153 est,
1183 1085 1379 1143 frustra
1416 1090 1534 1145 sine
1563 1091 1646 1147 bis
1690 1108 1816 1162 pro—

210 1172 423 1227 mittitur
465 1172 737 1242 parvulis.
787 1175 968 1232 Porro
1011 1178 1057 1233 si
1101 1193 1132 1232 a
1178 1180 1349 1236 salute
1389 1195 1455 1237 ac
1481 1186 1589 1237 vita
1616 1193 1813 1241 teterna

204 1263 459 1319 hominem
484 1264 591 1318 nisi
624 1275 862 1334 peccata
894 1284 1002 1323 non
1042 1279 1324 1340 separant,
1355 1287 1450 1342 per
1479 1272 1597 1329 haec
1620 1274 1812 1330 Sacra-

200 1364 367 1409 menta
393 1355 616 1410 nonnisi
652 1359 876 1426 peccati
902 1367 1088 1415 reatus
1114 1361 1166 1416 in
1197 1362 1428 1431 parvulis
1455 1364 1678 1420 solvitur
1703 1382 1717 1419 :
1744 1366 1813 1422 de

197 1463 295 1517 quo
319 1457 472 1502 reatu
497 1448 781 1517 scriptum
816 1459 926 1517 est,
958 1452 1231 1508 neminem
1259 1467 1379 1508 esse
1408 1455 1686 1523 mundum,
1719 1472 1812 1512 nec

193 1539 234 1592 si
266 1539 412 1592 unius
441 1538 547 1592 diei
576 1540 748 1611 fuerit
775 1540 883 1595 vita
908 1542 1022 1614 ejus
1054 1540 1191 1613 (Job
1218 1557 1340 1611 xxv,
1368 1543 1433 1610 4,
1461 1561 1562 1599 sec.
1594 1545 1805 1619 LXX).

195 1630 336 1686 Unde
369 1640 454 1686 est
482 1638 542 1686 et
572 1630 719 1687 illud
754 1633 810 1687 in
840 1633 1071 1690 Psalmis
1102 1652 1117 1689 :
1145 1634 1256 1707 Ego
1281 1636 1415 1690 enim
1450 1639 1505 1692 in
1533 1638 1809 1709 iniquitati-

191 1723 278 1776 bus
295 1732 566 1793 coemptas
591 1740 742 1791 sum,
767 1736 818 1779 et
843 1727 894 1780 in
917 1729 1137 1797 peccatis
1159 1737 1319 1783 mater
1337 1745 1449 1784 mea
1475 1747 1555 1785 me
1580 1732 1634 1785 in
1663 1741 1805 1788 utero

191 1816 314 1868 aluit
347 1815 514 1885 (Psat.
542 1831 594 1881 ι,
627 1817 718 1884 7).
744 1818 861 1872 Aut
878 1818 1027 1873 enim
1049 1834 1117 1874 es
1139 1835 1364 1890 persona
1383 1822 1619 1891 generali
1637 1823 1804 1893 ipsius

192 1912 420 1966 hominis
441 1912 647 1968 dicitur
662 1954 681 1980 ,
716 1922 820 1968 aut
844 1915 889 1969 si
918 1914 1136 1984 proprie
1159 1914 1227 1969 de
1249 1930 1313 1970 se
1334 1915 1496 1971 David
1526 1916 1630 1973 hoc
1653 1918 1798 1987 dicit,

192 2012 295 2057 non
323 2006 494 2073 utique
519 2003 591 2059 de
619 2004 1030 2071 fornicatione,
1062 2003 1159 2060 sed
1182 2004 1251 2061 de
1278 2005 1514 2077 legitimo
1536 2008 1802 2083 connubio

189 2106 333 2150 natus
350 2094 470 2149 fuit.
499 2094 623 2150 Non
652 2095 854 2165 itaque
878 2095 1185 2151 dubitemus
1203 2096 1363 2152 etiam
1387 2112 1485 2168 pro
1513 2098 1801 2158 infantibus

191 2186 512 2259 luptizandis
533 2188 880 2257 sanguinem
908 2184 1088 2242 fusum
1109 2228 1127 2255 ,
1158 2187 1246 2258 qui
1274 2188 1583 2259 priusquam
1610 2189 1800 2247 funde—

199 2291 369 2347 retur,
394 2281 473 2335 sic
496 2281 551 2334 in
579 2279 964 2335 Sacramenta
988 2279 1145 2334 datus
1172 2288 1256 2335 est
1286 2289 1339 2336 ει
1365 2282 1794 2352 commendatus,

197 2382 250 2425 ut
275 2372 568 2438 diceretur,
607 2369 721 2424 Hic
770 2379 854 2426 est
898 2370 1111 2442 sanguis
1153 2387 1328 2438 meus,
1362 2371 1449 2442 qui
1490 2388 1584 2442 pro
1624 2373 1796 2428 multis

187 2460 526 2529 riundetarin
538 2463 912 2517 remissionem
935 2471 1260 2532 peccatorum
1280 2462 1494 2534 (Matth.
1515 2479 1660 2532 xxvr,
1677 2464 1791 2537 28).

182 2554 378 2624 Negant
399 2555 549 2609 enim
590 2554 725 2610 illos
749 2554 1022 2622 liberari,
1050 2554 1144 2625 qui
1169 2555 1269 2611 sub
1297 2566 1516 2626 peccato
1540 2573 1659 2613 esse
1692 2574 1792 2614 no-

184 2647 296 2700 lunt
317 2646 496 2703 lateri.
522 2647 664 2702 Nam
690 2648 838 2704 unde
879 2648 1216 2715 liberantur,
1260 2649 1304 2704 si
1350 2650 1496 2705 nulla
1536 2654 1792 2711 servitute

187 2738 397 2807 patrati
423 2748 685 2795 tenentur
706 2740 943 2795 obstricti
959 2740 985 2794 ’ἶ

256 2829 352 2883 55.
393 2827 528 2899 Ego,
558 2830 757 2899 inquit,
784 2830 872 2884 lu
889 2831 948 2884 in
976 2829 1228 2886 steculum
1250 2832 1362 2886 veni
1381 2873 1396 2898 ,
1424 2842 1481 2886 ut
1520 2835 1683 2890 omnis
1705 2838 1792 2907 qui

194 2918 466 2973 crediderit
484 2920 539 2972 in
558 2936 660 2987 me,
688 2936 790 2974 non
814 2930 1022 2974 maneat
1045 2922 1101 2975 in
1122 2920 1335 2977 tenebris
1355 2922 1532 2995 (Joan.
1555 2941 1651 2995 xu,
1673 2926 1787 2999 46).

200 3009 312 3063 Iloc
334 3008 475 3064 dicto
496 3011 624 3079 quid
654 3010 927 3079 ostendit,
953 3011 1059 3066 nisi
1082 3012 1138 3066 in
1165 3013 1398 3067 tenebris
1429 3028 1549 3070 esse
1574 3030 1789 3073 onmem

203 3102 290 3172 qui
313 3116 415 3156 non
439 3102 609 3157 credit
630 3102 687 3157 in
712 3118 865 3170 eum,
883 3113 941 3158 et
962 3103 1232 3159 credendo
1255 3103 1471 3161 efﬁcere
1488 3120 1556 3161 ne
1574 3117 1791 3164 maneat

199 3194 249 3248 in
274 3193 540 3249 tenebris?
568 3194 681 3249 Has
722 3195 981 3260 tenebras
1015 3196 1146 3266 quid
1172 3197 1273 3253 nisi
1299 3206 1514 3267 peccata
1540 3199 1789 3272 intelligi-

203 3285 468 3342 mus'lSed
492 3286 777 3356 quodlibet
818 3285 968 3342 aliud
1005 3287 1370 3359 intelligantur
1409 3291 1491 3346 lue
1529 3292 1785 3362 tenebrat,

207 3376 425 3445 profecto
445 3377 537 3448 qni
564 3394 676 3432 non
706 3377 885 3433 credit
908 3379 965 3434 in
988 3377 1285 3447 Christum,
1314 3381 1549 3438 manebit
1577 3384 1634 3438 in
1662 3383 1741 3440 eis
1767 3403 1783 3442 :

209 3477 255 3522 et
271 3469 440 3538 utique
452 3469 696 3539 ptenalos
711 3478 864 3535 sunt,
887 3484 995 3525 non
1007 3472 1160 3541 quasi
1180 3480 1453 3528 nocturnae
1466 3474 1533 3529 ad
1549 3475 1787 3546 quietem

212 3560 533 3614 animantium
574 3560 930 3616 necessariae.

272 3651 482 3707 CAPUT
506 3650 677 3706 XXV.
699 3681 773 3691 —
793 3650 1054 3707 Parvulos
1075 3668 1194 3707 mox
1218 3662 1364 3708 natas
1380 3654 1658 3711 illuminari
1678 3658 1787 3727 qui-

218 3746 317 3796 dam
330 3759 584 3813 perperam
596 3743 907 3815 colligebant
922 3760 986 3798 ex
1002 3745 1294 3816 Evangelia.
1310 3745 1540 3802 Proinde
1557 3750 1782 3817 parvuli,

219 3836 256 3887 si
274 3849 357 3903 per
380 3835 785 3891 Sacramentum
810 3835 956 3907 quod
980 3835 1048 3893 ad
1075 3836 1178 3893 hac
1208 3839 1459 3895 divinitus
1486 3840 1782 3898 institutum

220 3934 305 3991 est,
333 3927 381 3981 in
404 3929 737 3983 credentium
766 3944 1052 3985 numerum
1088 3944 1195 3986 non
1226 3940 1514 4000 transeant,
1546 3933 1784 4006 profecto

221 4019 267 4071 in
287 4019 361 4074 bis
378 4020 613 4076 tenebris
637 4022 1012 4078 remanebunt.

275 4112 358 4167 36.
394 4112 648 4182 Quamvis
698 4131 794 4171 eos
840 4115 1086 4179 nonnulli
1128 4132 1250 4172 mox
1298 4126 1455 4175 natos
1495 4119 1783 4178 illuminari

215 4203 432 4272 credant,
457 4208 537 4260 sic
563 4206 927 4277 intelligentes
954 4206 1098 4278 quod
1126 4209 1381 4281 scriptum
1410 4219 1513 4277 est,
1543 4210 1672 4267 Erat
1696 4212 1781 4267 lu-

212 4310 309 4348 m
333 4311 519 4362 νέηαι,
541 4297 680 4367 quod
704 4297 960 4351 illuminat
997 4314 1197 4352 omnem
1225 4300 1478 4355 hominem
1505 4304 1783 4359 uenientem

209 4387 253 4439 in
280 4388 408 4441 huc
430 4389 683 4442 mundum
730 4388 844 4460 (Id.
874 4406 912 4458 ι,
941 4390 1018 4460 9).
1043 4390 1193 4459 Quod
1220 4392 1265 4446 si
1292 4392 1363 4447 ita
1404 4403 1507 4460 est,
1553 4395 1781 4452 multum

206 4478 493 4533 mirandum
536 4488 622 4534 est
663 4479 933 4550 quomodo
979 4481 1263 4537 illuminati
1309 4483 1378 4538 ab
1429 4484 1586 4540 unico
1623 4486 1778 4555 Filio,

203 4568 336 4639 quod
355 4578 471 4625 erat
497 4569 551 4624 in
577 4570 842 4641 principio
864 4570 1094 4627 Verbum
1121 4572 1261 4628 Deus
1288 4574 1427 4645 apud
1461 4575 1648 4643 Deum,
1674 4593 1778 4634 non

203 4661 539 4716 admittentiu-
582 4660 654 4716 ad
694 4676 917 4732 regnum
959 4662 1075 4728 Dei,
1106 4678 1206 4719 nec
1249 4664 1357 4720 sint
1393 4665 1637 4724 bmredes
1660 4668 1774 4740 Dei,

201 4754 499 4810 coharedes
526 4765 706 4811 autem
744 4754 963 4811 Christi.
991 4757 1102 4813 Hoc
1131 4759 1271 4814 enim
1311 4760 1389 4815 eis
1422 4761 1522 4815 nisi
1550 4777 1645 4832 per
1674 4762 1776 4818 Ba-

463 4860 573 4900 non
602 4848 865 4917 praestari,
892 4848 1051 4903 etiam
1085 4848 1174 4919 qui
1204 4849 1305 4905 hoc
1334 4853 1589 4920 sentiunt,
1612 4854 1775 4908 confi-

198 4943 388 4989 tentur.
421 4936 631 4993 Deinde
669 4939 782 5007 jam
822 4938 1124 5005 illuminati,
1161 4940 1205 4994 si
1239 4942 1306 4996 ad
1343 4944 1776 5014 consequendum

197 5040 411 5096 regnum
438 5027 538 5082 Dei
566 5029 804 5083 nondum
843 5038 968 5084 sunt
1006 5028 1217 5097 idonei;
1248 5032 1435 5089 saltem
1476 5035 1647 5105 ipsum
1679 5038 1779 5092 Ba.

196 5120 461 5187 ptismum,
489 5135 599 5190 quo
630 5119 697 5174 ad
736 5121 839 5175 hoc
863 5121 1036 5177 idonei
1066 5122 1215 5189 fiunt,
1247 5123 1353 5179 Ιιειί
1381 5126 1652 5197 suscipere
1680 5127 1775 5184 de-

196 5211 453 5267 buerunt:
481 5213 570 5268 cui
602 5222 778 5268 tamen
807 5229 901 5269 eos
925 5214 1165 5271 videmus
1185 5231 1306 5271 cum
1336 5218 1543 5289 magnis
1568 5218 1778 5278 ﬂetibus

196 5304 459 5374 reluctari,
486 5321 718 5378 eamque
746 5306 1099 5378 ignorantiam
1122 5308 1173 5363 in
1200 5309 1285 5364 illa
1307 5318 1462 5367 :ctate
1482 5313 1778 5368 contemni-

197 5411 329 5465 mus,
358 5408 416 5453 ut
451 5399 800 5455 Sacramenta
830 5415 952 5471 qua:
996 5401 1097 5455 illis
1122 5401 1376 5472 prodesse
1414 5404 1691 5471 novimus,
1724 5406 1775 5458 in

196 5488 268 5542 eis
312 5490 472 5545 etiam
520 5492 908 5547 reluctantibus
950 5493 1330 5562 complcamus.
1380 5495 1487 5551 Cur
1529 5496 1670 5551 enim
1723 5507 1777 5551 ει

198 5581 481 5649 Apostolus
507 5584 661 5649 dicit,
690 5582 869 5641 Nolite
891 5586 1038 5654 pueri
1066 5601 1173 5638 esse
1193 5587 1437 5642 utentibus
1457 5586 1639 5657 (lCor.
1658 5604 1773 5656 xw,

196 5668 311 5741 ii);
352 5675 396 5728 si
426 5676 537 5743 jam
582 5675 782 5730 lumine
816 5675 909 5730 illo
938 5689 1069 5729 vero
1092 5676 1232 5742 quod
1273 5676 1501 5733 Verbum
1543 5680 1632 5734 Dei
1671 5690 1772 5748 est,

201 5778 373 5819 eorum
404 5777 611 5824 mentes
642 5767 957 5822 illuminatae
987 5769 1154 5822 sunt?

1619 344 1818 402 LIBER
1868 343 2136 401 PRIMUS.

3421 379 3522 438 1'50

2011 460 2108 557 57.Δ
2139 458 2319 532 Itaque
2348 464 2476 522 illud
2515 475 2658 543 quod
2705 479 2756 532 in
2806 478 3092 553 Evangelia
3136 488 3367 557 positum
3411 503 3515 553 est.

1933 549 2061 604 Erat
2089 553 2257 609 lumen
2274 573 2462 626 rerum,
2481 566 2616 633 quod
2643 567 2902 644 illuminat
2926 549 3405 638 omnem-hominem
3432 600 3517 640 oe-

1929 641 2144 695 nienlem
2169 648 2222 699 in
2251 647 2385 702 hunc
2404 641 2811 724 mundum,idco
2836 663 3034 721 dictum
3059 677 3163 737 est,
3190 672 3312 742 quia
3338 675 3514 733 nullus

1928 729 2204 789 hominum
2232 736 2560 799 illuminatur
2597 748 2699 803 nisi
2728 750 2821 805 illo
2846 753 3044 813 lumine
3073 729 3334 828 veritatis,
3367 729 3509 836 quod

1927 820 2073 879 Deus
2097 834 2180 881 est
2204 845 2217 881 :
2246 844 2313 884 ne
2332 833 2611 905 quisquam
2642 851 2851 909 putaret
2874 847 2942 902 ab
2968 864 3036 904 eo
3060 866 3127 915 se,
3143 820 3456 926 illuminari,
3480 875 3509 913 a

1924 927 2032 982 quo
2053 914 2201 970 audit
2223 919 2239 949 ¹
2265 927 2322 973 ut
2342 921 2531 993 discat,
2557 940 2663 982 non
2689 929 2829 997 dico,
2852 934 2898 988 si
2916 951 3234 1011 quemquam
3256 914 3507 1017 magnum

1923 1003 2224 1077 hominem,
2259 1013 2353 1068 sed
2380 1016 2401 1046 '
2430 1031 2531 1072 nec
2567 1018 2614 1073 si
2641 1023 2884 1092 angelum
2916 1028 2966 1082 ei
3008 1034 3282 1105 contingat
3306 1003 3507 1097 habere

1922 1094 2214 1155 doctorem.
2239 1103 2536 1163 Adhibetur
2555 1111 2697 1166 enim
2719 1127 2895 1171 sermo
2913 1120 3152 1177 veritatis
3175 1094 3506 1186 extrinsecus

1918 1187 2067 1243 vocis
2092 1191 2387 1251 ministerio
2423 1202 2752 1269 corporalis,
2801 1218 3165 1269 verumtamen
3212 1231 3371 1286 neque
3415 1223 3505 1291 qui
3533 1243 3536 1248 ·

1917 1276 2116 1373 plantat
2142 1293 2215 1337 est
2235 1286 2448 1357 aliquid,
2467 1307 2624 1363 neque
2649 1296 2735 1364 qui
2760 1297 2910 1367 rigat,
2935 1302 3024 1355 sed
3042 1305 3129 1373 qui
3147 1276 3503 1367 incrementum

1915 1366 2003 1422 dat
2045 1369 2184 1427 Deus
2210 1373 2390 1449 (lCor.
2424 1395 2498 1445 tu,
2532 1380 2608 1451 7).
2637 1366 3014 1460 Auditiquippe
3045 1366 3204 1449 homo
3231 1397 3499 1455 dicentem

1913 1463 1996 1517 vel
2019 1463 2286 1524 hominem
2309 1471 2391 1526 vel
2412 1474 2688 1544 angelum;
2717 1479 2811 1534 sed
2838 1490 2894 1536 ut
2918 1484 3113 1541 sentiat
3133 1495 3187 1541 ct
3212 1501 3500 1560 cognoscat

1913 1569 2099 1612 verum
2120 1573 2240 1616 esse
2265 1563 2406 1632 quod
2432 1565 2645 1634 dicitur,
2680 1569 2770 1624 illo
2798 1571 2999 1630 lumine
3026 1576 3166 1633 intus
3195 1594 3348 1637 mens
3376 1583 3499 1654 ejus

1911 1649 2226 1719 aspergitur,
2258 1653 2401 1723 quod
2429 1664 2687 1713 teternum
2712 1672 2893 1717 manet
2917 1662 2959 1732 ³,
2981 1667 3126 1736 quod
3154 1669 3314 1726 etiam
3337 1672 3391 1728 in
3405 1649 3500 1730 ἰε-

1909 1737 2088 1794 nebris
2115 1740 2273 1798 lucet.
2304 1742 2412 1800 Sed
2438 1746 2577 1802 sicut
2599 1750 2681 1804 sol
2711 1752 2809 1808 iste
2837 1768 2867 1808 a
2894 1756 3052 1811 caecis
3073 1798 3091 1826 ,
3137 1762 3380 1830 quamvis
3403 1778 3498 1820 eos

1907 1828 2021 1885 suis
2047 1831 2209 1888 radiis
2236 1836 2465 1904 quodam
2496 1839 2656 1895 modo
2681 1844 2905 1913 vestiat,
2935 1846 3015 1902 sic
3045 1848 3114 1905 ab
3138 1828 3376 1910 stultitim
3411 1863 3492 1912 te-

1906 1919 2089 1976 nebris
2116 1938 2221 1979 non
2249 1929 2740 1998 comprehenditur.

1976 2011 2065 2067 58.
2106 2012 2212 2069 Cur
2230 2026 2425 2085 autem,
2451 2035 2571 2076 cum
2593 2022 2839 2094 dixisset,
2858 2029 2994 2100 quod
3012 2030 3271 2087 illuminat
3290 2050 3491 2091 omnem

1905 2102 2192 2173 hominem;
2216 2108 2498 2180 addiderit,
2526 2115 2804 2172 venientem
2825 2120 2877 2174 in
2897 2120 3032 2176 hunc
3052 2125 3296 2180 mundum
3308 2144 3330 2193 ;
3351 2128 3493 2186 unde

1904 2191 2020 2250 haec
2044 2196 2225 2267 opinio
2246 2210 2365 2255 nata
2388 2211 2489 2270 est,
2515 2205 2729 2274 quodin
2754 2218 2945 2265 exortu
2966 2215 3230 2284 corporali
3247 2191 3318 2272 ab
3337 2227 3492 2276 utero

1901 2286 2092 2343 matris
2116 2292 2485 2350 recentissimo
2504 2294 2766 2353 illuminet
2783 2310 2992 2358 mentes
3011 2306 3343 2365 nascentium
3364 2322 3491 2377 par-

1898 2377 2147 2435 vulorum
2174 2399 2189 2435 :
2217 2384 2457 2453 quamvis
2499 2385 2553 2440 in
2595 2401 2771 2457 grmco
2811 2391 2884 2446 ita
2911 2393 2983 2447 sit
3024 2395 3254 2464 positum
3296 2396 3397 2471 (a),
3429 2408 3489 2455 ut

1897 2468 2067 2536 possit
2106 2470 2266 2526 etiam
2297 2472 2516 2546 intelligi
2553 2476 2732 2537 lumen
2772 2479 2944 2550 ipsum
2983 2485 3203 2542 veniens
3245 2468 3313 2542 ini
3346 2468 3487 2546 hunc

1897 2558 2202 2617 mundum:
2250 2571 2425 2619 tamen
2474 2567 2520 2621 si
2565 2565 2834 2624 hominem
2886 2574 3190 2631 venientem
3242 2578 3485 2655 in‘hunc

1896 2649 2189 2716 mundum,
2221 2667 2442 2710 necesse
2478 2664 2561 2710 est
2585 2659 2792 2729 accipi,
2821 2671 2914 2716 aut
2941 2664 3257 2734 simpliciter
3280 2649 3482 2727 dictum

1895 2738 2147 2810 arbitror,
2169 2742 2306 2798 sicut
2329 2745 2494 2800 multa
2516 2747 2569 2802 in
2595 2748 2885 2820 Scripturis
2906 2757 3266 2825 reperiuntur,
3289 2762 3482 2832 quibus

1894 2831 2056 2887 etiam
2085 2832 2337 2892 detractis
2363 2836 2496 2892 nihil
2522 2842 2804 2897 sententiae
2828 2844 3132 2915 minuatur;
3164 2859 3257 2904 aut
3284 2831 3330 2906 si
3359 2868 3483 2923 pro-

1894 2932 2014 2994 pter
2037 2926 2268 2997 aliquam
2305 2927 2700 2987 distinctionem
2729 2933 2966 2991 additum
3012 2952 3132 2994 esse
3156 2940 3481 3001 credendum

1894 3026 1997 3083 est,
2022 3010 2251 3074 fortasse
2278 3018 2380 3076 hoc
2409 3020 2608 3078 dictum
2634 3033 2716 3080 est
2738 3064 2754 3089 ,
2784 3026 2853 3081 ad
2878 3026 3286 3088 discernendam
3314 3035 3480 3105 spiri-

1896 3107 2090 3163 tualem
2113 3108 2552 3169 illuminationem
2578 3116 2646 3171 ab
2670 3118 2770 3172 ista
2793 3121 3079 3191 corporali,
3102 3138 3222 3194 qua:
3245 3127 3358 3183 sive
3382 3143 3481 3198 per

1892 3199 2016 3254 cmli
2036 3199 2336 3269 luminaria,
2356 3203 2469 3283 sive
2484 3205 2779 3279 quibusque
2794 3208 2816 3241 ‘
2839 3210 3047 3281 ignibus
3067 3213 3330 3272 illuminat
3353 3232 3483 3275 ocuo

1892 3290 1973 3348 los
1998 3293 2206 3360 carnis;
2228 3304 2287 3349 ut
2309 3294 2581 3352 hominem
2607 3298 2915 3358 interiorem
2943 3304 3144 3361 dixerit
3171 3309 3477 3381 venientem

1891 3380 1947 3437 in
1978 3381 2120 3438 hunc
2147 3383 2422 3450 mundum,
2472 3388 2595 3458 quia
2622 3391 2858 3446 exterior
2885 3408 3177 3464 corporeus
3201 3408 3304 3466 est,
3343 3402 3482 3459 sicut

1891 3470 1978 3528 hic
2005 3473 2275 3541 mundus;
2310 3485 2558 3548 tanquam
2585 3480 2808 3550 diceret,
2850 3484 3117 3543 llluminat
3141 3504 3355 3547 omnem
3382 3492 3480 3550 ho-

1889 3566 2089 3623 minem
2118 3568 2418 3625 vcnientem
2464 3570 2520 3625 in
2559 3586 2789 3644 corpus,
2821 3579 3113 3637 secundum
3154 3582 3289 3640 illud
3334 3585 3480 3656 quod

1889 3657 2144 3728 scriptum
2171 3667 2254 3714 est
2277 3676 2290 3712 :
2321 3658 2546 3716 Sortitus
2572 3679 2687 3717 sum
2712 3666 2934 3721 animam
2958 3666 3140 3725 bonam
3164 3713 3180 3739 ,
3211 3682 3257 3728 et
3282 3677 3393 3730 veni
3424 3676 3480 3732 in

1889 3763 2071 3820 corpus
2112 3750 2542 3820 incoinquinatum
2580 3752 2750 3825 (Sap.
2778 3772 2871 3811 vm
2895 3799 2911 3826 ,
2942 3758 3009 3815 l9
3028 3801 3045 3828 ,
3089 3762 3159 3817 ΞΟ
3183 3763 3223 3833 ).
3251 3766 3358 3821 Aut
3385 3782 3477 3823 cr-

1888 3853 1957 3909 go
2005 3839 2085 3895 sic
2134 3840 2332 3917 dictum
2380 3851 2494 3908 est,
2540 3843 2588 3898 si
2634 3844 2992 3904 distinctionis
3029 3851 3472 3926 alicujus‘gratia

1888 3929 2087 3985 dictum
2139 3940 2268 3996 est;
2322 3931 2592 3988 llluminat
2638 3951 2835 3991 omnem
2887 3938 3139 3995 hominem
3194 3946 3473 4002 venientem

1887 4019 1941 4073 in
1960 4019 2093 4074 hunc
2135 4021 2413 4089 mundum;
2459 4032 2709 4094 tanquam
2750 4025 2950 4083 dictum
2990 4042 3169 4100 esset,
3212 4035 3476 4094 llluminat

1889 4125 2105 4167 omnem
2169 4114 2476 4171 interiorem
2523 4116 2830 4187 hominem,
2878 4123 3001 4192 quia
3044 4123 3205 4181 homo
3253 4128 3476 4186 interior

1887 4216 2008 4257 cum
2058 4205 2315 4260 veraciter
2351 4205 2411 4260 fit
2455 4206 2668 4277 sapiens
2703 4249 2727 4274 ι
2774 4211 2985 4267 nonnisi
3034 4214 3230 4272 abillo
3280 4218 3475 4275 illumi-

1888 4303 2045 4350 natur
2067 4296 2156 4366 qui
2179 4295 2199 4328 ⁵
2226 4305 2308 4353 est
2327 4297 2503 4353 lumen
2534 4315 2718 4355 verum
2745 4319 2757 4355 :
2781 4311 2875 4358 aut
2897 4304 2942 4358 si
2970 4305 3231 4363 rationem
3267 4310 3433 4380 ipsam
3455 4351 3472 4378 ,

1886 4404 1989 4461 qua
2026 4389 2257 4445 humana
2296 4391 2472 4446 anima
2510 4393 2782 4450 rationalis
2825 4397 3144 4467 appellatur,
3187 4416 3307 4472 qua:
3337 4405 3474 4460 ratio

1884 4480 2060 4535 adhuc
2100 4482 2246 4536 velut
2290 4481 2467 4551 quieta
2503 4490 2560 4537 et
2593 4485 2743 4554 quasi
2781 4488 2970 4556 sapita,
3021 4498 3195 4546 tamen
3237 4492 3393 4548 insita
3418 4504 3475 4552 ει

1886 4570 2116 4642 quadam
2155 4570 2317 4626 modo
2344 4572 2657 4628 inseminata
2685 4574 2738 4628 in
2764 4578 2996 4644 parvulis
3021 4578 3169 4648 latet,
3199 4580 3471 4638 illumina-

1886 4663 2085 4718 tioncm
2142 4661 2311 4716 voluit
2355 4662 2653 4733 appellare,
2712 4672 2963 4737 tanquam
3013 4668 3285 4727 interioris
3329 4675 3471 4732 oculi

1884 4755 2210 4811 creationem
2226 4771 2240 4821 ;
2258 4769 2361 4810 non
2380 4754 2733 4811 resistendum
2759 4766 2861 4825 est,
2882 4766 3006 4815 tunc
3029 4775 3147 4819 eam
3176 4764 3288 4819 lieri
3310 4782 3324 4831 ;
3347 4779 3470 4823 cum

1884 4846 2061 4900 anima
2110 4854 2341 4913 creatur,
2394 4852 2447 4901 et
2488 4862 2595 4900 non
2645 4846 2872 4904 absurde
2918 4849 3022 4907 hoc
3062 4853 3303 4926 intelligi,
3347 4872 3469 4914 cum

1886 4936 2048 4990 homo
2083 4936 2231 4991 venit
2275 4936 2330 4991 in
2373 4936 2650 4991 mundum.
2699 4938 3077 5017 Verumtamen
3121 4944 3281 5000 etiam
3331 4947 3466 5018 ipse,

1884 5027 2124 5103 quamvis
2146 5029 2256 5098 jam
2285 5035 2493 5082 creatus
2530 5027 2715 5085 oculus
2742 5070 2757 5095 ,
2799 5046 3022 5089 necesse
3045 5042 3127 5090 est
3152 5036 3205 5090 in
3237 5038 3469 5095 tenebris

1885 5126 2114 5184 maneat,
2142 5118 2188 5172 si
2214 5133 2321 5173 non
2360 5117 2545 5173 credat
2572 5118 2625 5173 in
2674 5135 2796 5175 eum
2839 5122 2928 5192 qui
2963 5122 3116 5188 dixit,
3154 5124 3267 5198 Ego
3293 5127 3384 5184 lua:
3408 5131 3464 5185 in

1948 5230 1976 5302 ι.
1999 5229 2114 5302 editi
2132 5262 2147 5290 ,
2189 5242 2222 5280 a
2245 5241 2338 5293 quo
2357 5227 2541 5294 aliquid
2565 5229 2720 5280 audit.
2761 5232 2946 5297 Abest,
2982 5233 3197 5301 aliquid,
3247 5250 3275 5288 a
3298 5252 3468 5291 manu-

1884 5297 2255 5414 sc‘i'prsaiticnla,
2294 5353 2407 5411 sed,
2431 5357 2545 5425 ante
2568 5352 2737 5425 verba,
2760 5366 2849 5405 nec
2873 5355 2919 5406 si
2939 5356 3163 5425 angelum
3181 5398 3194 5421 ,
3224 5363 3466 5424 prmteriri

1883 5420 2074 5475 potest;
2116 5422 2169 5465 et
2198 5427 2375 5497 revera
2396 5420 2675 5475 praeteritur
2699 5420 2748 5462 in
2774 5420 3141 5493 manuscriptisz
3224 5420 3236 5424 “
3265 5482 3279 5497 1
3369 5483 3397 5497 ν
3427 5486 3438 5497 ο

1947 5476 1966 5497 Ι
2001 5480 2016 5497 Ι
2033 5487 2092 5497 Α..
2199 5489 2285 5497 -..Α
2352 5476 2403 5497 Α..
2446 5481 2672 5497 ..ιιι-...ειμι-
2696 5484 2858 5497 ...ι-..ηε
2932 5482 2981 5497 ιι.
3001 5495 3007 5497 _
3036 5489 3063 5497 κ.
3147 5496 3167 5497 η
3242 5494 3255 5497 -
3332 5495 3341 5497 μ
3405 5492 3415 5497 -

1946 5476 1966 5546 ξ
2001 5480 2109 5546 Lov.
2136 5511 2151 5536 ,
2193 5477 2321 5538 quod
2352 5476 2674 5546 gratantum
2696 5484 2875 5528 manet.
2921 5476 3086 5542 Abest,
3106 5482 3193 5546 'in,
3236 5482 3299 5531 ab
3320 5483 3467 5535 editis

1879 5534 2692 5619 “"18Ei.ﬁ."la;‘1“scflllii§:-.__-..-
2746 5599 2837 5619 ω
3072 5534 3103 5619 ί
3257 5613 3266 5619 ,
3410 5609 3441 5619 _.

1945 5603 1967 5629 ι
1999 5598 2150 5670 Editio
2167 5607 2295 5659 lov.,
2318 5598 2708 5670 quibuscumque.
2746 5599 2837 5650 sed
2869 5604 3043 5664 passim
3086 5606 3209 5668 apud
3247 5609 3464 5670 Augusti-

1882 5671 1997 5723 num
2014 5693 2028 5716 ,
2049 5658 2341 5721 quibusque;
2366 5674 2471 5723 pro,
2495 5658 2886 5723 quibuscumque:

1945 5722 1965 5784 ξ
1997 5728 2175 5769 Otnncs
2325 5720 2439 5771 cum
2458 5720 2583 5782 Ἀιηη
2602 5720 2747 5784 quod.

1943 5782 2016 5843 (α)
2053 5790 2389 5834 Errltammcu.
