4074 6528
580 380 676 438 151

577 491 819 548 saxulum
843 484 953 542 veni
975 524 991 552 ,
1014 487 1068 535 ut
1094 475 1258 533 omnis
1277 472 1364 544 qui
1386 469 1543 524 credit
1570 470 1623 521 in
1657 481 1734 520 me
1758 480 1857 518 non
1886 466 2084 552 maneat
2112 457 2165 510 iu

582 582 813 638 tenebris.
835 551 989 646 Quod
1028 586 1121 641 per
1146 571 1533 625 sacramentum
1563 553 1903 627 Baptismatis
1927 553 1942 583 ¹
1967 551 2020 604 in
2044 563 2166 646 par:-

580 673 717 728 vulis
747 638 996 724 ﬁerinon
1022 638 1228 714 dubitat
1254 662 1425 711 mater
1450 648 1712 709 Ecclesia,
1736 658 1854 715 qua:
1871 656 1964 696 cor
1983 648 2039 694 et
2056 653 2118 693 os
2143 638 2164 669 ³

584 771 879 817 maternum
907 754 986 808 eis
1009 757 1242 822 praestat,
1266 755 1324 801 ut
1345 744 1513 801 sacris
1530 738 1800 812 mysteriis
1828 735 2164 795 imbuantur;

581 853 702 920 quia
734 845 966 902 nondum
999 848 1223 911 possunt
1251 835 1412 892 corde
1441 832 1658 903 proprio
1682 824 1986 920 crederea‘d
2011 822 2170 893 justi-

583 916 729 1003 tiam,
761 950 860 990 nec
882 948 976 987 ore
1006 930 1220 1001 proprio
1249 925 1492 982 conﬁteri
1531 921 1599 977 ad
1639 921 1867 974 salutem
1893 916 2070 987 (Rom.
2102 928 2163 979 ι,

584 1029 712 1098 10).
752 1024 863 1080 Nec
911 1022 1049 1077 ideo'
1073 1030 1248 1074 tamen
1277 1032 1371 1072 eos
1399 1016 1676 1085 quisquam
1717 1008 1953 1064 ﬁdelium
1984 1004 2170 1059 ﬁdeles

585 1118 853 1188 appellare
894 1120 1192 1176 cunctatur,
1223 1107 1363 1180 quod
1402 1121 1432 1160 a
1462 1102 1730 1159 credendo
1761 1100 1944 1169 utique
1972 1109 2168 1151 nomen

583 1223 666 1265 est
696 1228 709 1265 :
738 1208 979 1280 quamvis
1005 1207 1107 1259 hoc
1138 1219 1240 1258 non
1285 1200 1421 1271 ipsi,
1450 1197 1543 1253 sed
1575 1196 1664 1251 alii
1691 1209 1787 1266 pro
1811 1193 1892 1248 eis
1914 1191 2051 1246 inter
2080 1202 2169 1244 sa-

586 1308 863 1358 cramenta
892 1294 1287 1367 responderint.

655 1390 882 1448 CAPUT
919 1387 1110 1444 XXVI.
1141 1414 1204 1427 --
1252 1382 1340 1439 59.
1391 1377 1657 1437 Concludit
1707 1382 1910 1448 peccato
1964 1369 2173 1443 originis

588 1500 759 1538 oumes
785 1482 1047 1537 obnoxios.
1075 1476 1245 1533 Nimis
1265 1476 1479 1544 longum
1508 1473 1618 1534 ﬁet,
1651 1470 1694 1523 si
1725 1467 1791 1522 ad
1837 1465 2043 1536 singula
2094 1470 2174 1518 te-

589 1575 837 1630 stimonia
872 1572 1120 1629 similiter
1140 1570 1490 1638 disputemus.
1518 1562 1674 1620 Unde
1701 1559 2032 1617 commodius
2056 1569 2177 1613 esse

587 1667 841 1730 arbitror,
868 1661 1156 1718 acervatim
1187 1673 1396 1730 cogere,
1438 1671 1557 1727 qua:
1585 1666 1868 1710 occanere
1886 1647 2172 1721 potuerint,

590 1757 675 1812 vel
695 1770 812 1826 qua:
839 1753 1088 1810 sufﬁcere
1128 1751 1466 1814 videbuntur,
1498 1747 1691 1817 quibus
1721 1749 1972 1814 appareat
1999 1738 2180 1795 Domi-

590 1860 718 1901 num
749 1844 932 1902 Jesum
960 1843 1231 1899 Christum
1268 1855 1378 1895 non
1408 1838 1564 1893 aliam
1593 1838 1663 1892 ob
1689 1848 1904 1890 causam
1936 1834 1989 1887 in
2017 1844 2179 1887 carne

591 1939 825 2004 venisse,
866 1951 931 1991 ac
972 1934 1143 1989 forma
1184 1932 1324 1988 servi
1358 1937 1571 2002 accepta
1606 1927 1804 1983 factum
1841 1924 2177 1982 obedientem

589 2044 756 2100 usque
782 2026 850 2082 ad
875 2035 1100 2081 mortem
1130 2024 1305 2080 crucis
1332 2021 1590 2094 (Philipp.
1611 2035 1669 2084 ιι,
1688 2020 1741 2084 7,
1763 2016 1842 2091 8),
1869 2016 1971 2072 nisi
2004 2024 2061 2069 ut
2080 2013 2179 2070 hac

592 2120 989 2190 dispensatione
1012 2115 1524 2172 misericordissima:
1546 2112 1731 2183 gratiae
1757 2123 1964 2175 omnes,
1987 2105 2180 2178 quibus

593 2220 842 2280 umquam
892 2207 1148 2263 membris
1199 2206 1253 2261 in
1308 2219 1406 2259 suo
1441 2216 1669 2273 corpore
1693 2200 1994 2256 constitutis
2022 2204 2183 2268 caput

591 2311 674 2358 est
714 2301 781 2356 ad
838 2298 1224 2371 capessendum
1274 2312 1496 2368 regnum
1537 2295 1819 2362 crciatum,
1863 2291 2178 2358 viviﬁearet,

591 2394 769 2448 salvos
799 2391 1015 2457 faceret,
1047 2391 1321 2457 liberaret,
1351 2386 1663 2452 redimeret,
1709 2384 2052 2449 illuminaret,
2090 2382 2181 2454 qui

594 2482 741 2551 prius
769 2481 992 2536 fuissent
1016 2479 1068 2533 in
1097 2486 1438 2550 peccatorum
1459 2483 1652 2541 morte,
1680 2472 2044 2545 languoribus,
2067 2485 2182 2527 ser-

592 2575 781 2640 vitute,
813 2572 1139 2643 captivitate,
1179 2570 1410 2626 tenebris
1450 2567 1744 2633 constituti,
1796 2565 1896 2621 sub
1921 2571 2182 2636 potestate

593 2669 791 2723 diaboli
821 2666 1074 2738 principis
1108 2673 1446 2736 peccatorum
1473 2680 1487 2716 :
1516 2675 1579 2716 ac
1603 2660 1682 2715 sic
1729 2659 1880 2714 ﬁeret
1922 2657 2183 2713 mediator

598 2762 690 2815 Dei
720 2768 773 2813 et
803 2759 1100 2823 hominum,
1128 2771 1225 2827 per
1243 2769 1400 2825 quem
1421 2761 1542 2824 post
1567 2750 1871 2806 inimicitias
1894 2747 2182 2820 impietatis

594 2860 828 2915 nostrte,
876 2847 1018 2903 illius
1057 2846 1243 2919 gratia:
1287 2858 1416 2915 pace
1456 2842 1663 2909 ﬁnitas,
1711 2839 2183 2897 reconciliaremur

595 2940 704 2997 Deo
730 2942 782 2996 in
808 2950 1063 2996 mternam
1091 2938 1275 3004 vitam,
1303 2935 1371 2990 ab
1400 2942 1601 2991 teterna
1638 2941 1817 2989 morte
1841 2946 1962 3002 qua:
1990 2928 2182 2986 talibus

596 3031 937 3103 impendebat
958 3031 1149 3100 erepti.
1177 3029 1290 3084 lloc
1317 3028 1457 3083 enim
1487 3040 1608 3081 cum
1631 3022 1985 3079 abundantius
2013 3032 2181 3092 appa-

595 3124 782 3191 ruerit,
813 3134 1147 3192 eonsequens
1171 3118 1275 3175 erit
1304 3126 1357 3173 ut
1398 3116 1464 3172 ad
1491 3118 1647 3171 istam
1674 3113 1869 3171 Christi
1900 3113 2181 3183 dispensa-

594 3218 817 3282 tionem,
844 3229 962 3285 qua‘.
983 3227 1080 3284 per
1104 3211 1219 3282 ejus
1239 3209 1593 3265 humilitatem
1616 3205 1753 3262 laeta
1777 3214 1880 3270 est,
1914 3204 2182 3276 pertinere

595 3308 940 3378 nonpossint,
959 3307 1049 3376 qui
1064 3305 1190 3369 vita,
1215 3303 1408 3367 salute,
1436 3300 1771 3366 liberatione,
1791 3296 2176 3366 redemptione,

595 3392 981 3456 illuminatione
994 3411 1099 3451 non
1113 3393 1368 3465 indigent.
1384 3391 1451 3446 Et
1465 3390 1717 3462 quoniam
1726 3388 1791 3444 ad
1807 3388 1942 3443 hanc
1955 3387 2184 3458 pertinet

593 3493 915 3562 Baptismns,
930 3503 1035 3560 quo
1047 3486 1261 3543 Christo
1287 3482 1811 3553 eonsepcliuntur,ut
1833 3482 2181 3550 incorporeu-

595 3583 770 3639 tnrilli
795 3580 1032 3637 membra
1060 3579 1197 3649 ejus,
1218 3578 1318 3632 hoc
1332 3585 1415 3632 est
1444 3574 1629 3630 ﬁdeles
1655 3573 1769 3644 ejus
1792 3590 1808 3627 :
1830 3571 2069 3643 profecto
2085 3585 2183 3626 nec

595 3675 900 3746 Baptismus
928 3679 1012 3728 est
1050 3669 1384 3726 necessarius
1417 3667 1498 3723 cis
1526 3666 1614 3737 qui
1643 3666 1736 3721 illo
1768 3665 2100 3721 remissionis
2127 3671 2184 3720 ct

596 3763 1048 3821 reconciliationis
1085 3759 1366 3823 beneﬁcio,
1402 3773 1521 3829 quae
1570 3758 1628 3811 tit
1673 3771 1767 3827 per
1808 3755 2180 3820 mediatorem,

593 3870 701 3912 non
743 3871 879 3927 opus
922 3854 1140 3910 habent.
1189 3842 1356 3907 Porro
1393 3851 1515 3922 quia
1558 3849 1805 3920 parvulos
1841 3846 2184 3919 baptizandus

595 3964 716 4004 esse
743 3945 1064 4011 concedunt,
1089 3945 1180 4014 qui
1198 3951 1381 3998 contra
1404 3942 1776 3997 auctoritatem
1799 3939 2060 3996 universa:
2080 3937 2185 3993 Ee-

597 4039 795 4102 clesim,
830 4036 1011 4108 procul
1037 4035 1199 4090 dubio
1227 4049 1319 4104 per
1348 4033 1630 4088 Dominum
1661 4041 1716 4087 et
1750 4031 2035 4102 Apostolos
2080 4038 2186 4084 tra—

596 4130 786 4197 ditam,
828 4129 1011 4184 venire
1058 4142 1163 4181 non
1211 4132 1474 4196 possunt:
1505 4122 1801 4178 concedant
1843 4129 2056 4192 Oportet
2090 4136 2185 4176 eos

597 4237 756 4291 egere
785 4220 891 4276 illis
918 4217 1193 4273 beneﬁciis
1218 4215 1545 4281 mediatoris,
1569 4224 1628 4268 ut
1653 4213 1851 4268 abluti‘
1879 4229 1971 4284 per
1996 4214 2186 4269 Sacra-

598 4320 839 4369 meutum
882 4311 1303 4379 charitatemque
1342 4307 1596 4374 ﬁdelium,
1651 4321 1715 4361 ac
1760 4307 1837 4362 sic
1861 4306 2183 4376 incorporati

598 4403 799 4460 Christi
820 4402 1051 4473 corpori,
1070 4399 1211 4472 quod
1232 4412 1314 4456 est
1340 4399 1595 4464 Ecclesia,
1616 4398 2031 4455 reconcilientur
2051 4399 2183 4466 Deo,

598 4504 657 4551 ut
686 4495 738 4549 in
770 4494 861 4549 illo
879 4492 1003 4560 vivi,
1035 4502 1091 4547 ut
1117 4491 1272 4557 salvi,
1304 4494 1361 4545 ut
1379 4490 1611 4554 liberati,
1636 4489 1997 4560 ut‘redempti,
2027 4498 2085 4544 ut
2115 4490 2181 4544 il-

598 4589 841 4643 luminati
871 4587 999 4643 ﬁant
1027 4604 1040 4640 :
1068 4585 1230 4653 unde,
1260 4584 1362 4641 nisi
1382 4600 1411 4639 a
1439 4593 1629 4649 morte,
1662 4584 1822 4646 vitiis,
1852 4590 2023 4648 reatu,
2051 4583 2179 4639 sub-

598 4678 851 4749 iectione,
879 4678 1113 4733 tenebris
1137 4676 1510 4747 peccatorum?
1537 4690 1655 4745 qua:
1681 4674 1932 4745 quoniam
1961 4675 2107 4730 nulla
2132 4675 2188 4730 in

600 4785 664 4824 ea
686 4779 843 4825 :etate
871 4783 965 4839 per
989 4783 1142 4823 suam
1171 4768 1334 4821 vitam
1366 4766 1634 4837 propriam
1662 4766 2067 4833 commiserunt,
2095 4781 2185 4822 re-

602 4869 708 4916 stat
727 4859 985 4930 originalc
1011 4868 1310 4929 peceatum.

673 4944 902 5008 CAPUT
936 4949 1152 5005 XXVII.
1171 4973 1243 4990 -ι
1267 4949 1359 5006 40.
1398 4948 1631 5020 Congerit
1651 4948 1930 5003 testimonia
1951 4948 2189 5021 Scriptu-

606 5061 800 5100 rarum.
830 5045 955 5100 Haec
979 5044 1310 5099 ratiocinatio
1340 5051 1466 5099 tunc
1493 5043 1594 5098 erit
1612 5040 1801 5097 fortior
1829 5059 1949 5099 cum
1980 5059 2042 5099 ea
2071 5060 2189 5114 quae

608 5137 829 5208 promisi
859 5137 1156 5193 testimonia
1183 5136 1347 5191 multa
1384 5150 1726 5207 congessero.
1768 5134 1883 5191 lam
1913 5152 2069 5206 supra
2099 5151 2193 5206 po-

606 5230 812 5285 suimus
838 5247 852 5284 :
886 5228 1008 5283 Non
1034 5228 1144 5283 veni
1182 5244 1361 5284 vocare
1385 5222 1570 5301 justas,
1601 5227 1688 5283 sed
1716 5239 1997 5299 peccatores
2023 5227 2190 5301 (Luc.

606 5340 665 5389 v,
689 5322 816 5390 ‘52).
847 5321 976 5376 item
1003 5335 1123 5375 eum
1149 5319 1213 5375 ad
1236 5319 1550 5376 Zacehaeum
1581 5330 1725 5376 esset
1752 5321 2054 5391 ingressus:
2082 5317 2194 5373 Ho-

669 5466 686 5495 ι
723 5470 821 5512 νοτ(
836 5499 851 5523 ,
885 5456 1208 5523 Baptismatis,
1231 5459 1373 5509 abest
1394 5459 1457 5509 ab
1478 5458 1662 5523 aliquot
1680 5459 2034 5523 manuscriptis.

668 5529 689 5557 ¹
724 5532 773 5574 In
819 5520 963 5573 editis
983 5522 1211 5571 omissum
1229 5555 1245 5581 ,
1288 5527 1334 5570 et
1355 5533 1423 5571 es.
1451 5520 1613 5571 Exstat
1641 5521 1687 5568 in
1719 5520 2001 5572 melioribus
2016 5527 2122 5571 Mss.
2143 5527 2194 5570 In

609 5588 802 5656 ueteris
823 5591 988 5655 autem
1010 5591 1238 5656 corrupte
1256 5583 1459 5656 legitur,
1478 5589 1751 5656 correctos;
1774 5590 1875 5642 aut,
1889 5582 2043 5656 corde
2066 5591 2194 5656 rego
2239 5592 2253 5599 ’

610 5655 878 5718 maternum
897 5649 967 5718 eis
989 5644 1187 5711 prtestdt
1213 5657 1233 5697 :
1258 5644 1424 5709 ibique
1444 5647 1498 5695 in
1519 5644 1805 5708 quibusdam
1841 5645 2046 5707 additur,
2073 5646 2191 5710 atre-

611 5714 768 5768 ctum;
792 5708 891 5767 vel,
914 5708 1092 5758 sinum.
1348 5708 1353 5709 ⁷
2104 5708 2127 5710 ”

675 5771 696 5801 ³
726 5771 970 5833 editiones
999 5780 1098 5820 am.
1125 5775 1276 5833 anget
1304 5775 1436 5833 tum,
1469 5774 1522 5821 ut
1542 5766 1704 5825 oblati.
1732 5769 2036 5833 Antiquiores
2071 5784 2191 5823 vero

612 5841 668 5880 ac
692 5830 915 5897 plerique
939 5838 1067 5895 ηδε,
1091 5837 1143 5881 ιιι
1163 5830 1331 5883 abluti.

1204 361 1295 419 DE
1330 351 1790 417 PECCATORUM
1830 343 2105 405 MERITIS
2144 343 2234 400 ET
2276 338 2704 404 REXIISSIONE,
2745 339 2805 395 S.
2845 334 3212 396 AUGUSTINI
3280 350 3283 353 '

3743 334 3854 391 1'52

2272 454 2369 515 die,
2398 452 2582 522 inquit,
2626 452 2764 505 salus
2806 450 2979 504 domui
3004 451 3121 504 huic
3148 454 3284 522 facta
3308 456 3401 515 est,
3425 446 3664 518 quoniam
3686 456 3738 502 et
3762 447 3867 502 iste

2271 545 2408 615 ﬁlius
2433 552 2506 597 est
2532 541 2769 596 Abrahae.
2813 540 2957 595 Venit
2980 542 3112 595 enim
3133 540 3299 594 Filius
3324 540 3542 594 hominis
3568 551 3799 607 querere
3817 548 3870 593 et

2270 635 2465 690 salvare
2491 634 2628 705 quod
2658 636 2872 705 perierat
2890 633 3037 704 (Luc.
3068 649 3183 700 xu,
3211 633 3265 699 9,
3298 633 3408 705 i0).
3443 633 3555 688 Hoc
3573 642 3629 690 cl.
3650 632 3720 690 de
3761 647 3871 690 ove

2271 727 2476 797 perdita
2490 735 2544 781 et
2560 726 2761 781 relictis
2789 725 3070 796 nonaginta
3100 739 3289 780 novem
3309 725 3530 795 quaesita
3550 733 3606 780 et
3624 724 3866 790 inventa;

2273 818 2373 872 hoc
2388 827 2441 875 et
2459 818 2525 873 de
2541 816 2794 873 drachma
2810 832 2927 887 qua:
2944 816 3173 887 perierat
3184 831 3249 871 ex
3260 816 3444 871 decem
3463 814 3573 883 (Id.
3588 832 3677 882 xv,
3693 815 3867 887 5-10).

2273 909 2425 965 Unde
2451 908 2730 979 Oportebat,
2764 916 2823 963 ut
2853 907 3002 974 dicit,
3032 908 3295 978 prmdicart'
3318 907 3370 960 in
3396 907 3599 960 nomine
3618 908 3732 978 ejus
3760 922 3864 976 par.

2273 1002 2532 1055 nitentium
2555 1009 2601 1054 et
2622 1000 2962 1054 remissione»:
3004 1008 3321 1069 peccatorum
3362 1000 3417 1053 in
3453 1015 3628 1053 onmes
3671 1008 3868 1071 gentes,

2274 1091 2626 1162 incipientibus
2650 1091 2713 1145 ab
2739 1090 3023 1146 Jerusalem
3052 1091 3164 1161 (Id.
3195 1105 3341 1158 xxxv,
3371 1090 3461 1159 46,
3499 1088 3627 1164 47).
3658 1091 3873 1147 Marcus

2274 1183 2436 1238 etiam
2465 1183 2516 1237 in
2530 1182 2640 1238 ﬁne
2657 1183 2926 1253 Evangelii
2945 1183 3026 1236 sui
3050 1183 3335 1238 Dominum
3364 1181 3565 1238 dixisse
3595 1190 3826 1237 testatur
3854 1199 3870 1237 :

2275 1272 2468 1327 Euntes
2505 1273 2558 1327 in
2602 1273 2845 1327 mundum
2889 1274 3175 1326 universum
3217 1273 3490 1344 praedicata
3529 1271 3871 1344 Evangelium

2275 1363 2413 1417 omni
2440 1372 2703 1418 creaturce.
2740 1363 2840 1430 Qui
2873 1363 3138 1417 crediderit
3165 1373 3211 1417 et
3249 1365 3532 1434 baptizatus
3560 1365 3738 1436 fuerit,
3760 1362 3871 1418 sal—

2276 1473 2365 1528 vus
2391 1457 2520 1510 erit:
2544 1457 2630 1528 qui
2648 1473 2761 1511 vero
2785 1472 2887 1511 non
2907 1455 3196 1524 crediderit,
3231 1457 3646 1511 condemnabitur
3677 1456 3873 1529 (Marc.

2279 1566 2387 1617 xvi,
2418 1550 2507 1616 15,
2541 1548 2649 1622 16).
2673 1550 2804 1616 Quis
2826 1558 3006 1605 autem
3031 1550 3253 1619 nesciat,
3290 1549 3511 1605 credere
3533 1565 3655 1606 esse
3694 1549 3874 1605 infan-

2279 1642 2422 1697 tibus
2446 1640 2722 1712 baptizari,
2752 1657 2859 1698 non
2903 1642 3127 1698 credere
3174 1650 3384 1709 autem,
3429 1657 3537 1697 non
3574 1641 3877 1712 baptizari?

2281 1735 2360 1789 Es
2388 1734 2607 1790 Joannis
2644 1743 2822 1791 autem
2874 1735 3161 1806 Evangelio
3197 1736 3440 1806 quamvis
3473 1735 3585 1807 jam
3617 1736 3877 1791 nonnulla

2283 1826 2635 1896 posuerimus,
2677 1825 2892 1882 attende
2925 1827 3086 1882 etiam
3124 1827 3246 1882 ista.
3278 1827 3513 1883 Joannes
3534 1827 3778 1899 Baptista
3803 1826 3878 1883 de

2283 1918 2409 1974 illo:
2445 1917 2580 1973 Ecce
2619 1918 2794 1990 Agnus
2831 1917 2948 1983 Dei,
2993 1935 3104 1974 ecce
3146 1920 3234 1989 qui
3276 1919 3404 1974 tollit
3441 1929 3646 1990 peccata
3692 1920 3880 1974 mttmli

2284 2008 2463 2078 (Joan.
2496 2025 2533 2076 I,
2562 2008 2679 2080 29).
2727 2009 2797 2064 Et
2825 2010 2938 2079 ipse
2955 2008 3032 2065 de
3055 2025 3115 2065 se
3139 2011 3255 2080 ipso
3283 2026 3297 2064 :
3328 2010 3429 2079 Qui
3451 2011 3516 2065 de
3540 2011 3715 2065 ovibus
3745 2011 3874 2066 meis

2283 2110 2420 2169 sunt,
2448 2117 2614 2156 vocem
2641 2118 2803 2156 meam
2821 2101 3072 2171 audiunt;
3103 2112 3148 2157 et
3168 2119 3262 2175 ego
3286 2104 3400 2158 novi
3426 2103 3565 2171 illas,
3587 2113 3633 2158 et
3656 2120 3879 2175 sequun-

2283 2202 2365 2248 tur
2390 2210 2470 2249 me
2485 2211 2506 2261 ;
2531 2203 2579 2248 et
2595 2210 2688 2267 ego
2713 2196 2866 2250 vitam
2893 2205 3136 2251 teteruam
3174 2195 3240 2250 do
3267 2195 3390 2264 illis,
3437 2205 3484 2251 et
3514 2212 3615 2251 non
3641 2198 3879 2267 peribunt

2283 2285 2337 2339 in
2360 2293 2602 2339 aeternum
2627 2284 2741 2357 (Id.
2766 2301 2822 2354 ς,
2849 2285 2943 2353 27,
2970 2284 3088 2357 28).
3117 2285 3251 2355 Quia
3282 2301 3412 2357 ergo
3447 2286 3516 2342 de
3539 2287 3734 2343 ovibus
3757 2286 3879 2358 ejus

2286 2393 2393 2434 non
2421 2393 2542 2435 esse
2569 2379 2822 2450 incipiunt
2847 2380 3071 2451 parvuli,
3114 2381 3214 2436 nisi
3242 2395 3339 2452 per
3361 2381 3720 2452 Baptismum;
3750 2396 3880 2452 pro—

2285 2468 2426 2526 fecto
2471 2471 2515 2526 si
2566 2471 2668 2527 hoc
2710 2486 2820 2528 non
2854 2472 3144 2543 accipiunt,
3189 2472 3473 2543 peribunt:
3521 2474 3681 2529 vitam
3727 2474 3875 2530 enim

2285 2570 2561 2630 mtcrnam,
2598 2576 2759 2634 quam
2806 2564 2917 2619 suis
2973 2564 3119 2619 dabit
3167 2554 3531 2630 ovibus,'non
3580 2565 3874 2621 habebunt.

2286 2656 2417 2711 Item
2442 2656 2550 2711 alio
2589 2656 2709 2711 loco
2739 2673 2752 2711 :
2778 2655 2891 2728 Ego
2933 2672 3047 2711 sum
3072 2657 3183 2723 via,
3225 2658 3410 2712 veritas
3451 2665 3499 2712 et
3540 2658 3661 2712 vita.
3702 2656 3876 2713 Nemo

2284 2748 2418 2803 venit
2441 2748 2509 2803 ad
2538 2747 2746 2803 Patrem
2772 2750 2872 2804 nisi
2897 2767 2986 2819 per
3008 2767 3089 2805 me
3112 2748 3225 2822 (Id.
3250 2764 3357 2817 xw,
3384 2750 3465 2823 6).

2355 2840 2446 2895 41.
2506 2838 2653 2895 Hane
2696 2839 2995 2896 doctrinam
3042 2841 3397 2913 suscipientes
3445 2841 3709 2913 Apostoli,
3751 2842 3878 2899 vide

2285 2939 2481 3002 quanta
2519 2932 2905 2990 contestatione
2933 2933 3221 2991 declarent.
3258 2935 3450 2991 Petrus
3470 2934 3521 2990 in
3547 2935 3719 3006 prima
3746 2935 3878 3007 Epi-

2284 3028 2419 3079 stola
2453 3042 2468 3081 :
2498 3024 2820 3095 Benedictus,
2868 3028 3059 3098 inquit,
3087 3026 3226 3083 Deus
3261 3039 3308 3083 et
3358 3027 3515 3084 Pater
3542 3027 3751 3082 Domini
3783 3045 3881 3083 uo-

2283 3116 2385 3171 stri
2398 3114 2523 3171 Iesu
2550 3115 2758 3181 Christi,
2789 3119 3066 3173 secundum
3108 3119 3476 3174 multitudinem
3516 3119 3883 3175 misericordia:

2282 3222 2407 3275 suc,
2434 3208 2524 3281 qui
2556 3209 2862 3283 regeneravit
2887 3226 2982 3265 nos
3002 3210 3018 3242 ¹
3049 3209 3102 3265 iu
3129 3227 3268 3283 spem
3290 3212 3404 3266 vita:
3426 3222 3648 3277 teterute,
3681 3227 3774 3282 per
3796 3227 3882 3267 rc-

2284 3301 2641 3356 surrectiouem
2665 3299 2791 3356 Iesu
2820 3300 3027 3370 Christi,
3069 3302 3122 3356 in
3161 3301 3499 3357 hterctlitatem
3541 3302 3880 3357 immortalem

2283 3401 2332 3448 et
2373 3392 2820 3447 iucontautinatam
2853 3395 2898 3461 ',
2928 3395 3209 3465 ﬂorentem,
3237 3403 3483 3449 servatam
3512 3395 3563 3450 in
3590 3396 3749 3459 caelis,
3785 3411 3881 3449 ro-

2283 3483 2361 3539 bis
2385 3486 2472 3555 qui
2498 3485 2551 3539 in
2568 3486 2747 3540 virtute
2762 3485 2784 3518 ³
2802 3484 2896 3540 Dei
2913 3486 3278 3542 conservamini
3294 3503 3383 3559 per
3398 3486 3550 3556 [idem
3579 3487 3632 3540 in
3659 3486 3880 3542 salutent

2286 3587 2516 3648 paratam
2563 3577 2734 3648 palam
2778 3577 2892 3647 ﬁeri
2931 3577 2984 3631 in
3023 3587 3246 3648 tempore
3290 3578 3578 3632 novissimo.
3609 3577 3676 3632 Et
3714 3576 3882 3648 paulo

2287 3679 2445 3739 post:
2480 3667 2836 3737 queniamiui,
2866 3669 3054 3740 inquit,
3082 3670 3135 3725 iu
3162 3670 3361 3725 laudem
3397 3682 3444 3726 et
3465 3671 3706 3726 honorem
3749 3658 3883 3726 Iesu

2287 3761 2493 3830 Christi,
2523 3779 2671 3833 quem
2708 3762 3050 3834 ignorabutis;
3078 3765 3132 3818 in
3155 3780 3304 3836 quem
3333 3764 3483 3819 modo
3521 3780 3621 3819 non
3656 3764 3886 3820 videntes

2286 3856 2510 3924 creditis,
2538 3871 2681 3927 quem
2712 3871 2824 3909 cum
2850 3854 3091 3923 videritis,
3120 3856 3431 3911 exsultabitis
3467 3856 3655 3928 gaudio
3674 3857 3888 3910 inenar-

2286 3948 2437 4003 rabili
2456 3988 2472 4014 ,
2507 3958 2554 4002 et
2594 3949 2839 4003 honorato
2877 3949 3065 4020 gaudio
3087 3948 3129 4016 ‘,
3172 3949 3495 4021 percipientes
3530 3958 3887 4003 testamentum

2286 4040 2426 4111 ﬁdei,
2472 4041 2687 4096 salutem
2736 4040 3024 4095 animarum
3066 4050 3344 4095 vestrarum
3386 4039 3440 4113 (l
3472 4040 3609 4094 Petr.
3643 4056 3680 4104 ι,
3716 4040 3884 4112 5-9).

2288 4130 2418 4185 Item
2447 4131 2553 4185 alio
2573 4131 2692 4186 loco
2725 4148 2737 4184 :
2775 4129 2875 4185 Vos
2904 4140 3092 4198 autem,
3122 4132 3308 4200 inquit,
3344 4149 3499 4202 genus
3540 4129 3769 4195 electum,
3801 4148 3891 4186 re-

2287 4224 2401 4295 gale
2425 4223 2780 4289 sacerdotium,
2808 4240 2931 4295 gens
2956 4234 3148 4288 sancta,
3178 4225 3397 4296 populus
3424 4225 3476 4278 in
3501 4223 3797 4293 adeptione,
3826 4232 3889 4277 ut

2289 4317 2493 4373 virtutes
2513 4318 2780 4372 enuntietis
2809 4318 2938 4387 ejus,
2967 4317 3052 4388 qui
3071 4333 3155 4371 vos
3178 4317 3239 4371 de
3261 4316 3471 4371 tenebris
3491 4316 3682 4370 vocavit
3708 4315 3762 4369 in
3789 4314 3892 4368 ad-

2287 4412 2517 4467 mirabile
2537 4413 2705 4467 lumen
2724 4429 2873 4467 suum
2912 4411 3023 4483 (Id.
3064 4427 3124 4478 ιι,
3164 4411 3245 4482 9).
3272 4410 3337 4465 Ει
3362 4412 3551 4466 iterum
3579 4427 3593 4462 :
3626 4406 3885 4473 Christus,

2291 4505 2482 4576 inquit,
2514 4522 2608 4576 pro
2629 4505 2845 4575 peccatis
2879 4505 3064 4558 nostris
3087 4520 3269 4574 passus
3293 4513 3388 4570 est,
3420 4504 3598 4576 justus
3622 4518 3717 4574 pro
3743 4503 3893 4574 inju-

2289 4599 2403 4664 stis,
2431 4606 2489 4651 ut
2508 4614 2600 4652 nos
2628 4597 2848 4653 adducat
2872 4597 2941 4650 ad
2982 4595 3168 4651 Deum.
3212 4595 3341 4651 Item
3383 4610 3507 4651 cum
3553 4609 3893 4650 commenm—

2293 4699 2465 4746 rasset
2493 4691 2545 4746 in
2571 4706 2693 4746 arca
2719 4690 2850 4757 Noe,
2878 4700 3000 4746 octo
3035 4689 3279 4744 homines
3324 4690 3501 4744 salvos
3545 4687 3712 4743 factos
3744 4705 3757 4741 :
3787 4687 3888 4743 Sic

2291 4792 2341 4838 et
2381 4799 2496 4847 vos,
2554 4782 2758 4852 inquit,
2811 4784 2965 4838 simili
3012 4786 3179 4855 forum
3234 4782 3498 4855 Baptisma
3547 4783 3713 4837 salvos
3760 4783 3894 4852 facit

2296 4876 2405 4950 (Id.
2450 4893 2541 4943 ιιι,
2582 4876 2762 4947 18-21)
2806 4876 2888 4932 Ab
2925 4877 3025 4931 hac
3046 4892 3174 4947 ergo
3199 4877 3372 4932 salute
3404 4886 3459 4933 et
3493 4876 3696 4932 lumine
3721 4874 3893 4931 alieni

2294 4980 2416 5025 sunt
2442 4970 2665 5041 parvuli,
2684 4978 2736 5023 et
2761 4969 2812 5024 in
2839 4969 3136 5040 perditione
3165 4984 3228 5025 ac
3245 4969 3483 5026 tenebris
3507 4968 3891 5035 remanebunt,

2295 5063 2396 5118 nisi
2422 5078 2516 5133 per
2542 5062 2881 5133 adoptionem
2902 5062 3096 5139 pOpulo
3116 5062 3211 5118 Dei
3244 5061 3439 5118 fuerint
3459 5061 3668 5127 sociati,
3694 5069 3899 5117 tenen-

2296 5164 2375 5209 tes
2400 5152 2666 5209 Christum
2699 5153 3135 5225 passumjustum
3179 5168 3275 5225 pro
3314 5153 3545 5225 injustis,
3574 5161 3633 5208 ut
3668 5168 3765 5210 eos
3795 5152 3899 5208 ad-

2295 5244 2453 5300 ducat
2477 5243 2542 5298 ad
2566 5244 2757 5300 Deum.

2366 5334 2455 5389 42.
2498 5334 2578 5389 Ex
2606 5334 2839 5405 Epistola
2867 5334 3027 5389 etiam
3063 5333 3283 5390 Joannis
3310 5333 3429 5391 haec
3470 5334 3601 5389 mihi
3628 5348 3890 5391 occurre-

2298 5437 2439 5492 runt,
2469 5443 2586 5499 qua:
2610 5425 2735 5481 huic
2764 5426 3043 5497 quaestioni
3078 5425 3379 5481 necessaria
3407 5425 3519 5480 visa
3551 5433 3697 5480 sunt.
3735 5425 3895 5495 Quod

2361 5589 2377 5619 ι
2412 5586 2780 5649 Cygiranuensis
2799 5584 2953 5635 codex
2970 5618 2995 5649 ,Α
3030 5581 3113 5644 qui
3133 5582 3397 5634 sectame
3419 5581 3782 5634 multitudinem
3802 5596 3901 5636 uts-

2294 5646 2697 5717 serico'r'dia’sua:
2720 5646 3015 5717 regeneraeit
3037 5658 3139 5697 nos.
3741 5657 3744 5659 λ

2359 5713 2378 5742 ⁸
2411 5717 2517 5759 uss.
2533 5747 2546 5769 ,
2575 5709 2922 5760 inluminatam.

2359 5773 2379 5804 ³
2414 5771 2639 5833 Plerique
2662 5779 2789 5827 1155.,
2810 5770 3099 5833 in_veritate.

2358 5834 2378 5865 ⁸
2412 5842 2506 5884 Hoc
2528 5830 2630 5883 loco
2652 5846 2679 5882 a
2704 5831 2945 5882 nonnullis
2962 5841 3065 5882 uss.
3092 5831 3250 5892 abest,
3275 5830 3474 5895 gaudio.
