4074 6546
240 348 344 404 θῶ

243 467 283 519 si
307 462 585 523 inlumine,
622 460 836 529 inquit,
866 463 1317 531 ambularerimns,
1346 464 1472 518 sicut
1496 471 1541 516 et
1569 463 1676 533 ipse
1714 473 1785 516 est
1809 463 1862 516 in

250 556 455 617 ιιηιὲιε,
477 551 782 606 societatem
810 553 1070 610 habemus
1097 557 1150 610 in
1185 556 1414 621 invicem,
1442 563 1488 609 et
1511 554 1717 625 sanguis
1738 552 1867 608 Iesu

442 643 537 709 ﬁlii
559 643 681 713 ejus
714 647 975 717 purgabit
1019 665 1114 703 nos
1155 648 1215 701 ab
1239 646 1375 701 omni
1415 645 1598 701 delicto
1622 645 1675 718 (Ι
1702 645 1862 700 Ioan.

242 757 279 807 ι,
311 741 392 808 7).
420 736 552 791 Item
581 735 696 790 alio
717 736 853 793 loco
873 757 889 791 :
910 740 979 794 Si
1000 740 1356 807 testimonium,
1387 739 1577 810 inquit,
1604 738 1865 792 hominum

239 829 525 899 accipi-rus,
554 828 927 882 testimonium
957 830 1059 884 Dei
1087 831 1250 902 majus
1278 839 1388 896 est;
1421 829 1542 898 quia
1571 828 1666 883 hoc
1690 837 1763 883 est
1793 836 1868 882 te-

239 921 517 979 stimonium
544 918 668 984 Dei,
714 920 866 991 quod
888 922 1063 992 majus
1088 931 1160 976 est
1177 921 1218 985 ί,
1244 921 1363 991 quia
1384 919 1681 989 testiﬁcatus
1709 927 1783 973 est
1800 918 1865 974 de

242 1012 371 1067 Filio
393 1025 504 1065 suo.
537 1007 649 1073 Qui
678 1010 973 1065 crediderit
1008 1012 1064 1065 in
1090 1009 1283 1065 Filium
1308 1010 1422 1074 Dei,
1456 1009 1601 1065 habet
1639 1009 1864 1063 testimo-

244 1107 409 1159 ἐἰκυῖ’
432 1104 485 1157 in
511 1103 830 1175 semetipso.
857 1105 963 1172 Qui
986 1122 1089 1160 non
1109 1104 1379 1161 crediderit
1415 1103 1543 1171 Deo,
1571 1104 1863 1159 mendacem

244 1197 361 1267 facit
384 1211 529 1258 eum;
559 1195 697 1263 quia
724 1212 837 1250 non
865 1196 1119 1250 credidit’
1141 1197 1193 1250 in
1210 1195 1549 1250 testimonium
1568 1193 1704 1265 quod
1725 1195 1862 1250 testi-

238 1288 415 1355 ﬁcatus
438 1295 511 1339 est
553 1286 622 1340 de
657 1286 813 1342 Filio
840 1305 958 1343 suo.
990 1289 1061 1342 Et
1103 1288 1198 1342 hoc
1233 1296 1305 1343 est
1340 1288 1697 1356 testimonium,
1739 1287 1861 1362 quia

235 1378 375 1429 vitam
400 1381 653 1431 tetanum
685 1379 838 1432 dedit
872 1380 1019 1433 nobis
1059 1379 1235 1446 Deus;
1277 1389 1326 1435 et
1353 1380 1462 1435 hare
1489 1382 1592 1436 vita
1628 1381 1682 1435 in
1718 1379 1859 1437 Filio

230 1469 337 1536 ejus
364 1476 460 1521 est.
489 1467 598 1534 Qui
629 1469 793 1522 habet
819 1469 1041 1537 Filium,
1074 1471 1219 1526 habet
1246 1472 1399 1527 vitam
1430 1486 1450 1527 :
1473 1473 1560 1544 qui
1585 1488 1688 1528 non
1711 1471 1858 1528 habet

230 1559 441 1622 Filium,
472 1574 583 1612 non
613 1558 781 1613 habet
811 1562 971 1615 vitam
995 1560 1107 1635 (Id.
1136 1578 1191 1629 ν,
1222 1561 1389 1634 9-12).
1418 1562 1536 1618 Non
1561 1563 1732 1618 solum
1760 1563 1858 1635 igi-

228 1662 311 1707 tur
353 1665 585 1722 regnum
635 1652 947 1721 calorum,
988 1653 1086 1709 sed
1126 1668 1226 1710 nec
1263 1655 1426 1710 vitam
1467 1654 1670 1723 parvuli
1694 1653 1858 1711 habe-

229 1744 381 1808 bunt,
417 1743 463 1799 si
496 1742 709 1798 Filium
754 1759 871 1798 non
902 1743 1195 1812 habebunt,
1222 1759 1378 1815 quem
1417 1744 1519 1799 nisi
1558 1758 1653 1814 per
1677 1743 1855 1814 Bapti-

231 1848 405 1889 smum
438 1834 557 1902 ejus
591 1832 817 1891 habere
852 1850 964 1890 non
1003 1844 1249 1905 possunt.
1277 1834 1411 1891 Item
1453 1835 1561 1890 alio
1589 1835 1709 1891 loco
1739 1853 1755 1890 :
1783 1835 1853 1891 In

231 1927 347 1991 hoc,
367 1926 557 1997 inquit,
586 1927 968 1997 manifestata
994 1937 1071 1983 est
1099 1926 1268 1983 Filius
1290 1926 1409 1994 Dei,
1433 1935 1488 1982 ut
1513 1927 1676 1983 solvat
1697 1942 1853 1999 opera

231 2017 417 2071 diaboli
441 2014 553 2087 (Id.
579 2031 671 2084 ιιι,
701 2017 791 2090 8).
834 2018 959 2074 Non
982 2033 1131 2091 ergo
1158 2019 1503 2090 pertinebunt
1536 2018 1746 2090 parvuli
1782 2018 1850 2076 ad

232 2107 451 2177 gratiam
481 2105 959 2164 manifestationis
973 2107 1095 2165 Filii
1115 2109 1230 2177 Dei,
1259 2108 1308 2165 si
1330 2123 1441 2166 non
1459 2108 1510 2165 in
1535 2109 1616 2166 eis
1641 2107 1851 2166 solvet‘

232 2212 386 2269 opera
413 2198 647 2254 diaboli.

310 2291 396 2345 ιδ.
424 2289 538 2345 Iam
584 2304 743 2345 nunc
779 2289 1014 2347 attende
1051 2289 1109 2346 in
1135 2291 1272 2348 hanc
1300 2306 1414 2348 rem
1439 2290 1591 2349 Pauli
1617 2293 1846 2364 apostoli

242 2382 555 2447 testimonia,
579 2391 741 2437 tanto
770 2383 965 2453 utique
995 2383 1171 2453 plura,
1199 2392 1398 2453 quanto
1424 2384 1604 2455 plures
1628 2385 1846 2456 Episto-

231 2472 307 2529 las
320 2474 555 2543 scripsit,
574 2484 633 2530 et.
656 2486 878 2545 quanto
897 2474 1210 2547 diligentius
1233 2477 1443 2533 curavit
1466 2479 1846 2537 commendare

225 2569 449 2638 gratiam
468 2568 567 2622 Dei
587 2568 864 2624 adversus
890 2583 990 2624 eos
1017 2570 1109 2639 qui
1135 2569 1157 2601 '
1181 2569 1432 2640 operibus
1456 2570 1843 2643 gloriabantur,

233 2672 396 2733 atque
421 2663 743 2733 ignorantes
761 2661 860 2716 Dei
879 2662 1171 2732 justitiam,
1193 2671 1249 2719 et
1273 2676 1426 2719 suam
1444 2664 1686 2721 volentes
1698 2681 1847 2722 con-

238 2753 492 2818 stituere,
509 2753 739 2822 iustitia:
757 2753 851 2808 Dei
886 2768 995 2807 non
1023 2762 1180 2809 erant
1202 2753 1428 2825 subjecti
1453 2754 1637 2829 (Rom.
1661 2772 1717 2823 ι,
1747 2758 1842 2831 5).

240 2851 300 2905 In
329 2850 569 2921 Epistula
593 2849 663 2904 ad
690 2850 956 2905 Romanos
987 2867 1002 2903 :
1032 2849 1268 2919 Iustitia,
1297 2851 1491 2922 inquit,
1521 2851 1619 2908 Dei
1651 2853 1707 2907 in
1733 2869 1845 2908 om.

242 2960 331 2999 nes
351 2943 667 3014 quicredunt
696 2958 721 2998 :
760 2960 865 2999 non
902 2944 1041 2999 enim
1060 2953 1134 2999 est
1162 2943 1440 2999 distinctio.
1484 2943 1671 3001 Omnes
1708 2948 1844 3002 enim

249 3044 586 3106 peccaverint,
616 3044 662 3089 et
696 3044 848 3106 egent
892 3036 1063 3107 gloria
1107 3033 1208 3091 Dei
1233 3050 1251 3090 :
1280 3035 1553 3108 justiﬁcati
1572 3040 1733 3109 gratis
1754 3054 1846 3110 per

245 3126 453 3196 gratiam
480 3126 662 3196 ipsius,
826 3126 1227 3197 redemptionem
1272 3142 1387 3198 quas
1418 3136 1493 3183 est
1545 3130 1601 3184 in
1642 3130 1845 3188 Christo

244 3219 399 3274 Iesu:
432 3236 580 3289 quem
610 3218 880 3291 proposuit
911 3218 1055 3275 Deus
1093 3221 1549 3293 propitiatorium‘
1573 3239 1665 3296 per
1687 3224 1843 3295 ﬁdem

248 3315 297 3367 in
319 3314 567 3384 sanguine
588 3313 777 3384 ipsius,
799 3314 872 3367 ad
887 3314 1224 3368 ostensionem
1243 3314 1464 3386 justitia:
1495 3317 1611 3388 ejus
1636 3325 1844 3387 propter

250 3406 576 3475 propositum'
596 3403 992 3474 prceedentium
1014 3415 1333 3476 peccatorum
1351 3407 1405 3461 in
1427 3405 1526 3461 Dei
1540 3407 1785 3478 patientia
1795 3410 1839 3475 ⁸,

252 3497 681 3551 adostendeudam
700 3496 965 3566 justitiam
991 3496 1154 3567 ipsius
1180 3496 1233 3551 in
1263 3498 1359 3552 hoc
1385 3506 1630 3570 tempore,
1676 3508 1733 3555 ut
1777 3502 1844 3557 sit

251 3593 402 3661 justus
425 3598 472 3643 et
501 3589 807 3659 justificans
834 3605 952 3643 mm
979 3590 1067 3659 qui
1089 3605 1155 3644 ea:
1188 3590 1292 3660 ﬁde
1328 3601 1401 3647 est
1441 3590 1569 3647 Iesu
1603 3590 1713 3661 (Id.
1760 3608 1837 3661 nt,

257 3681 448 3749 22—26).
472 3681 605 3736 Item
625 3682 739 3736 alio
761 3682 884 3737 loco
909 3699 924 3735 :
954 3681 1019 3735 Ei
1048 3683 1136 3753 qui
1158 3692 1414 3754 operatur,
1440 3684 1630 3755 inquit,
1653 3700 1841 3741 merces

259 3791 349 3828 una
377 3777 656 3844 imputatur
697 3774 980 3829 secundum
1023 3776 1259 3846 gratiam,
1300 3774 1392 3831 sed
1426 3778 1699 3832 secundum
1743 3777 1837 3832 de-

262 3865 418 3919 bitum.
464 3866 530 3920 Ei
553 3882 673 3920 vero
717 3867 805 3937 qui
837 3882 941 3920 non
978 3875 1245 3938 operatur,
1276 3867 1437 3923 credit
1455 3877 1623 3923 autem
1644 3870 1697 3925 in
1724 3884 1840 3923 eum

260 3958 334 4025 qui
346 3959 590 4026 justi/icat
610 3958 827 4028 impium
844 4000 861 4022 ,
882 3959 1155 4028 deputatur
1181 3959 1306 4028 ﬁdes
1331 3961 1441 4032 ejus
1474 3959 1543 4013 ad
1560 3960 1836 4032 justitiam.

264 4047 391 4101 Sim
413 4058 460 4102 α
485 4049 653 4102 David
676 4050 801 4103 dicit
829 4036 1190 4104 beatitudinem
1217 4052 1462 4117 hominis,
1483 4051 1569 4104 cui
1600 4050 1736 4107 Deus
1754 4067 1840 4106 ac-

259 4152 387 4209 cepto
407 4147 502 4212 [ert
513 4142 774 4212 justitiam
793 4143 904 4196 sine
929 4143 1164 4213 operibus
1177 4157 1197 4197 :
1211 4143 1355 4197 Beati
1377 4158 1593 4212 quorum
1614 4144 1840 4200 remissa

258 4245 360 4286 sunt
374 4236 680 4304 iniquitates,
698 4244 746 4287 et
773 4251 985 4305 quorum
1010 4244 1138 4289 tecta
1152 4244 1267 4289 sunt
1293 4245 1517 4306 peccata.
1547 4235 1736 4293 Beatus
1762 4237 1839 4292 vir

254 4328 327 4379 cui
351 4343 448 4380 non
469 4327 739 4396 imputavit
762 4326 1008 4381 Dominus
1025 4336 1304 4397 peccatum.
1324 4327 1454 4382 Item
1484 4328 1641 4399 paulo
1667 4337 1787 4401 post
1816 4348 1831 4385 :

256 4417 369 4473 Non
406 4428 478 4474 est
498 4428 669 4473 autem
694 4420 961 4491 scriptum,
994 4419 1181 4491 inquit,
1215 4430 1420 4493 propter
1445 4420 1594 4476 illum
1616 4430 1832 4490 tantum,

342 4683 361 4715 ι
404 4682 536 4742 Quod
592 4681 757 4738 nscius
797 4687 898 4740 est,
944 4694 1062 4742 non
1097 4680 1308 4732 habetur
1359 4682 1439 4734 hic
1498 4683 1547 4733 in
1584 4682 1834 4735 Gallicanis

251 4752 352 4794 itas.
405 4741 569 4794 Exstat
586 4744 806 4854 metu
849 4744 899 4791 in
940 4741 1091 4817 latino
1143 4750 1281 4793 textu
1320 4743 1829 4819 Vulgatzeﬁditionis,

251 4818 377 4854 sena
395 4818 557 4854 uram
738 4840 751 4852 .
783 4804 951 4854 Plures
964 4818 1029 4854 ex
1058 4804 1229 4854 iisdem
1252 4814 1590 4854 manuscrmlIs
1626 4815 1829 4854 nrmter-

246 4818 333 4855 sen
350 4819 377 4855 a
783 4804 951 4869 Plures
964 4818 1029 4854 ex
1058 4804 1229 4855 iisdem
1252 4804 1590 4869 manus'u-iplis
1626 4804 1831 4869 printer?-

246 4877 372 4938 eupt
386 4865 439 4917 et
462 4867 607 4938 illud,
617 4865 1133 4938 quiatesti/icatusest
1155 4869 1216 4917 de
1240 4866 1365 4938 Filio
1382 4879 1487 4938 suo.

304 4933 326 4961 ³
360 4936 492 4988 Lov.,
523 4927 841 4978 testimonimn
870 4927 993 4979 Dei.
1019 4930 1138 4990 Hinc
1161 4942 1278 4978 vero
1307 4928 1451 4979 abest
1472 4942 1568 4980 vox
1620 4929 1718 4990 “ei,
1744 4943 1834 4981 no.

243 4992 360 5040 stris
386 4994 435 5040 in
470 4991 812 5052 mansa-imis
837 4997 890 5041 et
926 4991 978 5040 in
1003 4989 1150 5040 editis
1169 4998 1269 5040 Am.
1311 4998 1363 5041 et
1400 4996 1496 5053 Er.,
1530 5005 1626 5041 nec
1661 4989 1739 5041 eSt
1782 4992 1833 5042 in

422 5060 566 5103 textu
587 5053 798 5102 Joannb.

304 5114 448 5225 ’skccilna
488 5114 568 5163 hic
590 5114 742 5164 editio
763 5120 894 5175 Lov.,
933 5126 1030 5163 non
1072 5112 1245 5164 credit.
1271 5120 1434 5164 Graece
1460 5120 1564 5178 est,
1589 5126 1652 5164 on
1693 5112 1831 5179 pepi-

304 5190 345 5223 ’τι
440 5214 455 5224 .

305 5240 327 5267 ι
359 5245 503 5287 Juxta
532 5242 611 5286 Er.
629 5235 775 5299 Lugd.
800 5243 920 5299 ven.
946 5243 1082 5296 ων..
1103 5234 1283 5299 solvat,
1310 5243 1394 5299 iu.

304 5301 325 5332 ⁸
358 5301 439 5349 Hic
458 5302 510 5348 in
526 5297 722 5348 excisis
744 5297 876 5347 nulla
914 5302 1209 5350 necessitate
1232 5298 1462 5357 additum,
1487 5297 1566 5348 de.

305 5361 328 5391 ⁸
358 5367 491 5419 Lov.,
515 5359 898 5426 propitiatorem.
935 5361 1056 5410 ιεόίιὶ
1080 5359 1162 5426 alii
1184 5357 1783 5426 etatssqpmpitiatorium
1811 5372 1830 5411 :

248 5430 299 5471 ut
316 5435 493 5485 omnes
513 5420 705 5471 rursum
739 5421 850 5471 libri
871 5435 982 5485 cum
1010 5428 1127 5485 inv.
1153 5423 1201 5471 in
1222 5420 1349 5471 libro
1369 5422 1433 5471 de
1463 5420 1637 5485 Spiritu
1662 5430 1715 5473 et
1737 5425 1831 5474 Lit-

248 5491 371 5539 tera.
396 5497 447 5532 n.
471 5484 551 5537 21.
574 5491 740 5534 ϐι-ωοθ
763 5490 860 5542 est,
880 5482 1146 5534 ilastérion.

257 5606 267 5613 _
304 5547 327 5575 τ
361 5546 497 5603 una,
522 5552 719 5609 propter
742 5544 1085 5613 remissionem.
1129 5544 1523 5613 “manuscripti
1553 5552 1831 5613 constanter

248 5606 423 5665 iuuat,
441 5606 639 5670 propter
660 5606 956 5670 proposition
984 5619 1003 5657 :
1028 5619 1123 5670 nec
1142 5606 1283 5656 aliter
1299 5607 1389 5669 ipsi
1413 5607 1530 5655 editi
1545 5607 1830 5670 locoquem

248 5681 372 5717 sum:
393 5667 705 5719 indicavimus
719 5667 826 5717 libri
850 5668 914 5716 dc
931 5669 1110 5730 Spiritu
1126 5667 1389 5729 ct_l.ittcra.
1415 5669 1637 5719 Famdem
1664 5667 1830 5719 lectio-

247 5743 359 5780 ,καὶ
380 5732 599 5794 sequitur
612 5731 990 5794 ,Anihmsiastcr.

305 5794 329 5823 ⁸
361 5793 487 5854 uss,
520 5793 813 5854 pidientimn.

1622 347 1818 404 LIBER
1862 348 2131 407 PRIMUS.

3456 377 3560 435 I35

1974 463 2093 532 quia
2127 463 2420 534 deputatum
2444 480 2515 525 est
2548 470 2623 527 illi
2646 473 2684 540 ¹;
2719 477 2872 532 sedet
2896 488 3102 550 propter
3127 499 3238 554 nos,
3263 488 3443 558 quibus
3470 508 3563 547 aI-

1972 558 2225 625 putabitur
2240 560 2551 618 credentibus
2570 566 2622 619 in
2641 583 2755 621 eum
2773 572 2857 640 qui
2870 574 3097 628 excitavit
3111 575 3289 632 Iesum
3306 580 3559 639 Christum

1971 644 2246 742 Dominum
2270 661 2542 708 nostruma
2558 659 2785 726 mortuis,
2811 663 2897 731 qui
2923 664 3226 723 traditusest
3246 683 3453 742 propter
3471 674 3553 729 de-

1969 735 2090 790 licta
2112 747 2302 806 nostra,
2321 751 2367 795 et
2388 747 2656 800 resurrexit
2684 762 2888 819 propter
2896 735 3313 826 justi/irationem
3330 735 3555 820 nostram

1973 827 2227 899 (Rova,
2241 834 2646 909 4-8,23—25).Et
2659 845 2814 911 paulo
2830 857 2946 913 post
2965 866 2979 902 :
3001 848 3061 904 Si
3073 852 3202 905 enim
3215 852 3463 921 Christus,
3483 857 3556 911 in-

1969 922 2102 989 quit,
2122 938 2236 976 cum
2257 924 2448 993 inﬁrmi
2462 944 2680 986 essemus
2694 933 2860 988 adhuc
2870 937 3024 1006 juxta
3045 950 3258 1013 tempus,
3274 962 3365 1015 pro
3378 947 3551 1018 impiis

1968 1023 2200 1108 mortuus
2222 1025 2292 1070 est
2315 1015 2335 1089 (
2355 1016 2443 1073 ια.
2474 1035 2528 1085 ν,
2552 1020 2630 1094 6).
2664 1023 2730 1077 Et
2749 1025 2873 1080 alibi
2903 1044 2915 1078 :
2954 1028 3179 1101 Scimus,
3212 1034 3403 1105 inquit,
3425 1015 3548 1108 quia

1968 1102 2050 1158 lea:
2075 1106 2357 1176 spiritualis
2382 1119 2491 1176 est;
2518 1128 2609 1184 ego
2629 1125 2794 1169 autem
2812 1118 3035 1173 carnalis
3054 1137 3187 1188 sum,
3214 1102 3549 1184 venumdatus

1963 1196 2055 1291 sub
2089 1208 2312 1268 peccato.
2346 1202 2494 1268 Quod
2520 1207 2655 1260 enim
2680 1224 2859 1279 operor
2885 1211 3062 1282 ignoro
3084 1230 3105 1268 :
3132 1231 3233 1270 non
3260 1220 3390 1274 enim
3415 1224 3554 1291 quod

1962 1286 2096 1383 volo,
2119 1290 2214 1383 hoc
2237 1309 2373 1365 ago;
2399 1297 2488 1350 sed
2512 1298 2646 1367 quod
2673 1300 2777 1364 odi,
2806 1303 2935 1357 illud
2952 1306 3108 1375 facio.
3141 1307 3203 1362 Si
3230 1318 3395 1366 autem

1962 1379 2080 1433 nolo
2108 1381 2203 1436 hoc
2230 1383 2383 1453 facio,
2406 1390 2659 1444 consentio
2686 1390 2804 1461 legi,
2858 1397 3096 1463 quoniam
3150 1398 3281 1455 bona
3319 1403 3361 1459 ².
3392 1379 3551 1467 Nunc

1960 1481 2130 1526 autem
2149 1490 2250 1529 non
2259 1476 2375 1542 jam
2416 1495 2508 1550 ego
2535 1496 2714 1552 operor
2732 1483 2884 1552 illud,
2904 1487 2994 1540 sed
3020 1488 3076 1541 id
3092 1490 3229 1559 quod
3256 1492 3309 1547 in
3329 1509 3407 1548 me
3450 1494 3552 1550 ha-

1960 1563 2082 1618 bitat
2106 1576 2382 1636 peccatum.
2412 1569 2535 1625 Scio
2558 1573 2689 1627 enim
2705 1574 2826 1646 quia
2844 1593 2947 1631 non
2958 1577 3150 1634 habitat
3174 1582 3228 1636 in
3244 1599 3342 1651 me,
3373 1585 3428 1639 id
3450 1595 3547 1652 est,

1957 1654 2012 1710 in
2038 1672 2190 1712 carne
2213 1675 2325 1713 mea
2350 1660 2534 1716 bonum
2563 1678 2583 1717 :
2607 1680 2727 1718 nam
2748 1664 2911 1721 velle'
2937 1668 3137 1741 adjacet
3156 1672 3301 1740 mihi,
3334 1676 3551 1743 perﬁce-

1955 1762 2013 1800 re
2029 1757 2198 1802 autem
2223 1749 2410 1806 bonum
2432 1768 2533 1808 non
2561 1754 2780 1809 invenio.
2811 1755 2936 1812 Non
2962 1760 3099 1814 enim
3123 1763 3258 1832 quod
3276 1763 3389 1819 volo
3413 1767 3550 1837 facio

1955 1836 2180 1906 bonum;
2204 1844 2296 1897 sed
2321 1845 2459 1914 quod
2487 1845 2604 1901 nolo
2632 1847 2843 1915 malum,
2872 1850 2968 1905 hoc
2991 1868 3108 1923 ago.
3129 1854 3191 1910 Si
3214 1865 3380 1912 autem
3412 1836 3549 1929 quod

1955 1930 2096 1998 nolo,
2127 1947 2218 2004 ego
2244 1933 2339 1988 hoc
2363 1935 2497 2007 facio
2512 1953 2534 2003 ;
2548 1937 2664 2008 jam
2682 1954 2784 1993 non
2808 1955 2899 2009 ego
2924 1957 3106 2012 operor
3126 1943 3276 2013 illud,
3304 1947 3393 2001 sed
3411 1949 3550 2017 quod

1954 2021 2150 2078 habitat
2173 2024 2228 2080 in
2256 2042 2336 2081 me
2362 2037 2644 2100 peccatum.
2674 2027 2884 2086 Invenio
2921 2032 3077 2103 igitur
3114 2034 3271 2106 legem
3300 2037 3425 2091 mihi
3460 2054 3551 2094 vo-

1955 2110 2080 2168 lenti
2106 2115 2275 2185 [acere
2300 2117 2504 2186 bonum,
2532 2121 2771 2190 quoniam
2795 2122 2921 2177 mihi
2938 2124 3132 2178 malum
3167 2126 3390 2198 adjacet.
3413 2126 3549 2185 Con-

1952 2205 2173 2267 delector
2197 2209 2332 2264 enim
2352 2210 2450 2281 legi
2482 2210 2578 2266 Dei
2613 2214 2888 2270 secundum
2928 2215 3216 2272 interiorem
3243 2219 3498 2277 hominem
3525 2239 3545 2278 :

1951 2296 2097 2353 video
2123 2308 2294 2355 autem
2322 2301 2479 2357 aliam
2508 2302 2669 2376 legem
2696 2307 2749 2360 in
2801 2307 3035 2362 membris
3086 2311 3209 2364 meis
3252 2328 3543 2384 repugnan-

1935 2397 2052 2459 tem
2076 2392 2172 2463 legi
2193 2394 2375 2451 mentis
2402 2410 2546 2464 mete,
2568 2406 2616 2451 et
2642 2398 2978 2468 captivantem
3002 2416 3082 2455 me
3106 2400 3161 2456 in
3191 2402 3300 2473 lege
3324 2407 3538 2474 peccati,

1949 2497 2066 2552 qua:
2082 2492 2155 2539 est
2189 2485 2243 2539 in
2263 2486 2498 2545 membris
2521 2488 2663 2542 meis.
2690 2488 2847 2544 Miser
2870 2506 2961 2561 ego
2990 2492 3164 2557 homo,
3185 2494 3298 2561 quis
3325 2511 3405 2550 me
3421 2497 3548 2552 libe-

1948 2575 2081 2630 rabit
2108 2576 2171 2631 de
2206 2593 2417 2649 corpore
2456 2580 2634 2635 mortis
2657 2581 2855 2652 hujus?
2907 2580 3086 2636 Gratia
3112 2581 3210 2638 Dei
3230 2602 3321 2655 per
3363 2585 3546 2644 Iesum

1946 2666 2206 2723 Christum
2248 2668 2523 2725 Dominum
2546 2679 2773 2725 nostrum
2804 2670 2916 2743 (Id.
2968 2688 3060 2738 vii,
3110 2676 3325 2746 14-25).
3357 2677 3545 2734 Dicant

1949 2759 2040 2829 qui
2070 2767 2297 2830 possunt
2316 2760 2559 2817 homines
2580 2762 2727 2817 nasci
2751 2776 2862 2818 non
2887 2764 2941 2818 in
2971 2779 3200 2835 corpore
3220 2769 3408 2824 mortis
3435 2770 3540 2825 hu-

1944 2848 2052 2921 jus,
2082 2857 2141 2905 ut
2164 2852 2370 2921 possint
2395 2851 2559 2909 etiam
2582 2852 2781 2919 dicere,
2802 2867 2909 2910 non
2936 2856 3017 2911 eis
3038 2859 3395 2915 necessariam
3419 2874 3543 2931 gra-

1950 2941 2080 2997 tiam
2110 2942 2202 2998 Dei
2228 2958 2324 3014 per
2346 2943 2528 3000 Iesum
2561 2944 2851 3011 Christum,
2882 2961 2988 3018 qua
3019 2947 3308 3005 liberentur
3325 2949 3395 3007 de
3421 2965 3543 3009 cort-

1946 3048 2078 3105 pore
2100 3036 2288 3092 mortis
2317 3036 2492 3109 hujus.
2540 3037 2672 3094 Item
2701 3038 2860 3109 paulo
2885 3049 3006 3109 post
3048 3059 3063 3096 :
3109 3041 3257 3109 Quod
3283 3045 3419 3099 enim
3441 3046 3542 3101 iiu-

1949 3126 2186 3198 possibile
2223 3137 2333 3183 erat
2362 3129 2486 3200 legis
2502 3128 2546 3196 δ,
2573 3130 2627 3184 in
2651 3145 2752 3200 quo
2798 3130 3152 3200 inﬁrmabatur
3187 3149 3277 3204 per
3311 3151 3537 3204 carnem,

1947 3218 2087 3274 Deus
2117 3219 2315 3275 Filium
2359 3238 2504 3276 suum
2528 3222 2664 3276 misit
2690 3225 2743 3276 in
2769 3221 3101 3278 similitudine
3132 3226 3301 3280 carnis
3325 3229 3537 3297 peccati,

1945 3319 1995 3369 sl
2013 3310 2078 3367 de
2104 3319 2311 3381 peccato
2336 3311 2593 3367 damnauit
2622 3321 2881 3383 peccatum
2906 3313 2959 3369 in
2978 3329 3132 3370 carne
3154 3313 3263 3383 (Id.
3301 3332 3415 3386 vni,
3455 3318 3536 3386 5).

1944 3403 2138 3460 Dicant
2160 3403 2251 3475 qui
2279 3402 2497 3472 audent,
2524 3405 2826 3475 oportuisse
2850 3406 2996 3462 nasci
3016 3406 3284 3463 Christum
3307 3408 3359 3463 in
3382 3409 3538 3466 simi-

1942 3494 2170 3552 litudine
2195 3496 2372 3552 carnis
2397 3495 2623 3567 peccati,
2652 3497 2756 3553 nisi
2782 3511 2881 3554 nos
2906 3498 3020 3554 nati
3037 3512 3279 3555 essemus
3296 3500 3349 3555 in
3374 3515 3538 3558 carne

1943 3588 2172 3658 peccati.

2015 3682 2107 3738 44.
2138 3681 2270 3738 Item
2299 3680 2366 3736 ad
2396 3678 2703 3738 Corinthios
2732 3698 2746 3736 :
2783 3682 2996 3738 Tradidi
3022 3685 3157 3739 enim
3184 3685 3321 3742 vobis
3346 3687 3401 3741 in
3426 3689 3535 3760 pri~

1949 3772 2067 3836 mis,
2098 3771 2290 3842 inquit,
2322 3770 2460 3841 quod
2488 3780 2536 3826 et
2562 3772 2732 3842 accepi
2750 3813 2764 3838 ,
2797 3774 2918 3840 quia
2944 3774 3171 3830 Christus
3199 3787 3425 3833 mortuus
3462 3789 3543 3833 est

1945 3880 2040 3935 pro
2066 3863 2283 3935 peccatis
2311 3864 2503 3918 nostris
2531 3865 2808 3919 secundum
2826 3865 3121 3935 Scripturas
3145 3866 3317 3939 (ICor.
3337 3886 3426 3938 xv,
3449 3871 3529 3944 ὅ).

1944 3954 2077 4012 Item
2119 3956 2186 4011 ad
2235 3954 2456 4011 eosdem
2504 3954 2812 4011 Corinthios
2860 3956 2913 4011 in
2961 3958 3195 4014 secunda
3243 3977 3257 4013 :
3300 3960 3535 4019 Charitas

1940 4048 2078 4104 enim
2101 4046 2291 4103 Christi
2333 4047 2590 4116 compellit
2633 4063 2762 4112 nos;
2799 4048 3091 4118 judicantes
3129 4051 3245 4118 hoc,
3290 4055 3529 4124 quoniam

1942 4140 1988 4195 si
2013 4140 2036 4173 ⁸
2066 4155 2198 4195 unus
2225 4154 2319 4211 pro
2348 4138 2579 4193 omnibus
2608 4147 2836 4194 mortuus
2864 4150 2937 4194 est
2956 4181 2973 4208 ,
3002 4157 3121 4211 ergo
3148 4159 3318 4198 omnes
3347 4149 3533 4201 mortui

1941 4242 2077 4289 sunt.
2128 4231 2195 4287 Et
2240 4248 2332 4303 pro
2380 4230 2611 4286 omnibus
2658 4240 2884 4286 mortuus
2927 4242 3000 4288 est
3039 4234 3289 4301 Christus,
3342 4246 3396 4290 ut
3444 4240 3532 4308 qui

1941 4327 2130 4393 vivunt,
2154 4326 2268 4399 jam
2297 4340 2399 4378 non
2424 4322 2520 4379 sibi
2556 4323 2743 4388 vivant,
2771 4323 2862 4379 sed
2894 4325 2942 4379 ei
2981 4325 3069 4394 qui
3095 4343 3190 4396 pro
3233 4328 3357 4396 ipsis
3395 4346 3532 4384 mor-

1943 4430 2059 4475 tuus
2084 4430 2157 4474 est
2183 4427 2231 4474 et
2255 4417 2547 4474 resurrexit.
2578 4415 2761 4488 Itaque
2786 4433 2878 4472 nos
2903 4418 3088 4472 amodo
3117 4421 3366 4474 neminem
3389 4424 3532 4476 novi-

1940 4531 2056 4569 mus
2101 4513 2381 4568 secundum
2425 4526 2631 4565 carnem
2670 4525 2689 4563 .'
2732 4519 2781 4564 et
2822 4511 2868 4564 εἰ
2913 4527 3208 4565 noveramus
3253 4514 3529 4567 secundum

1939 4623 2143 4662 carnem
2169 4605 2425 4660 Christum
2445 4643 2462 4670 ,
2491 4602 2583 4656 sed
2609 4618 2744 4656 nunc
2777 4604 2892 4674 jam
2919 4620 3022 4656 non
3049 4603 3298 4658 novimus.
3332 4604 3395 4659 Si
3427 4622 3533 4677 qua

1939 4700 2095 4773 igitur
2122 4700 2173 4752 in
2199 4696 2401 4751 Christo
2426 4711 2557 4750 nova
2585 4703 2838 4759 creatura,
2866 4704 3030 4749 vetera
3059 4698 3391 4764 transierunt,
3419 4713 3532 4751 ecce

1940 4795 2079 4866 facta
2124 4798 2239 4844 sunt
2286 4788 2457 4843 omnia
2482 4788 2504 4819 ⁸
2530 4803 2680 4842 nova.
2738 4785 2924 4840 Omnia
2963 4794 3133 4842 autem
3177 4804 3240 4842 ea:
3265 4787 3396 4856 Deo,
3442 4790 3532 4859 qui

1937 4880 2274 4937 reconciliavit
2304 4895 2397 4933 nos
2423 4879 2517 4955 sibi
2549 4895 2638 4948 per
2663 4877 2941 4942 Christmn,
2970 4888 3017 4932 et
3039 4879 3176 4932 dedit
3203 4879 3349 4935 nobis
3373 4882 3525 4935 mini-

1935 4976 2142 5030 sterinm
2187 4971 2630 5027 reconciliationis.
2681 4970 3163 5037 Quemadmodum?
3209 4971 3344 5037 Quia
3384 4972 3524 5027 Deus

2001 5114 2016 5144 ι
2051 5111 2132 5159 llic
2146 5109 2195 5157 in
2208 5107 2351 5158 editis
2373 5106 2603 5166 additum,
2616 5106 2681 5155 ad
2693 5104 2950 5175 justitiam.
2966 5109 3109 5157 Abest
3123 5122 3151 5157 a
3168 5111 3523 5175 manuscriplis,

1936 5184 2127 5223 necnon
2147 5183 2174 5219 a
2198 5181 2361 5232 gnsco
2376 5176 2526 5232 textu
2546 5167 2777 5232 ,Apostoli.

1998 5237 2020 5303 ξ
2052 5230 2295 5303 Adjecfum
2319 5231 2478 5303 etiam.
2508 5230 2586 5303 hic
2619 5231 2850 5291 verbum,
2889 5235 2996 5291 est;
3018 5231 3148 5294 quod
3182 5232 3232 5281 in
3255 5236 3523 5287 manuscri.

1936 5297 2031 5359 ptis
2055 5297 2174 5343 etin
2194 5306 2355 5357 graeco
2385 5297 2660 5341 reticetur..
2953 5351 2963 5363 .

2000 5359 2021 5390 ι
2052 5356 2190 5414 mliti,
2208 5366 2320 5404 nam
2340 5359 2515 5403 bonum
2535 5351 2672 5416 velle.
2688 5359 2787 5402 Non
2804 5358 3047 5416 repetitur
3067 5353 3298 5415 hoclooo,
3326 5355 3517 5416 bonum,

1934 5421 1985 5469 in
2006 5418 2360 5479 manuscriptis,
2384 5428 2479 5479 nec
2497 5415 2797 5479 apudApost
2819 5415 2937 5479 lum.

1998 5482 2020 5513 δ
2051 5487 2101 5528 in
2126 5474 2272 5529 editis
2448 5474 2588 5549 casu,
2614 5474 2725 5549 legi.
2755 5486 2807 5549 at
2830 5478 2877 5526 in
2904 5485 3029 5536 Mss.,
3054 5476 3218 5549 legis;
3234 5478 3375 5539 juxta
3399 5491 3525 5541 grut-

1934 5558 2044 5593 cwn
2067 5550 2148 5591 tou
2164 5553 2351 5589 nomon.
2380 5541 2453 5587 sic
2471 5539 2765 5601 Augustinus
2780 5539 2828 5587 in
2850 5552 3080 5601 sermone
3100 5539 3211 5587 152.

1998 5608 2019 5639 ⁸
2055 5603 2275 5664 Plerique
2299 5598 2609 5664 manuscripti
2624 5602 2873 5664 omittunt,
2896 5599 2971 5661 si;
2987 5598 3360 5664 ⁸(ιιιςιηηίιισιῑοιιῐα
3376 5601 3525 5652 etiam

1935 5668 2061 5730 apud
2081 5660 2269 5730 arteriis
2292 5676 2387 5711 non
2412 5663 2457 5710 in
2475 5660 2702 5730 omnibus
2719 5660 2964 5730 codicibus
2986 5660 3185 5724 legitur.

1999 5731 2020 5760 ⁸
2052 5737 2147 5777 lloc
2171 5725 2273 5789 Inui
2295 5732 2401 5789 ms.
2429 5737 2523 5772 mm
2548 5724 2748 5789 habent,
2766 5721 2925 5774 omnia
2943 5736 2961 5781 ς
2984 5720 3076 5773 nec
3095 5732 3169 5775 est
3194 5724 3241 5776 in
3255 5724 3428 5789 grumis
3446 5720 3523 5772 υ-

1940 5794 2049 5843 Lliis
2069 5803 2162 5839 nec
2186 5790 2232 5836 in
2253 5786 2413 5836 latinis
2432 5786 2822 5836 (Zorbcicusibus.
