4074 6538
544 354 646 411 I35

545 466 727 522 eratin
755 463 954 522 Christo
979 459 1226 517 mundum
1250 455 1587 513 reconcilians
1610 454 1738 521 sibi,
1764 469 1867 507 non
1889 456 2134 520 reputans

546 557 650 612 illis
688 555 870 611 delicta
909 552 1114 617 eorum,
1145 558 1193 603 et
1222 564 1413 622 ponens
1454 547 1509 601 in
1537 547 1680 601 nobis
1726 543 1928 598 verbum
1956 556 2136 595 recon-

549 646 842 702 ciliationis.
875 644 981 698 Pro
1007 641 1204 696 Christo
1249 654 1366 706 erqo
1411 638 1659 709 legatione
1698 636 1987 708 fungimur,
2019 640 2134 684 tan-

547 754 700 804 quam
728 737 836 790 Deo
860 734 1156 789 exhortante
1183 747 1273 803 per
1308 747 1402 784 nos
1427 745 1444 784 :
1470 730 1789 784 obsecramus
1816 741 1908 797 pro
1934 723 2136 780 Christo

550 826 862 884 reconciliari
893 824 1021 878 Deo.
1056 822 1188 877 Eum
1217 823 1301 893 qui
1342 839 1443 877 non
1485 830 1688 875 noverat
1716 827 2010 890 peccatum,
2044 832 2135 886 pro

550 921 692 974 nobis
717 926 978 990 peccatum
1004 916 1143 987 fecit,
1173 923 1228 969 ut
1260 929 1351 969 nos
1378 913 1535 968 simus
1554 911 1761 983 justitia
1791 908 1884 963 Dei
1908 909 1963 962 in
2002 907 2133 977 ipso.

550 1011 887 1080 Cooperantes
924 1018 1093 1061 autem
1116 1015 1171 1087 et
1192 1022 1449 1077 rogamus,
1491 1008 1552 1059 ne
1591 1003 1644 1056 in
1683 1016 1892 1055 vacuum
1921 999 2138 1070 gratiam

547 1102 646 1156 Dei
670 1100 979 1172 suscipiatis.
1013 1099 1150 1153 Dicit
1174 1099 1305 1153 enim
1331 1112 1347 1150 :
1374 1096 1625 1166 Tempore
1648 1092 1946 1164 acceptabili
1980 1106 2139 1145 exau-

546 1196 649 1249 divi
678 1203 761 1261 te,
792 1203 840 1247 et
880 1194 933 1247 in
962 1192 1044 1245 die
1078 1191 1256 1245 salutis
1285 1189 1458 1259 adjuvi
1502 1197 1568 1240 te.
1602 1184 1735 1239 Ecce
1772 1198 1906 1237 nunc
1943 1191 2137 1252 tempus

547 1286 872 1357 acceptabile,
900 1300 1012 1339 ecce
1037 1299 1171 1337 nunc
1197 1283 1302 1336 dies
1329 1281 1510 1335 salutis
1546 1277 1623 1348 (11
1643 1278 1757 1333 Cor.
1778 1292 1834 1344 ν,
1860 1275 2030 1342 14-“,
2053 1274 2134 1343 2).

547 1377 629 1431 Ad
661 1377 798 1431 hanc
827 1374 1316 1431 reconciliationem
1360 1379 1415 1426 et
1458 1370 1684 1424 salutem
1729 1367 1776 1422 si
1816 1381 1925 1421 non
1968 1364 2137 1435 perti-

551 1475 682 1523 nent
723 1464 955 1536 parvuli,
984 1464 1108 1535 quis
1136 1478 1230 1518 eos
1260 1460 1449 1532 qumrit
1478 1460 1496 1491 ¹
1526 1459 1593 1514 ad
1623 1457 1948 1529 Baptismum
1979 1455 2136 1509 Chri-

458 1538 467 1549 ’
552 1559 673 1614 sti?
730 1557 787 1612 Si
832 1564 1011 1610 autem
1063 1554 1364 1625 pertinent,
1416 1552 1556 1606 inter
1609 1550 1851 1605 homines
1901 1554 2138 1602 mortuos

552 1656 679 1702 sunt
698 1650 742 1714 ',
771 1660 868 1718 pro
896 1645 1087 1716 quibus
1116 1645 1203 1699 illc
1228 1653 1467 1698 mortuus
1491 1636 1607 1708 est;
1641 1655 1740 1696 nec
1764 1640 1832 1694 ab
1855 1652 2138 1694 eorecon-

550 1737 719 1793 ciliari
761 1748 816 1793 et
857 1737 1051 1791 salvari
1094 1743 1337 1806 possunt,
1371 1733 1473 1789 nisi
1515 1732 1736 1788 dimissa
1781 1745 1891 1787 non
1928 1735 2140 1800 reputet

552 1829 747 1883 delicta
778 1842 985 1883 eorum.

623 1923 710 1976 45.
746 1920 877 1975 llem
905 1919 969 1977 ad
992 1918 1209 1975 Galatas
1236 1935 1250 1972 :
1284 1917 1459 1973 Gratia
1486 1916 1621 1971 vobis
1649 1923 1696 1969 et
1728 1929 1831 1986 pax
1855 1929 1888 1967 a
1905 1912 2016 1967 Deo
2032 1909 2139 1965 Pa-

553 2022 646 2077 tre,
675 2022 722 2065 et
745 2011 961 2065 Domino
989 2008 1117 2064 Iesu
1140 2009 1482 2080 Christo,‘qui
1520 2007 1657 2061 dedit
1700 2006 2017 2079 semetipsum
2045 2020 2137 2075 pro

553 2104 770 2171 peccatis
813 2101 1029 2166 nostris,
1063 2109 1120 2154 ut
1160 2101 1395 2155 eximeret
1441 2115 1531 2152 nos
1572 2098 1636 2152 de
1678 2097 1911 2168 prazsenti
1952 2094 2137 2152 saeculo

542 2192 775 2261 maligno
803 2188 997 2260 (Calat.
1031 2204 1070 2252 ι,
1100 2189 1155 2255 5,
1182 2190 1261 2260 4).
1295 2190 1360 2243 Et
1386 2190 1491 2242 alio
1521 2188 1638 2242 loco
1669 2203 1682 2241 :
1711 2186 1821 2240 Lex
1858 2193 2140 2255 transgres-

550 2284 704 2335 sionis
742 2281 908 2352 gratia
953 2280 1213 2351 proposita
1241 2289 1314 2334 est
1341 2280 1384 2345 ³,
1419 2280 1578 2332 donec
1620 2279 1806 2332 veniret
1851 2293 2018 2332 semen
2057 2278 2138 2331 cui

552 2372 857 2441 promissum
885 2380 977 2435 est,
1008 2370 1312 2440 dispositum
1342 2386 1430 2441 per
1452 2368 1668 2439 Angelos
1697 2369 1750 2421 in
1776 2383 1930 2422 manu
1952 2366 2139 2421 media-

557 2472 698 2516 toris.
732 2460 985 2515 Mediator
1009 2469 1177 2514 autem
1219 2462 1370 2513 unius
1411 2475 1512 2513 non
1548 2469 1620 2514 est
1644 2474 1663 2512 :
1688 2457 1828 2512 Deus
1867 2473 1982 2512 vero
2008 2473 2138 2511 unus

519 2585 523 2589 -
551 2563 647 2607 est.
681 2552 787 2607 Lex
814 2568 933 2624 ergo
965 2553 1203 2606 adversus
1249 2551 1498 2623 promissa
1527 2550 1661 2605 Dei?
1697 2550 1859 2605 Absit.
1905 2550 1967 2606 Si
2004 2551 2138 2605 enim

552 2643 674 2696 data
716 2652 842 2697 esset
886 2642 986 2708 lex,
1025 2657 1139 2712 qua:
1181 2650 1346 2713 posset
1390 2641 1662 2711 vivi/imre,
1708 2642 1913 2695 omnino
1940 2657 2004 2696 ea:
2031 2642 2138 2713 lege

555 2742 681 2787 esset
699 2732 920 2803 justitia.
952 2731 1060 2787 Sed
1087 2732 1335 2786 conclusit
1365 2731 1635 2803 Scriptura
1677 2732 1849 2787 omnia
1888 2733 1982 2787 sub
2022 2749 2140 2803 pec-

551 2833 694 2890 cato,
722 2832 776 2878 ut
812 2824 1074 2893 promissio
1101 2838 1166 2878 ea:
1204 2823 1305 2893 fide
1330 2820 1457 2877 Iesu
1484 2821 1674 2877 Christi
1699 2823 1906 2879 daretur
1932 2824 2139 2880 creden-

552 2915 683 2969 tibus
713 2913 827 2985 (Id.
858 2931 936 2979 ιιι,
970 2914 1187 2985 19-22).

619 3007 708 3062 46.
740 3006 822 3061 Ad
852 3006 1114 3076 Ephesios
1142 3006 1303 3061 etiam
1335 3026 1348 3063 :
1379 3005 1449 3062 Et
1476 3022 1563 3062 vos
1596 3023 1713 3062 cum
1749 3006 1925 3062 essetis
1949 3006 2139 3062 mortui

548 3100 745 3155 delictis
771 3109 817 3154 et
845 3099 1064 3169 peccatis
1087 3099 1282 3165 vestris,
1314 3098 1369 3153 in
1397 3098 1577 3170 quibus
1605 3097 1881 3170 aliquando
1906 3097 2139 3153 ambula-

551 3197 642 3248 stis
682 3192 958 3246 secundum
991 3191 1235 3247 steculum
1269 3192 1449 3247 mundi
1483 3193 1656 3262 hujus,
1684 3192 1961 3248 secundum
1989 3192 2137 3262 prin-

548 3284 709 3353 cipem
740 3283 1000 3353 potestatis
1025 3283 1158 3337 aeris
1178 3323 1193 3348 ,
1225 3283 1435 3354 spiritus
1473 3285 1584 3355 ejus
1621 3284 1707 3355 qui
1734 3299 1870 3339 nunc
1896 3292 2138 3355 operatur

550 3374 607 3428 in
630 3375 754 3443 ﬁliis
778 3374 1102 3445 diffidentia,
1138 3375 1194 3429 in
1233 3375 1411 3445 quibus
1438 3385 1485 3430 et
1523 3391 1615 3430 nos
1653 3391 1825 3430 onmes
1857 3375 2136 3447 aliquando

549 3467 827 3520 conversati
864 3482 1036 3523 sumus
1070 3467 1125 3521 in
1165 3466 1428 3522 desideriis
1468 3469 1638 3523 carnis
1675 3478 1863 3524 nostra:
1895 3469 2137 3540 facientes

560 3556 866 3610 voluntatem
890 3557 1079 3624 carnis,
1110 3564 1159 3611 et
1183 3555 1524 3625 affectionum,
1547 3567 1594 3612 et
1615 3553 1814 3614 eramu's
1837 3558 2139 3617 naturaliter

552 3649 649 3715 ﬁlii
689 3649 800 3714 iraa,
842 3649 972 3703 sicut
1009 3660 1057 3703 et
1093 3649 1284 3704 cateri.
1314 3648 1454 3704 Deus
1478 3660 1648 3705 autem
1690 3651 1775 3722 qui
1804 3653 1940 3707 dives
1978 3662 2053 3708 est
2083 3653 2138 3708 in

548 3742 920 3806 misericordia,
966 3751 1177 3813 propter
1205 3743 1420 3797 multam
1458 3743 1775 3798 dilectionem
1814 3761 1915 3814 qua
1961 3744 2138 3799 dilexit

550 3850 663 3898 nos,
697 3842 742 3887 et
771 3849 885 3886 cum
911 3849 1127 3888 essemus
1155 3835 1341 3888 mortui
1368 3835 1611 3904 peccatis,
1642 3835 2007 3905 conviviﬁcavit
2044 3852 2138 3890 nos

556 3922 756 3977 Christo
777 3965 792 3989 ,
819 3924 967 3995 cujus
993 3925 1158 3995 gratia
1184 3940 1358 3979 sumus
1386 3925 1514 3980 salvi
1538 3926 1682 3995 facti.
1710 3926 1775 3980 Et
1799 3926 1956 3996 paulo
1983 3935 2133 3996 post:

557 4015 753 4079 Cratia,
787 4015 976 4085 inquit,
1015 4015 1141 4071 salvi
1181 4017 1320 4086 facti
1344 4017 1462 4071 estis
1489 4033 1579 4088 per
1605 4016 1808 4086 ﬁdem;
1847 4027 1892 4071 et
1917 4020 2012 4072 hoc
2036 4035 2137 4074 non

558 4123 623 4160 ea:
645 4106 799 4172 vobis,
828 4106 917 4163 sed
939 4104 1032 4162 Dei
1066 4106 1258 4161 donum
1282 4117 1355 4162 est
1380 4124 1398 4162 :
1425 4125 1525 4163 non
1549 4125 1612 4163 ea:
1645 4110 1896 4179 operibus,
1920 4127 1983 4166 ne
2009 4112 2140 4182 forte

560 4198 672 4265 quis
696 4197 988 4251 extollatur.
1019 4195 1191 4269 Ipsius
1215 4199 1346 4252 enim
1373 4215 1545 4254 sumus
1569 4199 1883 4270 ﬁgmentum,
1908 4203 2064 4256 creati
2085 4203 2139 4257 in

559 4286 760 4344 Christo
788 4286 914 4341 Iesu
954 4288 1007 4341 in
1046 4288 1278 4357 operibus
1306 4287 1469 4355 bonis,
1512 4305 1629 4359 qua:
1671 4293 1972 4362 prwparavit
2000 4291 2139 4349 Deus

559 4388 614 4432 ut
642 4381 694 4433 in
731 4379 835 4433 illis
862 4378 1195 4432 ambulemus.
1224 4379 1293 4433 Et
1334 4379 1493 4447 paulo
1524 4388 1682 4450 post:
1716 4381 1815 4447 Qui
1839 4382 2028 4450 eratis,
2060 4384 2141 4438 in-

555 4472 700 4542 quit,
751 4471 841 4526 illo
882 4480 1107 4541 tempore
1147 4471 1256 4526 sine
1296 4469 1527 4540 Christo,
1573 4473 1782 4527 alienati
1823 4490 1857 4527 a
1903 4475 2139 4530 societate

554 4563 742 4629 Israel,
764 4572 811 4618 et
833 4562 1082 4634 peregrini
1107 4571 1515 4618 testamentorum
1537 4573 1581 4619 et
1604 4565 1972 4636 promissionis,
1999 4582 2138 4636 spem

553 4670 657 4708 non
686 4655 922 4707 habentes
939 4694 954 4719 ,
985 4663 1033 4707 et
1062 4654 1170 4708 sine
1198 4653 1306 4708 Deo
1333 4655 1389 4708 in
1416 4655 1511 4709 hoc
1549 4656 1738 4710 mundo
1762 4672 1782 4710 :
1809 4672 1944 4710 nunc
1970 4666 2139 4712 autem

556 4748 611 4801 in
631 4745 829 4801 Christo
851 4745 1007 4810 Iesu,
1037 4746 1123 4816 qui
1146 4747 1421 4816 aliquando
1458 4748 1611 4803 eratis
1640 4750 1804 4820 longe,
1831 4749 1954 4820 facti
1973 4747 1996 4780 ‘
2021 4750 2139 4805 estis
2172 4754 2186 4767 ‘

555 4854 712 4909 prape
750 4838 806 4891 in
848 4837 1098 4907 sanguine
1122 4835 1331 4891 Christi.
1376 4835 1501 4907 Ipse
1521 4848 1594 4893 est
1629 4840 1762 4893 enim
1801 4856 1905 4910 paa:
1944 4850 2136 4907 nostra,

548 4932 639 5003 qui
672 4931 790 5002 fecit
819 4939 1032 4999 utraque
1067 4944 1246 4995 unum,
1287 4938 1336 4984 et
1373 4929 1595 4984 ntedium
1633 4932 1873 5001 parietem
1909 4933 2141 4988 maceria:

553 5026 748 5082 solvens
794 5022 1108 5089 inimicitias,
1154 5024 1206 5077 in
1253 5039 1406 5077 carne
1448 5040 1543 5077 sua
1584 5025 1743 5096 legem
1786 5026 2140 5081 mandatorum

557 5116 768 5170 decretis
815 5129 1064 5169 cvacuans
1087 5155 1104 5181 ,
1146 5122 1201 5167 ut
1249 5115 1376 5169 duos
1420 5115 1653 5171 conderet
1696 5117 1747 5171 in
1789 5133 1843 5171 se
1886 5118 1940 5170 in
1982 5134 2138 5172 unum

553 5222 736 5261 novum
772 5204 1046 5268 hominem,
1089 5203 1280 5274 faciens
1312 5221 1483 5274 pacem
1502 5248 1518 5275 ,
1549 5215 1593 5261 et
1622 5216 1948 5262 commutaret
1976 5219 2138 5264 utroso

551 5316 647 5370 que
674 5299 729 5353 in
767 5312 871 5351 uno
892 5311 1105 5364 corpore
1126 5295 1234 5351 Deo
1249 5338 1266 5363 ,
1293 5314 1384 5368 per
1409 5315 1608 5354 crucem
1633 5300 1940 5370 interﬁciens
1964 5301 2138 5356 inimi-

554 5392 700 5445 citias
743 5390 797 5443 in
843 5387 1130 5454 semetipso.
1188 5386 1255 5442 Et
1306 5389 1507 5445 veniens
1562 5392 1916 5464 evangelizavit
1964 5409 2138 5463 pacem

620 5525 644 5595 ξ
671 5531 772 5595 nuo
788 5519 1061 5595 gss.,_quid
1082 5533 1162 5573 eos
1176 5521 1366 5595 quierit.

621 5586 644 5618 ²
673 5594 772 5635 Am.
796 5593 871 5635 Er.
893 5591 945 5634 et.
966 5591 1096 5645 Mss,
1118 5586 1295 5635 mortui
1316 5590 1442 5636 sunt.

619 5649 641 5679 ³
671 5650 742 5716 sic
774 5656 879 5716 Mss.
919 5647 1038 5716 editi
1059 5644 1209 5716 vero,
1232 5644 1387 5716 posita
1407 5652 1492 5716 est.
1531 5648 1737 5716 Etjnf'ra
1754 5686 1769 5709 ,
1793 5649 2026 5715 disposita
2054 5665 2141 5716 per

558 5720 646 5772 diu
655 5706 770 5759 elos.
797 5709 911 5758 vlde
933 5706 1530 5772 Expositionem‘ltpistolze
1555 5711 1612 5759 ad
1629 5706 1828 5762 Galatas.

616 5767 636 5803 ⁸
673 5779 722 5820 tu
744 5772 905 5829 editis,
923 5767 1037 5833 facti
1060 5776 1234 5820 autem.
1261 5767 1424 5830 Abest,
1448 5778 1622 5831 autem,
1642 5786 1669 5822 a
1686 5775 2036 5826 manuscrinlis.

1182 345 1271 403 DE
1308 338 1764 400 peccuonuu
1803 328 2078 391 MERITIS
2116 327 2203 385 ET
2242 328 2671 399 namssmue,
2711 330 2771 388 s.
2812 328 3179 390 AUGUSTINI
3729 334 3822 390 ,δε

2242 444 2379 500 vobis
2406 447 2492 516 qui
2512 448 2663 503 eratis
2685 448 2853 520 longe,
2882 459 2929 504 et
2955 466 3129 521 pacem
3158 449 3236 504 his
3259 448 3345 519 qui
3372 464 3551 521 prope,
3587 450 3707 520 quia
3733 469 3819 522 per

2238 537 2407 605 ipsum
2439 537 2677 593 habemus
2708 555 2964 593 accessum
2999 540 3145 594 ambo
3175 540 3227 594 in
3265 557 3368 595 uno
3405 541 3590 613 spiritu
3625 543 3695 595 ad
3721 542 3822 598 Pa-

2240 635 2364 679 trem
2390 625 2604 699 (Ephes.
2634 645 2709 694 ιι,
2741 629 2926 700 1-18).
2973 629 3103 685 Item
3147 631 3271 686 alibi
3303 647 3316 683 :
3350 631 3498 686 Sicut.
3537 634 3719 688 veritas
3750 648 3821 689 est

2241 719 2293 772 in
2309 717 2456 785 Iesu,
2481 720 2731 791 deponere
2759 738 2844 776 vos
2864 722 3138 777 secundum
3158 724 3378 793 priorem
3402 726 3824 782 conversationem

2241 819 2455 864 veterem
2480 810 2756 878 hominem,
2785 828 2898 866 eum
2922 813 3007 882 qui
3038 813 3380 882 corrumpitur
3402 814 3675 868 secundum
3701 833 3823 870 con~

2241 901 2576 971 cupiscentias
2632 904 2962 974 deceptionis.
3025 905 3358 959 Renovamiui
3419 916 3587 960 autem
3644 908 3825 977 spiritu

2241 994 2419 1047 utentis
2458 1002 2663 1061 vestrae,
2704 1005 2750 1050 et
2784 996 2979 1051 induite
3016 1012 3198 1050 novum
3251 996 3539 1065 hominem,
3580 1014 3697 1053 eum
3742 1002 3827 1070 qui

2242 1083 2517 1137 secundum
2560 1084 2727 1140 Deum
2767 1097 2964 1142 creatus
3001 1096 3076 1142 est
3120 1087 3174 1141 in
3215 1089 3420 1159 justitia
3464 1098 3510 1143 et
3558 1092 3823 1146 sanctitate

2242 1176 2483 1229 veritatis.
2530 1177 2596 1231 Et
2636 1178 2762 1232 alibi
2803 1196 2816 1232 :
2852 1178 3025 1233 Nolite
3068 1180 3365 1234 contristare
3413 1180 3666 1252 Spiritum
3706 1199 3825 1238 san-

2240 1275 2372 1319 ctum
2405 1265 2519 1332 Dei,
2567 1271 2621 1322 in
2669 1285 2768 1339 quo
2816 1270 3003 1340 signati
3043 1272 3158 1325 estis
3199 1273 3253 1325 in
3292 1271 3426 1326 diem
3465 1272 3827 1343 redemptionis

2242 1354 2353 1429 (Id.
2383 1374 2457 1425 tv,
2489 1358 2681 1425 21-24,
2707 1359 2819 1430 '50).

2311 1451 2403 1505 47.
2437 1451 2516 1505 Ad
2562 1449 2908 1508 Colossenses
2955 1454 3115 1509 etiam
3161 1454 3232 1508 ita
3285 1455 3520 1524 loquitur
3561 1472 3576 1510 :
3624 1454 3828 1511 Gratias

2241 1550 2444 1612 agentes
2470 1540 2613 1596 Patri
2638 1543 2848 1598 idoneos
2874 1544 3078 1616 facienti
3107 1562 3197 1600 nos
3229 1546 3281 1599 in
3309 1556 3504 1615 partem
3529 1548 3680 1601 sortis
3706 1564 3829 1603 san-

2241 1640 2437 1685 ctorum
2464 1631 2517 1685 in
2543 1632 2732 1687 lumine
2749 1676 2764 1700 ,
2793 1634 2879 1700 qui
2907 1635 3089 1704 eripuit
3115 1652 3206 1690 nos
3230 1637 3293 1690 de
3329 1646 3573 1708 potestate
3597 1638 3829 1704 tenebra-

2241 1741 2356 1778 rum
2400 1733 2448 1778 et
2491 1720 2746 1781 transtulit
2792 1728 2847 1782 in
2886 1746 3096 1801 regnum
3124 1726 3252 1783 Filii
3294 1730 3552 1785 charitatis
3597 1747 3724 1800 ειατ,
3777 1733 3831 1786 in

2240 1829 2339 1884 quo
2386 1814 2627 1870 habemus
2672 1818 3062 1890 redemptionem
3089 1820 3142 1873 in
3169 1820 3461 1874 remissione
3504 1832 3829 1892 peccatorum

2243 1904 2460 1973 (Coloss.
2490 1921 2544 1970 ι,
2577 1906 2790 1977 12-14).
2822 1909 2891 1962 Et
2931 1909 3037 1965 alio
3078 1909 3195 1965 loco
3223 1927 3237 1963 :
3269 1909 3334 1965 Et
3358 1912 3505 1978 estis,
3538 1912 3747 1983 inquit,
3776 1915 3831 1968 in

2240 1994 2331 2050 illo
2356 1997 2556 2068 repleti,
2587 1999 2675 2069 qui
2708 2009 2780 2053 est
2814 2011 2969 2070 caput
2994 2001 3156 2055 ontnis
3181 2002 3493 2075 principatus
3521 2013 3569 2058 et
3604 2014 3834 2076 potesta~

2241 2086 2306 2139 tis
2330 2102 2350 2140 :
2379 2087 2432 2140 in
2468 2103 2568 2158 quo
2607 2090 2762 2144 etiam
2806 2091 3090 2147 circumcisi
3136 2094 3253 2147 estis
3304 2095 3685 2151 circumcisione
3724 2111 3831 2152 non

2241 2182 2556 2252 manufacta,
2586 2180 2642 2235 in
2668 2181 3033 2254 exspoliatione
3060 2185 3287 2256 corporis
3313 2186 3501 2254 carnis,
3532 2187 3587 2241 in
3611 2187 3835 2243 circum-

2240 2269 2431 2325 cisione
2458 2269 2685 2339 Christi,
2717 2274 3000 2343 consepulti
3045 2277 3091 2330 ei
3129 2280 3184 2329 in
3215 2275 3499 2347 Baptismo,
3545 2278 3600 2333 in
3634 2296 3739 2351 quo
3787 2289 3836 2336 et

2241 2363 2628 2417 consurrexistis
2648 2380 2746 2434 per
2775 2365 2930 2434 ﬁdem
2957 2367 3266 2437 operationis
3292 2366 3390 2421 Dei
3407 2410 3422 2436 ,
3450 2370 3537 2441 qui
3567 2371 3835 2426 suscitavit

2240 2449 2386 2504 illum
2410 2453 2697 2509 a‘mortuis.
2730 2453 2800 2508 Et
2825 2471 2942 2521 vos,
2973 2472 3090 2510 cum
3123 2458 3297 2512 essetis
3331 2459 3517 2513 mortui
3543 2460 3743 2516 delictis
3784 2471 3835 2517 et

2243 2542 2493 2612 prteputio
2529 2543 2699 2599 carnis
2743 2555 2950 2612 vestrae,
2979 2547 3344 2617 convivificavit
3387 2566 3504 2604 cum
3544 2550 3635 2606 illo
3663 2554 3703 2618 ί,
3735 2554 3836 2609 do-

2243 2650 2374 2689 nans
2419 2636 2562 2691 nobis
2609 2639 2779 2692 omnia
2826 2639 3028 2709 delicta,
3060 2640 3232 2697 delens
3273 2644 3411 2713 quod
3451 2644 3691 2701 adversus
3732 2663 3834 2703 nos

2242 2735 2356 2780 erat
2379 2726 2775 2799 chirographum
2794 2730 2999 2798 decreti,
3030 2733 3166 2802 quod
3193 2743 3299 2788 erat
3327 2736 3635 2792 contrarium
3658 2739 3832 2807 nobis,

2242 2815 2426 2873 tollens
2452 2818 2582 2873 illud
2609 2819 2672 2874 de
2694 2822 2893 2889 medio,
2924 2833 2972 2878 et
3013 2825 3218 2896 afﬁgens
3259 2826 3390 2881 illud
3432 2829 3592 2895 cruci,
3638 2846 3836 2887 exuens

2241 2924 2297 2964 se
2321 2925 2544 2980 carnem,
2575 2913 2885 2984 principatus
2914 2925 2962 2971 et
2987 2927 3254 2987 potestates
3281 2921 3579 2991 exemplauit
3607 2923 3837 2992 ﬁduciae

2242 2999 2357 3055 liter
2395 3002 2714 3076 triumphans
2738 3023 2823 3062 eos
2862 3007 2915 3062 in
2943 3011 3207 3081 semetipso
3234 3012 3346 3083 (Id.
3374 3029 3432 3081 ιι,
3466 3014 3683 3086 10-15).

2311 3092 2404 3150 48.
2443 3094 2513 3150 Et
2555 3096 2623 3152 ad
2665 3097 3004 3155 Timotheum
3043 3119 3058 3156 :
3088 3100 3360 3158 Humanus
3382 3144 3399 3171 ,
3431 3104 3633 3176 inquit,
3661 3124 3837 3164 sermo

2239 3192 2289 3239 et
2313 3185 2453 3240 omni
2475 3189 2766 3254 acceptione
2788 3190 2973 3262 dignus
2992 3234 3008 3260 ,
3034 3193 3153 3263 quia
3178 3191 3408 3250 Christus
3429 3194 3582 3252 Iesus
3611 3199 3745 3253 venit
3776 3200 3837 3255 in

2240 3276 2489 3332 mundum
2517 3290 2800 3350 peccatores
2825 3282 2990 3338 salvos
3034 3288 3231 3357 facere,
3268 3302 3484 3358 quorum
3510 3288 3706 3359 primus
3731 3305 3836 3361 ego

2240 3384 2373 3425 sum.
2404 3369 2511 3425 Sed
2537 3371 2650 3426 ideo
2676 3375 3074 3430 misericordiam
3099 3389 3394 3435 consecutus
3423 3396 3557 3448 sum,
3584 3391 3641 3435 ut
3666 3381 3721 3437 in
3746 3397 3839 3438 me

2240 3459 2521 3515 ostenderet
2541 3464 2705 3532 primo
2721 3462 2951 3521 Christus
2968 3465 3119 3522 Iesus
3147 3485 3344 3523 omnem
3367 3470 3835 3543 longanimitatem,

2241 3551 2309 3604 ad
2332 3551 2743 3622 informationem
2771 3571 2948 3611 eorum
2971 3560 3059 3629 qui
3086 3561 3326 3616 credituri
3349 3574 3466 3618 sunt
3490 3565 3568 3619 illi
3592 3567 3644 3621 in
3670 3568 3840 3624 vitam

2238 3650 2480 3698 wternam
2509 3643 2565 3717 (Ι
2597 3645 2728 3700 Tim.
2756 3663 2809 3712 ι,
2838 3649 2907 3705 15
2927 3690 2943 3717 ,
2976 3650 3100 3722 16).
3151 3651 3280 3708 ltem
3311 3653 3440 3710 dicit
3470 3673 3484 3709 :
3521 3655 3666 3714 Unus
3692 3661 3841 3715 enim

2244 3732 2405 3801 Deus,
2437 3750 2566 3790 unus
2589 3745 2636 3790 et
2666 3738 2912 3793 mediator
2938 3739 3037 3794 Dei
3059 3750 3106 3794 et
3134 3742 3396 3798 hominum
3423 3745 3571 3800 homo
3596 3747 3841 3805 Christus

2239 3826 2413 3898 Iesus,
2438 3831 2525 3900 qui
2548 3830 2687 3885 dedit
2709 3835 3035 3904 semetipsum
3062 3836 3455 3907 redemptionem
3482 3856 3575 3910 pro
3593 3843 3841 3899 omnibus

2246 3919 2358 3993 (Id.
2386 3937 2444 3989 ιι,
2474 3923 2528 3988 5,
2561 3922 2640 3994 6).
2674 3923 2731 3979 In
2780 3926 3014 3982 secunda
3060 3928 3220 3983 etiam
3266 3928 3334 3985 ad
3373 3931 3621 3987 eumdem
3650 3950 3665 3987 :
3694 3932 3843 3989 Noli

2240 4027 2382 4083 ergo,
2428 4014 2621 4084 inquit,
2668 4015 2955 4072 erubescere
3001 4020 3341 4074 testimonium
3383 4020 3597 4078 Domini
3640 4025 3840 4095 nostn',

2243 4120 2400 4175 neque
2428 4123 2507 4160 me
2534 4108 2756 4162 vinctum
2780 4110 2889 4174 eius
2917 4125 2937 4166 :
2963 4110 3051 4164 sed
3075 4111 3332 4167 collabora
3352 4112 3632 4186 Evangelia
3657 4133 3845 4172 senm-

2242 4194 2367 4249 dum
2392 4196 2624 4251 virtutem
2643 4197 2737 4253 Dei
2763 4200 2929 4254 salvos
2957 4216 3049 4254 nos
3077 4203 3327 4272 facientis,
3355 4211 3405 4258 et
3428 4205 3652 4259 vocantis
3680 4220 3846 4259 voca-

2242 4284 2377 4340 tione
2419 4302 2516 4341 sua
2557 4298 2780 4355 sancta;
2818 4307 2919 4345 non
2965 4279 3241 4347 secundum
3286 4310 3442 4364 Opera
3485 4304 3660 4350 nostra
3683 4337 3698 4360 ,
3739 4299 3846 4353 sed

2242 4376 2518 4432 secundum
2560 4395 2711 4433 suum
2740 4382 3057 4451 propositum
3082 4392 3130 4437 et
3164 4385 3414 4455 gratiam,
3453 4401 3568 4456 ᾳιιω
3594 4386 3734 4441 data
3754 4398 3846 4444 est

2242 4468 2386 4524 nobis
2422 4470 2476 4524 in
2506 4469 2706 4526 Christo
2738 4471 2863 4528 Iesu
2891 4486 3009 4529 ante
3048 4476 3235 4530 saecula
3261 4488 3471 4545 aeterna,
3506 4481 3847 4552 manifestata

2241 4568 2412 4613 autem
2444 4577 2577 4616 nunc
2620 4580 2709 4632 per
2751 4563 3021 4619 adventum
3048 4565 3256 4621 Domini
3283 4569 3442 4623 nostri
3464 4568 3590 4625 Iesu
3618 4570 3845 4642 Christi,

2241 4656 2534 4710 evacuantis
2577 4656 2778 4727 quidem
2820 4668 3033 4713 mortem
3054 4701 3068 4726 ,
3102 4661 3440 4716 illuminantis
3468 4672 3636 4718 autem
3672 4665 3848 4720 vitam

2242 4755 2288 4801 et
2316 4747 2745 4820 incorruptionem
2782 4769 2873 4822 per
2909 4751 3244 4825 Evangelium
3289 4755 3361 4829 (11
3386 4755 3521 4810 Tim.
3551 4772 3605 4824 ι,
3637 4756 3774 4814 8ου)
3794 4759 3844 4830 ).

2312 4839 2402 4896 49.
2444 4839 2526 4895 Ad
2569 4841 2745 4896 Titum
2785 4843 2946 4897 etiam
2978 4859 2992 4898 :
3025 4844 3423 4916 Exspectantes,
3453 4847 3652 4919 inquit,
3686 4850 3848 4905 illam

2244 4928 2439 4985 beatam
2470 4948 2610 5002 spem
2649 4943 2696 4987 et
2726 4934 3179 5005 manifestationem
3206 4938 3386 5008 gloria:
3423 4939 3597 5010 magni
3624 4938 3726 4995 Dei
3745 4983 3765 5010 ,
3794 4953 3849 4998 et

2242 5021 2510 5077 salvatoris
2538 5025 2699 5078 nostri
2721 5023 2847 5079 Iesu
2874 5025 3082 5094 Christi,
3111 5028 3200 5099 qui
3224 5028 3364 5083 dedit
3386 5031 3714 5102 semetipsum
3745 5050 3850 5104 pro

2244 5112 2407 5176 nobis,
2438 5125 2493 5167 ut
2522 5131 2613 5170 nos
2640 5114 2904 5171 redimeret
2930 5117 2992 5171 ab
3020 5119 3159 5173 omni
3184 5119 3470 5191 iniquitate,
3493 5131 3540 5175 et
3564 5123 3852 5181 mundaret

2243 5222 2335 5262 nos
2379 5207 2474 5261 sibi
2518 5209 2761 5279 papulum
2803 5209 3172 5276 abundantem,
3203 5213 3550 5268 aemulatorem
3587 5215 3850 5272 bonorum

2243 5315 2453 5370 operum
2482 5299 2609 5371 (Tit.
2634 5318 2708 5369 ιι,
2742 5303 2843 5367 15,
2875 5302 2988 5374 14).
3022 5303 3106 5383 ‘Et
3153 5304 3261 5359 alio
3304 5305 3424 5361 loco
3453 5324 3469 5362 :
3497 5300 3623 5361 Cum
3666 5321 3853 5364 autem

2243 5389 2525 5462 benignitas
2556 5403 2602 5447 et
2650 5394 2937 5449 humanitas
2982 5395 3154 5450 illuxit
3196 5396 3480 5453 Saluatoris
3517 5396 3616 5453 Dei
3651 5403 3853 5468 nostri,
3902 5414 3919 5425 ‘

2245 5500 2344 5537 non
2371 5498 2433 5537 ex
2459 5484 2692 5553 operibus
2716 5486 2933 5556 justitiw
2951 5529 2966 5553 ,
2996 5503 3108 5558 qua:
3143 5504 3234 5542 nos
3275 5488 3507 5559 fecimus,
3536 5490 3627 5544 sed
3652 5507 3856 5547 secun-

2245 5575 2369 5629 dum
2395 5591 2541 5628 suam
2569 5577 2964 5631 misericordiam
2989 5579 3156 5633 salvos
3190 5595 3282 5634 nos
3309 5580 3430 5649 fecit
3459 5597 3551 5651 per
3578 5582 3858 5640 lavacrum

2246 5666 2637 5737 regenerationis
2684 5676 2729 5720 et
2777 5670 3114 5723 renovationis
3163 5669 3387 5742 Spiritus
3437 5674 3600 5728 sancti
3627 5716 3644 5744 ,
3695 5692 3860 5747 quem

2315 5782 2331 5803 ‘
2367 5785 2413 5827 tn
2438 5785 2524 5827 \zss
2548 5814 2562 5837 ,
2587 5778 2834 5843 ririﬁmrit
2858 5793 2965 5829 cum
2988 5779 3087 5832 illo.
