4074 6556
239 380 321 438 137
1615 383 1820 439 LIBER

1953 384 2132 442 IMUS.

240 491 448 549 titinius
471 487 668 560 εσκάει
694 505 865 564 strper
893 512 990 552 nos
1015 513 1104 568 per
1127 495 1303 554 Iesum
1327 496 1583 553 Christum
1607 498 1827 554 salvato-

243 605 329 643 rem
349 595 584 650 nostrum,
626 595 690 640 ut
727 590 1020 661 justiﬁcati
1053 593 1212 662 ipsius
1249 594 1417 666 gratia
1455 591 1678 649 ha'redes
1719 595 1828 666 efﬁ-

241 681 404 734 cialiter
421 677 721 733 secundum
751 697 907 751 spem
935 684 1051 739 uiue
1073 695 1272 740 aeterne
1298 683 1426 758 (Tit.
1455 701 1532 754 ιιι,
1563 686 1640 758 4).

293 771 367 826 50.
394 768 478 824 Ad
511 769 800 830 Hebraeos
827 791 1048 847 quoque
1076 777 1331 848 Epistola,
1361 795 1664 850 quanquam
1691 795 1830 836 non-

237 862 373 919 nullis
401 862 612 918 incerta
643 865 723 920 sit
765 866 872 940 (a),
921 878 1098 926 tamen
1126 873 1375 942 quoniam
1421 871 1524 944 legi
1571 873 1832 945 quosdam

238 955 342 1010 huic
367 964 568 1010 nostra;
598 955 684 1031 de
707 957 999 1030 Baptismo
1027 963 1363 1034 parvulorum
1393 967 1678 1022 sententia:
1701 983 1832 1023 con-

238 1048 374 1103 traria
413 1047 730 1105 sentientes
750 1093 768 1120 ,
812 1067 939 1108 eam
987 1055 1303 1126 quibusdam
1343 1057 1684 1128 opinionibus
1719 1061 1830 1117 suis

245 1151 402 1198 testem
427 1141 704 1199 adbibere
734 1146 997 1216 voluisse,
1027 1151 1299 1222 magisque
1327 1167 1414 1207 me
1442 1161 1624 1208 movet
1651 1163 1838 1210 aucto-

249 1237 360 1291 ritas
391 1236 774 1309 Ecclesiarum
825 1242 1190 1312 orientalium,
1241 1261 1360 1316 quae
1398 1246 1537 1302 hanc
1574 1247 1736 1304 etiam
1779 1249 1835 1305 in

246 1327 492 1384 canonicis
524 1327 766 1400 habent,
797 1345 998 1404 quanta
1042 1352 1140 1407 pro
1168 1338 1320 1394 nobis
1362 1340 1664 1395 testimonia
1702 1355 1835 1397 con-

242 1421 406 1490 tineat,
429 1421 845 1480 advertendum
872 1436 977 1482 est.
1006 1427 1064 1484 In
1087 1430 1202 1500 ipso
1225 1431 1340 1500 ejus
1360 1431 1587 1499 exordio
1611 1433 1833 1505 legitur:

235 1514 399 1571 llsltis
427 1519 707 1588 partibus,
737 1533 792 1576 et
817 1524 993 1580 multis
1020 1523 1180 1581 modis
1208 1527 1325 1581 olim
1357 1526 1494 1584 Deus
1538 1530 1738 1586 locutus
1762 1539 1837 1586 est

237 1610 447 1682 patribus
491 1611 546 1665 in
583 1612 918 1686 Prophetis;
959 1629 1210 1688 postremo
1239 1619 1292 1674 in
1319 1619 1399 1675 his
1430 1621 1603 1676 diebus
1645 1622 1840 1679 locutus

236 1713 301 1758 est
337 1703 474 1758 nobis
510 1705 566 1758 in
599 1704 775 1772 Filio,
815 1709 1259 1779 quem‘constituit
1295 1713 1543 1770 hteredem
1577 1717 1838 1772 universo-

238 1810 366 1858 rum,
393 1813 477 1866 per
504 1814 658 1867 quem
699 1799 830 1869 fecit
876 1810 923 1855 et
965 1803 1176 1858 stecula.
1209 1804 1308 1870 Qui
1347 1821 1466 1860 cum
1503 1807 1568 1862 sit
1601 1807 1841 1878 splendor

241 1889 412 1960 gloria:
436 1901 478 1944 et
507 1892 684 1962 ﬁgura
725 1893 1035 1950 substantia
1061 1897 1172 1968 ejus
1193 1938 1209 1963 ,
1236 1914 1413 1968 gerens
1441 1915 1636 1970 quoque
1671 1901 1842 1955 omnia

243 1983 382 2037 verba
407 1985 598 2038 virtutis
627 2002 767 2052 sua,
819 1991 1128 2060 purgatione
1150 2001 1470 2062 peccatorum
1511 2009 1543 2046 a
1584 2011 1638 2048 se
1682 1998 1836 2064 facta,

242 2075 370 2129 sedet
389 2077 458 2129 ad
479 2077 757 2131 dexteram
789 2081 1075 2151 majestatis
1101 2083 1155 2136 in
1179 2083 1385 2138 excelsis
1409 2083 1594 2154 (Hebr.
1623 2103 1660 2153 ι,
1695 2087 1838 2159 1-5).

241 2167 302 2223 Et
338 2178 452 2239 post
493 2185 678 2240 pauca
715 2190 729 2226 :
761 2173 828 2228 Si
873 2175 1013 2229 enim
1054 2177 1142 2241 qui
1183 2193 1272 2247 per
1296 2177 1516 2249 Angelos
1563 2179 1730 2235 dictus
1772 2190 1842 2235 cst

246 2277 419 2327 samo,
447 2264 618 2333 factus
647 2273 730 2318 est
756 2265 979 2334 ﬁrmus,
1011 2277 1061 2322 et
1095 2269 1255 2324 omnis
1285 2271 1632 2341 praevaricatio
1674 2279 1720 2326 et
1757 2273 1840 2326 in-

253 2353 508 2408 abedientia
523 2356 740 2426 justam
764 2360 971 2428 accepit
1005 2363 1248 2416 mercedis
1276 2364 1686 2432 retributionem;
1711 2383 1840 2438 quo-

247 2445 386 2500 modo
407 2463 496 2501 nos
517 2447 858 2520 eﬂ'ugiemus,
888 2451 938 2504 si
965 2461 1162 2506 tantam
1186 2455 1550 2525 neglexerintus
1583 2457 1796 2512 salutem
1819 2459 1844 2513 ?

244 2536 305 2592 Et
327 2539 428 2618 alio
453 2539 576 2594 loco
607 2557 623 2594 :
657 2539 961 2613 Propterea
987 2561 1108 2617 ergo
1131 2545 1248 2616 quia
1275 2546 1292 2576 ¹
1323 2547 1467 2616 pueri
1503 2550 1844 2603 communica-

241 2641 409 2685 uerunt
452 2635 695 2705 sanguini
723 2645 772 2689 et
803 2637 978 2702 carni,
1025 2648 1072 2692 et
1115 2639 1224 2710 ipse
1263 2642 1628 2711 propemodum
1671 2658 1844 2696 eorum

249 2725 591 2798 participaeit,
611 2735 670 2780 ut
702 2745 787 2797 per
820 2739 1045 2784 mortem
1078 2741 1338 2785 evacuaret
1365 2748 1478 2786 eum
1501 2734 1589 2804 qui
1620 2743 1844 2804 potesta-

259 2824 358 2870 tem
384 2816 596 2872 habebat
623 2820 812 2886 mortis,
851 2821 910 2875 id
941 2832 1040 2890 est,
1081 2821 1358 2888 diabolum,
1403 2833 1451 2879 et
1489 2822 1721 2879 liberaret
1761 2841 1846 2880 eos

257 2909 345 2978 qui
372 2909 549 2964 timore
584 2913 754 2966 mortis
789 2929 884 2985 per
915 2922 1076 2968 totam
1101 2915 1255 2969 vitam
1288 2916 1363 2970 rei
1397 2927 1540 2972 erant
1572 2917 1842 2973 seruitutis.

257 2999 328 3056 Et
355 3001 507 3070 paulo
529 3011 648 3072 post
677 3021 694 3056 :
725 3003 882 3060 Unde
905 3006 1104 3075 debuit,
1138 3008 1327 3078 inquit,
1365 3009 1644 3064 secundant
1676 3010 1848 3064 omnia

259 3093 488 3162 fratribus
526 3094 711 3151 similis
751 3113 869 3151 esse
889 3137 906 3164 ,
946 3107 1006 3152 ut
1047 3099 1330 3154 misericors
1384 3101 1524 3170 fieret
1542 3141 1558 3168 ,
1595 3108 1642 3156 et
1678 3099 1847 3172 ﬁdelis

257 3184 475 3255 princeps
497 3187 829 3243 sacerdotum
860 3206 1058 3260 eorum,
1088 3207 1202 3265 quce
1239 3201 1355 3248 sunt
1379 3193 1448 3247 ad
1472 3192 1639 3248 Deum
1671 3195 1848 3266 prapi-

256 3277 472 3332 tiaadnm
499 3296 596 3350 pro
621 3281 830 3336 delictis
859 3284 1038 3354 populi
1069 3283 1179 3356 (Id.
1209 3301 1280 3353 ll,
1309 3284 1345 3339 2
1366 3327 1381 3353 ,
1413 3285 1734 3360 5,·14-17).
1782 3287 1850 3344 Et

255 3370 374 3425 alibi
419 3389 434 3424 :
478 3371 805 3439 Teneamus,
855 3375 1058 3446 inquit,
1107 3379 1474 3449 confessionem
1518 3395 1537 3434 :
1576 3397 1678 3435 non
1715 3381 1850 3435 enim

259 3460 484 3517 tabanus
509 3463 836 3520 sacerdotem
865 3467 886 3498 ³
912 3468 1001 3538 qui
1045 3484 1148 3522 non
1185 3471 1341 3541 possit
1375 3471 1596 3541 compati
1632 3471 1851 3541 inﬁrmi-

261 3555 433 3609 tatibus
478 3559 710 3621 nostris;
755 3559 945 3614 etenim
981 3571 1218 3632 expertus
1253 3571 1329 3616 est
1367 3563 1539 3618 omnia
1575 3564 1851 3620 secundum

262 3647 634 3702 similitudinem
659 3649 774 3704 sine
797 3661 1008 3721 peccato
1038 3651 1148 3722 (Id.
1176 3668 1247 3720 tv,
1274 3653 1388 3724 15).
1436 3655 1500 3708 Εῑ
1537 3655 1644 3710 alio
1685 3656 1804 3712 loco
1833 3675 1847 3714 :

267 3736 734 3810 lntrsnsgressibile
753 3783 770 3808 ,
799 3743 1009 3814 inquit,
1041 3743 1186 3798 habet
1225 3745 1560 3800 sacerdotium
1589 3747 1768 3802 :unde
1803 3757 1852 3803 et

267 3829 418 3884 salsos
446 3832 694 3901 perficere
725 3841 888 3903 potest
927 3851 1012 3888 eos
1044 3835 1130 3908 qui
1154 3835 1428 3892 adveniunt
1457 3853 1546 3908 per
1573 3839 1740 3909 ipsum
1781 3838 1850 3892 ad

269 3918 440 3989 Deum,
489 3939 697 3993 semper
751 3925 921 3980 uiuens
967 3927 1036 3979 ad
1088 3925 1512 3997 interpellandum
1565 3946 1657 4000 pro
1705 3930 1849 4001 ipsis.

270 4010 434 4066 Talem
467 4015 604 4067 enim
639 4015 846 4070 decebat
871 4016 1058 4071 habere
1086 4034 1176 4071 nos
1205 4019 1486 4089 principem
1513 4020 1850 4087 sacerdotum,

263 4103 479 4172 ﬁdem,
507 4105 622 4160 sine
660 4107 858 4161 malitia
885 4108 907 4140 ³
926 4151 941 4176 ,
974 4109 1428 4166 incontaminatum
1451 4154 1466 4178 ,
1495 4123 1785 4183 separatum
1822 4131 1856 4168 α

266 4198 632 4267 peccatoribus,
664 4201 897 4257 altiorem
941 4220 974 4257 a
998 4204 1138 4259 ccelis
1182 4209 1394 4277 factum,
1445 4225 1546 4262 non
1589 4208 1853 4264 habentem

264 4291 612 4352 quotidianam
660 4295 998 4350 necessitatem
1019 4338 1036 4365 ,
1065 4299 1192 4353 sicut
1221 4301 1475 4371 principes
1513 4304 1852 4372 sacerdotum,

262 4382 478 4452 primum
495 4401 592 4456 pro
611 4386 722 4440 suis
751 4389 965 4458 peccatis
992 4391 1304 4459 sacriﬁcium
1329 4391 1534 4462 offerre,
1555 4395 1737 4450 dehinc
1761 4413 1856 4468 pro

265 4475 436 4543 populi
487 4492 508 4530 :
565 4477 671 4531 hoc
713 4478 848 4533 enim
887 4483 1043 4536 sentel
1086 4482 1205 4552 fecit
1252 4481 1469 4552 offerens
1505 4503 1560 4541 se
1597 4485 1708 4558 (Id.
1764 4504 1855 4556 vn,

329 4629 350 4710 ξ
381 4637 583 4710 ἐξιῇ
595 4639 669 4710 et
687 4640 825 4710 Mss,
835 4641 1231 4710 proptereaergo
1251 4641 1418 4710 pueri,
1430 4645 1646 4710 omisso,
1657 4643 1794 4710 quia.

327 4691 533 4764 {initio
553 4701 692 4750 ων..
713 4691 1002 4764 pontiﬁcem.
1038 4691 1290 4754 [lababant
1324 4691 1862 4759 ὸὰἰίἱὸῇἐξῖιίἷιῖἒὺω

470 4763 610 4832 tias,
634 4759 952 4832 sacerdotem.
990 4768 1042 4832 In
1063 4775 1225 4832 greco
1247 4765 1394 4832 idem
1431 4775 1508 4832 est
1531 4769 1607 4818 hic
1631 4771 1860 4832 verbum,

753 4819 870 4895 locis
887 4814 1108 4895 (.rosim‘e
1130 4814 1367 4878 citatis'ex
1384 4814 1862 4895 Hebri—return?“

262 4882 1118 4958 "rimaretumleemus-

329 4939 352 5014 ξ
384 4946 492 5014 πέλ-ο,
642 4942 848 5005 malitia,
871 4939 1054 5014 legitur
1075 4956 1353 5002 constanter
1391 4953 1441 5002 in
1461 4959 1592 5014 Mss,
1629 4953 1734 5006 sine
1765 4969 1865 5008 ma-

264 4998 426 5079 lini
578 5004 678 5054 hoc
698 4998 886 5057 tantum
922 4998 1054 5073 loco,
1075 4998 1614 5076 setletiam'mlrajil’).
1629 4998 1860 5079 ἒξῖιίῖὗ.

264 5066 770 5123 αῑοεθδιααωω.

328 5125 876 5208 ςφὲίεήιὲιίρὶἕὲιέῳ
897 5145 988 5208 sua
1001 5135 1239 5208 incertam
1261 5144 1466 5208 testatur
1482 5153 1615 5208 saepe
1638 5149 1866 5208 Hierony-

271 5197 388 5268 Ἦ
410 5188 981 5268 injt‘gnme‘utanisad
999 5199 1130 5268 Isaiae
1151 5213 1254 5262 cap.
1281 5201 1312 5268 li
1334 5188 1463 5262 etii,
1483 5188 1570 5253 ad
1589 5188 1866 5268 caiisa-

273 5246 508 5326 ἕηεκι
529 5249 778 5326 asangm.
807 5263 860 5326 e_t
880 5256 931 5305 in
950 5246 1868 5326 εεωιοέόξὲέτίι›ῐὸτιὶἰπι“ἑοῶἷιὲἰειξιίῐῦ-

273 5313 632 5390 ᾞᾷιξρλω,
655 5317 714 5390 ad
739 5316 962 5390 malum,
981 5327 1033 5368 et
1051 5313 1156 5384 cap.
1179 5313 1333 5390 70,
1354 5313 1539 5390 Gaium,
1554 5313 1674 5385 etei
1684 5313 1868 5382 Eii—£-

277 5381 788 5453 cfjerosuseeptam
809 5378 1175 5453 olitn_tanquarn
1205 5378 1352 5453 Pauli,
1383 5389 1433 5453 in
1654 5378 1867 5452 129,81

555 5434 730 5514 scribit
745 5456 762 5488 ;
791 5440 1005 5514 «illud,»
1027 5434 1111 5514 ait,
1133 5463 1158 5514 ε
1169 5434 1617 5514 ηοδῐῖἷξάίἆθῆδίῖίιί
1641 5434 1871 5510 ésIILaBE

288 5510 312 5538 ι
600 5514 716 5574 qua:
737 5496 976 5552 scribitur
997 5505 1055 5552 ad
1077 5496 1618 5580 βεδνωόέςήὂιῖέὸὶιὶἱιῖ
1638 5496 1870 5567 εἶῐίὲεὲἕ

289 5571 310 5600 ι
502 5570 734 5610 Orientis.
760 5564 854 5610 sed
877 5566 941 5610 ab
963 5568 1182 5610 omnibus:
1201 5578 1332 5610 ευριπ-η
1353 5573 1578 5610 πριιιμςίεει
1603 5579 1743 5610 σπιωηὶ
1763 5592 1869 5610 ρο.-

289 5571 310 5640 ξ
877 5566 1182 5640 abeuntibus
1201 5564 1332 5622 retro
1349 5573 1583 5640 iteca-size
1599 5579 1745 5640 graeci
1757 5564 1869 5628 's'éé-

289 5628 846 5703 ὶμὲ
859 5628 1380 5703 quasiyauliapostoli
1411 5628 1766 5703 suseipifruic
1787 5656 1872 5692 ve-

1004 5686 1281 5765 tumulare
1305 5686 1590 5765 GPﬁigimI'ts
1613 5686 1870 5765 editi—ones.

278 5751 383 5804 Quae
413 5745 645 5817 manus
669 5750 938 5817 ferebant,
973 5751 1101 5817 {sed
1123 5755 1181 5802 ab
1215 5745 1874 5817 omaal.tis°‘reiéo'i:&ié§sii§
1905 5783 1910 5788 λ

283 5821 301 5848 ι
320 5811 460 5880 δηξςί
480 5812 733 5880 seminis
751 5811 1104 5880 scriptoribus,
1121 5830 1144 5858 ι
1167 5817 1239 5866 vel
1263 5837 1284 5865 α
1302 5821 1524 5872 Ecclesiis
1541 5831 1591 5874 et
1607 5811 1752 5880 graeci
1766 5811 1874 5878 “ser:

276 5873 461 5946 insonis
864 5873 1064 5946 ’31th
1093 5882 1412 5946 Augustinum,
1442 5885 1512 5946 de
1533 5873 1752 5938 Civitatei
1767 5873 1852 5941 ﬁci

261 5929 342 5982 tib.
365 5934 432 5999 l6,
457 5927 691 6000 cap.'22;
721 5942 783 5984 et
805 5934 884 5984 de
903 5935 1126 5986 Doctrina
1146 5927 1416 6009 ﬁbristiana;
1441 5927 1872 6011 ﬁﬁ.§,"£."is.""

523 6023 789 6091 ειη-ι’.
844 6019 1132 6084 Auens'r.
1173 6024 1255 6092 X.

3411 401 3516 460 138

1935 503 2159 579 24-27).
2203 503 2276 562 Et
2307 506 2413 564 alio
2455 508 2576 566 loco
2613 528 2626 564 :
2663 509 2787 568 Non
2823 511 2956 568 enim
2994 512 3048 568 in
3085 527 3240 568 manu
3270 513 3516 584 fabricata

1933 607 2109 655 sancta
2137 600 2358 654 introivit
2385 599 2632 669 Christus,
2655 621 2768 676 quae
2789 615 2906 660 sunt
2930 604 3119 667 similia
3145 620 3398 675 verorum,
3429 607 3520 662 sed

1822 723 1838 745 .-
1932 692 1986 746 in
2009 691 2180 764 ipsum
2208 694 2388 748 cretum
2405 735 2421 760 ,
2453 711 2700 768 apparere
2737 706 2854 752 ante
2879 699 3059 770 faciem
3085 698 3184 756 Dei
3214 717 3308 773 pro
3334 701 3519 767 nobis;

1935 801 2037 839 non
2061 794 2118 839 ut
2143 785 2329 856 sacpius
2358 785 2540 855 o/ferat
2562 789 2902 860 semetipsum,
2930 792 3060 846 sicut
3087 792 3320 864 princeps
3344 808 3519 848 sacer-

1936 875 2108 931 datum
2149 879 2301 932 intrat
2346 878 2399 932 in
2440 888 2633 946 sancta,
2665 881 2719 934 in
2757 896 2892 936 anno
2929 885 3082 940 semel
3122 901 3237 939 cum
3273 883 3520 956 sanguine

1936 968 2122 1024 alieno.
2165 965 2412 1024 Ceterum
2449 969 2706 1041 oportebat
2749 986 2864 1025 eum
2907 974 3093 1044 saepius
3122 975 3229 1044 pati
3269 990 3303 1030 a
3344 973 3523 1030 mundi

1937 1061 2294 1116 constitutione
2314 1078 2334 1117 :
2362 1077 2497 1116 nunc
2522 1071 2692 1116 autem
2715 1061 2869 1118 semel
2895 1065 2951 1118 in
2975 1065 3286 1120 extremitate
3306 1063 3522 1121 saculo-

1937 1168 2050 1206 rum
2080 1152 2148 1206 ad
2179 1153 2523 1208 remissionem
2550 1163 2871 1224 peccatorum
2902 1171 2991 1224 per
3030 1157 3336 1226 sacrificium
3373 1173 3524 1213 suum

1938 1244 2288 1316 manifestatus
2333 1242 2424 1299 est.
2478 1243 2548 1299 Et
2596 1245 2725 1300 sicut
2768 1247 3093 1302 constitutum
3136 1255 3209 1302 cst
3241 1248 3528 1304 hominibus

1939 1337 2089 1392 semel
2112 1346 2305 1392 tantum
2333 1337 2484 1405 mori,
2515 1347 2562 1393 et
2589 1348 2703 1412 post
2736 1339 2831 1394 hoc
2863 1338 3120 1410 judicium
3145 1355 3164 1394 :
3187 1340 3262 1395 sic
3296 1348 3346 1394 et
3368 1336 3526 1396 Chri-

1939 1439 2046 1484 stus
2069 1429 2222 1484 semel
2260 1429 2458 1484 obtatus
2485 1439 2588 1498 est,
2618 1440 2675 1484 ut
2713 1431 2989 1485 multorum
3029 1441 3236 1504 peccata
3264 1440 3529 1503 portaret;

1939 1521 2160 1575 secundo
2187 1521 2294 1576 sine
2324 1521 2542 1591 peccatis
2585 1521 2846 1592 apparebit
2877 1522 2969 1590 eis,
3000 1521 3087 1594 qui
3115 1539 3232 1578 eum
3257 1523 3526 1591 sustinent,

1941 1615 2010 1668 ad
2031 1614 2244 1668 salutem
2269 1613 2455 1686 (Hebr.
2487 1631 2560 1680 ix,
2596 1614 2817 1686 24-28).

1959 1733 1966 1738 -
2013 1706 2102 1762 51.
2133 1706 2486 1779 Apocalypsis
2525 1707 2684 1762 etiam
2715 1706 2937 1762 Joannis
2982 1706 3079 1762 has
3107 1707 3292 1764 laudes
3317 1705 3532 1763 Christo

1941 1813 2038 1871 per
2063 1799 2332 1855 canticum
2363 1813 2560 1854 novum
2587 1808 2816 1855 testatur
2843 1799 3025 1856 oli'erri
3054 1799 3290 1872 :Dignus
3314 1816 3365 1854 es
3391 1800 3531 1854 acci-

1943 1907 2060 1961 pere
2085 1891 2289 1958 librum,
2311 1900 2361 1945 et
2387 1892 2588 1963 aperire
2611 1891 2879 1963 signacula
2907 1892 3052 1964 ejus;
3079 1892 3318 1964 quoniam
3339 1891 3534 1946 occisus

1942 2000 2013 2050 es,
2035 1993 2084 2040 et
2108 1983 2362 2039 redemisti
2390 1985 2482 2040 nos
2502 1983 2612 2040 Deo
2635 1985 2690 2039 in
2710 1987 2956 2057 sanguine
2979 1995 3086 2052 tuo,
3116 1985 3180 2040 de
3203 1984 3341 2040 omni
3363 1991 3530 2057 gente,

1943 2089 1988 2132 et
2018 2077 2214 2150 lingua,
2247 2086 2294 2132 et
2320 2078 2532 2150 populo,
2564 2087 2611 2133 et
2635 2079 2842 2134 natione
2867 2077 3051 2153 (Apoc.
3081 2095 3143 2146 ν,
3175 2080 3256 2150 9).

2014 2171 2104 2227 5‘2.
2128 2171 2258 2227 Item
2289 2173 2340 2227 in
2375 2171 2598 2228 Actibus
2627 2172 3008 2243 Apostolorum
3028 2214 3044 2240 ,
3081 2174 3411 2245 inceptorem
3455 2174 3537 2229 vi-

1945 2272 2012 2320 tae.
2036 2265 2230 2321 Petrus
2257 2266 2530 2336 apostolus
2561 2265 2696 2320 dixit
2738 2279 2858 2322 esse
2897 2265 3178 2322 Dominum
3206 2265 3413 2333 Iesum,
3453 2267 3538 2320 in-

1944 2371 2170 2426 crepans
2197 2356 2412 2412 Judaaos
2449 2356 2592 2428 quod
2621 2355 2940 2413 occidissent
2967 2372 3088 2413 eum
3110 2398 3126 2423 ,
3164 2357 3235 2412 ita
3265 2358 3488 2428 loquens
3517 2373 3534 2414 :

1953 2445 2055 2502 Vos
2074 2457 2240 2502 autem
2265 2458 2495 2502 sanctum
2519 2456 2566 2503 et
2579 2448 2780 2519 justum
2802 2447 3149 2503 inhonorastis
3168 2489 3184 2516 ,
3225 2457 3269 2504 et
3292 2449 3532 2518 negastis,

1945 2550 1994 2597 et
2022 2543 2316 2614 postulastis
2347 2543 2602 2598 hominem
2627 2541 2932 2597 homicidam
2955 2543 3120 2597 vivere
3156 2551 3204 2598 et
3233 2541 3420 2598 donari
3444 2559 3536 2598 vo-

1944 2632 2020 2688 bis
2046 2650 2066 2689 :
2091 2651 2210 2688 nam
2229 2635 2535 2706 inceptorem
2579 2635 2694 2690 vita
2727 2633 2982 2702 occidistis
3019 2634 3159 2704 (Act.
3191 2650 3270 2703 ul,
3302 2635 3392 2701 l4,
3422 2633 3536 2707 15).

1945 2723 2015 2779 Ει
2040 2725 2147 2780 alio
2177 2725 2296 2780 loco
2325 2743 2339 2781 :
2366 2723 2470 2780 llic
2497 2733 2572 2780 est
2597 2724 2728 2798 lapis
2752 2725 3050 2796 reprobatus
3070 2725 3252 2780 avobis
3273 2725 3538 2795 aediﬁcan-

1947 2817 2096 2885 tibus,
2122 2817 2208 2888 qui
2237 2816 2402 2888 factus
2423 2826 2496 2872 cst
2523 2817 2576 2871 in
2591 2828 2744 2890 caput
2771 2817 2969 2890 anguli.
2999 2815 3122 2872 Non
3146 2827 3218 2873 est
3241 2817 3376 2873 enim
3401 2817 3542 2872 aliud

1946 2925 2126 2966 nomen
2145 2910 2236 2966 sub
2262 2910 2386 2965 caelo
2407 2909 2582 2964 datum
2617 2910 2904 2965 hominibus
2923 2952 2938 2978 ,
2965 2910 3019 2964 in
3048 2926 3149 2983 quo
3177 2918 3406 2982 oporteat
3431 2909 3542 2966 sal-

1947 3017 2034 3058 vos
2079 3003 2191 3073 ﬁeri
2233 3017 2324 3058 nos
2365 2999 2474 3075 (Id.
2501 3017 2576 3069 tv,
2609 3001 2698 3069 11,
2731 3000 2846 3073 12).
2879 3001 2946 3056 Et
2969 3000 3096 3058 alibi
3123 2999 3300 3056 :Deus
3339 3009 3543 3074 patrum

1946 3096 2200 3152 suscitavit
2236 3094 2434 3163 Iesum,
2461 3111 2609 3166 quem
2633 3111 2720 3150 vos
2743 3095 3077 3168 interfecistis
3103 3095 3462 3165 suspendentes
3488 3093 3545 3149 in

1949 3189 2105 3263 ligno.
2136 3187 2290 3244 Hunc
2314 3187 2457 3244 Deus
2483 3189 2766 3260 principem
2792 3197 2843 3243 et
2864 3188 3171 3244 salvatorem
3187 3187 3424 3243 nouauit
3441 3187 3546 3259 glo-

1947 3281 2026 3336 ria
2051 3299 2145 3336 sua
2164 3322 2180 3348 ,
2208 3281 2334 3337 dare
2353 3281 2696 3355 paenitentiam
2722 3279 2890 3336 Israel
2927 3289 2976 3335 et
2998 3277 3343 3336 ranisstonem
3369 3291 3546 3350 pecca-

1949 3382 2116 3431 torum
2139 3377 2192 3430 in
2217 3374 2310 3431 illo
2340 3373 2474 3446 (Id.
2516 3390 2574 3442 ν,
2615 3375 2705 3442 50,
2753 3375 2872 3448 51).
2901 3374 3031 3431 llem
3083 3373 3189 3430 alio
3217 3373 3376 3429 loco:
3410 3370 3546 3426 Huic

1951 3485 2120 3526 omnes
2157 3468 2434 3541 Propheta
2477 3469 2818 3524 testimonium
2862 3467 3160 3540 perhibent,
3197 3464 3545 3520 remissionem

1950 3571 2271 3634 peccatorum
2293 3561 2522 3633 accipere
2545 3576 2635 3631 per
2661 3575 2872 3614 manum
2917 3558 3058 3614 illius
3107 3573 3305 3613 onmem
3343 3556 3548 3612 creden-

1951 3662 2050 3710 tem
2063 3647 2122 3708 in
2151 3669 2266 3708 eum
2290 3650 2406 3726 (Id.
2453 3668 2508 3718 x,
2539 3649 2653 3725 45).
2684 3652 2817 3706 Item
2863 3651 2916 3706 in
2947 3649 3136 3706 eodem
3163 3649 3301 3704 libro
3324 3655 3548 3720 aposto~

1951 3746 2035 3801 lus
2063 3745 2262 3801 Paulus
2291 3761 2306 3798 :
2342 3739 2539 3798 Notum
2563 3759 2681 3814 ergo
2701 3743 2766 3798 sit
2793 3741 2932 3797 vobis
2955 3783 2970 3808 ,
3005 3741 3194 3812 inquit,
3219 3741 3313 3794 uiri
3337 3744 3544 3812 fratres,

1952 3836 2191 3908 quoniam
2215 3850 2304 3904 per
2325 3833 2460 3887 hunc
2484 3833 2622 3887 vobis
2663 3831 2892 3886 remissio
2919 3839 3240 3902 peccatorum
3265 3831 3545 3884 annuntia-

1955 3935 2038 3982 tur
2063 3927 2126 3981 ab
2155 3924 2418 3992 omnibus,
2437 3925 2614 3996 quibus
2639 3939 2740 3978 non
2774 3922 3009 3995 potuistis
3029 3922 3084 3977 in
3111 3921 3220 3993 lege
3243 3920 3413 3994 Moysi
3445 3923 3548 3994 ju-

1955 4021 2198 4092 stiﬁeari,
2245 4021 2299 4074 in
2341 4019 2436 4074 hoc
2484 4019 2649 4074 omnis
2694 4017 2902 4072 credens
2929 4015 3249 4088 justiﬁcatur
3290 4013 3402 4089 (Id.
3429 4030 3548 4084 xm,

1956 4113 2056 4182 ss,
2082 4113 2194 4186 39).

2027 4209 2117 4266 55.
2148 4207 2261 4262 Hoc
2286 4213 2433 4262 tanto
2457 4221 2653 4278 aggere
2692 4204 3141 4272 testimoniorum,
3171 4203 3325 4276 cujus
3355 4201 3550 4260 adver-

1958 4317 2050 4358 sus
2096 4301 2377 4357 veritatem
2421 4299 2518 4355 Dei
2565 4299 2727 4355 elatio
2777 4313 2884 4354 non
2930 4295 3247 4369 prematur?
3275 4297 3344 4352 Et
3382 4297 3548 4352 multa

1959 4391 2174 4464 quidem
2211 4391 2315 4446 alia
2360 4389 2584 4460 reperiri
2614 4397 2876 4460 possunt,
2919 4388 3014 4444 sed
3058 4395 3112 4444 et
3143 4386 3362 4443 ﬁniendi
3391 4385 3552 4456 hujus

1959 4485 2139 4555 Operis
2163 4497 2288 4538 cura
2339 4497 2448 4537 neu
2493 4481 2826 4551 negligenter
2857 4479 3101 4535 habenda
3149 4486 3254 4534 est.
3286 4477 3362 4533 De
3396 4476 3550 4533 libris

1961 4589 2172 4646 quoque
2200 4572 2406 4628 Veteris
2434 4571 2764 4627 Testamenti
2797 4571 2996 4625 multas
3023 4567 3439 4625 contestationes
3467 4566 3549 4622 di-

1961 4667 2206 4722 vinorum
2234 4663 2562 4734 eloquiorum
2594 4662 2849 4718 adbibere
2873 4661 2928 4716 in
2961 4661 3098 4716 hanc
3117 4659 3436 4716 sententiam
3457 4673 3552 4715 su-

1962 4771 2352 4831 pervacaneum
2383 4753 2590 4826 putavi,
2621 4751 3052 4825 quandoquidem
3075 4751 3130 4806 in
3160 4751 3264 4806 illis
3289 4749 3432 4822 quod
3456 4764 3550 4806 oc-

1961 4849 2196 4905 cultatur
2219 4846 2320 4902 sub
2348 4845 2651 4902 velamento
2693 4843 2840 4900 velut
2873 4851 3205 4899 terrenarum
3234 4841 3556 4913 promissio-

1963 4956 2114 5008 num,
2141 4939 2246 4994 hoc
2278 4938 2332 4994 in
2358 4937 2490 4994 Novi
2520 4936 2849 4994 Testamenti
2869 4935 3244 5007 praedicatione
3263 4935 3557 4992 revelatur.

1965 5033 2034 5089 Et
2062 5033 2176 5104 ipse
2208 5031 2463 5086 Dominus
2494 5029 2771 5086 Librorum
2824 5037 3068 5086 veterum
3097 5028 3382 5086 utilitatem
3421 5029 3549 5086 bre-

1966 5125 2104 5179 viter
2129 5122 2516 5179 demonstravit
2539 5130 2594 5178 et
2618 5121 2858 5177 deﬁnivit
2883 5121 3068 5178 dicens
3091 5161 3107 5189 ,
3129 5121 3433 5193 Oportuisse
3454 5121 3558 5176 im-
3596 5151 3600 5154 ν

1965 5213 2102 5286 pleri
2131 5229 2252 5285 qua:
2291 5213 2361 5268 de
2388 5212 2481 5268 illo
2504 5213 2702 5283 scripta
2725 5223 2906 5269 essent
2930 5208 2984 5268 in
3020 5212 3164 5284 Lege
3189 5223 3242 5269 et
3268 5211 3554 5284 Prophetis

1967 5317 2021 5362 et
2053 5307 2314 5372 Psalmis;
2345 5315 2402 5364 et
2440 5307 2554 5362 haec
2581 5307 2696 5378 ipsa
2723 5321 2843 5363 esse
2865 5349 2878 5372 ,
2907 5306 3048 5376 quod
3077 5307 3358 5378 oportebat
3400 5305 3559 5361 Chri-

1969 5395 2108 5454 SIum
2141 5398 2267 5468 pati,
2296 5406 2350 5452 et
2375 5412 2657 5468 resurgere
2675 5413 2705 5452 a
2733 5397 2958 5454 mortuis
2981 5397 3140 5454 tertia
3169 5397 3259 5454 die
3278 5439 3292 5464 ,
3333 5405 3387 5452 et
3414 5411 3556 5467 prat-

1970 5489 2136 5544 dicari
2181 5489 2233 5543 in
2266 5489 2479 5545 nomine
2525 5489 2642 5560 ejus
2689 5489 3059 5560 pmnitentiam
3088 5497 3144 5544 et
3187 5487 3559 5546 remissionem

1970 5588 2309 5652 peccatorum
2339 5597 2433 5651 per
2473 5595 2662 5638 omnes
2702 5591 2922 5651 gentes,
2972 5579 3348 5650 incipientibus
3373 5579 3442 5634 ab
3466 5579 3558 5635 Je-

1973 5671 2202 5726 rusalem
2231 5671 2380 5743 (Luc.
2416 5688 2545 5729 xxw
2567 5715 2583 5739 ,
2627 5673 2841 5744 44-47).
2887 5673 2952 5726 Et
2993 5671 3182 5726 Petrus
3220 5671 3385 5738 dicit,
3417 5671 3564 5744 quod

1974 5764 2130 5833 paulo
2157 5773 2281 5819 ante
2307 5766 2756 5834 commemoravi,
2785 5765 2910 5820 huic
2935 5777 3124 5841 omnes
3148 5763 3448 5835 Prophetas
3479 5773 3560 5821 te-

1974 5853 2278 5911 stimonium
2311 5857 2626 5928 perhibere,
2673 5857 3043 5914 remissionem
3075 5865 3416 5926 peccatorum
3467 5870 3561 5912 ac-

1975 5947 2154 6022 cipere
2182 5963 2278 6026 per
2302 5964 2514 6006 manum
2545 5950 2660 6024 ejus
2682 5965 2894 6007 omnem
2924 5947 3232 6007 credentem
3264 5949 3317 6004 in
3343 5963 3486 6005 eum.

3003 6043 3046 6130 ί
3065 6042 3234 6129 σέβας
3265 6045 3324 6124 J.
