4074 6536
535 400 637 457 159

606 515 695 571 54.
744 510 1117 566 Verumtamen
1157 492 1492 554 commodius
1528 495 1639 553 est,
1672 485 1835 541 etiam
1884 497 1949 536 ex
1992 480 2113 550 ipso

535 610 731 667 Vetere
782 602 1126 661 Testamento
1183 584 1482 645 testimonia
1538 592 1703 653 pauca
1761 577 2112 646 depromere,

536 720 657 779 qua:
709 698 793 755 vel
847 694 917 751 ad
958 687 1421 760 supplementum,
1471 675 1558 732 vel
1600 671 1775 744 potius
1819 666 1890 723 ad
1938 679 2121 722 eurum

696 792 879 850 valere
923 758 1212 840 dehabunt.
1265 776 1384 845 ipse
1428 770 1686 827 Dominus
1734 779 1829 833 per
1880 758 2117 853 prophe-

537 902 647 948 tam
704 889 757 942 in
818 879 1030 938 Pssimo
1093 874 1318 944 loquens
1372 867 1489 922 ait:
1522 859 1725 918 Sanctis
1774 856 1860 925 qui
1900 862 2015 909 sunt
2057 852 2115 906 in

875 1218 1047 1304 eorum
1071 1260 1090 1300 :
1114 1218 1275 1311 supra
1303 1234 1445 1307 quod
1466 1228 1656 1287 inﬁrmi
1678 1233 1834 1281 erant
1852 1223 1893 1277 ι.
1917 1219 1997 1276 Ad
2016 1218 2119 1273 hoc

539 1311 704 1410 lex
730 1340 1065 1406 subintravit,
1107 1343 1167 1391 ut
1191 1329 1486 1389 abundaret
1521 1321 1796 1379 delictum.
1844 1311 2119 1410 sequuid

540 1406 815 1515 adiungit?
864 1436 1051 1491 Postea
1106 1426 1507 1482 acceleraverunt
1532 1431 1552 1471 :
1577 1408 1941 1483 multiplicatis
1970 1406 2122 1460 inﬁr-

541 1496 840 1597 nniatibm,
865 1528 968 1583 hoc
992 1531 1094 1591 est,
1120 1515 1425 1575 abundante
1442 1509 1663 1572 delicto,
1689 1502 1914 1560 alacrius
1945 1496 2121 1554 medi-

542 1644 663 1686 cum
690 1623 1034 1698 quaesierunt,
1064 1621 1125 1670 ut
1149 1611 1241 1667 ubi
1264 1603 1553 1664 abundavit
1586 1605 1860 1671 peccatum
1881 1633 1896 1659 ,
1936 1604 2123 1660 super-

543 1687 834 1778 abundaret
856 1711 1023 1784 gratia
1045 1705 1219 1779 (Rom.
1241 1718 1295 1769 v,
1325 1696 1443 1770 ‘20).
1477 1692 1735 1784 Denique,
1761 1687 1884 1742 Non
1910 1697 2122 1784 congre-

544 1774 714 1886 5.10.,
770 1774 975 1876 inqui,
1018 1774 1364 1854 conventicula
1415 1801 1587 1843 eorum
1634 1783 1697 1836 de
1747 1774 2124 1875 sanguinibus:

545 1864 793 1976 attonitam
822 1894 1003 1953 multis
1042 1886 1424 1946 sacriﬁciorum
1449 1872 1794 1949 sanguinibus
1815 1911 1829 1937 ,
1858 1882 1980 1925 cum
2009 1864 2122 1935 pri-

544 1968 693 2052 mum
737 1992 790 2046 in
830 1980 1232 2043 tabernaculum
1257 1975 1342 2031 vel
1368 1974 1426 2027 in
1452 1968 1707 2039 templum
1734 1971 2124 2032 congregaren-

547 2099 651 2152 tur,
684 2077 1134 2139 convincebantur
1159 2069 1333 2142 potius
1356 2068 1685 2136 peccatores,
1717 2068 1877 2127 quam
1896 2049 2124 2107 munda-

544 2144 757 2235 bantur.
788 2171 907 2227 Non
949 2180 1080 2236 ergo
1106 2163 1218 2234 jam
1237 2200 1254 2228 ,
1285 2156 1492 2227 inquit,
1522 2152 1590 2208 de
1628 2144 1971 2217 sanguinibus
1994 2154 2125 2236 con-

545 2267 775 2340 gregaho
841 2254 1209 2317 conventicula
1268 2260 1479 2305 eorum.
1533 2240 1686 2299 Unus
1723 2237 1867 2294 enim
1910 2230 2129 2303 sanguis

544 2327 668 2434 pro”
687 2357 868 2413 multis
898 2352 1055 2409 datus
1100 2354 1217 2409 est,
1266 2354 1372 2413 quo
1419 2335 1678 2393 veraciter
1719 2327 2124 2386 mundareutur.

547 2416 786 2520 Denique
812 2444 1071 2515 sequitur,
1113 2436 1224 2493 Nec
1267 2447 1459 2488 memor
1508 2443 1597 2482 oro
1622 2423 1883 2480 nominum
1920 2416 2129 2473 illorum

550 2560 637 2616 per
681 2513 816 2596 labia
857 2513 969 2590 mea
1016 2530 1189 2604 (Psal.
1239 2539 1348 2591 xv,
1377 2523 1432 2589 5,
1458 2520 1514 2592 4)
1537 2537 1552 2574 :
1577 2527 1828 2587 tanquam
1856 2513 2132 2568 innovato-

548 2602 666 2692 rum
694 2636 737 2686 ³.
762 2630 896 2686 Nam
919 2602 1133 2682 noniina
1161 2630 1348 2675 eorum
1387 2621 1537 2669 erant
1582 2608 1728 2680 prius
1747 2646 1764 2673 ,
1796 2605 1889 2660 ﬁlii
1915 2602 2127 2668 carnis,

556 2690 649 2775 sui
671 2714 887 2779 saeculi,
915 2709 1009 2764 ﬁlii
1031 2707 1156 2771 irae,
1188 2700 1281 2758 ﬁlii
1308 2696 1531 2763 diaboli,
1560 2690 1854 2755 immundi,
1885 2694 2132 2759 peccato-

554 2825 643 2867 res
661 2850 676 2875 ,
708 2805 854 2877 impii
885 2822 903 2858 :
926 2806 1112 2873 postea
1134 2807 1295 2860 vero,
1325 2790 1418 2845 ﬁlii
1452 2788 1581 2851 Dei,
1631 2782 1834 2840 homini
1864 2793 2003 2835 novo
2030 2791 2130 2832 no-

553 2918 675 2959 men
706 2872 1220 2961 novum,cantieum
1241 2898 1437 2941 novum
1475 2878 1711 2937 cantanti
1739 2888 1933 2931 novum
1960 2872 2004 2938 ³,
2037 2884 2134 2941 per

553 2996 949 3051 Testamentum
972 2983 1200 3041 Novum.
1232 2977 1348 3034 Non
1375 2975 1481 3031 sint
1506 2970 1699 3044 ingrati
1737 2965 1982 3023 homines
2008 2976 2133 3034 gra-

555 3088 643 3144 tim
686 3083 821 3150 Dei,
870 3076 1050 3151 pusilli
1090 3087 1212 3131 cum
1242 3067 1482 3140 magnis,
1534 3080 1567 3119 a
1607 3062 1816 3119 minore
1858 3070 2030 3127 usque
2065 3052 2137 3108 ad

554 3145 831 3248 majorem.
860 3145 1048 3227 'i‘otius
1076 3162 1330 3225 Ecclesia:
1345 3174 1448 3215 vox
1473 3164 1597 3213 est:
1630 3151 1815 3231 Errqei
1848 3149 1979 3205 sicut
2006 3145 2132 3214 ovis,

556 3240 751 3342 pendite
802 3261 983 3336 (Psal.
1023 3272 1219 3322 cxvnt,
1265 3253 1424 3323 176).
1465 3244 1719 3304 Omnium
1771 3240 2137 3298 membrorum

554 3332 750 3417 Christi
775 3332 878 3412 vox
907 3360 993 3410 est
1021 3369 1035 3406 :
1064 3348 1251 3404 Omnes
1271 3353 1329 3399 ut
1353 3357 1471 3398 oves
1489 3337 1793 3401 erravimus,
1816 3339 1864 3388 et
1898 3332 2005 3402 ipse
2031 3337 2138 3382 tra-

559 3452 696 3508 ditus
717 3458 792 3506 est
815 3463 907 3519 pro
935 3441 1155 3516 peccatis
1178 3436 1385 3494 nostris.
1429 3431 1537 3501 Qui.
1560 3437 1701 3486 totus
1730 3423 2029 3499 prophetia:
2053 3421 2136 3478 lo-

558 3558 655 3601 cus
682 3513 827 3612 apud
839 3513 1028 3594 Isaiam
1054 3539 1158 3598 est,
1178 3543 1285 3601 quo
1307 3541 1404 3599 per
1420 3516 1847 3612 Pbilippuntsibi
1868 3513 2141 3612 exposito,

559 3606 732 3706 spado
753 3630 844 3687 ille
861 3623 1120 3684 Candacis
1147 3619 1346 3691 regina:
1370 3617 1425 3672 in
1448 3628 1569 3671 eum
1599 3608 1828 3668 credidit
1859 3606 1994 3682 (Act.
2022 3619 2138 3673 vm,

560 3701 774 3797 2—7-59).
804 3720 943 3778 Vide
968 3716 1182 3790 quoties
1204 3713 1310 3767 hoc
1338 3711 1510 3781 ipsum
1550 3701 1909 3769 commendet,
1947 3705 2005 3756 et
2024 3705 2144 3753 tan-

560 3791 1003 3892 quamsuperbis
1033 3807 1218 3867 nescio
1244 3803 1435 3876 quibus
1453 3842 1468 3869 ,
1495 3799 1583 3856 vel
1609 3794 1959 3853 contentiosis
1991 3791 2145 3849 iden-

564 3884 729 3968 tidem
751 3884 981 3964 inculcet
1004 3919 1019 3957 :
1045 3899 1235 3965 Homo,
1264 3895 1467 3967 inquit,
1506 3893 1563 3947 in
1591 3891 1745 3962 plaga
1766 3929 1783 3955 ,
1809 3896 1856 3943 et
1896 3886 1982 3959 qui
2019 3884 2145 3941 sciat

564 4009 697 4076 ferre
719 3996 1076 4069 inﬁrmium;
1105 3998 1308 4062 prapter
1333 3983 1469 4059 quod
1485 3991 1536 4039 et
1558 3981 1736 4036 avertit
1759 3995 1813 4034 se
1832 3978 1989 4049 {acies
2011 3976 2143 4046 ejus,

565 4067 810 4168 injuriata
835 4097 926 4156 est,
949 4102 1038 4143 nec
1064 4081 1237 4154 magni
1266 4078 1515 4134 wstimata
1547 4082 1638 4127 est.
1687 4070 1786 4124 Hic
1831 4067 2146 4137 inﬁrmitates

568 4156 767 4242 nostras
796 4186 981 4251 portat,
1007 4183 1055 4232 et
1081 4189 1172 4246 pro
1194 4169 1337 4226 nobis
1356 4169 1411 4222 in
1434 4162 1691 4221 doloribus
1724 4169 1831 4226 est;
1854 4168 1901 4214 et
1925 4174 2021 4214 nos
2047 4156 2146 4211 exi-

568 4249 885 4335 stimavimus
908 4270 1056 4325 illum
1080 4266 1137 4321 in
1174 4261 1430 4318 doloribus
1466 4273 1608 4324 esse,
1646 4264 1693 4310 et
1726 4255 1781 4309 in
1807 4252 1981 4324 plaga,
2024 4258 2071 4304 et
2092 4249 2148 4304 in

570 4383 722 4443 pana
742 4383 761 4423 :
782 4366 893 4436 ipso
924 4368 1091 4416 autem
1114 4356 1406 4412 uulneratus
1446 4359 1518 4407 est
1544 4354 1749 4421 propter
1787 4353 1991 4417 peccata
2032 4357 2149 4398 nos-

574 4434 681 4531 tra,
709 4434 998 4529 inﬁrmatus
1023 4460 1096 4508 est
1120 4457 1321 4521 prapter
1350 4442 1639 4514 iniquitates
1664 4447 1886 4494 nostras.
1908 4434 2146 4491 Eruditio

547 4781 555 4791 .
576 4756 669 4810 pro
694 4732 909 4808 peccatis
932 4728 1138 4785 nostris.
1159 4723 1227 4780 Et
1250 4723 1357 4793 ipse
1377 4719 1621 4791 quoniam
1640 4712 1773 4769 male
1797 4718 2038 4766 tractatus
2052 4717 2148 4776 est,

576 4804 1016 4901 neneW“;
1044 4818 1235 4876 nam
1277 4815 1347 4868 ad
1378 4808 1748 4868 immolandum
1773 4804 1953 4861 ductus
1980 4810 2075 4870 est,
2105 4809 2153 4856 et

577 4936 631 4980 ut
842 4923 961 4970 ante
978 4928 1090 4973 etim
1107 4909 1195 4981 qui
1216 4924 1269 4963 se
1288 4903 1513 4961 tonderet
1537 4901 1635 4972 fuit
1659 4899 1769 4955 sine
1786 4911 1924 4964 uoce,
1959 4895 2031 4949 sic
2050 4908 2154 4949 non

576 4983 1036 5084 aper'uitossulm.
1074 5001 1147 5057 In
1182 4997 1463 5054 humilitate
1501 4992 1752 5048 sublatum
1788 4995 1864 5042 est
1895 4983 2152 5058 judicium

576 5072 688 5178 eius
712 5119 733 5158 :
757 5096 1125 5174 generationem
1142 5091 1252 5162 ejus
1272 5087 1386 5158 quis
1417 5080 1706 5139 enarrabit?
1732 5076 1971 5149 quoniam
2009 5072 2155 5129 tolle-

576 5165 664 5253 ιὶιν
688 5165 909 5251 diem
927 5188 1029 5244 vita
1053 5185 1182 5257 ejus,
1205 5179 1264 5235 ab
1287 5174 1628 5247 iniquitatibus
1659 5168 1835 5243 populi
1861 5166 1958 5222 mei
1977 5165 2156 5222 ductus

580 5287 731 5347 estad
748 5292 978 5340 mortem.
1002 5276 1144 5334 Dabo
1165 5289 1282 5346 ergo
1299 5269 1459 5326 ntalos
1475 5275 1676 5340 prapter
1691 5261 2002 5335 sepulturam
2021 5257 2154 5329 ejus,

582 5393 629 5440 et
648 5380 821 5436 diuites
844 5379 1048 5447 prapter
1072 5376 1282 5423 mortem
1307 5364 1438 5435 ejus,
1480 5358 1540 5414 ob
1563 5358 1655 5412 hoc
1679 5352 1814 5426 quod
1844 5348 2158 5423 iniquitatem

646 5515 667 5548 ί
691 5509 835 5584 gruit-1,
862 5514 1012 5572 supra
1029 5501 1083 5554 id
1101 5498 1227 5565 quod
1248 5492 1431 5561 inﬁrmi
1460 5495 1613 5544 erant.
1637 5485 1939 5549 memmi
1959 5495 2057 5535 non
2075 5481 2162 5532 ha-

650 5572 930 5686 ξιιῦιῗέίῐυδδ.
951 5664 965 5691 ,
1000 5638 1127 5677 unus
1164 5620 1403 5691 Belgicus,
1447 5616 1573 5667 alter
1614 5612 1891 5671 Vaticanus,
1935 5614 2162 5672 tanquam

587 5684 942 5753 mandatorum,
952 5684 1193 5753 tanquam
1206 5684 1551 5753 humator-unt.

961 5730 1471 5818 ᾖίέίίἶέιᾷίνῖᾗίίηρέίθιῃ
1491 5742 1566 5818 his
1603 5736 1765 5818 ycrbis
1779 5730 2050 5818 ,ναυπηγξή
2083 5743 2166 5783 no-

593 5796 721 5875 vum:
736 5796 1069 5868 Fumida—leto—
1080 5796 1162 5860 iii—hi
1185 5796 1385 5869 ,‘novnm
1400 5844 1413 5865 ,
1441 5804 1585 5875 lectio
1606 5802 1709 5849 haec
1727 5798 1898 5847 melior
1918 5796 2030 5858 erit,
2047 5808 2165 5846 catt-

594 5873 739 5940 ttcnm
760 5891 928 5933 novum
954 5880 1161 5927 etmluntt
1181 5885 1267 5937 per
1298 5873 1635 5921 Testamaitum
1664 5873 1851 5912 meum.

1151 382 1241 439 DE
1288 371 1746 435 PECCATORUM
1784 365 2057 425 ΜΕΝΤῶ
2094 361 2183 419 ET
2220 358 2647 425 REMISSIONE,
2687 358 2744 415 S.
2784 352 3150 414 AUGUSTINI

3670 354 3779 413 MO

2218 492 2321 531 non
2349 475 2541 547 fecerit,
2569 490 2659 529 nec
2679 472 2853 526 dolum
2878 487 2967 526 ore
3002 487 3114 537 suo,
3156 469 3404 526 Dominus
3436 469 3544 525 vult
3572 483 3797 541 purgare

2217 570 2361 624 illum
2386 568 2448 623 de
2474 564 2646 639 plaga.
2700 565 2760 621 Si
2798 563 3033 618 dederitis
3057 578 3144 618 vos
3170 561 3231 617 ob
3268 562 3455 617 delicta
3478 571 3645 616 uestra
3690 562 3796 615 ani-

2218 678 2355 718 mam
2382 668 2615 725 vestram,
2648 656 2873 712 uidebitis
2892 672 3060 712 semen
3083 655 3249 727 longe
3271 655 3385 709 vita
3404 655 3445 709 ί.
3465 653 3535 707 Et
3556 653 3660 708 uult
3692 654 3801 709 Do-

2219 755 2385 810 minus
2414 756 2613 825 aufa’re
2635 767 2669 804 a
2690 749 2951 806 doloribus
2977 749 3203 803 animans
3232 747 3363 819 ejus,
3409 744 3674 801 ostendere
3718 745 3801 799 illi

2222 848 2403 913 lucem,
2427 855 2473 900 et
2497 845 2718 916 figurare
2753 859 2843 915 per
2884 858 3107 908 sensum,
3132 840 3415 911 justiﬁcare
3444 842 3642 911 justum
3679 837 3811 892 bene

2098 981 2114 998 .
2222 942 2511 997 servientem
2538 939 2783 1007 pluribus,
2820 945 2871 992 et
2914 946 3117 1007 peccata
3136 933 3344 989 illorum
3369 934 3479 1004 ipse
3515 932 3801 988 sustinebit.

2224 1031 2500 1103 PrOpterea
2524 1032 2632 1101 ipse
2651 1030 2964 1086 hatreditabit
2982 1027 3288 1099 complures,
3310 1035 3361 1080 et
3382 1026 3591 1098 fortium
3610 1025 3805 1095 partie-

2225 1136 2309 1181 tur
2333 1127 2517 1197 spolia,
2550 1134 2756 1197 propter
2778 1124 2913 1193 quod
2935 1123 3126 1178 tradita
3150 1130 3223 1177 est
3249 1120 3422 1174 anima
3442 1120 3552 1189 ejus
3573 1117 3641 1171 ad
3661 1134 3804 1171 mor-

2223 1225 2343 1285 tem,
2394 1226 2441 1271 et
2476 1217 2606 1271 inter
2643 1215 2840 1283 iniun
2885 1213 3162 1269 animatus
3209 1220 3282 1265 est
3305 1250 3320 1276 ,
3368 1219 3415 1263 et
3459 1210 3568 1280 ipse
3597 1217 3807 1278 peccata

2222 1309 2498 1362 multorum
2516 1305 2772 1367 sustinuit,
2800 1313 2849 1359 et
2878 1312 3083 1373 propter
3106 1300 3394 1370 iniquitates
3422 1314 3597 1353 eorum
3637 1298 3801 1351 tradi-

2224 1409 2307 1455 tus
2331 1409 2399 1454 est
2422 1398 2573 1470 (Isai.
2602 1413 2711 1464 Llll,
2739 1394 2917 1467 5-12).
2950 1392 3177 1449 Attende
3205 1392 3365 1447 etiam
3392 1390 3527 1445 illud
3557 1389 3805 1459 ejusdem

2225 1492 2518 1563 prophetae,
2546 1489 2688 1561 quod
2712 1488 2778 1544 de
2798 1503 2857 1544 se
2882 1484 3229 1557 completum,
3260 1483 3475 1539 lectoris
3504 1483 3665 1537 etiam
3684 1481 3804 1537 fun-

2224 1590 2343 1640 ctus
2374 1580 2553 1639 ofﬁcio
2595 1582 2646 1637 in
2676 1595 2942 1653 synagoga
2973 1580 3088 1649 ipse
3113 1576 3357 1633 recitavit
3385 1593 3403 1631 :
3432 1574 3660 1645 Spiritus
3696 1574 3806 1628 Bo-

2225 1676 2351 1731 mini
2393 1691 2545 1745 super
2566 1691 2645 1728 me
2668 1715 2683 1741 ,
2732 1681 2935 1744 propter
2960 1671 3096 1743 quod
3138 1671 3286 1727 unxit
3322 1685 3421 1736 me,
3460 1668 3811 1738 euangelium

2228 1768 2527 1840 pauperibus
2547 1769 2681 1822 misit
2707 1783 2804 1833 me,
2827 1776 2882 1821 ut
2903 1768 3194 1837 refrigerent
3212 1764 3333 1835 qui’
3354 1762 3411 1817 in
3433 1778 3675 1832 pressura
3694 1777 3809 1815 cor-

2228 1862 2307 1917 dis
2333 1870 2467 1927 suut,
2504 1859 2779 1931 praedicare
2807 1858 3017 1928 captivis
3045 1856 3411 1921 remissionem,
3453 1864 3501 1908 et
3535 1853 3688 1908 cacis
3733 1853 3811 1905 oi-

2230 1970 2341 2010 sum
2365 1952 2473 2026 (Id.
2505 1968 2609 2018 th,
2644 1953 2668 2005 1
2695 1966 2710 2015 ;
2736 1949 2863 2003 Luc.
2887 1955 2960 2014 tv,
2993 1946 3204 2019 16-21).
3235 1945 3434 2002 Omnes
3462 1959 3591 2015 ergo
3612 1957 3812 2014 agnos-

2230 2060 2433 2113 camus,
2462 2060 2562 2099 nec
2590 2044 2728 2098 ullus
2777 2047 3034 2112 exceptus
3074 2039 3145 2095 sit
3187 2052 3394 2104 eorum,
3425 2036 3516 2107 qui
3562 2035 3819 2091 volumus

2230 2139 2439 2210 corpori
2464 2138 2578 2209 ejus
2607 2139 2838 2201 haerere,
2872 2150 2966 2206 per
2990 2148 3114 2190 eum
3154 2132 3208 2187 in
3248 2131 3387 2188 ovile
3425 2130 3545 2201 ejus
3586 2129 3811 2195 intrare,

2231 2233 2299 2291 ad
2324 2233 2484 2288 vitam
2511 2240 2566 2288 et
2589 2231 2833 2295 salutem,
2869 2243 3026 2300 quam
3059 2225 3171 2282 suis
3196 2223 3460 2296 promisit,
3491 2229 3813 2294 perpetuam

2232 2325 2510 2396 pervenire
2529 2322 2550 2355 ³
2578 2340 2591 2377 :
2620 2336 2805 2378 omnes
2830 2362 2843 2386 ,
2879 2320 3113 2389 inquam,
3155 2329 3509 2387 agnoscamus
3532 2330 3655 2369 eum
3673 2354 3693 2382 ,
3719 2312 3815 2383 qui

2233 2428 2508 2493 peccatum
2555 2434 2660 2475 non
2712 2417 2875 2482 fecit,
2916 2424 2972 2473 et
3016 2422 3233 2486 peccata
3281 2422 3466 2470 nostra
3510 2411 3733 2483 pertulit
3758 2411 3815 2465 in

2233 2526 2459 2582 corpore
2482 2524 2578 2566 suo
2603 2523 2763 2580 super
2790 2509 3010 2578 lignum,
3034 2518 3094 2561 ut
3120 2521 3149 2559 a
3180 2504 3412 2575 peccatis
3437 2501 3665 2573 separati
3688 2515 3818 2556 enin

2231 2606 2434 2677 iustitia
2486 2604 2758 2667 vivamus;
2805 2598 2958 2670 cujus
3004 2596 3344 2653 cicatricibus
3392 2592 3566 2651 satiati
3593 2607 3815 2657 sumus,

2236 2697 2435 2754 inﬁrmi
2479 2710 2601 2751 cum
2648 2708 2889 2749 essemus
2935 2689 3034 2763 (a),
3062 2696 3313 2758 tanquam
3339 2700 3537 2758 pecora
3577 2683 3819 2741 errantia

2237 2791 2286 2864 (Ι
2315 2791 2457 2846 Petr.
2485 2806 2541 2856 ll,
2563 2787 2655 2856 22,
2682 2787 2774 2854 24,
2802 2784 2921 2856 25).

2309 2882 2535 2941 CAPUT
2570 2877 2997 2938 XXVHL—bii.
3047 2875 3257 2947 Colligit
3281 2889 3457 2929 omnes
3479 2888 3622 2945 egere
3653 2878 3819 2926 suam

2238 2978 2463 3045 Christi,
2497 2985 2551 3031 ut
2576 2975 2844 3033 soluentur.
2874 2971 3093 3028 Parvuli
3118 2988 3221 3025 non
3245 2968 3488 3040 bsptizati
3513 2966 3568 3021 in
3596 2966 3821 3020 damna-

2242 3072 2375 3128 tione
2405 3078 2549 3125 erunt
2590 3084 2705 3123 eum
2747 3064 2970 3122 diabolo.
3011 3062 3276 3131 Quomodo
3317 3076 3490 3117 anates
3528 3075 3619 3130 per
3653 3056 3827 3113 Adon

2240 3162 2311 3218 ad
2334 3160 2798 3218 eoudemnationan
2816 3200 2833 3227 ,
2878 3168 2928 3213 et
2964 3172 3137 3211 annos
3171 3171 3261 3225 per
3286 3152 3545 3208 Christum
3567 3150 3637 3203 ad
3666 3148 3827 3220 iusti-

2243 3255 2549 3327 ﬁcationem.
2581 3251 2745 3308 Nemo
2773 3266 2890 3305 cum
2917 3248 3025 3303 Deo
3052 3245 3405 3302 reconciliatur
3426 3242 3529 3297 nisi
3555 3257 3642 3311 per
3667 3237 3825 3295 Chri-

2242 3358 2395 3407 ststm.
2427 3347 2558 3415 Quae
2601 3359 2722 3400 cum
2761 3343 2834 3399 ita
2881 3340 3015 3406 sint,
3056 3337 3324 3394 neminem
3356 3348 3590 3405 unquam
3635 3344 3829 3387 eorum

2242 3441 2335 3513 qui
2370 3438 2439 3495 ad
2485 3436 2758 3493 Christum
2785 3436 3129 3490 accesserunt
3173 3443 3269 3500 per
3294 3427 3645 3497 Baptismum,
3691 3435 3831 3478 sana

2244 3534 2379 3592 ﬁdes
2396 3540 2454 3589 et
2476 3544 2607 3588 sana
2639 3528 2881 3585 doctrina
2929 3524 3134 3596 putavit
3159 3528 3445 3592 exceptum
3469 3533 3501 3573 ι
3518 3517 3692 3590 gratia
3728 3530 3823 3572 re-

2245 3624 2516 3695 missionis
2549 3628 2923 3695 peccatorum,
2953 3630 3054 3672 nec
3097 3628 3221 3671 esse
3247 3625 3407 3685 posse
3442 3610 3603 3666 aliam
3629 3615 3829 3680 prtem

2245 3734 2470 3793 regnum
2494 3718 2631 3789 ejus,
2658 3722 2911 3771 aeternam
2935 3710 3183 3767 salutem.
3210 3706 3339 3765 Hac
3357 3704 3503 3761 enim
3530 3709 3712 3774 parata
3741 3705 3831 3755 est

2246 3812 2471 3873 revelari
2499 3812 2555 3868 in
2582 3819 2823 3879 tempore
2847 3804 3139 3861 novissimo
3162 3800 3278 3873 (Id.
3308 3815 3347 3867 ι,
3376 3798 3454 3871 5),
3495 3796 3601 3853 hoc
3636 3803 3741 3862 est,
3772 3793 3831 3847 iss

2248 3905 2641 3965 resurrectione
2669 3908 3023 3965 mortuorum,
3046 3892 3426 3965 pertinentium
3455 3904 3564 3945 non
3584 3886 3657 3943 ad
3681 3901 3832 3941 mor-

2249 4008 2357 4056 tem
2384 4006 2659 4060 aeternam,
2686 4008 2805 4067 qua;
2828 3988 3061 4046 secunda
3099 3999 3246 4042 mors
3288 3982 3602 4056 appellatur,
3632 3977 3726 4033 sed
3759 3975 3833 4031 ad

2250 4092 2413 4147 vitam
2440 4097 2717 4153 aeternam,
2762 4097 2921 4155 quam
2963 4078 3225 4153 promittit
3262 4090 3373 4132 non
3403 4071 3637 4129 mendax
3685 4070 3835 4123 Dens

2251 4182 2451 4238 unctis
2478 4187 2533 4236 et
2562 4175 2807 4234 ﬁdelibus
2826 4173 2970 4241 suis;
2997 4173 3150 4243 cujus
3179 4169 3309 4225 vita:
3331 4163 3616 4237 participes
3636 4173 3835 4217 omnes

2252 4287 2359 4331 non
2405 4269 2810 4333 viviﬁcabuntur
2838 4266 2942 4322 nisi
2987 4264 3044 4321 in
3087 4260 3320 4326 Christo,
3364 4257 3506 4313 sicut
3550 4254 3605 4310 in
3648 4249 3827 4307 Adam

2253 4378 2444 4422 omnes
2483 4362 2783 4419 moriuntur
2814 4357 2863 4428 (ι
2899 4355 3018 4412 Cor.
3066 4368 3170 4419 xv,
3199 4350 3310 4419 93).
3367 4340 3837 4416 Quemadmodum

2254 4458 2395 4516 enim
2421 4467 2608 4512 oumes
2627 4452 2844 4508 omnino
2869 4446 3199 4519 pertinentes
3220 4441 3291 4497 ad
3310 4437 3711 4512 generationem
3733 4446 3838 4487 vo-

2131 4563 2149 4581 '
2255 4549 2473 4606 luntatis
2496 4546 2672 4604 carnis
2700 4558 2805 4600 non
2834 4540 3151 4603 moriuntur,
3198 4534 3301 4589 nisi
3330 4532 3386 4587 in
3424 4530 3594 4585 Adam
3633 4527 3688 4582 in
3716 4538 3832 4595 quo

2255 4655 2443 4700 omnes
2467 4642 2822 4713 peccaverunt
2852 4651 2866 4689 :
2895 4631 2974 4689 sic
3012 4644 3078 4686 ex
3121 4628 3204 4684 his
3228 4638 3417 4683 omnes
3457 4619 3676 4680 omnino
3701 4632 3838 4690 per-

2258 4737 2487 4793 tinentes
2521 4732 2589 4787 ad
2620 4727 3082 4801 regenerationem
3127 4720 3417 4778 voluntatis
3443 4716 3699 4789 spiritus,
3722 4726 3841 4769 non

2255 4824 2590 4882 viviﬁcantur
2613 4819 2713 4875 nisi
2739 4819 2794 4873 in
2820 4815 3053 4884 Christo,
3084 4815 3139 4870 in
3181 4827 3287 4884 quo
3327 4823 3517 4869 omnes
3530 4804 3838 4879 iustiﬁcan-

2256 4925 2366 4974 tur.
2397 4915 2530 4984 Quia
2558 4912 2695 4968 sicut
2745 4924 2842 4980 per
2883 4921 3050 4964 unum
3088 4917 3280 4961 omnes
3323 4900 3392 4959 ad
3438 4895 3847 4956 condemnatio-

2259 5025 2403 5076 nem,
2432 5007 2509 5062 sic
2539 5020 2632 5075 per
2667 5016 2832 5058 unum
2869 5014 3058 5057 omnes
3100 4997 3167 5053 ad
3192 4992 3622 5068 justiﬁestionem
3653 4988 3841 5061 (Rom.

2262 5117 2314 5168 v,
2345 5099 2458 5171 18).
2488 5096 2597 5152 Nec
2618 5100 2703 5151 est
2723 5094 2861 5149 ullus
2890 5092 2986 5150 ulli
3013 5089 3223 5148 medius
3242 5089 3414 5151 locus,
3436 5092 3498 5140 ut
3520 5082 3691 5154 possit
3714 5094 3842 5136 esse

2259 5194 2363 5251 nisi
2382 5206 2500 5249 cum
2539 5187 2772 5256 diabolo,
2802 5187 2891 5258 qui
2915 5200 3022 5243 non
3052 5194 3134 5241 est
3162 5197 3285 5239 cum
3312 5178 3548 5236 Christo.
3599 5175 3738 5231 Hinc
3787 5181 3844 5230 et

2260 5291 2378 5362 ipse
2401 5286 2658 5345 Dominus
2682 5282 2868 5340 volens
2915 5278 3126 5337 auferre
3152 5277 3221 5334 de
3246 5273 3499 5331 cordibus
3536 5270 3678 5326 niale
3717 5282 3847 5324 cre-

2260 5379 2501 5439 dentium
2541 5376 2699 5435 istam
2748 5374 2928 5431 nescio
2960 5384 3117 5443 quam
3162 5366 3524 5430 medietatem,
3564 5374 3727 5435 quam
3757 5373 3852 5416 co-

2327 5522 2347 5555 ί
2378 5518 2530 5572 Nostri
2551 5525 2726 5567 omnes
2745 5521 2850 5563 Mss.
2874 5512 3075 5570 habent,
3101 5504 3387 5572 longissima!
3409 5501 3535 5572 vitaz.

2328 5584 2350 5617 ⁸
2372 5556 3075 5632 érf'é't“oa'iiila.'{iu;;f,'
3098 5556 3251 5633 aito'r'igr
3272 5567 3419 5633 (imre
3444 5560 3698 5633 litanilib‘uy

2890 5622 3015 5707 linus
3040 5622 3066 5682 (Ξ
3092 5622 3322 5704 \Latic‘nnis
3343 5635 3471 5689 11.55.,
3496 5630 3546 5676 ut
3566 5622 3859 5689 refligereni

2334 5762 2364 5801 δ’
2387 5777 2438 5818 1n
2467 5762 2693 5818 omnibus
2715 5762 2893 5812 nostris
2920 5770 3042 5814 3155.,
3068 5762 3324 5821 pertinere.

2336 5855 2410 5917 (a)
2440 5852 2673 5905 omissmn
2692 5846 2772 5897 hic
2789 5841 2966 5908 aliquid
2989 5841 3193 5892 videtur.
