4074 6544
588 319 733 352 λι,ιδε
804 309 843 361 ’ἢ
895 314 899 317 ‘

229 513 427 565 nantnr
448 499 657 575 quidam
677 502 943 572 parvulis
996 517 1111 565 non
1148 500 1425 576 baptizatis
1467 500 1727 569 tribuere.
1786 507 1843 557 ut

234 598 382 672 quasi
406 594 590 653 merito
613 592 973 655 innocentia
1000 596 1113 673 sint
1136 596 1189 657 in
1212 595 1319 653 vita
1346 601 1568 660 aeterna,
1594 591 1687 648 sed
1718 590 1841 663 quia

234 707 335 748 non
354 696 470 747 sunt
483 686 775 758 baptisati,
796 702 919 745 non
940 688 1057 747 sint
1070 704 1192 749 cum
1211 686 1425 747 Christo
1441 686 1497 747 iu
1512 700 1685 759 regno
1703 683 1842 755 ejus,

232 782 543 843 deﬁnitivam
566 781 807 853 protulit
821 782 897 839 ad
914 783 1039 843 haec
1052 798 1147 843 ora
1158 781 1483 841 obstruenda
1500 796 1592 839 seu
1600 780 1843 848 tentiam.

233 875 313 934 Ibi
326 874 431 931 ait:
451 871 553 942 Qui
565 888 780 928 lucum
795 889 907 931 non
921 884 1022 942 est,
1044 873 1307 933 auersum
1328 888 1406 932 me
1426 880 1498 931 est
1514 871 1727 944 (Matth.
1746 887 1842 940 xu,

231 967 342 1037 '50).
369 963 658 1020 Constitne
676 963 856 1034 igitur
873 965 1175 1039 quemlibet
1193 965 1475 1043 parvulum
1493 982 1506 1019 :
1527 964 1572 1020 si
1594 963 1709 1036 jam
1719 979 1844 1023 cum

236 1057 435 1119 Christo
452 1065 557 1124 est,
587 1056 799 1128 utquid
828 1059 1169 1131 baptizatur?
1197 1060 1254 1116 Si
1278 1066 1477 1131 autem,
1517 1058 1660 1131 quod
1686 1058 1846 1120 habet

238 1154 445 1220 veritas,
476 1150 598 1209 ideo
638 1148 988 1224 baptizatur,
1013 1159 1074 1211 ut
1099 1153 1169 1211 sit
1194 1166 1315 1209 cum
1339 1149 1574 1220 Christo,
1602 1150 1844 1224 proiecto

239 1262 341 1303 non
378 1244 683 1314 baptizatus
709 1260 831 1301 non
864 1254 952 1303 est
977 1258 1101 1303 cum
1128 1244 1376 1311 Christo,
1409 1250 1464 1301 et
1488 1242 1611 1315 quia
1631 1256 1736 1299 non
1762 1252 1846 1301 est

229 1336 603 1403 cumChristo,
629 1334 910 1395 adversus
926 1337 1199 1397 Christum
1219 1344 1330 1401 est;
1352 1349 1527 1406 neque
1554 1335 1699 1393 enim
1727 1333 1844 1407 ejus

230 1439 330 1489 tam
354 1426 712 1486 malitiastam
736 1428 1010 1487 debemus
1029 1437 1123 1487 aut
1146 1440 1427 1502 possumus
1453 1424 1730 1484 inﬁrmare
1756 1425 1842 1482 vel

225 1520 508 1579 imarum
554 1521 930 1581 sententiam.
984 1518 1142 1578 Unde
1185 1520 1345 1591 igitur
1370 1518 1630 1575 adversus
1676 1516 1841 1573 Chri-

225 1613 450 1681 stum,si
477 1627 593 1671 non
620 1627 699 1671 ex
725 1621 960 1685 peccato
978 1612 1041 1669 ‘?
1070 1626 1245 1684 neque
1270 1610 1415 1668 enim
1442 1625 1510 1666 ex
1533 1624 1765 1681 corpore
1784 1618 1842 1664 et

224 1706 425 1775 uitus,
450 1719 577 1777 quae
628 1712 880 1775 utraque
924 1704 1022 1760 Dei
1052 1712 1297 1760 creatura
1328 1710 1430 1759 est.
1473 1702 1642 1759 Porro
1680 1702 1725 1755 si
1774 1716 1840 1756 ex

228 1805 469 1867 peccato,
488 1794 635 1868 quod
658 1796 725 1853 in
747 1795 850 1855 illa
868 1802 1051 1863 aetate,
1069 1794 1174 1851 nisi
1198 1793 1451 1865 originale
1465 1801 1520 1849 et
1537 1792 1840 1863 antiquum?

229 1886 349 1945 Una
373 1888 686 1961 esth
715 1901 857 1946 caro
880 1886 1113 1959 peccati,
1153 1885 1207 1940 in
1236 1899 1340 1957 qua
1378 1899 1569 1940 omnes
1598 1883 1665 1938 ad
1694 1882 1843 1939 dam-

233 1980 499 2037 nationem
522 1987 881 2047 nascuntur;
905 1986 963 2037 et
1003 1991 1110 2036 una
1135 1984 1218 2033 est
1237 1990 1365 2031 caro
1408 1975 1464 2030 in
1497 1974 1844 2053 similitudine

232 2070 404 2126 carnis
426 2069 666 2141 peccati,
699 2084 809 2141 per
854 2082 1019 2141 quam
1064 2081 1254 2125 omnes
1280 2082 1312 2123 a
1338 2065 1681 2122 damnatione
1712 2066 1844 2123 libe-

229 2169 424 2219 rantur.
455 2157 570 2219 Nec
598 2160 682 2215 ita
735 2158 949 2217 dictum
980 2164 1064 2215 est
1086 2172 1297 2226 omnes,
1346 2157 1492 2212 velut
1520 2154 1843 2229 quicumque

239 2263 513 2317 nascuntur
540 2253 600 2311 in
628 2267 811 2313 carne
835 2252 1079 2327 peccati,
1108 2251 1272 2309 iidem
1316 2250 1418 2322 ipsi
1461 2263 1655 2306 omnes
1681 2265 1840 2305 mun-

244 2348 358 2406 dari
376 2346 744 2418 intelligantur
783 2361 889 2419 per
916 2359 1140 2405 carnem
1184 2344 1414 2406 similem
1444 2343 1622 2400 carnis
1651 2357 1843 2416 pecca-

238 2442 311 2509 ti;
351 2454 452 2494 nos
476 2437 613 2495 enim
655 2437 902 2495 euntium
940 2444 1016 2495 est
1057 2434 1187 2509 ﬁdes
1213 2433 1282 2511 (ll
1308 2433 1484 2490 Thess.
1510 2449 1587 2500 ιιι,
1616 2432 1674 2509 2)
1706 2452 1719 2489 :
1747 2433 1843 2491 sed

232 2544 417 2589 omnes
442 2530 790 2602 pertinentes
816 2529 891 2587 ad
932 2529 1342 2602 generationem
1372 2526 1627 2587 connubii
1656 2541 1845 2583 carna-

234 2620 304 2679 lis
322 2663 339 2689 ,
368 2637 481 2679 non
508 2630 812 2681 nascuntur
854 2620 963 2679 nisi
1006 2620 1067 2676 in
1096 2632 1260 2676 carne
1285 2619 1527 2694 peccati;
1573 2626 1629 2676 et
1652 2633 1843 2674 omnes

242 2717 587 2793 pertinentes
635 2714 709 2769 ad
750 2712 1157 2786 generationem
1203 2711 1457 2770 connubii
1507 2710 1796 2783 spiritualis
1822 2751 1838 2778 ,

249 2822 365 2865 non
381 2806 719 2867 mundantur
741 2806 840 2863 nisi
862 2821 958 2879 per
984 2820 1205 2863 carnem
1246 2805 1477 2862 similem
1502 2804 1683 2861 carnis
1710 2818 1841 2877 pec-

247 2899 357 2959 cati
388 2917 405 2953 :
434 2900 538 2957 hoc
563 2908 683 2968 εει,
730 2898 807 2958 illi
857 2913 958 2975 per
1009 2898 1184 2957 Adam
1210 2897 1277 2954 ad
1317 2896 1842 2962 condemnationem,

253 2992 347 3049 isti
372 3007 465 3064 per
487 2992 756 3051 Christum
779 2990 851 3047 ad
872 2990 1341 3062 iustiﬁcationem.
1371 2990 1648 3062 Tanquam
1687 2987 1733 3049 si
1762 2987 1846 3043 di-

257 3100 454 3152 camus,
479 3084 628 3141 verbi
656 3084 832 3156 gratia
856 3126 872 3152 ,
900 3083 1022 3141 Una
1052 3093 1137 3141 est
1167 3084 1426 3141 obstetrix
1474 3084 1528 3138 in
1572 3082 1674 3138 hac
1710 3081 1846 3138 civi-

258 3187 379 3243 tate,
422 3192 541 3250 qua
565 3191 763 3235 omnes
790 3176 1030 3249 excipit;
1060 3185 1115 3232 et
1145 3192 1279 3233 unus
1307 3184 1390 3232 est
1433 3174 1520 3232 hic
1542 3174 1844 3231 litterarum

254 3270 520 3342 magister,
541 3269 635 3346 qui
654 3283 855 3327 omnes
872 3269 1062 3329 docet:
1083 3284 1258 3341 neque
1280 3266 1354 3324 ibi
1375 3266 1593 3339 intelligi
1621 3272 1846 3338 possunt

256 3376 452 3431 omnes,
482 3361 585 3418 nisi
613 3361 709 3434 qui
735 3369 1066 3428 nascuntur;
1088 3375 1261 3433 neque
1286 3359 1375 3416 hic
1392 3374 1600 3427 omnes,
1625 3357 1729 3414 nisi
1755 3357 1847 3429 qui

260 3454 498 3513 discunt:
522 3470 634 3512 non
664 3463 852 3512 tamen
905 3468 1098 3511 omnes
1138 3455 1227 3525 qui
1275 3461 1602 3525 nascuntur,
1640 3451 1847 3507 litteras

260 3548 479 3606 discunt.
506 3547 612 3604 Sed
640 3547 816 3605 cuivis
840 3546 1030 3613 claret,
1061 3544 1203 3618 quod
1230 3553 1285 3600 et
1313 3544 1422 3600 illic
1468 3551 1617 3599 recte
1642 3541 1846 3599 dictum

265 3650 357 3709 est,
377 3639 577 3699 Omnes
598 3639 824 3713 excipit,
857 3650 1058 3710 praeter
1083 3637 1235 3713 cujus
1258 3652 1446 3693 manus
1472 3651 1633 3692 nemo
1671 3633 1848 3690 nasci-

270 3742 374 3802 tur;
399 3741 454 3790 et
479 3732 569 3788 hic
592 3739 747 3791 recte
771 3732 974 3787 dictum
1020 3738 1137 3799 est,
1181 3729 1378 3787 Omnes
1419 3727 1604 3796 docet,
1650 3734 1849 3799 praeter

272 3826 406 3897 cujus
427 3824 797 3896 magisterium
822 3837 985 3881 nemo
1006 3821 1186 3879 discit.

333 3916 415 3975 56.
452 3915 827 3975 Consideratis
843 3923 1022 3970 autem
1045 3911 1292 3970 omnibus
1310 3908 1509 3989 divinis
1531 3909 1849 3967 testimoniis

250 4024 379 4081 que
411 4007 864 4075 commemoravi,
915 4006 1030 4063 sive
1075 4004 1381 4081 singillatim
1423 4002 1493 4062 de
1531 4016 1850 4074 unoquoque

273 4100 554 4171 disputans,
586 4102 701 4159 sive
726 4100 1016 4159 acervatim
1046 4099 1208 4155 multa
1228 4107 1568 4169 congestans,
1599 4097 1681 4152 vel
1700 4111 1850 4168 qum-

271 4205 488 4265 cumqne
520 4192 718 4249 similia
757 4205 864 4247 non
911 4190 1361 4257 commemoravi;
1404 4188 1537 4246 nihil
1582 4188 1850 4244 invenitur

271 4281 367 4341 nisi
410 4282 555 4355 quod
604 4283 854 4339 universa
903 4282 1148 4338 Ecclesia
1194 4290 1372 4346 tenet,
1419 4296 1542 4352 qua:
1593 4280 1849 4336 adversus

275 4390 451 4433 omnes
480 4374 731 4447 profanas
755 4374 1017 4431 novitates
1039 4372 1261 4447 vigilare
1285 4372 1481 4439 debet,
1508 4387 1721 4428 omnem
1746 4371 1848 4427 bo-

276 4467 463 4525 mincm
486 4466 729 4540 separari
756 4482 787 4522 a
812 4467 943 4531 Deo,
969 4466 1075 4522 nisi
1099 4466 1189 4539 qui
1216 4481 1308 4536 per
1329 4464 1677 4521 mediatorem
1698 4463 1854 4521 Chri-

278 4564 412 4620 stum
434 4557 807 4617 reconciliatur
837 4557 947 4613 Deo
965 4597 981 4622 ,
1012 4571 1115 4617 nec
1141 4555 1376 4631 separari
1402 4570 1721 4627 quemquam
1749 4555 1851 4611 nisi

270 4650 498 4729 peccatis
520 4649 1001 4708 intercludentibus
1020 4663 1197 4721 posse.
1223 4647 1344 4705 Non
1367 4663 1496 4719 ergo
1520 4649 1851 4705 reconciliari

270 4743 370 4799 nisi
397 4753 739 4816 peccatorum
768 4743 1104 4815 remissione,
1136 4756 1232 4817 per
1256 4757 1414 4799 unam
1443 4741 1664 4813 gratiam
1693 4742 1854 4797 mise-

269 4835 615 4897 ricordissimi
641 4837 952 4906 Salvatoris,
984 4852 1082 4908 per
1103 4851 1261 4893 uuam
1289 4835 1560 4891 victimam
1587 4832 1849 4891 verissimi

268 4930 572 4994 Sacerdotis
594 4951 608 4986 :
638 4947 699 4993 ac
720 4932 799 4989 sic
819 4945 1008 4986 omnes
1028 4929 1165 4986 illius
1190 4928 1447 4995 mulieris,
1477 4943 1596 5001 quae
1617 4926 1853 4998 serpenti

268 5023 525 5092 credidit,
558 5032 619 5083 ut
654 5022 873 5083 libidine
896 5029 1328 5092 corrumperetur
1372 5018 1523 5092 (Gen.
1566 5035 1653 5089 tu,
1707 5016 1851 5089 1-6),

266 5130 374 5177 non
401 5115 619 5175 liberari
647 5130 677 5173 a
703 5129 931 5186 corpore
958 5113 1145 5168 mortis
1184 5110 1340 5185 hujus
1362 5152 1379 5181 ,
1408 5111 1507 5167 nisi
1539 5126 1632 5181 per
1660 5110 1854 5166 Filium

271 5206 523 5279 Virginis,
550 5221 670 5277 qua:
693 5205 882 5277 angelo
907 5202 1167 5272 credidit,
1194 5214 1254 5258 ut
1276 5203 1392 5259 sine
1419 5202 1636 5259 libidine
1661 5202 1855 5259 {ctare-

272 5308 354 5355 tur
382 5298 532 5373 (Luc.
564 5314 617 5364 ι,
655 5296 865 5369 26-58).

338 5389 567 5447 CAPUT
602 5389 798 5446 XXIX.
821 5389 1002 5445 ——57.
1041 5387 1242 5444 Bonum
1274 5389 1497 5460 conjugii
1539 5387 1678 5459 quid.
1724 5387 1854 5442 Boni

275 5493 321 5537 et
345 5483 465 5537 ntali
489 5499 613 5539 usus
641 5490 858 5555 quatuor
884 5478 1199 5549 diﬂ'ercntite.
1234 5480 1435 5535 Bonum
1466 5494 1596 5548 ergo
1624 5478 1854 5548 conjugii

274 5593 379 5639 sui
399 5585 488 5639 est
514 5575 690 5639 fet-ver
726 5575 1203 5647 concupiscentiae,
1235 5574 1326 5631 sed
1358 5574 1568 5645 quidam
1601 5574 1774 5628 licitus
1802 5581 1857 5628 et

274 5669 526 5727 honestus
546 5670 640 5724 ille
658 5668 867 5723 fervore
886 5666 1070 5722 utendi
1090 5666 1297 5732 modus,
1322 5665 1675 5736 propaganda:
1697 5665 1851 5735 proli,

276 5780 378 5820 non
400 5761 676 5832 explenda
701 5760 905 5825 libidini
934 5757 1379 5815 accommodatus.
1412 5755 1692 5831 [Voluntas
1723 5758 1820 5817 ista
1838 5799 1852 5825 ,

337 5893 353 5922 ι
385 5887 520 5951 Editi,
566 5885 663 5939 nisi
682 5900 747 5940 ea:
768 5890 984 5952 peccato.
1013 5889 1069 5935 At
1090 5885 1408 5949 manuscripti,
1436 5883 1607 5937 sinon.

1612 383 1811 441 LIBER
1850 382 2119 445 PRIMUS.

3432 409 3533 470 1ιῖ

1953 515 2059 592 non
2084 501 2326 577 voluptas
2345 504 2451 575 illa,
2476 508 2726 582 nuptialis
2744 522 2825 570 est
2843 515 2908 589 ¹.]
2928 516 3079 591 Quod
3098 508 3259 592 igitur
3283 524 3336 580 in
3357 541 3535 586 mem.

1945 591 2059 650 bris
2089 597 2329 667 eorporis
2354 602 2538 657 mortis
2568 602 2726 676 hujus
2766 591 3136 673 inobedienter
3162 625 3425 691 movetur,
3448 626 3528 679 to-

1946 693 2165 761 tumque
2190 691 2425 753 animum
2455 694 2507 751 in
2533 710 2591 753 se
2615 697 2879 769 dejectum
2909 713 3132 764 conatur
3159 709 3446 782 attrahere,
3473 721 3531 777 et

1945 794 2120 872 neque
2159 797 2280 843 eum
2304 800 2458 847 mens
2490 788 2718 850 voluerit
2740 796 2997 871 exsurgit,
3023 813 3198 872 neque
3221 816 3342 860 cum
3372 819 3531 865 meus

1946 871 2175 968 voluerit
2200 877 2547 949 conquiescit,
2578 879 2681 939 hoc
2703 891 2787 945 εει
2812 886 3010 947 malum
3037 871 3269 960 peccati,
3297 893 3352 953 in
3377 911 3485 968 quo
3502 899 3526 932 ⁸

1946 965 2182 1023 nascitur
2216 969 2392 1026 omnis
2417 969 2597 1027 homo.
2629 971 2760 1033 Cum
2793 985 2971 1035 autem
3015 980 3084 1036 ab
3109 983 3303 1041 illicitis
3339 965 3531 1053 cei-ru.

1947 1057 2213 1154 ptionibus
2235 1061 2564 1154 refrenatur,
2595 1074 2650 1123 et
2676 1066 2744 1125 ad
2769 1068 2882 1127 sola
2909 1062 3121 1145 generis
3149 1074 3368 1135 humani
3395 1094 3528 1154 sup-

1945 1149 2212 1225 plementa
2251 1153 2492 1215 ordinate
2535 1159 2874 1231 prepaganda
2909 1165 3253 1237 permittitur,
3299 1170 3403 1233 hoc
3447 1149 3534 1235 est

1946 1242 2142 1302 bonum
2161 1247 2391 1322 conjugii
2409 1291 2426 1318 ,
2460 1264 2554 1320 per
2576 1251 2719 1325 quod
2736 1254 2980 1315 ordinata
3010 1259 3265 1319 societate
3294 1267 3530 1327 nascitur

1945 1334 2127 1393 homo.
2163 1337 2268 1396 Sed
2306 1355 2464 1397 nemo
2493 1344 2790 1403 renascitur
2826 1347 2881 1402 in
2917 1346 3116 1406 Christi
3152 1367 3399 1427 corpore,
3427 1356 3531 1415 nisi

1944 1428 2091 1501 prius
2110 1440 2358 1486 nascatur
2376 1432 2428 1487 in
2446 1436 2648 1505 peccati
2668 1450 2911 1508 corpore.
2933 1437 3079 1496 Sicut
3094 1453 3270 1500 autem
3291 1446 3434 1503 bono
3455 1448 3532 1509 uti

1943 1519 2104 1587 male,
2134 1522 2331 1578 malum
2358 1534 2476 1592 est;
2498 1525 2577 1582 sic
2606 1528 2750 1584 malo
2777 1528 2917 1589 bene
2943 1533 3041 1599 uti,
3067 1533 3263 1595 bonum
3285 1548 3388 1595 est.
3414 1541 3531 1601 Duo

1942 1608 2103 1682 igitur
2130 1611 2266 1682 haec,
2297 1614 2496 1672 bonum
2523 1624 2579 1673 et
2600 1620 2820 1689 malum,
2848 1629 2903 1681 et
2926 1623 3029 1681 alia
3053 1625 3180 1697 duo,
3205 1643 3334 1687 usus
3356 1608 3531 1690 bonus

1943 1711 1999 1758 et
2023 1718 2151 1760 usus
2175 1706 2370 1775 malus,
2409 1708 2625 1769 sibimet
2652 1711 2901 1785 adjuncta
2940 1729 3171 1790 quatuor
3203 1722 3531 1787 ditl‘erentias

1943 1796 2163 1857 iaciunt.
2185 1799 2330 1859 Bene
2349 1801 2513 1859 utitur
2531 1804 2693 1875 bono,
2711 1808 3092 1871 continentiam
3112 1812 3364 1873 dedicans
3388 1816 3526 1877 Deo:

1943 1890 2085 1947 male
2109 1890 2278 1949 utitur
2303 1894 2465 1963 bono,
2495 1896 2877 1957 continentiam
2906 1900 3159 1965 dedicans
3199 1905 3363 1964 idolo.
3394 1908 3532 1970 Male

1944 1981 2110 2039 utitur
2158 1984 2340 2055 malo,
2388 1989 2879 2061 concupiscentiam
2927 1994 3179 2057 relaxans
3223 1998 3529 2061 adulterio:

1944 2069 2085 2162 bene
2107 2073 2273 2137 utitur
2293 2077 2453 2145 malo,
2479 2083 2964 2153 concupiscentiam
2988 2089 3314 2162 restringens
3339 2106 3536 2149 connu-

1943 2160 2056 2223 bio.
2084 2163 2233 2223 Sicut
2256 2181 2383 2240 ergo
2407 2169 2598 2229 melius
2624 2185 2706 2227 εει
2734 2174 2871 2233 bene
2899 2177 2976 2232 uti
3001 2178 3142 2233 bono
3163 2160 3368 2252 {quam
3392 2183 3532 2245 bene

1946 2255 2021 2312 uti
2048 2258 2209 2325 malo,
2235 2276 2355 2317 cum
2383 2262 2453 2316 sit
2478 2271 2764 2335 utrumque
2788 2267 2986 2323 bonum
3012 2287 3027 2327 :
3058 2270 3128 2327 ita
3154 2274 3241 2345 qui
3264 2272 3351 2327 dat
3382 2276 3534 2351 virgi-

1946 2354 2061 2403 nem
2083 2366 2230 2405 suam
2257 2363 2472 2423 nuptum
2489 2396 2504 2423 ,
2536 2355 2657 2413 bene
2680 2358 2833 2429 facit;
2863 2368 2911 2413 et
2935 2361 3024 2432 qui
3050 2378 3150 2415 non
3178 2361 3266 2417 dat
3288 2375 3533 2436 nuptum,

1946 2442 2125 2497 melius
2151 2445 2292 2514 facit.
2324 2445 2399 2501 De
2421 2461 2524 2518 qua
2545 2449 2839 2518 quaestione
2863 2451 3031 2506 multo
3057 2453 3275 2515 uberius
3295 2466 3348 2509 et
3368 2458 3535 2515 multo

1947 2532 2296 2591 sufﬁcientius
2322 2535 2373 2591 in
2403 2536 2610 2592 duobus
2638 2537 2809 2608 libris,
2837 2556 2945 2596 uno
2971 2540 3037 2595 de
3062 2542 3210 2597 Bono
3235 2526 3531 2616 Conjugali,

1947 2624 2207 2685 alterode
2232 2625 2424 2682 Sancta
2454 2627 2784 2699 Virginitate,
2812 2641 3064 2701 quantum
3090 2635 3343 2697 Dominus
3364 2638 3528 2707 dedit,

1947 2734 2046 2794 pro
2067 2734 2303 2776 mearum
2325 2721 2515 2776 virium
2536 2723 2822 2795 exiguitate
2837 2724 3086 2782 disserui.
3105 2728 3223 2787 Non
3243 2730 3422 2801 itaque
3443 2749 3535 2802 per

1947 2812 2251 2885 nuptiarum
2287 2813 2486 2870 bonum
2516 2813 2803 2871 defendant
2826 2819 3267 2890 concupiscentiae
3295 2824 3493 2885 malum
3519 2865 3535 2890 ,

1948 2903 2039 2975 qui
2086 2918 2301 2963 carnem
2358 2914 2412 2961 et
2453 2906 2764 2976 sanguinem
2814 2911 3233 2978 praevaricatoris
3280 2913 3538 2972 adversus

1949 3009 2164 3051 carnem
2206 3004 2261 3052 et
2302 2996 2617 3069 sanguinem
2662 2998 3037 3070 Redemptoris
3081 3003 3384 3069 extollunt:
3428 3020 3534 3061 non

1950 3090 2224 3160 erigantur
2261 3090 2317 3145 in
2361 3089 2665 3163 superbiam
2692 3092 2713 3124 ³
2737 3093 2937 3149 erroris
2979 3094 3169 3158 alieni,
3198 3096 3263 3152 de
3308 3113 3535 3169 quorum

1949 3181 2168 3251 parvula
2191 3189 2349 3239 aetate
2374 3182 2527 3239 nobis
2549 3182 2695 3240 dedit
2722 3185 2975 3242 Dominus
3004 3184 3316 3243 humilitatis
3350 3206 3537 3249 exem-

1948 3273 2116 3345 plum.
2144 3273 2300 3332 Solus
2328 3275 2445 3332 sine
2484 3287 2705 3350 peccato
2731 3287 2886 3335 natus
2912 3287 3023 3348 est,
3050 3295 3208 3353 quem
3243 3283 3359 3337 sine
3403 3284 3538 3340 virili

1949 3366 2251 3437 complexu,
2283 3382 2389 3424 non
2420 3370 2848 3439 concupiscentia
2869 3372 3045 3427 carnis
3069 3415 3083 3439 ,
3112 3372 3207 3429 sed
3237 3374 3535 3431 obedientia

1950 3461 2148 3517 mentis
2169 3461 2318 3532 virgo
2341 3463 2603 3533 concepit.
2634 3464 2758 3520 Sola
2783 3474 2966 3525 nostro
2990 3466 3192 3523 vulneri
3221 3468 3536 3531 medicinam

1952 3565 2141 3622 parere
2188 3551 2400 3625 potuit,
2429 3570 2548 3626 quae
2590 3570 2697 3611 non
2734 3572 2800 3613 ex
2837 3558 3041 3628 peccati
3068 3559 3287 3617 vulnere
3319 3576 3535 3632 germen

1951 3644 2053 3716 piae
2082 3646 2246 3717 prolis
2271 3647 2469 3705 emisit.

2021 3734 2249 3796 CAPUT
2276 3738 2447 3795 XXX.
2472 3771 2544 3782 —
2567 3740 2654 3798 58.
2684 3739 3002 3814 Baptismum
3022 3743 3091 3796 ad
3117 3744 3239 3815 quid
3262 3745 3537 3816 infantibus

1951 3830 2289 3885 necessarium
2317 3831 2561 3887 voluerint
2588 3831 2874 3911 Pelagiani.
2910 3832 3025 3889 iam
3067 3849 3209 3890 nunc
3237 3847 3536 3901 scrutemur

1952 3920 2258 3993 diligentius
2275 3963 2293 3990 ,
2319 3931 2575 3992 quantum
2603 3923 2817 3993 adjuvat
2839 3923 3097 3983 Dominus
3116 3965 3132 3993 ,
3175 3927 3336 3983 etiam
3363 3927 3535 3999 ipsum

1952 4015 2226 4087 Evangelii
2254 4016 2543 4087 capitulum
2586 4016 2677 4077 ubi
2711 4018 2820 4085 ait,
2848 4015 2968 4075 Nisi
2994 4018 3104 4090 quis
3139 4029 3345 4077 renatus
3383 4020 3540 4091 fuerit

1951 4123 2018 4166 ea:
2053 4123 2187 4179 aqua
2212 4114 2260 4165 ct
2301 4106 2515 4178 spiritu,
2549 4124 2651 4164 non
2684 4108 2892 4171 intrabit
2935 4110 2990 4165 in
3030 4126 3242 4183 regnum
3285 4111 3397 4166 Dei.
3424 4112 3538 4179 Qua

1953 4199 2041 4259 isti
2069 4207 2335 4259 sententia
2363 4199 2468 4255 uisi
2496 4210 2861 4271 moverentur,
2908 4201 3127 4259 omnino
3156 4203 3405 4276 parvulos
3437 4218 3538 4267 nec

1954 4290 2300 4363 baptizandus
2339 4305 2464 4351 esse
2509 4301 2811 4355 censerent.
2859 4292 2965 4350 Sed
3015 4294 3135 4364 quia
3174 4310 3275 4359 non
3321 4295 3414 4364 ait,
3454 4295 3541 4355 itt-

1955 4384 2173 4456 quiunt,
2210 4401 2232 4438 s
2269 4382 2388 4443 Nisi
2406 4384 2519 4456 quis
2555 4393 2758 4441 renatus
2779 4384 2934 4457 fuerit
2960 4400 3023 4443 ea:
3045 4401 3179 4457 aqua
3216 4395 3262 4441 et
3282 4386 3484 4456 spiritu,
3513 4405 3534 4440 ι

1955 4492 2058 4532 non
2077 4527 2083 4532 .
2102 4474 2299 4533 habebit
2357 4476 2573 4545 salutem
2625 4476 2702 4533 uel
2772 4476 2927 4532 vitam
2993 4486 3231 4533 ωιενηαιη
3249 4494 3268 4544 ;
3318 4486 3541 4533 tantum-

1956 4569 2108 4625 modo
2143 4577 2313 4625 autcm
2354 4570 2500 4635 dixit,
2562 4587 2583 4623 ι
2611 4586 2712 4625 non
2753 4569 2959 4625 intrabit
3017 4571 3070 4626 in
3112 4586 3321 4642 regnum
3340 4569 3439 4627 Dei
3465 4588 3485 4627 :
3514 4590 3534 4625 ι

1954 4660 2026 4715 ad
2049 4660 2143 4717 hoc
2162 4660 2363 4732 parvuli
2381 4658 2674 4731 baptizandi
2692 4667 2828 4726 sunt,
2857 4660 3028 4721 utsint
3046 4661 3195 4716 etiam
3224 4676 3338 4723 cum
3388 4660 3540 4725 Chri-

1955 4761 2034 4807 sto
2058 4751 2113 4805 in
2136 4766 2291 4824 regno
2313 4750 2428 4820 Dei,
2454 4751 2538 4807 ubi
2566 4766 2668 4806 non
2692 4759 2837 4807 erunt
2861 4750 2905 4813 si
2925 4750 3166 4824 baptismi
3184 4768 3284 4811 non
3303 4753 3493 4827 fuerint
3519 4770 3541 4811 :

1954 4842 2186 4917 quamvis
2219 4852 2270 4899 at
2297 4844 2405 4901 sine
2428 4841 2690 4916 Baptism
2733 4843 2780 4907 si
2823 4842 3024 4915 parvuli
3051 4845 3352 4917 moriantur,
3400 4846 3546 4903 salu-

1957 4945 2057 4993 tem
2101 4937 2352 5009 uitamque
2409 4946 2649 4995 (sternam
2677 4937 2897 4995 habituri
2947 4939 3066 5006 sint,
3117 4940 3355 5011 quoniam
3398 4940 3541 4997 nulla

1960 5029 2153 5102 peccati
2203 5029 2402 5091 uinculo
2445 5027 2669 5087 obstricti
2721 5036 2859 5085 sunt.
2912 5029 3039 5093 Haec
3077 5028 3337 5107 dicentes,
3368 5030 3543 5102 primo

1958 5139 2229 5195 nunquam
2253 5124 2523 5195 explicant
2574 5123 2680 5190 isti,
2709 5139 2811 5195 qua
2839 5124 3043 5196 justitia
3096 5124 3300 5183 nullum
3358 5140 3544 5197 pecca-

1958 5225 2071 5275 tum
2100 5217 2307 5277 habens
2332 5217 2508 5289 imago
2533 5216 2628 5277 Dei
2652 5226 2934 5289 separetur
2956 5232 2988 5273 a
3011 5233 3178 5291 regno
3204 5218 3320 5279 Dei.
3342 5218 3544 5279 Deinde

1959 5311 2234 5371 videamus
2267 5320 2445 5369 utrum
2490 5309 2746 5371 Dominus
2763 5311 2938 5379 Jesus,
2991 5326 3131 5378 unus
3149 5323 3204 5371 et
3238 5315 3385 5373 solus
3431 5329 3545 5373 ma-

1960 5404 2122 5473 gister
2146 5405 2336 5470 bonus,
2354 5402 2409 5458 in
2426 5403 2525 5457 hac
2543 5402 2666 5472 ipsi
2677 5403 2985 5475 evangelica
3016 5405 3240 5463 lectione
3258 5420 3362 5461 non
3380 5404 3550 5476 signi-

1960 5497 2199 5551 ticavcrit
2223 5504 2277 5553 et
2306 5496 2603 5551 ostenderit
2627 5497 2836 5551 nonnisi
2862 5512 2957 5567 per
2995 5498 3367 5552 remissionem
3420 5511 3519 5566 pos

1961 5599 2199 5647 catorum
2220 5590 2355 5656 ﬁeri,
2386 5599 2443 5647 ut
2467 5591 2532 5645 ad
2556 5605 2773 5661 regnum
2798 5589 2889 5651 Dei
2914 5587 3226 5659 perveniant
3252 5588 3539 5659 baptizati;

2026 5696 2041 5728 ι
2077 5702 2188 5745 πρε
2208 5708 2319 5759 ψιέἓ
2341 5696 2478 5745 uncis
2508 5694 2783 5745 continetur
2816 5693 3062 5744 sententia
3101 5692 3243 5744 abest
3283 5692 3346 5742 sb

2077 5766 2097 5803 θ
2169 5793 2179 5805 .

1960 5761 2055 5853 huis
2081 5768 2203 5868 ιῗῇῗιε
2228 5834 2256 5869 c
2280 5812 2512 5871 Vaticanis
2533 5825 2660 5875 Mss,
2686 5829 2795 5879 cum
2815 5826 2926 5879 quo.

2031 5886 2049 5919 ³
2082 5892 2257 5933 omnes
2278 5891 2406 5945 19:155.,
2431 5882 2479 5933 in
2503 5877 2742 5945 superbia.
