4074 6532
574 328 678 384 H3

568 437 811 512 quamvis
838 446 982 495 recte
1006 433 1422 505 intelligentibus
1446 429 1691 485 sufﬁcere
1714 427 1980 495 debuerit,
2000 424 2143 497 quod

566 530 770 593 dictum
800 540 900 594 est,
932 529 1050 584 Nisi
1092 528 1201 597 quis
1242 535 1389 578 natus
1418 523 1567 594 fuerit
1613 521 1797 586 denuo,
1838 536 1938 573 non
1992 524 2151 589 potest

568 623 736 680 sidere
757 636 967 692 regnum
991 616 1121 680 Dei;
1153 624 1234 676 et,
1260 612 1379 668 Nisi
1402 614 1512 683 quis
1532 622 1736 667 renatus
1757 610 1908 681 fuerit
1929 625 1990 663 ex
2018 624 2149 679 aqua

566 722 615 770 et
639 713 838 784 spiritu,
871 726 971 762 non
998 715 1159 776 potest
1190 706 1399 759 introire
1424 704 1476 757 in
1497 719 1704 774 regnum
1724 699 1841 754 Dei.
1875 699 1982 755 Cur
2006 699 2148 754 enim

573 811 823 857 nascatur
859 799 1054 864 denuo,
1088 798 1189 851 nisi
1212 793 1586 851 renovandus?
1617 793 1756 848 unde
1784 790 2146 855 renovandus,

567 892 670 947 nisi
714 907 744 946 a
791 888 1087 944 vetustate?
1142 904 1243 959 qua
1281 886 1569 951 vetustate,
1615 884 1717 939 nisi
1763 884 1814 938 in
1846 898 1949 953 qua
1999 891 2151 936 vetus

571 984 734 1039 homo
764 994 948 1038 noster
973 982 1129 1037 simul
1157 982 1439 1036 cruciﬁxus
1480 988 1563 1033 est
1606 994 1723 1033 eum
1773 978 1887 1042 illo,
1930 986 1987 1030 ut
2028 991 2151 1029 eva-

573 1084 765 1131 cuetur
802 1089 999 1143 corpus
1023 1074 1225 1144 peccati
1255 1071 1433 1142 (Rom.
1463 1086 1535 1135 v1,
1565 1070 1649 1140 6)?
1678 1068 1781 1124 Aut
1810 1067 1950 1122 unde
1978 1068 2150 1137 imago

574 1168 671 1224 Dei
704 1183 809 1224 non
864 1169 1027 1223 intrat
1078 1169 1131 1221 in
1183 1181 1403 1236 regnum
1447 1166 1559 1229 Dei,
1612 1164 1716 1218 nisi
1766 1162 2151 1233 impedimento

568 1260 887 1331 prohibente
910 1258 1146 1329 peccati?
1194 1258 1594 1320 Verumtamen,
1646 1264 1704 1309 ut
1754 1255 2148 1326 proposuimus,

572 1363 738 1408 totam
769 1352 936 1423 ipsam
962 1352 1413 1408 circumstantiam
1435 1350 1754 1419 evangelica:
1800 1348 2045 1402 lectionis
2085 1346 2151 1401 ad

567 1460 681 1499 rem
713 1445 780 1500 de
804 1461 905 1514 qua
925 1445 1098 1515 agitur
1126 1444 1500 1513 pertinentem,
1526 1442 1728 1497 intente
1742 1450 1994 1512 quantum
2024 1454 2150 1511 pos-

570 1550 758 1591 sumus
783 1535 1170 1606 diligenterque
1186 1535 1479 1589 videamus.

638 1626 729 1682 59.
775 1624 897 1679 Erat
926 1635 1096 1679 autem
1135 1626 1284 1679 homo
1307 1667 1321 1689 ,
1352 1624 1549 1695 inquit,
1582 1640 1646 1678 ex
1672 1622 1950 1677 Pharisteis
1988 1622 2150 1677 Nico—

568 1718 743 1771 demus
767 1717 985 1782 nomine,
1012 1716 1245 1788 princeps
1268 1715 1587 1770 Judteorum.
1620 1714 1713 1769 Hic
1733 1715 1861 1769 venit
1884 1715 1952 1767 ad
1978 1714 2153 1769 Iesum

568 1819 734 1875 nocte,
767 1820 813 1863 et
843 1809 968 1863 dixit
995 1809 1040 1863 ei
1056 1824 1075 1863 :
1105 1806 1288 1875 Rabbi,
1312 1808 1497 1863 scimus
1522 1809 1641 1880 quia
1664 1824 1696 1861 a
1716 1807 1822 1863 Deo
1849 1808 2024 1861 venisti
2046 1825 2154 1860 ma-

568 1903 721 1973 gister
741 1918 761 1955 :
792 1918 934 1955 nemo
953 1901 1085 1954 enim
1109 1908 1265 1972 potest
1295 1900 1403 1954 hinc
1430 1901 1577 1971 signa
1604 1901 1769 1970 facere
1793 1915 1907 1968 qua:
1927 1908 1979 1952 tu
2002 1899 2150 1969 facis,

568 1994 665 2048 nisi
691 1995 841 2065 fuerit
874 1992 1015 2048 Deus
1044 2009 1159 2047 cum
1188 2010 1265 2047 eo.
1311 1992 1590 2064 Respondit
1628 1990 1778 2047 Iesus
1798 2033 1812 2057 ,
1843 2000 1889 2045 et
1916 1991 2044 2044 dixit
2069 1991 2113 2043 ei
2136 2005 2154 2044 :

569 2090 744 2154 Amen,
777 2105 923 2142 amen
949 2088 1061 2141 dico
1090 2087 1197 2151 tibi,
1229 2088 1327 2141 nisi
1351 2087 1460 2156 quis
1488 2095 1635 2141 natus
1660 2086 1811 2155 fuerit
1842 2085 2027 2149 denuo,
2052 2100 2153 2136 non

569 2188 729 2250 potest
775 2178 940 2232 videre
978 2194 1189 2249 regnum
1232 2177 1346 2231 Dei.
1390 2177 1521 2230 Dicit
1548 2177 1616 2229 ad
1655 2194 1767 2230 eum
1805 2174 2152 2229 Nicodamus:

570 2269 832 2336 Quomodo
858 2278 1017 2340 potest
1051 2269 1201 2322 homo
1232 2269 1405 2331 nasci,
1434 2285 1547 2321 cum
1575 2269 1637 2322 sit
1665 2269 1858 2323 senex?
1890 2266 2155 2337 Numquid

568 2374 727 2437 potest
754 2366 808 2418 in
836 2373 1032 2419 uterum
1066 2363 1239 2416 ma'tris
1280 2378 1385 2417 sua:
1426 2362 1606 2417 iterum
1634 2362 1845 2415 introire
1884 2371 1931 2415 et
1976 2361 2155 2414 nasci?

570 2455 849 2527 Respondit
870 2453 1022 2509 Iesus
1044 2473 1064 2509 :
1088 2455 1269 2520 Amen,
1294 2471 1438 2507 amen
1465 2454 1578 2507 dico
1607 2453 1713 2515 tibi,
1744 2454 1844 2507 nisi
1866 2454 1977 2523 quis
2003 2469 2152 2506 rena-

574 2555 652 2601 tus
677 2547 827 2618 fuerit
856 2562 919 2600 ea:
945 2563 1077 2616 aqua
1101 2555 1146 2598 et
1171 2546 1353 2613 spiritu
1383 2545 1424 2611 ί,
1454 2562 1554 2599 non
1585 2554 1743 2615 potest
1770 2544 1977 2596 introire
1998 2543 2050 2595 in
2076 2560 2155 2597 re-

571 2656 725 2710 gnum
750 2636 864 2692 Dei.
896 2638 1041 2704 Quod
1067 2646 1239 2691 natum
1267 2648 1336 2691 est
1364 2638 1426 2691 de
1451 2654 1603 2690 carne
1621 2680 1635 2701 ,
1664 2654 1780 2690 curo
1807 2646 1876 2690 est
1901 2653 1919 2701 ;
1949 2646 1994 2690 et
2019 2637 2155 2704 quod

570 2739 741 2784 natum
764 2740 833 2783 est
866 2728 929 2781 de
950 2728 1147 2798 spiritu,
1178 2729 1383 2798 spiritus
1403 2738 1493 2781 est.
1526 2726 1646 2781 Non
1669 2728 1882 2789 mireris,
1911 2727 2028 2797 quia
2048 2728 2156 2781 dixi

571 2822 679 2889 tibi,
706 2821 912 2894 Oportet
940 2839 1023 2876 vos
1049 2822 1190 2876 nasci
1212 2821 1396 2875 denuo.
1427 2821 1649 2891 Spiritus
1673 2821 1759 2875 ubi
1778 2821 1882 2874 vult
1902 2823 2076 2891 spirat,
2111 2831 2155 2876 et

568 2931 735 2968 vocem
782 2915 890 2983 ejus
919 2913 1105 2977 audis;
1135 2914 1222 2967 sed
1252 2929 1352 2965 non
1391 2912 1486 2967 scis
1540 2915 1673 2966 unde
1700 2913 1881 2976 veniat,
1924 2922 2011 2965 aut
2057 2929 2155 2982 quo

570 3006 742 3059 radat.
777 3004 866 3059 Sic
895 3014 967 3059 est
991 3004 1152 3059 omnis
1175 3005 1259 3075 qui
1289 3013 1438 3057 natus
1463 3012 1533 3056 est
1558 3018 1619 3056 ex
1645 3003 1845 3071 spiritu.
1874 3003 2152 3072 Respondit

572 3097 880 3152 Nicodemus
904 3138 916 3162 ,
952 3106 999 3150 et
1027 3096 1156 3151 dixit
1192 3096 1238 3150 ei
1268 3111 1285 3149 :
1327 3094 1586 3161 Quomodo
1619 3105 1825 3167 possunt
1858 3095 1963 3148 haec
2002 3095 2111 3163 ﬁeri
2130 3096 2155 3147 .’

571 3189 849 3259 Respondit
874 3187 1047 3257 Jesus,
1077 3198 1122 3243 et
1150 3188 1276 3241 dixit
1306 3188 1353 3243 ei
1381 3204 1398 3242 :
1427 3187 1501 3241 Tu
1531 3205 1582 3242 es
1610 3189 1843 3259 magister
1873 3188 1923 3241 in
1948 3186 2113 3258 Israel
2136 3230 2150 3255 ,

568 3293 615 3337 et
642 3282 746 3337 hate
774 3281 1018 3354 ignaras?
1040 3282 1216 3347 Amen,
1245 3298 1390 3335 amen
1411 3281 1522 3334 dico
1546 3279 1652 3348 tibi,
1674 3282 1792 3350 quia
1814 3280 1947 3351 quod
1968 3282 2152 3335 scimus

570 3374 841 3444 loquimur,
872 3373 1072 3444 etquod
1096 3374 1310 3427 vidimus
1341 3384 1599 3439 testamur,
1630 3384 1675 3425 et
1704 3374 2035 3427 testimonium
2062 3391 2150 3426 no-

568 3474 727 3519 strum
753 3481 855 3518 non
879 3465 1127 3536 accipitis.
1162 3463 1223 3520 Si
1247 3473 1441 3518 terrena
1471 3464 1575 3517 dixi
1607 3465 1760 3530 vobis,
1793 3474 1838 3519 et
1864 3482 1962 3519 non
1989 3464 2152 3519 credi-

568 3557 781 3619 distis”;
808 3558 1076 3625 quomodo,
1108 3558 1153 3610 si
1176 3558 1349 3611 dixero
1376 3557 1508 3610 vobis
1538 3558 1774 3623 cmlestia,
1806 3556 2011 3610 credetis
2034 3558 2059 3610 ?
2084 3556 2151 3609 Et

567 3668 712 3705 nemo
741 3652 959 3704 ascendit
988 3653 1040 3703 in
1086 3651 1291 3711 ccelum,
1324 3651 1422 3703 nisi
1464 3651 1548 3715 qui
1590 3650 1652 3703 de
1690 3650 1812 3703 caelo
1860 3648 2147 3715 descendit,

568 3739 736 3794 Filius
765 3740 994 3802 hominis,
1026 3741 1112 3808 qui
1132 3740 1183 3793 in
1211 3741 1335 3793 caelo
1364 3749 1454 3792 est.
1480 3739 1545 3793 Et
1573 3740 1701 3792 sicut
1731 3737 1931 3809 Moyses
1957 3740 2148 3793 exalta-

566 3832 633 3886 vit
668 3836 946 3899 serpentem
989 3831 1042 3884 in
1089 3830 1312 3895 deserto,
1347 3832 1416 3884 ita
1463 3831 1677 3885 exaltari
1721 3840 1913 3902 Oportet
1957 3829 2149 3884 Filium

566 3923 820 3986 hominis;
847 3932 901 3974 ut
928 3924 1089 3976 omnis
1115 3923 1199 3993 qui
1226 3923 1382 3976 credit
1407 3922 1457 3975 in
1478 3939 1589 3975 eum
1610 3939 1709 3975 non
1737 3932 1924 3991 pereat,
1950 3920 2037 3975 sed
2057 3922 2148 3974 ha-

565 4014 676 4067 beat
706 4015 856 4066 vitam
874 4024 1133 4066 cateruam.
1169 4014 1258 4067 Sic
1284 4016 1416 4067 enim
1436 4014 1612 4068 dilexit
1642 4012 1776 4067 Deus
1803 4016 2063 4077 mundum,
2092 4023 2148 4067 ut

567 4102 618 4158 F
618 4105 762 4157 ilium
794 4121 939 4159 suum
965 4119 1277 4175 unigenitum
1305 4086 1479 4166 daret,
1510 4116 1564 4157 ut
1602 4105 1764 4158 omnis
1799 4106 1886 4174 qui
1910 4104 2066 4158 credit
2093 4105 2148 4158 in

565 4212 681 4250 eum
707 4212 807 4249 non
836 4204 1004 4265 pereat
1027 4238 1042 4261 ,
1072 4197 1159 4249 sed
1188 4194 1366 4248 habeat
1395 4196 1545 4247 vitam
1574 4204 1829 4248 cateruam.
1864 4193 1985 4248 Non
2013 4196 2145 4249 enim

564 4285 699 4339 misit
739 4284 873 4339 Deus
905 4285 1095 4339 Filium
1123 4302 1273 4339 suum
1314 4286 1365 4339 in
1391 4284 1630 4339 mundum
1656 4327 1670 4351 ,
1698 4295 1753 4338 ut
1769 4286 1966 4356 judicet
1994 4303 2143 4339 mun-

564 4378 683 4432 dum
700 4396 717 4441 ;
746 4378 835 4433 sed
864 4389 915 4432 ut
949 4379 1165 4432 salvetur
1194 4379 1411 4431 mundus
1449 4394 1538 4446 per
1567 4379 1750 4446 ipsum.
1782 4378 1881 4444 Qui
1908 4379 2065 4433 credit
2089 4380 2143 4433 in

565 4487 698 4536 eum,
727 4488 826 4524 non
848 4470 1110 4541 judicatur
1133 4485 1151 4523 :
1174 4470 1258 4539 qui
1284 4479 1449 4523 autem
1478 4486 1577 4523 non
1607 4469 1782 4534 credit,
1807 4471 1917 4539 jam
1930 4470 2139 4541 judica-

562 4574 641 4618 tus
667 4574 770 4629 est,
797 4564 916 4634 quia
948 4579 1048 4617 non
1088 4561 1244 4615 credit
1272 4563 1322 4614 in
1351 4562 1550 4614 nomine
1578 4562 1819 4633 unigeniti
1862 4559 1985 4615 Filii
2023 4561 2136 4616 Dei.

565 4654 677 4707 Hoc
702 4665 774 4709 est
802 4665 966 4708 autem
984 4655 1234 4725 judicium
1253 4696 1267 4720 ,
1298 4656 1416 4721 quia
1440 4655 1531 4708 lux
1559 4657 1689 4707 venit
1714 4656 1765 4708 in
1796 4656 2057 4722 mundum,
2093 4666 2139 4711 et

561 4745 841 4799 dilexerunt
870 4745 1094 4799 homines
1120 4748 1278 4815 magis
1310 4744 1551 4805 tenebras,
1580 4761 1730 4815 quam
1757 4747 1917 4798 lucem
1944 4762 1962 4799 :
1999 4757 2139 4802 erant

559 4855 693 4894 enim
715 4854 885 4892 eorum
911 4836 1043 4890 mala
1063 4854 1235 4907 opera.
1264 4836 1441 4891 Omnis
1464 4838 1594 4890 enim
1620 4838 1700 4907 qui
1726 4839 1858 4891 male
1882 4840 2002 4910 agit,
2032 4838 2137 4894 odit

558 4930 739 4998 lucem,
781 4939 829 4983 et
855 4946 953 4983 non
981 4930 1110 4983 venit
1136 4928 1204 4981 ad
1231 4929 1391 4983 lucem
1410 4971 1423 4994 ,
1459 4938 1512 4981 ut
1548 4946 1649 4982 non
1677 4940 1957 5000 arguantur
1984 4947 2136 5001 Opera

554 5025 698 5094 ejus:
721 5025 807 5097 qui
832 5033 997 5076 autem
1027 5022 1149 5093 facit
1172 5022 1446 5087 veritatem,
1475 5022 1605 5075 venit
1632 5022 1700 5075 ad
1726 5022 1906 5086 lucem,
1938 5033 1991 5076 ut
2020 5041 2132 5078 ma-

554 5118 853 5188 nifestentur
895 5116 1004 5186 ejus
1046 5130 1218 5186 opera,
1261 5114 1377 5183 quia
1416 5113 1468 5167 in
1520 5112 1625 5168 Deo
1674 5122 1789 5168 sunt
1816 5118 1972 5185 facta.
2020 5115 2135 5172 Huc

554 5223 720 5277 usque
744 5218 827 5263 est
854 5207 919 5261 ad
945 5219 1057 5261 rem
1079 5246 1093 5270 ,
1123 5204 1192 5260 de
1220 5220 1322 5275 qua
1348 5204 1664 5274 quaerimus,
1693 5207 1965 5276 pertinens
1989 5214 2131 5264 totus

472 5357 477 5363 ,
549 5314 733 5355 sermo
780 5299 873 5354 ille
910 5305 1190 5353 centextus
1240 5315 1255 5353 :
1295 5295 1546 5367 deinceps
1597 5298 1649 5352 in
1701 5297 1842 5353 aliud
1891 5308 2131 5355 narrator

550 5391 789 5448 abscedit
818 5390 995 5460 (Joan.
1024 5406 1115 5457 ιιι,
1148 5388 1327 5461 1-21).

614 5526 633 5555 ί
668 5522 796 5586 Apud
821 5532 919 5574 Am.
945 5529 1019 5572 Br.
1040 5530 1093 5574 et
1116 5529 1226 5573 Mss.
1250 5522 1438 5586 additur
1458 5522 1554 5583 hic,
1579 5527 1757 5586 stricto.

612 5586 633 5617 ³
664 5581 842 5636 omnes
863 5595 985 5643 uss,
1008 5590 1054 5637 et
1074 5596 1168 5647 non
1189 5582 1402 5647 creditis.
1429 5581 1739 5647 Augustinum
1761 5591 1924 5633 tamen
1944 5581 2126 5647 legisse

548 5647 679 5698 utin
716 5649 935 5707 excusis,
958 5645 1259 5705 credidistis,
1299 5644 1532 5708 colligunt
1567 5645 1891 5708 mvanieuses
1923 5644 2128 5708 expro-

548 5710 685 5782 xitpe
705 5706 931 5782 sequenti
944 5711 1128 5782 sapite,
1146 5721 1195 5757 ιι.
1213 5708 1290 5767 60,
1314 5708 1397 5782 ubi
1416 5706 1545 5782 dicit
1568 5720 1590 5782 τί
1612 5724 1637 5782 ιι
1657 5706 1837 5757 addidit
1873 5706 2044 5771 etiam,
2067 5721 2125 5760 se

556 5786 586 5829 ι
601 5769 697 5835 illis
717 5768 913 5831 ieiuna
927 5768 1128 5833 dixisse,
1151 5782 1244 5831 nec
1261 5780 1348 5823 eos
1366 5768 1647 5822 credidisse.
1665 5784 1688 5816 ι

1209 320 1296 376 DE
1336 309 1792 374 PECCATORUM
1831 309 2107 367 MERITIS
2145 310 2232 368 ET
2271 310 2695 377 REMISSIONE,
2735 309 2792 366 S.
2838 304 3200 363 AUGUSTINI

3738 310 3844 367 144

2330 424 2553 479 CAPUT
2575 423 2852 479 XXXI.—
2871 423 2957 479 60.
2981 422 3210 479 Christus
3227 430 3381 493 caput
3400 430 3445 477 et
3465 438 3668 493 corpus.
3692 420 3844 479 Chri-

2255 527 2362 573 stus
2381 518 2441 572 ob
2467 534 2693 590 persona:
2715 518 2957 571 unitatem
2983 527 3028 571 et
3051 519 3103 571 in
3129 517 3251 571 caelo
3277 516 3527 579 manebat,
3558 526 3605 571 et
3631 517 3683 570 in
3708 526 3845 571 terra

2255 611 2624 665 deambulabat.
2666 609 2808 665 Unus
2846 606 3073 665 Christus
3111 610 3359 679 quomodo
3392 608 3632 661 ascendat
3658 608 3712 661 in
3739 624 3842 662 cae-

2258 699 2381 753 lum.
2410 699 2572 771 Caput
2595 712 2643 755 et
2670 717 2855 771 corpus
2877 717 3010 754 unus
3029 699 3274 754 Christus.
3306 698 3438 754 Cum
3463 714 3592 769 ergo
3613 699 3845 755 Nicode-

2255 807 2373 846 mus
2410 807 2473 847 ea
2512 808 2629 862 quae
2664 792 2977 846 dicebantur
3010 807 3117 847 non
3155 791 3494 871 iplelligeret,
3524 791 3772 861 quaesivit
3813 808 3843 846 a

2258 883 2481 938 Domino
2514 884 2783 955 quomodo
2824 892 3044 955 possent
3080 885 3178 939 ista
3226 884 3360 940 ﬁeri.
3399 884 3690 940 Videamus
3716 884 3845 954 quid

2257 976 2512 1031 Dominus
2531 977 2595 1031 ad
2618 977 2718 1032 hoc
2740 978 3077 1047 respondeat.
3104 975 3348 1032 Profecto
3369 976 3510 1032 enim
3534 977 3577 1030 si
3600 975 3667 1030 ad
3688 977 3847 1031 inter-

2256 1079 2435 1139 rogata
2466 1070 2790 1140 respondere
2828 1070 3152 1141 dignabitur,
3199 1068 3464 1136 Quomodo
3498 1078 3711 1140 possunt
3749 1068 3847 1122 ista

2256 1162 2369 1231 ﬁeri
2378 1161 2401 1214 ?
2414 1162 2513 1216 hoc
2528 1162 2767 1216 dicturus
2780 1171 2880 1228 est,
2901 1162 3169 1233 quomodo
3190 1163 3356 1233 possit
3375 1162 3488 1216 ﬁeri
3509 1162 3845 1233 regeneratio

2257 1257 2550 1326 spiritualis
2578 1257 2843 1311 venientis
2874 1256 3105 1310 hominis
3133 1272 3197 1310 ex
3231 1257 3576 1327 generatione
3612 1254 3841 1310 carnali.

2256 1347 2445 1402 Notata
2478 1349 2657 1419 itaque
2680 1348 2948 1419 paululum
2975 1347 3092 1417 ejus
3128 1348 3416 1418 imperitia,
3448 1349 3539 1419 qui
3584 1362 3644 1403 se
3681 1356 3847 1402 cxte-

2256 1442 2331 1496 ris
2356 1441 2422 1497 de
2445 1442 2752 1513 magisterio
2805 1440 3141 1511 prieferebat,
3169 1452 3231 1496 et.
3257 1441 3494 1495 omnium
3541 1441 3728 1496 talium
3764 1442 3845 1496 in-

2256 1532 2570 1588 credulitate
2595 1533 2943 1603 reprehensa,
2985 1532 3126 1603 quod
3156 1532 3518 1599 testimonium
3559 1548 3667 1587 non
3696 1532 3842 1588 acci-

2257 1634 2446 1697 perent
2462 1627 2731 1694 veritatis;
2756 1626 2957 1681 addidit
2980 1629 3161 1693 etiam,
3183 1642 3241 1681 se
3258 1626 3364 1680 illis
3387 1636 3593 1681 terrena
3617 1626 3841 1694 dixisse,

2258 1734 2357 1774 nec
2386 1734 2478 1774 eos
2504 1719 2817 1786 credidisse,
2846 1736 3094 1791 quaerens
3121 1722 3203 1775 vel
3246 1721 3519 1776 admirans
3569 1721 3840 1793 quomodo

2257 1820 2439 1865 essmt
2463 1811 2700 1865 coelestia
2730 1811 3005 1867 credituri.
3038 1812 3290 1882 Sequitur
3319 1821 3495 1867 tamen
3519 1821 3573 1868 et
3616 1826 3842 1883 reSpon-

2257 1903 2366 1968 det,
2401 1902 2542 1974 quod
2568 1903 2659 1956 alii
2690 1903 2909 1958 credent
2935 1904 2975 1970 ⁸,
3006 1904 3051 1958 si
3074 1905 3148 1958 illi
3176 1920 3283 1959 non
3320 1905 3567 1970 credunt,
3598 1904 3667 1961 ad
3709 1905 3841 1961 illud

2257 1996 2400 2066 quod
2420 1996 2775 2065 interrogatus
2805 2004 2906 2060 est,
2958 1997 3224 2066 quomodo
3264 1998 3470 2066 possint
3507 1998 3606 2052 ista
3664 1996 3781 2053 ﬁeri
3822 2015 3837 2052 :

2260 2086 2446 2154 Nemo,
2470 2087 2658 2157 inquit,
2689 2088 2915 2141 ascendit
2939 2088 2993 2142 in
3022 2090 3203 2142 cmlum
3222 2129 3237 2155 ,
3271 2090 3369 2143 nisi
3396 2089 3486 2159 qui
3503 2090 3565 2143 de
3583 2089 3709 2144 creto
3752 2090 3843 2145 de-

2257 2179 2468 2245 scendit,
2503 2177 2669 2233 Filius
2696 2179 2936 2246 heminis,
2964 2180 3051 2250 qui
3098 2189 3167 2233 est
3206 2180 3258 2233 in
3295 2180 3439 2235 caelo.
3488 2179 3599 2247 Sic,
3651 2181 3843 2251 inquit,

2259 2271 2350 2326 ﬁet
2374 2272 2645 2341 generatio
2676 2272 2987 2341 spiritualis,
3017 2280 3075 2325 ut
3102 2272 3210 2327 sint
3234 2272 3486 2328 cmlestes
3514 2271 3844 2328 hominesex

2260 2364 2525 2430 terrenis;
2557 2364 2698 2435 quod
2742 2364 2965 2436 adipisci
3010 2381 3113 2418 non
3157 2374 3425 2434 poterunt,
3453 2365 3556 2419 nisi
3603 2366 3845 2421 membra

2258 2471 2375 2510 mea
2405 2453 2723 2519 efﬁciantur,
2754 2467 2810 2509 ut
2833 2457 2947 2524 ipse
2970 2456 3223 2510 ascendat
3246 2457 3334 2526 qui
3374 2456 3683 2521 descendit;
3722 2458 3846 2527 quia

2259 2563 2419 2603 nemo
2440 2548 2701 2614 ascendit,
2735 2549 2832 2602 nisi
2854 2549 2941 2619 qui
2968 2549 3263 2604 descendit.
3298 2549 3409 2603 Nisi
3457 2565 3587 2621 ergo
3634 2551 3687 2605 in
3721 2553 3842 2607 ιιιιί-

2261 2651 2423 2698 tatem
2454 2640 2653 2695 Christi
2705 2657 2892 2697 omnes
2937 2642 3175 2695 mutandi
3222 2642 3538 2713 levandique
3568 2644 3590 2675 ¹
3619 2659 3843 2699 σοιιειιτα

2259 2745 2402 2801 rant,
2434 2744 2489 2790 ut
2514 2734 2757 2790 Christus
2796 2735 2883 2805 qui
2930 2734 3209 2791 descendit
3253 2734 3367 2805 ipse
3415 2736 3689 2804 ascendat,
3739 2752 3845 2792 non

2259 2827 2401 2881 aliud
2429 2827 2692 2896 deputans
2713 2842 2907 2898 corpus
2929 2844 3106 2893 suum,
3133 2827 3183 2882 id
3206 2836 3309 2893 est,
3344 2828 3636 2883 Ecelesiam
3666 2843 3841 2898 suam,

2258 2934 2416 2989 quam
2445 2935 2505 2974 se
2532 2919 2737 2989 ipsum;
2785 2920 2907 2989 quia
2935 2919 3000 2975 de
3041 2920 3256 2974 Christo
3300 2930 3355 2975 et
3397 2920 3631 2976 Ecclesia
3665 2924 3845 2978 verius

2258 3013 2587 3084 intelligitur,
2616 3012 2777 3067 Erunt
2806 3013 2905 3067 duo
2930 3014 2984 3067 in
3010 3030 3162 3068 carne
3205 3031 3309 3067 una
3358 3012 3509 3085 (Gen.
3535 3030 3594 3081 ιι,
3625 3014 3741 3085 24);
3778 3016 3845 3071 de

2257 3121 2358 3175 qua
2391 3120 2446 3159 re
2475 3106 2588 3174 ipse
2617 3105 2770 3169 dixit,
2803 3104 2984 3176 Itaque
3018 3106 3127 3175 jam
3155 3122 3254 3159 non
3284 3106 3406 3169 duo,
3438 3106 3527 3160 sed
3580 3124 3683 3161 una
3724 3124 3843 3163 caro

2259 3195 2449 3269 (Marc.
2481 3213 2536 3263 ις,
2573 3197 2627 3266 8)
2658 3214 2671 3250 :
2701 3197 2992 3252 ascendere
3012 3198 3231 3251 omnino
3262 3215 3366 3251 non
3404 3207 3690 3267 poterunt;
3719 3202 3842 3268 quia

2257 3306 2401 3343 nemo
2427 3290 2651 3343 ascendit
2680 3290 2731 3343 in
2761 3290 2960 3354 caelum,
3011 3289 3107 3343 nisi
3144 3290 3230 3361 qui
3270 3289 3334 3345 de
3381 3291 3506 3344 cazlo
3563 3291 3839 3357 descendit,

2259 3383 2428 3438 Filius
2461 3384 2697 3448 hominis,
2729 3384 2817 3456 qui
2840 3392 2911 3438 est
2939 3386 2992 3437 in
3012 3382 3425 3450 caelo.Quamvis
3445 3384 3588 3439 enim
3615 3384 3669 3439 in
3698 3395 3841 3439 terra

2256 3475 2424 3529 laettts
2449 3477 2517 3529 sit
2547 3474 2682 3528 ﬁlius
2714 3475 2964 3552 hominis,
2997 3476 3324 3530 divinitatem
3351 3485 3525 3531 tamen
3560 3490 3710 3531 suam
3734 3493 3837 3547 qua

2256 3568 2307 3622 in
2334 3569 2473 3624 caelo
2500 3584 2721 3623 manens
2751 3568 3030 3623 descendit
3059 3568 3125 3622 ad
3168 3578 3383 3635 terram,
3416 3566 3520 3622 non
3566 3568 3841 3639 indignam

2253 3646 2463 3718 censuit
2494 3663 2711 3716 nomine
2737 3660 2829 3715 lilii
2858 3662 3109 3727 hominis,
3142 3663 3279 3715 sicut
3322 3677 3539 3717 carnem
3583 3677 3732 3716 suam
3760 3661 3844 3717 di-

2253 3766 2441 3827 gnatus
2464 3764 2544 3810 est
2570 3755 2784 3809 nomine
2808 3753 2902 3808 ﬁlii
2942 3755 3055 3815 Dei,
3077 3771 3144 3810 ne
3161 3755 3311 3825 quasi
3343 3755 3449 3809 duo
3473 3753 3671 3809 Christi
3695 3755 3798 3809 ista
3820 3756 3842 3787 ³

2252 3848 2578 3916 accipiantur
2604 3845 2702 3919 (a),
2736 3862 2870 3901 unus
2904 3846 3061 3911 Deus,
3096 3855 3147 3900 et
3178 3847 3313 3900 alter
3343 3847 3505 3900 homo
3535 3864 3548 3900 :
3581 3847 3672 3901 sed
3703 3864 3842 3903 unus

2251 3951 2410 4011 atque
2434 3940 2573 3995 idem
2602 3941 2741 3995 Deus
2762 3948 2816 3995 et
2837 3939 3031 4005 Ιιυιιιο;
3060 3941 3218 4004 Deus,
3245 3939 3363 4008 quia
3388 3939 3440 3992 in
3462 3940 3714 4010 principio
3727 3949 3841 3995 erat

2259 4031 2514 4096 Verbum,
2547 4041 2593 4086 et
2627 4030 2845 4085 Verbum
2891 4039 2997 4084 erat
3049 4030 3188 4101 apud
3228 4029 3411 4098 Deum,
3460 4039 3509 4084 et
3544 4028 3686 4085 Deus
3724 4040 3840 4086 erat

2259 4123 2510 4189 Verbum;
2541 4126 2720 4189 homo,
2754 4123 2873 4193 quia
2907 4121 3121 4197 Verbum
3158 4138 3276 4176 caro
3300 4126 3493 4195 factum
3519 4131 3622 4187 est,
3668 4134 3714 4177 et
3739 4125 3841 4177 Ita-

2248 4217 2420 4272 bitarit
2442 4217 2495 4270 in
2525 4217 2667 4270 nobis
2692 4214 2867 4287 (Joan.
2894 4232 2930 4281 ι,
2958 4216 3009 4281 1,
3036 4212 3144 4289 Η).
3174 4217 3251 4269 Ac
3272 4231 3366 4284 per
3392 4214 3492 4269 hoc
3519 4229 3612 4285 per
3632 4215 3841 4279 distan-

2249 4312 2375 4367 tiam
2402 4310 2695 4365 divinitatis
2721 4316 2777 4365 et
2807 4309 3130 4363 inﬁrmitatis
3158 4309 3296 4362 lilius
3354 4309 3444 4362 Dei
3495 4309 3743 4363 manebat
3780 4311 3836 4364 in

2246 4404 2405 4466 emlo,
2434 4403 2572 4456 lilius
2605 4401 2835 4456 hominis
2878 4401 3184 4456 ambulabat
3220 4402 3273 4455 in
3304 4409 3443 4455 terra
3477 4417 3490 4455 :
3522 4417 3619 4471 per
3658 4404 3839 4456 unita-

2247 4505 2351 4551 tem
2403 4511 2528 4550 vero
2577 4510 2863 4566 personae,
2915 4510 3020 4565 qua
3061 4504 3285 4563 utraque
3338 4495 3634 4549 substantia
3692 4511 3835 4552 unus

2244 4588 2484 4643 Christus
2531 4594 2634 4654 est,
2676 4597 2730 4643 et
2758 4585 2896 4641 illius
2954 4586 3047 4640 Dei
3097 4585 3403 4641 ambulabat
3456 4586 3513 4641 in
3563 4597 3726 4654 terra,
3775 4596 3832 4644 et

2243 4678 2381 4733 idem
2411 4679 2523 4747 ipse
2544 4677 2683 4731 ﬁlius
2707 4677 2938 4732 hominis
2980 4679 3229 4731 manebat
3273 4678 3323 4731 in
3382 4678 3539 4734 ctelo.
3572 4678 3659 4733 Fit
3694 4696 3829 4752 ergo

2241 4772 2638 4828 credibiliorum
2661 4770 2793 4824 ﬁdes
2819 4768 2842 4801 ⁸
2867 4785 2933 4824 ex
2960 4769 3445 4826 incredibilioribus
3488 4772 3728 4827 creditis.
3765 4775 3827 4830 Si

2241 4864 2380 4920 enim
2405 4862 2580 4917 divina
2603 4861 2897 4915 substantia
2929 4860 3085 4931 longe
3109 4860 3393 4917 distantior
3416 4874 3580 4934 atque
3618 4864 3830 4920 incom-

2240 4956 2459 5028 parabili
2488 4954 2800 5009 diversitate
2829 4952 3127 5021 sublimior,
3170 4955 3345 5024 potuit
3364 4965 3586 5026 propter
3607 4972 3708 5012 nos
3750 4958 3825 5012 ita

2238 5048 2509 5117 suscipere
2556 5045 2841 5098 humanam
2899 5044 3271 5112 substantiam,
3324 5054 3383 5101 ut
3446 5062 3549 5102 una
3590 5063 3827 5119 persona

2238 5142 2409 5202 ﬁeret,
2436 5153 2498 5193 ac
2526 5136 2603 5192 sic
2626 5135 2763 5191 ﬁlius
2792 5136 3024 5192 hominis
3052 5137 3145 5207 qui
3166 5149 3284 5193 erat
3314 5138 3365 5191 in
3398 5147 3538 5193 terra
3571 5153 3669 5209 per
3696 5154 3823 5195 car-

2236 5232 2318 5287 nis
2345 5229 2729 5294 inﬁrmitatem,
2754 5228 2895 5285 idem
2919 5230 3033 5300 ipse
3064 5238 3208 5285 esset
3231 5230 3282 5283 in
3301 5230 3439 5285 caelo
3469 5245 3566 5300 per
3599 5232 3822 5301 partici-

2235 5334 2410 5396 patam
2435 5322 2583 5378 carni
2608 5322 2939 5377 divinitatem
2971 5336 2985 5376 :
3011 5329 3213 5393 quanto
3234 5320 3546 5377 credibilius
3576 5322 3667 5377 alii
3710 5323 3816 5379 bo-

2296 5462 2314 5493 ι
2351 5466 2400 5510 ιιι
2423 5467 2546 5519 Mss,
2573 5462 2789 5509 credant.

2294 5524 2317 5592 ξ
2348 5532 2449 5592 Am-
2477 5526 2643 5592 ςιβνη
2670 5517 2956 5592 lamnae.
2982 5531 3001 5570 ε
3023 5516 3302 5592 malum.

2297 5583 2317 5615 ι
2341 5591 2440 5632 Αω.
2466 5590 2517 5633 et
2543 5589 2652 5633 ιον.
2678 5594 2739 5633 ne
2761 5579 3574 5647 Mamertinum-tutam}
3596 5582 3821 5648 αιιιειο,

2229 5642 2357 5708 ista;
2387 5645 2517 5708 quod
2538 5646 2688 5695 nostri
2722 5656 2893 5708 omnes
3240 5644 3439 5694 halent.

2293 5707 2315 5738 ⁸
2338 5704 2421 5757 ’5ίὸ
2449 5715 2553 5755 Mss.
2580 5715 2634 5756 Αι
2657 5707 2789 5765 editi,
2815 5704 3239 5768 credibilior

2293 5771 2367 5837 (a)
2398 5776 2551 5833 Error,
2575 5770 2659 5834 qui
2683 5776 2852 5833 postea
2873 5768 2924 5817 in
2946 5768 3163 5821 Nestorio
3182 5768 3438 5822 damnatas
3459 5775 3555 5828 est.
