4074 6538
287 366 368 425 ηε
1675 362 1874 420 LIBER
1905 362 2182 421 PRIMUS.

283 484 434 540 mines
455 479 628 536 sancti
656 489 723 537 et
756 481 966 542 ﬁdeles
990 483 1109 556 ejus
1130 483 1263 539 ﬁunt
1282 493 1402 539 cum
1429 480 1644 536 homine
1664 478 1877 536 Christo

285 591 396 630 unus
416 572 694 638 Christus,
729 585 800 630 ut
830 576 1092 632 omnibus
1118 590 1213 648 per
1234 574 1350 647 ejus
1380 573 1519 629 hanc
1534 571 1759 646 gratiam
1789 586 1881 628 so-

285 671 606 736 cietatemque
691 669 1172 738 ascendentibus,
1250 669 1366 740 ipse
1439 683 1576 723 unus
1636 666 1880 722 Christus

282 761 498 817 ascendat
527 761 586 816 in
619 762 873 832 caelum,
930 767 1022 836 qui
1066 763 1134 820 de
1161 762 1302 820 caelo
1351 760 1663 818 descendit?
1703 759 1792 817 Sic
1826 768 1882 814 et

279 854 537 925 Apostolus
565 855 652 910 ait
689 873 706 911 :
741 857 908 913 Sicut
954 859 1009 914 in
1047 874 1150 912 uno
1194 873 1406 929 corpore
1447 855 1606 910 multa
1657 853 1881 908 membra

279 949 500 1015 habmus,
528 951 729 1004 omnia
747 963 935 1007 autem
957 954 1182 1007 membra
1202 953 1428 1024 corporis
1445 967 1560 1005 cum
1581 950 1681 1005 sint
1700 947 1878 1014 multa,

277 1059 400 1096 suum
435 1051 511 1096 est
532 1058 792 1110 corpus;
819 1048 898 1100 ita
923 1057 972 1100 et
997 1045 1225 1102 Christus
1263 1044 1302 1119 (l
1326 1045 1442 1100 Cor.
1474 1060 1570 1111 xu,
1597 1042 1708 1115 12).
1763 1042 1881 1098 Non

282 1135 397 1197 dixit,
425 1133 498 1188 lta
527 1145 590 1189 et
611 1134 870 1206 Christi,
906 1138 957 1194 id
985 1150 1094 1206 εει,
1117 1153 1315 1208 corpus
1335 1133 1562 1201 Christi,
1591 1135 1673 1190 vel
1708 1150 1879 1191 mem-

281 1227 555 1283 braCbrisli
588 1247 603 1282 :
637 1230 775 1295 sed,
810 1231 890 1284 ita
914 1240 961 1284 et
983 1230 1244 1294 Christus;
1275 1243 1439 1283 unum
1483 1223 1754 1282 Christum
1781 1239 1879 1296 ap-

278 1321 446 1391 pellans
468 1331 653 1390 caput
685 1333 748 1376 ct
771 1338 1002 1394 corpus.

324 1411 543 1469 CAPUT
575 1413 829 1470 XXXII.
855 1446 933 1458 —
959 1415 1050 1470 6|.
1082 1415 1302 1484 Serpens
1329 1413 1382 1466 in
1409 1411 1605 1466 deserto
1630 1407 1880 1465 excitatus

274 1502 502 1558 Christum
541 1505 603 1560 in
650 1523 819 1560 cruce
860 1506 1162 1578 pendentem
1199 1504 1452 1576 ﬁguravit.
1493 1503 1702 1557 Parvuli
1730 1503 1881 1556 etiam

273 1597 349 1666 ipsi
392 1599 655 1668 serpentis
709 1617 898 1654 morsu
947 1599 1194 1654 venenati.
1248 1597 1433 1667 Magna
1485 1597 1598 1650 haec
1642 1596 1880 1666 miraque

273 1691 520 1762 dignatio,
553 1707 694 1764 quae
737 1694 1002 1762 quoniam
1041 1692 1156 1746 ﬁeri
1192 1706 1296 1745 non
1337 1698 1509 1760 p0test
1536 1689 1637 1743 nisi
1670 1703 1763 1758 per
1790 1701 1873 1742 re-

277 1785 568 1840 missionem
626 1795 1030 1856 peccatorum,
1076 1784 1340 1855 sequitur,
1370 1791 1424 1836 ct
1451 1781 1619 1837 dicit:
1653 1779 1717 1833 Et
1753 1779 1882 1832 sicut

281 1875 468 1948 Moyses
510 1877 771 1932 emanavit
825 1886 1115 1945 serpentem
1165 1877 1217 1930 in
1258 1874 1488 1941 deserto,
1544 1871 1614 1926 ita
1669 1869 1882 1926 exaltari

284 1979 459 2039 oportet
497 1969 704 2024 Filium
754 1970 1026 2035 hominis;
1068 1979 1125 2024 ut
1163 1968 1322 2024 ontnis
1380 1967 1466 2033 qui
1523 1965 1791 2020 crediderit
1828 1964 1880 2018 in

278 2077 372 2115 eum
397 2079 499 2116 non
528 2071 748 2131 pereat,
781 2063 876 2117 sed
899 2061 1086 2116 habeat
1116 2062 1263 2114 vitam
1302 2070 1560 2115 aitet-nam.
1593 2057 1728 2128 Quid
1758 2067 1883 2114 tunc

276 2155 320 2210 in
350 2155 568 2212 deserto
624 2155 843 2211 {aetum
893 2156 1006 2222 sit,
1054 2155 1298 2211 novimus
1331 2172 1344 2206 :
1377 2162 1682 2223 serpentum
1737 2166 1883 2206 mor-

281 2247 407 2303 sibus
447 2248 603 2302 multi
652 2248 1080 2312 moriebantur;
1121 2255 1242 2302 tunc
1270 2246 1498 2317 populus
1527 2253 1744 2317 peccata
1785 2259 1882 2299 sua

284 2338 556 2406 confitens,
611 2355 719 2408 per
775 2339 1004 2410 Moysen
1055 2339 1376 2409 deprecatus
1427 2347 1510 2393 est
1564 2336 1878 2404 Dominum,

277 2445 326 2490 ut
349 2435 450 2492 hoc
474 2437 546 2491 ab
585 2435 676 2492 eis
702 2436 861 2490 virus
890 2435 1132 2491 auferret
1166 2450 1181 2487 :
1212 2449 1276 2489 ac
1304 2432 1384 2488 sic
1411 2432 1618 2506 Moyses
1646 2447 1708 2488 ex
1739 2445 1878 2501 prae-

268 2539 412 2598 cepto
451 2529 682 2585 Domini
723 2528 992 2585 cxaltavit
1038 2528 1092 2582 in
1137 2526 1356 2583 deserto
1402 2541 1609 2581 :eneum
1655 2539 1879 2594 serpen-

268 2631 408 2688 tem;
434 2621 842 2693 admonuitque
863 2621 1144 2692 populum,
1173 2631 1231 2675 ut
1255 2621 1402 2676 illum
1427 2619 1714 2676 exaltatum
1735 2618 1882 2688 quis-

273 2712 394 2783 quis
419 2729 455 2768 a
476 2723 742 2784 serpente
765 2711 1104 2769 morderetur
1131 2712 1431 2768 attenderet
1456 2729 1469 2766 :
1504 2711 1606 2766 hoc
1631 2710 1881 2766 facientes

271 2805 540 2859 continuo
567 2806 897 2860 sanabantur
923 2803 1116 2876 (Num.
1135 2819 1251 2868 χιι.
1283 2803 1426 2875 6-9).
1454 2802 1590 2871 Quid
1619 2811 1702 2857 est
1731 2802 1882 2857 exal-

264 2903 407 2950 tatus
433 2910 700 2965 serpens,
725 2897 828 2951 nisi
848 2911 993 2951 mors
1011 2893 1234 2962 Chrisﬁ,
1256 2911 1323 2952 eo
1342 2894 1674 2966 significandi
1697 2893 1878 2962 modo,

265 3002 370 3058 quo
395 3004 498 3059 per
531 2988 869 3045 efﬁcientem
898 2989 952 3043 id
976 2987 1124 3060 quod
1162 2987 1389 3044 efﬁcitur
1431 2985 1804 3058 signiﬁcatur?
1835 2987 1882 3040 Α

265 3089 515 3149 serpente
539 3080 754 3150 quippe
780 3095 933 3136 mors
962 3082 1131 3147 venit,
1159 3081 1246 3151 qui
1280 3089 1579 3151 peccatum,
1611 3095 1716 3150 quo
1745 3077 1883 3134 mori

263 3179 586 3236 mereretur,
619 3171 843 3226 homini
883 3171 1170 3242 persuasit.
1197 3170 1454 3225 Dominus
1477 3180 1654 3224 autem
1685 3169 1736 3224 in
1766 3183 1885 3224 car-

259 3278 385 3317 nem
413 3277 573 3317 suam
618 3279 736 3318 non
781 3272 1070 3334 peccatum
1103 3262 1391 3328 transtulit,
1425 3271 1674 3333 tanquam
1717 3275 1883 3316 vene-

258 3369 391 3409 num
437 3356 722 3425 serpentis
766 3373 781 3408 :
833 3355 931 3410 sed
979 3365 1158 3410 tamen
1200 3353 1470 3408 transtulit
1511 3361 1775 3416 mortem;
1825 3361 1885 3408 ut

261 3457 414 3504 esset
438 3449 496 3503 in
516 3448 890 3504 similitudine
915 3450 1098 3505 carnis
1135 3449 1334 3528 peccati
1361 3463 1518 3518 paena
1545 3447 1660 3504 sine
1687 3448 1841 3518 culpa
1863 3488 1880 3514 ,

258 3539 408 3597 unde
449 3541 506 3596 in
552 3557 725 3598 carne
750 3542 971 3614 peccati
1001 3551 1057 3596 et
1099 3541 1252 3612 culpa
1298 3540 1597 3598 solveretur
1625 3551 1676 3596 et
1703 3554 1881 3611 poena.

259 3630 421 3688 Sicut
451 3647 586 3704 ergo
614 3642 774 3696 tunc,
806 3634 900 3704 qui
940 3633 1302 3703 conspiciebat
1343 3632 1632 3688 exaltatum
1660 3647 1882 3702 serpen-

261 3733 401 3792 tem,
430 3735 486 3780 et
511 3741 545 3780 a
585 3740 812 3781 veneno
852 3725 1164 3792 sanabatur,
1195 3733 1248 3780 et
1267 3739 1295 3777 a
1323 3735 1496 3780 morte
1519 3724 1880 3780 liberabatur:

257 3818 342 3869 sic
368 3832 540 3882 nunc,
571 3817 667 3887 qui
713 3815 1090 3872 conformatur
1115 3814 1449 3871 similitudini
1480 3815 1666 3870 mortis
1689 3813 1884 3870 Christi

258 3922 364 3978 per
395 3908 563 3964 ﬁdem
597 3908 1043 3980 baptismumque
1067 3907 1203 3978 ejus,
1234 3916 1288 3963 et
1310 3924 1339 3963 a
1371 3917 1593 3980 peccato
1618 3923 1710 3978 per
1732 3906 1888 3978 justi-

263 3999 613 4069 ﬁcationem,
641 4011 700 4056 et
728 4017 761 4056 a
791 4010 968 4056 morte
999 4016 1096 4072 per
1127 4002 1571 4056 resurrectionem
1609 4000 1883 4056 liberatur.

252 4089 383 4148 Hoc
407 4100 500 4148 est
524 4092 676 4148 enim
708 4093 860 4164 quod
885 4095 984 4158 ait,
1010 4102 1068 4147 ut
1093 4094 1255 4148 omnis
1273 4094 1362 4166 qui
1391 4095 1548 4148 credit
1564 4094 1618 4148 in
1646 4109 1758 4148 eum
1785 4108 1886 4148 non

253 4194 468 4253 pereat,
490 4185 584 4239 sed
609 4184 798 4238 habeat
823 4185 978 4238 vitam
1001 4193 1262 4240 cateruam.
1291 4185 1427 4252 Quid
1451 4186 1606 4256 igitur
1624 4199 1758 4256 Opus
1779 4193 1882 4253 est,

253 4284 326 4328 ut
360 4277 575 4330 Christi
607 4276 776 4331 morti
809 4291 906 4346 per
933 4276 1264 4348 Baptismum
1295 4277 1660 4333 conformetur
1687 4293 1886 4348 ρει-νυ-

249 4369 388 4434 lus,
430 4371 479 4424 si
507 4385 697 4426 morsu
727 4369 1000 4440 serpentis
1041 4387 1150 4426 non
1190 4381 1272 4426 est
1308 4370 1528 4426 omnino
1555 4368 1888 4426 venenatus?

335 4463 578 4520 CAPUT
597 4463 851 4520 XXXIII.
867 4464 1044 4520 —-62.
1069 4463 1236 4520 Nemo
1254 4473 1414 4537 potest
1431 4465 1742 4519 reconciliari
1762 4464 1886 4531 Deo,

253 4555 374 4608 nisi
395 4573 490 4626 per
505 4556 795 4611 Christum.
823 4557 1028 4612 Deinde
1049 4556 1128 4612 sic
1150 4567 1542 4628 consequenter
1560 4556 1690 4610 dicit
1712 4573 1725 4608 :
1751 4555 1890 4610 Deus

251 4649 342 4702 sic
369 4649 556 4703 dilexit
583 4650 836 4704 mundum
858 4693 874 4719 ,
904 4659 960 4704 ut
980 4648 1180 4704 Filium
1203 4667 1351 4704 suum
1378 4651 1690 4722 unigenitum
1716 4649 1890 4714 daret:

253 4751 322 4792 at
348 4743 523 4797 castris
545 4743 638 4812 qui
663 4743 828 4796 credit
854 4743 910 4796 in
934 4759 1066 4808 eum,
1090 4759 1190 4797 non
1216 4751 1405 4813 pereat,
1424 4743 1512 4797 sed
1539 4741 1718 4797 habeat
1738 4741 1893 4795 vitam

259 4843 546 4888 clerum.
586 4836 873 4892 Periturus
900 4845 1021 4892 erat
1046 4851 1174 4908 ergo
1201 4836 1454 4907 parvulus
1489 4851 1588 4892 nec
1617 4836 1893 4891 habiturus

269 4928 442 4982 :itam
463 4939 757 4996 :cternam,
779 4947 825 4985 sn
847 4947 943 5002 per
964 4939 1357 4986 sacramentum
1378 4931 1627 5002 Baptismi
1651 4947 1756 4986 non
1777 4946 1894 4986 ere-

254 5016 436 5073 deret
465 5021 520 5074 in
544 5022 562 5052 ¹
588 5021 926 5091 unigenitum
953 5022 1044 5076 Dei
1069 5021 1282 5090 Filium,
1310 5022 1434 5077 dum
1465 5024 1672 5078 interim
1702 5022 1779 5078 sic
1803 5037 1894 5078 ve-

255 5112 350 5165 nit
379 5120 447 5166 ut
491 5128 604 5167 non
631 5112 835 5182 iudicet
863 5114 1153 5179 mundum,
1184 5115 1277 5170 sed
1307 5124 1361 5170 ut
1397 5116 1632 5171 salvetur
1665 5115 1895 5172 mundus

259 5215 371 5269 per
387 5199 580 5272 ipsum
599 5221 617 5256 :
639 5204 940 5274 prasertim
961 5204 1084 5274 quia
1102 5206 1361 5276 sequitur,
1381 5215 1435 5262 et
1452 5207 1602 5272 dicit,
1626 5206 1725 5274 Qui
1740 5206 1897 5260 credit

261 5291 328 5344 {ss
355 5309 506 5359 eum,
535 5311 644 5348 non
664 5295 934 5366 judicatur
953 5313 972 5351 :
1000 5297 1085 5367 qui
1107 5306 1274 5351 autem
1302 5315 1403 5352 non
1427 5300 1605 5364 credit,
1619 5300 1732 5369 jam
1761 5299 1899 5366 iudi-

265 5393 426 5438 catus
441 5393 557 5450 est;
583 5385 704 5452 quia
719 5402 821 5440 non
840 5386 1053 5441 credidit
1079 5387 1131 5441 in
1153 5389 1350 5443 nomine
1369 5389 1614 5460 unigeniti
1640 5387 1758 5444 Filii
1780 5387 1894 5444 Dei.

266 5475 384 5534 libi
415 5495 556 5550 ergo
597 5481 852 5551 parvulos
883 5481 1137 5551 ponimus
1176 5481 1470 5553 baptizatos
1490 5525 1504 5550 ,
1539 5483 1638 5537 nisi
1666 5483 1808 5536 inter
1839 5480 1902 5536 Il-

267 5568 460 5637 deies,
494 5572 640 5627 sicut
677 5573 944 5628 universa:
974 5572 1172 5642 ubique
1200 5573 1454 5630 Ecclesia:
1495 5575 1690 5630 clamat
1717 5582 1900 5630 aucto-

253 5661 463 5716 ritas?
499 5664 646 5734 Ergo
675 5665 816 5720 inter
846 5679 945 5722 eos
973 5666 1067 5736 qui
1112 5665 1484 5732 crediderunt;
1516 5669 1616 5724 hoc
1651 5669 1792 5722 enim
1823 5668 1902 5722 eis

271 5755 592 5827 acquiritur
639 5771 738 5828 per
785 5757 1048 5812 virtutem
1093 5756 1415 5814 Sacramenti
1462 5767 1518 5814 et
1565 5759 1900 5816 offerentium

343 5867 365 5900 ⁸
399 5869 660 5935 traditurseu
677 5871 906 5922 crederet
929 5866 1244 5935 mtigeuitum,
1262 5871 1437 5922 omissa
1455 5871 1894 5935 praepositioneﬁn,

271 5939 394 6000 qu
422 5931 513 5986 hic
541 5940 714 5990 exstat
734 5935 786 5986 in
807 5931 1175 5992 mnusd'iptis.

3423 401 3434 410 ο
3476 377 3580 440 NG

1989 481 2394 552 responsionem
2426 499 2443 542 :
2469 497 2532 540 ac
2553 498 2652 556 per
2675 484 2779 543 hoc
2799 501 2894 546 eos
2914 488 3004 561 qui
3024 487 3276 564 baptizsti
3299 507 3406 550 non
3431 505 3579 567 sunt,

1991 577 2131 634 inter
2152 592 2248 633 eos
2270 578 2360 649 qui
2386 594 2494 634 non
2521 581 2882 638 crediderunt.
2916 584 3085 642 Porro
3109 585 3156 642 si
3181 587 3256 643 illi
3285 587 3374 657 qui
3403 587 3579 659 bapti-

1989 668 2092 723 zati
2123 679 2266 736 sunt,
2298 684 2403 724 non
2429 670 2769 741 judicantur;
2800 675 2885 730 isti
2914 676 3037 746 quia
3066 687 3251 733 carent
3280 678 3576 749 Baptismo,

1983 759 2306 829 judicantur.
2334 761 2485 830 Quod
2532 778 2658 817 vero
2687 763 2924 836 adjuugit
2943 809 2958 833 ,
2987 766 3100 822 Iloc
3138 778 3212 823 cst
3235 777 3405 824 autem
3425 770 3578 842 judi-

1987 853 2140 920 cium,
2167 854 2286 924 quia
2313 854 2404 909 tua:
2432 856 2563 909 vertit
2592 855 2644 910 iu
2672 857 2940 923 mundum,
2969 870 3014 914 et
3040 861 3324 916 dilexerunt
3353 863 3580 918 homines

1989 944 2220 1000 tenebras
2243 947 2408 1019 magis
2433 963 2582 1016 quam
2621 947 2783 1002 lucem
2807 965 2825 1003 :
2850 950 3014 1018 unde,
3048 952 3163 1007 Lua:
3189 956 3321 1008 venit
3345 956 3400 1008 in
3427 972 3578 1010 mun-

1987 1035 2127 1102 dum,
2170 1036 2274 1092 nisi
2302 1037 2370 1092 de
2397 1054 2498 1094 suo
2541 1039 2671 1094 dicit
2697 1039 2949 1105 adventu,
2996 1043 3111 1097 sine
3139 1045 3290 1116 cujus
3319 1046 3579 1103 adventus

1987 1141 2323 1186 sacramento
2352 1133 2618 1202 quomodo
2642 1135 2846 1206 parvuli
2891 1151 3012 1191 esse
3041 1137 3287 1194 dicuntur
3324 1141 3374 1194 in
3418 1140 3578 1198 luce?

1985 1222 2092 1277 Aut
2111 1224 2380 1292 quomodo
2404 1241 2506 1280 non
2529 1237 2584 1282 et
2613 1227 2712 1282 huc
2735 1228 2786 1282 in
2813 1228 3098 1284 dilectione
3121 1231 3461 1288 tenebrarum
3483 1233 3575 1288 ha-

1985 1313 2154 1383 bent,
2186 1316 2274 1386 qui
2305 1318 2754 1388 quemadmodum
2787 1320 2888 1389 ipsi
2936 1338 3043 1376 non
3089 1322 3334 1391 credunt,
3369 1327 3447 1381 sic
3475 1343 3576 1385 nec

1986 1407 2333 1478 baptizandus
2378 1426 2504 1467 suos
2549 1412 2793 1480 parvulos
2836 1413 3196 1482 arbitrantur,
3240 1417 3455 1487 quando
3497 1420 3576 1476 eis

1986 1514 2213 1558 mortem
2247 1505 2490 1572 corporis
2534 1506 2766 1560 timent?
2797 1505 2862 1560 In
2896 1506 3003 1561 Deo
3049 1517 3228 1564 autem
3271 1509 3399 1565 dicit
3439 1511 3577 1581 facta

1985 1611 2139 1664 opera
2167 1599 2298 1666 ejus,
2325 1596 2416 1667 qui
2433 1597 2563 1651 venit
2582 1598 2650 1651 ad
2669 1599 2868 1663 lucem;
2895 1601 3016 1670 quia
3040 1601 3287 1673 intelligit
3307 1604 3575 1672 justiﬁca-

1987 1687 2184 1740 tionem
2215 1703 2366 1743 suam
2397 1704 2502 1744 non
2533 1689 2600 1744 ad
2639 1706 2732 1744 sua
2761 1692 2970 1758 merita,
3002 1693 3095 1749 sed
3137 1695 3202 1750 ad
3231 1697 3322 1752 Dei
3348 1699 3576 1769 gratiam

1986 1781 2272 1850 pertinere.
2307 1780 2448 1838 Deus
2470 1793 2540 1838 est
2561 1785 2714 1848 enim,
2746 1785 2915 1856 inquit
2939 1787 3248 1857 Apostolus,
3285 1791 3371 1861 qui
3391 1809 3576 1859 opera-

1987 1880 2068 1924 tur
2105 1873 2158 1926 iu
2200 1874 2336 1927 vobis
2366 1874 2382 1905 ⁸
2422 1883 2468 1928 et
2511 1873 2638 1929 velle
2674 1884 2719 1930 et
2759 1877 2991 1948 operari,
3029 1895 3122 1950 pro
3163 1879 3294 1935 bona
3323 1883 3580 1940 voluntate

1986 1962 2005 2033 (
2035 1960 2266 2034 Philipp.
2302 1981 2358 2028 ιι,
2390 1965 2502 2034 15).
2531 1965 2642 2020 Iloc
2670 1967 2832 2022 modo
2857 1983 2986 2038 ergo
3017 1969 3075 2024 Iit
3098 1971 3336 2026 omnium
3367 1989 3432 2028 ex
3459 1988 3578 2031 car-

1987 2055 2093 2108 nali
2122 2057 2468 2125 generatione
2491 2056 2558 2112 ad
2589 2057 2858 2114 Christum
2887 2061 3214 2116 venientium
3241 2066 3578 2134 regeneratio

1985 2151 2295 2220 spiritualis.
2319 2151 2437 2220 Ipse
2465 2152 2566 2207 hoc
2588 2155 2817 2223 aperuit,
2849 2155 2962 2228 ipse
2994 2159 3327 2223 monstravit,
3356 2174 3478 2215 cum
3509 2159 3578 2217 ab

1971 2257 2050 2297 »ρο
2081 2240 2416 2322 quaereretur
2461 2245 2726 2314 quomodo
2771 2258 2989 2316 possent
3033 2248 3130 2303 ista
3177 2249 3328 2315 ﬁeri;
3375 2251 3576 2308 nemini

1985 2334 2273 2391 humanam
2301 2339 2814 2408 argumentationem
2847 2340 2900 2395 in
2929 2340 3028 2396 hac
3052 2357 3211 2398 causa
3242 2342 3462 2399 liberam
3493 2343 3576 2400 Ie-

1984 2430 2105 2485 cit:
2158 2446 2263 2484 non
2309 2431 2652 2487 alienentur'
2699 2433 2902 2502 parvuli
2947 2450 2977 2488 a
3026 2437 3195 2506 gratia
3244 2437 3578 2494 remissionis

1986 2530 2350 2592 peccatorum.
2378 2521 2494 2577 Non
2526 2523 2680 2578 aliter
2709 2525 2967 2580 transitur
2993 2525 3059 2580 ad
3085 2526 3386 2594 Christum;
3413 2543 3577 2586 nemo

1984 2613 2140 2668 aliter
2166 2622 2342 2682 potest
2374 2613 2483 2669 Deo
2507 2615 2842 2670 reconciliari
2871 2625 2927 2672 et
2951 2615 3018 2672 ad
3047 2617 3215 2674 Deum
3238 2620 3443 2688 venire,
3472 2619 3575 2678 nisi

1986 2721 2082 2776 per
2105 2704 2398 2762 Christum.

2053 2795 2278 2855 CAPUT
2311 2799 2550 2855 XXXIV.
2576 2829 2648 2844 --
2673 2801 2759 2858 65.
2792 2801 3044 2874 Baptismi
3073 2803 3276 2874 forma,
3308 2821 3397 2860 seu
3424 2805 3572 2860 ritus.

1985 2890 2336 2948 Exoreismus.
2381 2892 2586 2965 Duplex
2625 2895 2688 2949 de
2730 2896 2955 2966 parvulis
2997 2913 3156 2952 error.
3200 2897 3338 2964 Quid
3365 2898 3434 2954 de
3462 2899 3576 2969 ipsa

1986 2983 2157 3043 forma
2200 2984 2517 3042 sacramenti
2559 2987 2790 3058 loquar?
2847 2989 3046 3044 Vellem
3091 2990 3282 3060 aliquis
3327 2992 3574 3059 istorum,

1985 3075 2074 3146 qui
2119 3079 2383 3132 contraria
2420 3079 2671 3150 sapiunt,
2711 3079 2839 3134 mihi
2889 3080 3263 3150 baptizandnm
3299 3081 3577 3152 parvulum

1985 3169 2218 3226 alierret.
2247 3170 2381 3238 Quid
2425 3171 2476 3224 in
2524 3171 2616 3226 illo
2666 3173 2774 3242 agit
2823 3173 3152 3227 exorcismus
3197 3187 3384 3240 meus,
3433 3172 3482 3228 si
3521 3173 3578 3230 in

1985 3263 2184 3319 familia
2215 3263 2415 3319 diaboli
2457 3278 2564 3319 non
2607 3263 2861 3320 tenetur?
2899 3265 3016 3336 Ipse
3051 3273 3196 3321 certe
3237 3266 3366 3320 mihi
3406 3265 3582 3322 fuerat

1985 3370 2340 3427 responsurus
2397 3371 2495 3427 pro
2553 3357 2744 3413 eodem
2807 3357 3028 3428 parvulo
3086 3373 3245 3428 quem
3301 3365 3576 3430 gestaret,

1985 3449 2112 3520 quia
2156 3464 2251 3519 pro
2291 3463 2350 3504 se
2393 3447 2486 3505 ille
2523 3449 2850 3521 respondere
2898 3465 3004 3506 non
3051 3457 3251 3522 posset.
3298 3449 3580 3520 Quomodo

1987 3557 2116 3613 ergo
2157 3542 2398 3598 dicturus
2444 3549 2560 3597 erat
2605 3558 2727 3598 eum
2775 3543 3081 3599 renuntiare
3128 3544 3376 3614 diabolo,
3426 3544 3582 3616 cujus

1987 3633 2040 3688 in
2082 3648 2149 3689 eo
2192 3633 2324 3688 nihil
2369 3634 2554 3689 esset?
2594 3633 2874 3703 Quomodo
2911 3635 3149 3690 converti
3193 3635 3258 3690 ad
3299 3636 3464 3692 Deum
3488 3677 3504 3704 ,
3545 3649 3578 3690 ι

1986 3739 2092 3794 quo
2123 3740 2231 3780 non
2257 3732 2401 3780 esset
2429 3723 2693 3780 aversus?
2717 3725 2939 3780 credere
2965 3727 3102 3781 inter
3129 3735 3321 3782 caetera
3351 3727 3372 3760 ³
3396 3728 3580 3784 remis-

1987 3815 2195 3870 sionem
2243 3823 2604 3886 peccatornm,
2652 3831 2772 3886 qua:
2799 3817 2874 3870 illi
2902 3817 3044 3871 nulla
3076 3817 3440 3874 tribueretur?
3464 3819 3578 3890 Ego

1987 3906 2202 3978 quidem
2235 3907 2278 3962 si
2305 3898 2634 3962 contraham
2669 3922 2791 3962 eum
2836 3908 3037 3964 sentire
3063 3909 3446 3978 existimarem,
3477 3925 3581 3968 nec

1987 3996 2056 4052 ad
2107 3997 2452 4054 Sacramenta
2502 4013 2622 4054 cum
2669 3999 2888 4068 parvulo
2931 4000 3129 4055 intrare
3172 4002 3574 4071 permitterem:

1988 4087 2104 4158 ipse
2127 4099 2306 4144 autem
2335 4089 2388 4146 in
2423 4090 2522 4146 hoc
2549 4103 2650 4160 qua
2679 4088 2856 4144 fronte
2883 4090 2950 4144 ad
2978 4089 3242 4158 homines,
3271 4109 3372 4162 qua
3399 4102 3579 4150 mente

1988 4181 2055 4236 ad
2089 4183 2254 4238 Deum
2285 4197 2344 4238 se
2369 4181 2555 4250 ferret,
2589 4183 2813 4255 ignoro;
2847 4198 2948 4240 nec
2974 4184 3098 4238 volo
3125 4184 3324 4256 aliquid
3366 4187 3580 4258 gravius

1989 4269 2190 4328 dicere.
2238 4273 2449 4330 Falsum
2479 4275 2638 4344 igitur
2663 4275 2746 4330 vel
2779 4275 3017 4330 fallacem
3045 4274 3180 4330 tradi
3211 4278 3446 4346 parvulis
3473 4277 3582 4334 Ba-

1990 4366 2256 4436 ptismatis
2279 4367 2500 4422 formam
2524 4368 2576 4422 in
2597 4383 2696 4438 qua
2719 4379 2935 4422 sonaret
2954 4376 3113 4438 atque
3138 4369 3221 4441 agi
3245 4369 3516 4424 videretur
3534 4369 3576 4434 ⁸,

1990 4466 2046 4512 et
2071 4465 2248 4514 tamen
2291 4460 2428 4514 nulla
2458 4459 2614 4515 ﬂeret
2649 4460 2896 4514 remissio
2936 4470 3272 4531 peccatorum
3293 4503 3306 4524 ,
3335 4461 3585 4518 viderunt

1991 4551 2158 4620 aliqui
2187 4565 2372 4605 eorum
2399 4551 2529 4604 nihil
2559 4551 2940 4605 exsecrabilius
2980 4567 3044 4606 ac
3071 4551 3436 4606 detestabilius
3477 4551 3582 4610 dici

1993 4659 2151 4716 posse
2193 4653 2352 4714 atque
2391 4643 2598 4698 sentiri.
2644 4644 2876 4700 Proinde
2915 4645 3059 4716 quod
3092 4647 3280 4702 attinet
3309 4647 3374 4702 ad
3402 4647 3584 4718 Bapti-

1995 4751 2167 4793 smum
2189 4737 2550 4809 parvulorum,
2575 4745 2634 4821 ut
2653 4737 2732 4793 eis
2751 4739 2820 4793 sit
2841 4740 3192 4805 necessarius,
3216 4740 3586 4812 redemptione

1997 4834 2126 4906 ipsis
2157 4834 2316 4887 etiam
2343 4843 2477 4901 opus
2502 4845 2624 4887 esse
2651 4831 2972 4898 concedunt,
3003 4833 3142 4888 sicut
3167 4831 3446 4902 cujusdam
3489 4848 3585 4890 eo-

1996 4941 2114 4982 rum
2145 4923 2324 4978 libello
2350 4921 2668 4978 brevissimo
2706 4923 3010 4978 continetur
3038 4939 3051 4976 :
3079 4922 3167 4992 qui
3195 4931 3372 4980 tamen
3400 4923 3471 4978 ibi
3496 4939 3588 4980 re-
3684 4968 3689 4972 .

1997 5016 2307 5073 missionem
2337 5015 2562 5084 alicujus
2587 5015 2793 5086 peccati
2821 5015 3058 5084 apertius
3077 5015 3378 5085 exprimere
3397 5013 3588 5070 noluit.

1997 5108 2145 5164 Sient
2169 5117 2346 5162 autem
2379 5106 2508 5160 mihi
2532 5106 2648 5177 ipse
2672 5107 2864 5163 litteris
2894 5107 3178 5175 intimasti,
3207 5107 3441 5164 fatentur
3455 5107 3591 5178 jam,

1998 5211 2056 5258 ut
2075 5203 2208 5257 dicis
2227 5244 2244 5268 ,
2281 5203 2442 5256 etiam
2469 5201 2520 5256 in
2554 5202 2787 5270 parvulis
2814 5216 2913 5273 per
2941 5201 3272 5272 Baptismum
3317 5202 3600 5259 remissio-

2001 5310 2120 5350 nem
2152 5294 2266 5349 Iieri
2293 5305 2649 5363 peccatorum.
2678 5293 2786 5348 Nec
2813 5294 3002 5349 mirum
3030 5312 3044 5350 :
3075 5310 3182 5350 non
3209 5295 3350 5354 enim
3383 5294 3598 5350 redem-

2002 5386 2110 5456 ptio
2134 5385 2240 5440 alio
2266 5384 2425 5440 modo
2446 5392 2626 5454 posset
2649 5385 2893 5454 intelligi.
2919 5383 3044 5441 Non
3068 5395 3234 5442 tamen
3257 5383 3592 5456 originalitcr,

2067 5499 2084 5531 ι
2117 5496 2255 5557 Fditi,
2278 5495 2431 5547 nobis.
2451 5495 2672 5558 Nonnulli
2696 5497 3028 5558 manuscripti,
3045 5493 3189 5547 vobis.

2065 5561 2093 5634 ﬁ.
2119 5556 2267 5634 editi,
2292 5565 2344 5609 ut
2372 5571 2468 5609 non
2483 5556 2769 5610 alienentur.
2797 5556 3059 5619 canicula,
3083 5563 3136 5608 ut
3154 5592 3170 5618 ,
3190 5557 3334 5610 abest
3367 5569 3397 5608 a
3417 5569 3595 5608 manu-

2005 5629 2292 5746 sc‘zpit‘lliires
2309 5690 2442 5746 διεδ..
2467 5681 2668 5734 credere
2703 5687 2976 5746 ρνιεεετθαι
3001 5680 3390 5746 υθπκ-έάίιίθηθε
3417 5689 3518 5746 Am.
3545 5689 3603 5734 et

2005 5752 2101 5805 tua,
2124 5743 2176 5795 in
2199 5744 2524 5796 remissionem
2545 5742 2884 5809 peccatorum;
2905 5743 3092 5809 adjecta
3108 5742 3206 5794 illic
3222 5744 3566 5809 pracposiuone
3581 5775 3602 5805 ο

2007 5823 2116 5881 qua;
2141 5810 2282 5858 abest
2304 5820 2332 5857 a
2355 5807 2692 5871 utatntscrijtis
2709 5843 2722 5870 ,
2749 5814 2801 5858 et
2823 5807 2998 5856 merito
3023 5812 3265 5869 expuncta
3301 5807 3390 5857 luit
3409 5820 3499 5870 per
3520 5812 3604 5857 ω-

2012 5883 2328 5984 ωῗιξέιοεῗέε.
2355 5937 2409 5982 At
2433 5931 2568 5996 editi,
2591 5937 2782 5982 sonaret
2803 5928 2932 5996 quod
2956 5927 3118 5997 utique
3133 5928 3215 5996 agi
3245 5929 3508 5982 videretur.
