4074 6528
573 404 678 461 147
886 444 901 461 ,
1192 393 1280 447 DE
1318 379 1772 444 PECCATORUM
1808 374 2085 433 MERITIS
2120 368 2211 431 ET
2248 370 2672 439 REMISSIONE,
2713 370 2770 427 S.
2813 368 3184 427 AUGUSTINI
3720 363 3825 420 148

574 516 840 589 inquiunt,
868 511 953 567 sed
973 510 1027 564 in
1046 507 1147 582 sita
1157 506 1269 576 jam
1290 500 1514 573 propria.
1539 504 1862 570 posteaquam
1883 492 1991 547 παιί
2008 499 2145 558 ωηεν

579 618 839 686 peccatum
863 603 1040 660 habere
1062 604 1334 669 cmperunt.

650 702 741 760 θι.
764 694 1115 766 Quamobrem
1136 688 1287 744 vides
1302 694 1552 758 quantum
1569 681 1678 754 jam
1695 680 1857 736 distet
1875 678 2015 766 inter
2034 688 2150 743 eos,

582 800 770 851 contra
791 765 928 859 quos
952 786 1003 839 in
1032 783 1134 837 hoc
1160 794 1321 851 opere
1360 777 1451 833 diu
1485 776 1595 846 jam
1622 773 1955 839 multumque
1980 765 2152 822 disse~

581 884 687 949 rui,
718 890 944 950 quorum
968 872 1129 930 etiam
1151 870 1307 927 unius
1334 868 1436 938 legi
1459 867 1652 921 librum
1680 877 1741 918 ea
1770 860 2150 947 continentem,

581 942 705 1044 qua:
722 942 783 1025 ut
808 952 955 1039 potui
975 963 1221 1022 refutavi.
1253 962 1396 1016 inter
1424 958 1555 1013 istos
1577 969 1724 1025 ergo,
1752 959 1814 1008 ut
1834 942 2154 1044 dicereeas-

576 1038 787 1134 peram,
810 1038 904 1130 qui
946 1056 1165 1113 omnino
1190 1051 1434 1124 parvulos
1460 1048 1529 1103 ab
1551 1046 1694 1102 omni
1726 1049 1939 1134 peccata
1974 1048 2029 1096 et
2049 1038 2157 1093 ori-

581 1133 745 1225 ginali
785 1158 841 1206 et
868 1147 1083 1221 proprio
1107 1158 1268 1217 puros
1292 1150 1345 1198 et
1382 1141 1580 1197 liberos
1604 1152 1724 1194 esse
1749 1133 2064 1225 defendunt,
2100 1137 2158 1186 et

539 1291 547 1314 ι
581 1222 719 1299 istos
747 1242 842 1314 qui
880 1253 975 1296 eos
995 1238 1103 1309 jam
1150 1242 1303 1291 natos
1344 1230 1559 1303 propria
1604 1233 1791 1299 putant
1830 1222 2156 1280 contraxisse

536 1304 548 1374 ἶ
582 1304 822 1406 peccata,
847 1347 880 1387 a
916 1304 1110 1402 quibus
1132 1342 1228 1384 eos
1254 1324 1479 1381 credunt
1502 1336 1596 1392 per
1638 1319 1962 1388 Baptismum
1998 1327 2160 1384 opor-

536 1415 548 1522 ξ
587 1433 705 1481 tere
730 1422 1245 1495 purgari,~quantum
1270 1415 1480 1472 intersit
1502 1412 1671 1468 vides.
1696 1408 1924 1466 Proinde
1948 1406 2036 1460 isti
2063 1418 2159 1475 po-

587 1515 844 1571 steriores
872 1511 1124 1568 intuendo
1149 1509 1450 1579 Scripturas
1474 1544 1490 1571 ,
1516 1513 1571 1561 et
1606 1502 1972 1559 auctoritatem
1998 1497 2157 1552 totius

591 1605 848 1663 Ecclesiae
867 1643 881 1669 ,
910 1610 964 1658 et
991 1602 1213 1657 formam
1253 1598 1419 1670 ipsius
1455 1593 1783 1653 Sacramenti
1801 1634 1817 1660 ,
1846 1592 1983 1646 bene
2009 1587 2159 1644 vide-

586 1703 714 1751 runt
740 1710 837 1766 per
863 1694 1186 1765 Baptismum
1217 1692 1270 1746 in
1295 1688 1527 1761 pamlis
1568 1694 1905 1759 peccatorum
1933 1680 2047 1737 ﬁeri
2073 1694 2161 1735 re-

586 1786 896 1845 missionem
920 1801 935 1840 :
966 1785 1061 1841 sed
1085 1783 1339 1854 originale
1366 1796 1486 1838 esse
1512 1781 1555 1849 ί,
1580 1775 1833 1849 quidquid
1856 1773 1983 1830 illud
2010 1773 2063 1827 in
2084 1771 2161 1827 eis

588 1887 691 1947 est,
735 1878 820 1934 vel
862 1877 1048 1932 nolunt
1074 1875 1285 1940 dicere,
1313 1873 1398 1928 vel
1435 1886 1540 1927 non
1568 1876 1813 1941 possunt.
1861 1866 1942 1921 illi
1983 1870 2162 1919 autem

587 1972 797 2042 priores
822 1969 876 2023 in
902 1969 1014 2038 ipsa
1056 1976 1245 2022 natura
1287 1965 1513 2021 humana
1534 2004 1550 2029 ,
1578 1976 1697 2032 qum
1725 1961 1794 2016 ab
1818 1958 2067 2015 omnibus
2106 1961 2165 2011 ut

588 2060 958 2117 consideretur
982 2058 1035 2113 in
1067 2065 1311 2127 promptu
1338 2064 1439 2122 est,
1468 2054 1605 2110 bene
1628 2052 1893 2119 viderunt,
1920 2047 2063 2121 quod
2086 2046 2165 2103 fa-

588 2152 694 2207 cile
721 2150 840 2218 l‘uit,
873 2157 1083 2205 aetatem
1111 2149 1256 2204 illam
1301 2149 1357 2201 in
1384 2162 1478 2201 sua
1499 2146 1609 2216 jam
1646 2144 1754 2200 vita
1782 2142 1994 2214 propria
2030 2138 2165 2196 nihil

586 2243 792 2314 peccati
820 2243 1059 2314 potuisse
1084 2241 1398 2298 contrahere
1430 2257 1443 2293 :
1474 2239 1568 2294 sed
1610 2252 1679 2292 ne
1704 2242 1978 2306 peccatum
2004 2233 2165 2303 origi-

585 2335 710 2391 naie
734 2334 1022 2402 fateantur,
1049 2334 1256 2389 nullum
1276 2346 1393 2389 esse
1416 2330 1634 2391 omnino
1660 2336 1935 2398 peccatum
1959 2326 2014 2382 in
2040 2340 2164 2396 par-

593 2426 738 2483 vulis
763 2426 963 2481 dicunt.
1010 2424 1067 2480 in
1095 2426 1178 2481 his
1201 2439 1329 2494 ergo
1363 2436 1483 2493 quae
1526 2421 1732 2492 singula
1754 2434 1881 2476 vera
1907 2418 2090 2476 dicunt
2117 2419 2162 2486 ¹,

594 2519 745 2589 priis
782 2519 920 2574 inter
941 2532 1003 2574 se
1026 2518 1129 2588 ipsi
1169 2518 1538 2580 consentiant,
1568 2524 1624 2571 et
1661 2519 2048 2584 consequenter
2073 2510 2167 2565 ﬁet

588 2618 651 2666 ut
674 2625 706 2665 a
732 2611 888 2668 nobis
915 2608 1062 2665 nulia
1091 2622 1158 2667 ex
1184 2616 1337 2678 parte
1373 2607 1705 2663 dissentiant.
1736 2604 1867 2660 Nam
1896 2604 1942 2659 si
1970 2617 2165 2673 parvu-

589 2711 659 2768 lis
677 2711 957 2782 baptizatis
982 2709 1352 2766 remissionem
1378 2707 1491 2763 ﬁeri
1516 2712 1850 2776 peccatorum
1872 2700 2168 2758 concedant

589 2802 669 2859 illi
692 2803 848 2869 istis;
876 2801 1123 2873 parvulos
1144 2808 1345 2866 autem,
1376 2806 1434 2854 ut
1461 2799 1574 2868 ipsa
1598 2802 1786 2851 natura
1811 2794 1865 2848 in
1896 2792 2067 2848 tacitis
2094 2792 2167 2846 in-

589 2894 825 2950 fantibus
849 2894 1087 2962 clamat,
1114 2907 1229 2950 suae
1267 2892 1389 2948 vitae
1431 2890 1660 2961 propria:
1697 2888 1719 2921 ³
1745 2886 1947 2943 nullum
1993 2885 2167 2940 adhuc

590 2986 924 3041 coniunxisse
941 2992 1217 3056 peccatum
1241 2981 1535 3038 concedant
1558 2979 1647 3036 isti
1667 2978 1772 3034 illis
1789 2976 1814 3010 ⁸
1835 2995 1849 3032 :
1869 2975 2169 3032 concedent

590 3075 805 3146 utrique
830 3075 1005 3144 nobis,
1032 3075 1234 3131 nullum
1259 3073 1362 3129 nisi
1387 3060 1645 3143 originale
1663 3079 1885 3137 restare,
1912 3067 2053 3138 quod
2072 3081 2168 3137 per

593 3167 918 3238 Buptismum
942 3168 1183 3224 solvatur
1209 3167 1266 3221 in
1294 3165 1546 3236 parvulis.

660 3257 889 3314 CAPUT
917 3257 1135 3313 XXXV.
1164 3286 1235 3298 —
1255 3255 1345 3312 65.
1384 3254 1454 3310 In
1487 3254 1712 3324 parvulis
1734 3269 1834 3309 non
1862 3268 1965 3309 esse
1988 3267 2166 3323 pecea—

587 3358 702 3403 tum
740 3348 962 3418 propriae
983 3348 1118 3403 uiue.
1147 3347 1233 3403 An
1258 3360 1387 3402 vero
1411 3354 1468 3402 et
1512 3345 1617 3401 hoc
1655 3345 1913 3416 quaeritur
1934 3345 1978 3413 ⁸,
2020 3353 2074 3401 et
2096 3344 2167 3401 de

586 3435 698 3495 hoc
716 3437 1036 3508 disputaturi
1058 3446 1117 3494 et
1139 3447 1347 3510 tempus
1363 3436 1431 3493 ad
1455 3436 1557 3493 hoc
1572 3437 1864 3506 impensuri
1885 3449 2091 3504 manus,
2109 3444 2168 3493 ut

588 3533 878 3604 probemus
892 3542 1053 3605 atque
1076 3534 1364 3591 doceamus
1387 3534 1653 3605 quomodo
1677 3550 1772 3604 per
1794 3535 2061 3605 propriam
2081 3551 2169 3591 vo-

594 3623 884 3692 luntatem,
910 3625 1027 3681 sine
1052 3641 1158 3697 qua
1180 3626 1387 3682 nullum
1430 3626 1552 3681 vitae
1590 3626 1819 3697 propria:
1846 3634 2021 3695 potest
2046 3640 2168 3682 esse

592 3724 893 3785 peccatum,
925 3716 1056 3773 nihil
1092 3718 1220 3772 maﬁ
1252 3716 1619 3775 commiserint
1640 3716 1893 3786 infantes,
1922 3717 2014 3789 qui
2040 3733 2166 3787 pro-

590 3815 718 3879 pter
758 3810 861 3865 hoc
902 3818 1162 3865 vocantur
1198 3811 1266 3867 ab
1300 3809 1550 3866 omnibus
1592 3809 1940 3866 innocentes?
1982 3808 2168 3865 Nonne

594 3908 742 3956 tanta
770 3900 1049 3958 inﬁrmitas
1075 3901 1239 3958 animi
1259 3909 1318 3959 et
1342 3902 1604 3973 corporis,
1633 3910 1776 3958 tanta
1814 3917 1991 3958 rerum
2017 3902 2162 3973 ἰείη-

588 3990 798 4058 rantis,
822 3998 932 4048 tam
961 3992 1108 4049 nulla
1139 3994 1358 4050 omnino
1381 3995 1633 4064 praecepti
1657 3995 1948 4066 capacius,
1988 3993 2167 4050 nullus

590 4079 681 4137 vel
719 4082 975 4137 naturalis
996 4083 1080 4139 vel
1112 4084 1431 4154 conscriptae
1458 4085 1591 4155 legis
1614 4100 1803 4142 sensus
1827 4094 1919 4140 aut
1952 4095 2129 4142 motus
2149 4128 2165 4154 ,

592 4172 773 4229 nullus
795 4173 852 4230 in
884 4175 1191 4231 alterutram
1212 4184 1422 4247 partem
1447 4178 1670 4234 rationis
1698 4188 1841 4241 uana,
1869 4178 1971 4234 hoc
1997 4179 2167 4235 multo

592 4265 871 4322 testatiore
892 4266 1105 4323 silentio
1122 4282 1282 4339 quam
1302 4282 1480 4325 sermo
1496 4279 1681 4325 noster
1701 4269 1993 4341 proclamat
2010 4280 2169 4343 atque

593 4355 831 4417 indicat?
864 4356 1049 4415 Valeat
1087 4359 1285 4431 aliquid
1323 4361 1390 4417 ad
1439 4375 1498 4417 se
1538 4361 1707 4430 ipsam
1746 4360 2166 4431 persuadendam

586 4445 711 4515 ipsa
740 4446 1046 4504 evidentia:
1073 4464 1196 4504 nam
1232 4465 1490 4521 nusquam
1519 4451 1599 4506 sic
1634 4466 1738 4508 non
1773 4452 1987 4508 invenio
2027 4453 2168 4524 quod

593 4535 768 4595 dicam
786 4577 804 4605 ,
832 4553 995 4610 quam
1039 4540 1129 4596 ubi
1154 4554 1241 4596 res
1268 4540 1335 4597 de
1356 4557 1463 4611 qua
1480 4540 1692 4608 dicitur,
1719 4542 2050 4599 manifestior
2086 4552 2169 4599 est

592 4642 751 4696 quam
780 4643 940 4686 omne
961 4630 1105 4701 quod
1132 4630 1343 4687 dicitur.

663 4719 754 4775 66.
783 4720 989 4779 Vellem
1035 4732 1234 4789 tamen,
1279 4726 1518 4796 quisquis
1560 4725 1663 4783 hoc
1713 4729 1880 4798 sapit,
1928 4729 2162 4795 diceret,

593 4808 736 4881 quod
764 4822 1037 4883 peccatum
1061 4815 1254 4871 viderit
1270 4817 1357 4877 vel
1385 4818 1581 4887 putarit
1600 4818 1821 4876 infantis
1849 4822 2077 4876 recentis
2101 4821 2168 4876 ab

594 4912 749 4960 utero
767 4944 783 4971 ,
814 4906 901 4962 cui
928 4906 1236 4973 redimendo
1262 4909 1459 4965 fatetur
1480 4909 1590 4980 jam
1620 4911 1944 4982 Buptismum
1974 4928 2165 4968 neces-

588 4997 814 5065 sarium,
830 4998 958 5071 quid
977 4999 1103 5054 mali
1126 5003 1180 5056 in
1206 5000 1306 5058 bac
1325 5002 1537 5073 propria
1562 5018 1657 5059 sua
1682 5003 1787 5059 vita
1816 5020 1909 5074 per
1930 5005 2166 5059 animum

594 5089 866 5183 proprium
890 5105 1151 5162 corpusve
1180 5083 1534 5183 commiserit.
1562 5093 1622 5151 Si
1660 5093 1800 5151 forte
1827 5094 1967 5166 quod
1996 5095 2169 5165 plorat

592 5179 859 5252 taedioque
879 5192 966 5239 est
982 5183 1274 5254 majoribus
1301 5204 1316 5241 :
1347 5179 1540 5243 mirum
1558 5186 1605 5242 si
1624 5186 1728 5244 hoc
1753 5186 2035 5259 iniquitati,
2057 5202 2164 5245 non

536 5330 545 5335 ’
651 5334 671 5371 ι
704 5340 773 5389 ita
793 5340 1043 5391 Vaticanus
1063 5338 1219 5392 codex
1241 5347 1293 5393 et
1304 5338 1788 5453 ﬁgimusnsis._alii
1810 5356 1928 5395 vero
1943 5342 2167 5407 plerique

584 5402 718 5453 1η..
740 5400 827 5452 sed
847 5400 1329 5453 “magna
1380 5403 1602 5453 ti.sedut
1622 5402 2005 5453 mainaieesset.
2025 5405 2167 5453 Paulo

685 5400 2168 5478 :..-ea..ut.wemeees.se-aewaus«iamest-amp

591 5470 701 5539 post
735 5464 784 5513 in
819 5464 1169 5537 editis
1199 5466 1490 5530 legebatur,
1529 5469 1602 5519 uel
1634 5464 1796 5519 indere
1828 5481 1923 5519 non
1950 5474 2163 5534 manu.

591 5524 681 5573 sed
702 5525 858 5579 abest.
886 5524 1075 5579 videre.
1100 5538 1129 5577 a
1148 5534 1253 5577 uss.
2002 5552 2005 5555 -

648 5583 672 5681 ξ
696 5562 1412 5662 solus,
1437 5600 1546 5655 qtae
1566 5589 1742 5655 singuli
1755 5602 1868 5644 vera
1887 5590 2069 5645 diem.

703 5654 752 5695 in
778 5649 1024 5695 nlerrsnun
1044 5660 1170 5695 Mss-
1199 5666 1461 5695 nmnmmr-

648 5649 673 5740 ξ
703 5654 752 5697 In
774 5649 1024 5762 plerisqitc
1044 5660 1170 5713 Mss,
1198 5649 1461 5717 proprium;

704 5716 813 5759 ιον.
839 5719 891 5762 et
981 5716 1115 5762 munt
1157 5722 1299 5762 5133..
1323 5720 1461 5762 Come

581 5769 775 5834 ﬁliique
792 5770 940 5824 nobis.

646 5829 670 5863 ⁸
697 5829 774 5882 'sic
796 5842 966 5886 cumcs
989 5842 1115 5888 λεδ..
1137 5844 1192 5888 At
1218 5838 1350 5899 cditi,
1375 5837 1641 5902 quaesituri.

981 5715 1115 5777 iquot
1157 5714 1263 5765 nas.
1284 5714 1299 5776 ,
1323 5714 1584 5767 Concedunt
1621 5714 1703 5768 isti
1740 5714 1872 5781 illis;
1904 5722 2168 5772 concedant

2254 483 2546 542 infelicitati
2575 485 2749 556 potius
2772 482 3133 553 deputandum
3175 487 3275 536 est.
3316 481 3401 535 An
3434 478 3578 551 quod
3614 478 3686 535 ab
3708 478 3828 550 ipso

2254 577 2382 634 ﬂetu
2408 576 2550 632 nulla
2574 590 2668 630 sua
2692 575 2920 640 ratione,
2958 573 3101 628 nulla
3135 571 3441 642 cujusquam
3469 568 3827 641 prohibitione

2253 667 2647 737 compescitur?
2675 667 2743 721 At
2778 666 2879 721 hoc
2907 662 3217 736 ignorantia:
3241 669 3344 729 est,
3378 662 3431 716 in
3454 677 3561 732 qua
3601 659 3826 730 profun-

2254 759 2471 814 dissima
2506 757 2666 828 jacet,
2692 770 2797 827 qua
2825 755 2984 810 etiam
3023 762 3264 818 matrem,
3291 766 3408 807 cum
3432 759 3551 821 post
3576 750 3827 822 exiguum

2255 860 2464 922 tempus
2489 849 2730 916 valuerit,
2774 848 3000 918 percutit
3035 846 3222 913 iratus,
3254 852 3309 900 et
3348 858 3492 915 saepe
3528 843 3676 914 ipsas
3716 843 3833 913 ejus

2254 956 2535 1008 mammas,
2563 955 2695 1011 quas
2723 938 2847 995 dum
2869 937 3054 1003 esurit,
3085 935 3294 1007 exsugit
3316 936 3358 988 ⁸.
3387 934 3511 990 llaec
3532 948 3644 990 non
3669 933 3833 989 modo

2258 1032 2519 1096 feruntur,
2548 1047 2731 1087 verum
2771 1031 2934 1087 etiam
2966 1029 3261 1100 diliguntur
3287 1027 3340 1082 in
3368 1026 3620 1098 parvulis,
3653 1032 3712 1080 et
3734 1024 3836 1083 hoc

2257 1139 2365 1196 quo
2406 1123 2631 1191 aii'cctu,
2673 1123 2774 1179 nisi
2816 1121 3045 1188 carnali,
3075 1135 3182 1191 quo
3207 1119 3369 1175 etiam
3409 1118 3550 1175 risus
3571 1118 3836 1188 iocusque

2254 1217 2502 1283 delectat,
2528 1224 2805 1272 acutorum
2821 1230 3033 1285 quoque
3052 1212 3328 1269 hominum
3349 1211 3463 1282 ipsa
3478 1211 3631 1282 quasi
3648 1210 3836 1265 absur-

2258 1308 2422 1364 ditate
2446 1308 2690 1363 conditus
2719 1324 2732 1359 :
2763 1307 2849 1376 qui
2877 1306 2919 1360 si
2947 1321 3010 1360 eo
3040 1303 3199 1359 modo
3237 1303 3559 1370 sentiretur,
3606 1308 3665 1356 ut
3706 1300 3834 1356 dici-

2259 1407 2365 1469 tur,
2394 1415 2501 1455 non
2535 1399 2644 1470 jam
2674 1399 2751 1453 illi
2778 1409 3027 1468 tanquam
3069 1396 3247 1461 faceti,
3284 1395 3380 1452 sed
3415 1404 3670 1466 tanquam
3704 1393 3833 1450 fatui

2260 1490 2592 1562 riderentur?
2615 1489 2765 1560 Ipsos
2781 1503 2993 1559 quoque
3012 1487 3184 1542 fatuos
3200 1488 3220 1517 ²
3243 1485 3505 1554 videmus,
3527 1500 3659 1556 quos
3678 1484 3836 1555 vulgo

2259 1581 2529 1638 moriones
2557 1590 2784 1649 vocant,
2814 1581 2878 1634 ad
2910 1577 3248 1634 cordatorum
3291 1576 3512 1632 delicias
3536 1575 3785 1631 adhiberi
3814 1617 3851 1645 ,7

2260 1685 2315 1731 et
2339 1676 2393 1730 in
2421 1655 2809 1744 manCipiorunf
2827 1671 3176 1727 aestimatione
3197 1669 3534 1739 pretiosiores
3562 1681 3685 1725 esse
3710 1681 3836 1723 cor-

2262 1766 2417 1822 datis.
2466 1765 2688 1821 Tantum
2734 1764 2877 1820 valet
2903 1763 3129 1819 carnalis
3156 1762 3376 1817 affectus
3413 1760 3575 1816 etiam
3617 1759 3837 1817 minime
3900 1782 3907 1785 ν

2262 1857 2523 1913 fatuerum
2544 1858 2594 1911 in
2613 1855 2962 1912 delectatione
2976 1853 3291 1911 alienimaii.
3321 1852 3454 1908 Nam
3489 1867 3611 1908 cum
3634 1850 3839 1907 homini

2256 1949 2492 2020 jucunda
2515 1949 2584 2004 sit
2607 1949 2780 2004 aliena
2803 1946 3038 2015 fatuitas,
3072 1960 3170 2001 nec
3208 1947 3325 2017 ipse
3366 1953 3544 2000 taurea
3575 1943 3698 1999 talis
3719 1959 3840 2001 esse

2263 2040 2544 2106 voluisset;
2581 2047 2635 2094 et
2672 2039 2719 2094 si
2754 2053 2907 2093 suum
2947 2037 3221 2107 parvulum
3263 2037 3456 2104 lilium,
3502 2051 3534 2092 a
3578 2050 3688 2107 quo
3710 2048 3838 2106 gar-

2264 2133 2433 2188 riente
2467 2132 2590 2186 talia
2619 2139 2767 2202 pater
2795 2131 2949 2186 laetus
2975 2138 3247 2203 exspectat
3283 2139 3338 2187 et
3380 2140 3651 2201 provocat,
3686 2129 3842 2186 talem

2264 2224 2539 2295 praesciret
2561 2222 2792 2287 futurum
2822 2238 2941 2279 esse
2963 2237 3084 2277 cum
3113 2222 3361 2288 creverit,
3386 2222 3531 2277 nullo
3558 2221 3722 2277 modo
3746 2220 3839 2276 du-

2264 2314 2458 2371 bitaret
2496 2314 2848 2370 miserabilius
2888 2312 3174 2384 lugendum
3208 2327 3330 2368 esse
3364 2327 3521 2384 quam
3552 2320 3838 2368 moratum.

2264 2406 2373 2464 Sed
2392 2407 2519 2463 dum
2535 2422 2658 2477 spes
2676 2408 2858 2462 subest
2881 2406 3348 2473 incrementorum,
3371 2417 3425 2462 et
3444 2406 3643 2477 ingenii
3660 2405 3842 2461 limen

2265 2515 2608 2557 accessurum
2646 2499 2881 2556 creditur
2920 2497 3094 2554 aetatis
3130 2512 3349 2554 accessu
3379 2539 3394 2564 ,
3433 2505 3494 2552 ut
3520 2496 3579 2552 ﬁt
3604 2497 3842 2552 convicia

2262 2594 2603 2666 parvulorum
2629 2592 2787 2647 etiam
2816 2592 2872 2646 in
2898 2598 3177 2664 parentes,
3214 2605 3320 2645 non
3371 2589 3545 2645 solum
3583 2582 3844 2659 injuriosa

2265 2700 2371 2739 non
2390 2684 2517 2753 sint,
2545 2698 2731 2739 verum
2750 2682 2910 2738 etiam
2930 2690 3078 2752 grata
3101 2689 3261 2752 atque
3275 2679 3510 2750 jucunda
3531 2679 3662 2735 sint.
3687 2676 3843 2748 Quod

2266 2776 2480 2847 quidem
2521 2774 2858 2847 prudentium
2902 2787 3061 2829 nemo
3083 2772 3407 2843 probaverit,
3438 2779 3556 2827 uta
3580 2769 3740 2826 dictis
3762 2768 3845 2825 vel

2268 2867 2420 2923 iactis
2445 2866 2747 2938 hujusmodi
2771 2880 2879 2922 non
2901 2873 3106 2921 tantum
3127 2863 3149 2897 ³
3173 2880 3279 2920 non
3302 2862 3701 2936 prohibeantur,
3726 2868 3845 2917 eum

2266 2960 2540 3032 prohiberi
2561 2959 2672 3032 jam
2701 2967 2939 3030 possunt,
2972 2973 3155 3014 verum
3181 2958 3234 3013 in
3259 2957 3373 3013 hac
3397 2957 3553 3013 etiam
3574 2955 3847 3012 conciten-

2266 3062 2356 3109 tur
2379 3052 2554 3108 studio
2577 3049 2787 3108 ridendi
2805 3060 2861 3108 et
2879 3051 3113 3117 vanius
3138 3051 3424 3121 majorum.
3451 3050 3583 3105 Nam
3607 3051 3844 3121 plerum-

2267 3161 2369 3217 que
2411 3145 2501 3200 ilia
2545 3152 2673 3199 aetas
2711 3142 2824 3214 jam
2872 3151 3077 3212 patrem
3129 3150 3459 3213 matremque
3503 3155 3799 3212 agnoscens
3827 3181 3843 3208 ,

2268 3237 2447 3294 neutri
2478 3251 2663 3292 eorum
2678 3235 2840 3291 audet
2861 3234 3200 3303 maledicere,
3227 3235 3329 3289 nisi
3355 3235 3422 3290 ab
3450 3234 3616 3290 altero
3634 3247 3844 3299 eorum,

2267 3338 2360 3387 aut
2385 3330 2454 3385 ab
2490 3339 2715 3400 utroque
2738 3329 2822 3385 vel
2851 3328 3111 3400 permissa
3139 3327 3225 3384 vel
3262 3327 3433 3398 jussa.
3486 3326 3683 3387 Verum
3732 3325 3848 3385 hac

2269 3438 2454 3480 eorum
2495 3430 2620 3479 sunt
2649 3420 3002 3492 parvulorum
3020 3460 3036 3489 ,
3064 3420 3155 3491 qui
3188 3419 3302 3490 jam
3329 3420 3382 3474 in
3410 3417 3573 3474 verba
3602 3431 3847 3489 prorum-

2268 3526 2418 3587 punt,
2462 3525 2519 3572 et
2559 3514 2722 3570 animi
2765 3513 2849 3570 sui
2886 3522 3064 3570 motus
3100 3512 3569 3583 qualibuscumque
3611 3508 3850 3580 linguss‘

2268 3616 2574 3679 promptare
2596 3605 2705 3676 jam
2731 3612 2971 3676 possunt.
3004 3604 3151 3660 illam
3178 3604 3352 3674 potius
3371 3602 3665 3659 recentium
3691 3610 3848 3657 nato-

2270 3715 2387 3756 rum
2416 3697 2883 3771 profundissimam
2930 3696 3283 3767 ignorantiam
3325 3695 3622 3764 videamus,
3647 3708 3713 3750 ex
3744 3682 3861 3765 qua

2268 3791 2337 3846 ad
2366 3791 2521 3846 istam
2547 3804 2654 3846 non
2682 3803 3085 3859 permansurum
3115 3787 3500 3843 balbutientem
3524 3785 3847 3853 fatuitatem,

2268 3890 2520 3954 tanquam
2553 3881 2621 3937 ad
2646 3880 2926 3936 scientiam
2948 3879 3374 3950 iocutionemque
3397 3877 3696 3946 tendentes.
3720 3891 3852 3948 pro-
3916 3871 3925 3878 ’

2268 3974 2501 4033 ﬁciendo
2528 3982 2806 4030 venerunt.

2252 4094 2259 4101 κ
2340 4065 2566 4123 CAPUT
2604 4063 2843 4121 XXXVI.
2868 4093 2941 4107 ——
2978 4064 3066 4120 67.
3096 4058 3177 4118 De
3212 4060 3488 4133 infantium
3532 4058 3852 4131 ignorantia,

2266 4168 2320 4215 et
2350 4159 2485 4214 unde
2533 4158 2618 4213 sit.
2667 4158 2810 4226 illas,
2860 4161 3098 4229 inquam,
3150 4155 3548 4213 consideremus
3596 4153 3854 4208 tenebras

2271 4251 2467 4306 mentis
2489 4251 2673 4321 utique
2704 4250 3008 4318 rationalis,
3037 4249 3093 4304 in
3125 4248 3316 4320 quibus
3343 4255 3400 4303 et
3427 4245 3599 4302 Deum
3630 4257 3854 4315 prorsus

2272 4342 2536 4414 ignorant,
2565 4341 2717 4413 cujus
2746 4340 3103 4398 Sacramentis
3145 4338 3308 4394 etiam
3347 4352 3469 4392 cum
3515 4334 3856 4407 baptizantur

2268 4436 2579 4491 obsistunt:
2618 4435 2672 4489 in
2702 4434 2798 4489 has
2838 4448 3021 4504 quaero
3062 4430 3205 4487 unde
3244 4438 3300 4485 et
3337 4428 3552 4500 quando
3580 4425 3855 4484 submersi

2270 4528 2396 4583 sint.
2428 4527 2575 4582 itane
2600 4540 2725 4581 vero
2753 4539 2843 4580 eas
2870 4524 2958 4579 hic
2982 4528 3380 4588 contraxerunt,
3419 4526 3474 4575 et
3514 4519 3570 4574 in
3612 4517 3715 4573 hac
3743 4516 3856 4572 vita

2268 4636 2367 4679 sua
2392 4620 2503 4691 jam
2533 4619 2744 4690 propria
2770 4633 2866 4688 per
2891 4616 3111 4672 nimiam
3138 4613 3516 4686 negligentiam
3548 4609 3698 4666 obliti
3724 4616 3859 4665 sunt

2270 4713 2459 4778 Deum,
2506 4711 2795 4782 prudentes
2829 4724 2955 4764 vero
2999 4716 3055 4764 et
3097 4706 3332 4778 religiosi
3376 4706 3621 4760 vixerunt
3669 4702 3755 4757 vei
3798 4701 3859 4757 in
3928 4756 3934 4761 ,

2274 4802 2437 4859 uteris
2462 4801 2723 4863 matrum?
2751 4800 2936 4854 Dicant
2968 4797 3068 4853 ista
3107 4796 3201 4869 qui
3237 4796 3354 4852 ausi
3392 4792 3608 4863 fuerint,
3634 4791 3863 4848 audiant

2272 4895 2362 4965 qui
2386 4892 2672 4960 voluerint,
2699 4888 2920 4947 credant
2941 4888 3033 4960 qui
3055 4888 3359 4959 potuerint:
3377 4900 3477 4959 ego
3497 4892 3675 4941 autem
3699 4891 3857 4955 puto,

2271 4986 2413 5058 quod
2460 4999 2647 5056 omnes
2678 4998 2905 5054 quorum
2943 4990 3149 5038 mentes
3194 4996 3304 5037 non
3350 4979 3628 5037 obnubiiat
3662 4976 3861 5034 defen-

2272 5075 2460 5133 dendae
2507 5089 2620 5131 suae
2672 5073 2950 5131 sententize
2997 5072 3334 5144 pervicacia,
3372 5071 3488 5127 haac
3517 5070 3718 5126 sentire
3745 5082 3859 5123 non

2268 5177 2514 5239 possunt.
2556 5167 2643 5222 An
2689 5166 2893 5222 nullum
2929 5174 3014 5223 est
3042 5164 3351 5238 ignorantia).
3374 5162 3595 5230 malum,
3639 5171 3695 5217 et
3731 5159 3861 5217 ideo

2337 5284 2757 5358 metirisme»
2778 5297 2885 5347 υτον
3141 5279 3532 5358 habeas

2334 5349 2357 5410 ε
2371 5355 2490 5397 Tres
2509 5337 2728 5410 Galliam
2742 5337 3058 5410 hianusctjipti
3071 5337 3195 5408 loco,
3213 5337 3388 5409 fatuos,
3404 5337 3608 5404 bibent,
3627 5337 3861 5392 cirratas.

2272 5409 2391 5460 Vide
2408 5414 2569 5471 supra,
2593 5420 2643 5457 n.
2668 5406 2745 5467 32,
2771 5406 2991 5471 001.127.

2337 5474 2360 5535 f
2392 5469 2519 5531 Mss.
2541 5478 2658 5535 ante
2674 5483 2773 5520 non
2790 5469 3149 5535 ρτοιιϋεαξιιωον
3172 5469 3269 5535 ουδὲ

2337 5533 2360 5567 δ
2380 5535 2476 5597 llic
2505 5521 2623 5583 editi
2642 5521 3038 5597 _ac__m§nu‘smipti
3070 5521 3283 5597 nonnulli
3326 5521 3507 5597 addunt
3523 5565 3537 5591 ,
3771 5521 3868 5578 Alii

2275 5596 2469 5661 quidam
2488 5603 2612 5655 mss,
2634 5592 2846 5661 indiciis.
2871 5584 3099 5661 genitum
3121 5584 3628 5661 habentiantiqmores
3642 5584 3867 5661 codices,

2273 5651 2387 5722 quia
2400 5651 2667 5722 eleganter
2702 5656 3017 5722 subnimium
3042 5652 3265 5722 motibu.
3295 5660 3360 5704 Ex

2274 5712 2368 5785 ptis
2400 5712 2799 5785 hucvrcvocamus
2821 5712 3023 5785 verbum
3041 5752 3057 5777 ,
3080 5721 3389 5785 promptare;
3411 5728 3498 5779 pro
3526 5726 3625 5785 quo
3641 5712 3709 5785 .in
3745 5719 3873 5764 ante

2277 5776 2473 5844 excusis
2495 5788 2599 5831 erat
2614 5816 2628 5839 ,
2660 5781 2988 5844 ptumpﬁmre.
3027 5776 3091 5832 ω’
3114 5776 3380 5838 Ρπὶὲὶθηεί
3406 5776 3877 5841 At)ng

2277 5845 2446 5896 codice
2464 5841 2670 5906 legitur,
2683 5841 2960 5906 promitur-4:.

3439 5469 3763 5522 mnta-datm.
