4074 6532
521 369 620 432 illi

521 489 702 556 nebat,
731 487 1189 546 etinterclusione
1231 483 1534 548 destructa,
1597 495 1700 551 qua
1752 477 2022 532 hominem
2073 489 2104 530 a

522 597 618 638 suo
665 579 915 636 Creatore
966 577 1276 648 separabat,
1317 581 1531 628 maneat
1578 572 1629 626 in
1663 569 1973 634 certamine,
1996 582 2102 638 quo

445 661 457 690 ί
519 691 715 746 corpus
762 683 1000 730 nostrum
1043 669 1362 738 castigamus
1404 677 1458 723 et
1499 665 1740 721 servituti
1791 662 2103 732 subjicimus

519 767 576 840 (1
599 767 718 824 Cor.
748 783 822 831 Ix,
856 764 969 834 27),
995 763 1075 817 vel
1097 761 1164 816 ad
1185 776 1310 816 usus
1332 761 1506 816 licitos
1526 767 1580 814 et
1607 757 1934 814 necessarios
1963 755 2104 809 rela-

519 859 710 922 xanda,
741 858 826 911 vel
854 854 1179 910 continentia
1209 852 1523 908 cohibenda.
1564 850 1671 905 Sed
1717 849 1966 920 quoniam
2018 846 2102 901 di-

518 951 640 1004 vino
664 948 884 1018 Spiritu,
925 947 1014 1016 qui
1047 946 1214 1000 multo
1249 945 1440 1000 melius
1465 958 1624 1014 quam
1663 955 1762 996 nos
1787 940 1964 994 omnia
2009 954 2103 1008 ge-

517 1040 662 1096 neris
685 1039 901 1094 humani
921 1039 1068 1092 novit
1095 1039 1179 1092 vel
1215 1039 1502 1106 prteterita,
1545 1034 1629 1088 vel
1659 1031 1970 1103 przesentia,
2015 1029 2103 1084 vel

515 1133 709 1199 futura,
741 1132 861 1187 talis
880 1132 986 1186 vita
1021 1131 1254 1184 humana
1283 1127 1604 1198 praecognita
1635 1135 1794 1196 atque
1849 1122 2102 1194 prmdicta

515 1235 620 1294 est,
639 1233 698 1282 ut
726 1241 832 1282 non
879 1224 1200 1296 justiticetur
1243 1222 1298 1277 in
1342 1230 1634 1291 conspectu
1665 1219 1762 1274 Dei
1807 1217 1980 1272 omnis
2028 1213 2106 1268 vi-

513 1355 694 1470 iisdet':3
712 1356 871 1418 editis,
901 1362 953 1406 et
989 1355 1116 1418 apud
1145 1361 1275 1416 Lov.,
1311 1367 1420 1418 qua
1453 1350 1692 1403 hominem
1729 1365 1760 1401 a
1789 1362 1875 1401 suo
1909 1355 2103 1400 creato-

515 1430 587 1470 re.
615 1431 644 1469 e
695 1453 711 1467 .

515 1430 587 1478 re,
615 1430 711 1470 etc.

1143 369 1230 426 DE
1269 361 1725 428 PECCATORUM
1763 359 2040 418 MERITIS
2079 359 2168 416 ET
2209 359 2640 430 REMISSIONE,
2681 359 2738 418 S.
2779 359 3140 418 AUGUSTINI

3701 359 3799 416 159

2211 490 2340 529 vens
2360 471 2528 546 (Psal.
2552 490 2711 540 cxut,
2740 473 2820 546 2);
2853 475 2913 529 ﬁt
2943 483 3000 530 ut
3031 489 3124 545 per
3147 473 3497 545 ignorantiam
3539 473 3622 528 vel
3645 473 3795 528 infir-

2211 567 2448 622 mitatem
2473 581 2580 622 non
2601 569 2825 624 exsertis
2842 568 3095 622 adversus
3129 583 3248 622 eam
3285 566 3408 621 totis
3459 565 3662 620 viribus
3689 579 3794 620 vo-

2211 661 2450 726 luntatis,
2471 660 2641 716 eidem
2669 661 2736 716 ad
2766 661 2946 715 illicita
2986 663 3144 716 etiam
3189 661 3440 714 nonnulla
3493 659 3748 714 cedamus
3773 701 3790 728 ,

2213 762 2358 810 tanto
2389 757 2553 828 magis
2575 763 2629 810 et
2657 755 2898 810 crebrius
2927 763 3124 825 quanto
3148 755 3462 820 deteriores,
3495 761 3643 809 tanto
3686 755 3792 808 mi-

2211 865 2312 902 nus
2331 858 2382 904 et
2407 850 2580 904 rarius
2608 859 2803 918 quanto
2831 850 3080 904 meliores
3133 863 3336 902 sumus.
3389 847 3493 902 Sed
3540 849 3792 917 quoniam

2210 940 2278 995 de
2301 941 2399 994 hac
2421 943 2711 1012 quaestione
2743 943 2792 996 in
2819 959 2921 1012 qua
2951 943 3226 1012 qumritur,
3271 953 3446 996 utrum
3491 942 3679 1010 possit,
3713 941 3796 996 vel

2211 1043 2386 1088 utrttm
2414 1035 2500 1098 sit,
2535 1037 2707 1101 fuerit,
2741 1037 3009 1089 futurusve
3033 1036 3101 1090 sit
3131 1035 3290 1088 homo
3333 1037 3447 1089 sine
3479 1043 3699 1104 peccato
3743 1034 3796 1088 in

2209 1124 2450 1192 hacvita,
2483 1137 2706 1195 excepto
2747 1127 2837 1181 illo
2894 1128 2982 1196 qui
3013 1126 3177 1189 dixit,
3209 1126 3339 1180 Ecce
3381 1126 3510 1180 venit
3562 1126 3798 1197 princeps

2211 1218 2404 1282 mundi,
2435 1229 2480 1272 et
2501 1220 2552 1271 in
2581 1235 2659 1271 me
2687 1219 2812 1271 nihil
2841 1219 3051 1271 inveniet
3084 1218 3275 1289 (Joan.
3329 1233 3440 1280 11v,
3488 1218 3557 1272 50
3584 1219 3602 1288 )
3629 1259 3643 1280 ,
3697 1217 3798 1270 ali-

2211 1320 2409 1380 quanto
2435 1310 2740 1381 diligentius
2771 1311 3142 1365 disserendum
3165 1319 3277 1374 est;
3309 1311 3409 1365 iste
3437 1311 3503 1364 sit
3536 1311 3692 1377 hujus
3711 1325 3800 1364 vo-

2209 1403 2423 1458 luminis
2475 1403 2682 1469 modus,
2731 1412 2783 1456 ut
2839 1403 2968 1456 illud
3013 1402 3079 1456 ab
3099 1403 3204 1456 alio
3233 1417 3533 1472 quaeramus
3553 1402 3796 1458 exordio.

1437 1638 1922 1746 LIBER
2009 1635 2188 1742 SE
2203 1637 2294 1739 Ο
2309 1635 2613 1742 UND
2642 1635 2846 1742 US.

574 1853 790 1914 Disputat
813 1850 1100 1914 Augustinus
1121 1853 1291 1914 contra
1308 1859 1393 1914 eos
1415 1847 1496 1908 qui
1519 1846 1700 1896 dicunt.
1717 1846 1916 1914 quodin
1933 1845 2022 1914 hac
2037 1845 2136 1894 vita
2157 1845 2270 1914 sint,
2291 1843 2490 1914 fuerint,
2521 1852 2569 1894 et
2593 1843 2736 1914 futuri
2763 1846 2858 1914 sint
2879 1845 3103 1914 homines
3117 1847 3300 1898 nullum
3327 1849 3574 1900 habentes
3605 1853 3798 1902 omnino

517 1907 768 1976 pecaitum
790 1928 800 1962 :
820 1907 923 1976 qua
941 1912 1004 1961 de
1024 1923 1080 1976 re
1105 1912 1362 1976 propositis
1382 1907 1585 1976 quatuor
1609 1907 1958 1976 quaestionibus
1979 1907 2122 1956 docet
2149 1909 2318 1976 primo,
2345 1908 2588 1955 hominem
2613 1908 2661 1976 in
2687 1909 2776 1976 hac
2802 1913 2894 1976 vita
2933 1909 3040 1976 sine
3067 1919 3263 1976 recente
3297 1925 3417 1976 esse
3435 1925 3578 1974 posse
3607 1927 3692 1974 per
3715 1915 3798 1963 Dei

517 1971 721 2038 gratiam
745 1982 796 2024 et
819 1971 1026 2024 liberum
1049 1971 1201 2034 ipSius
1239 1971 1506 2038 arbitrium.
1530 1979 1696 2018 Postea
1723 1971 1888 2038 [g‘obat
1907 1983 2000 2017 non
2023 1982 2134 2038 esse
2154 1975 2311 2017 tamen
2336 1971 2698 2038 qut-inquamin
2720 1971 2812 2038 hac
2830 1971 3334 2038 vitadegenteutsine
3355 1971 3454 2022 ullo
3477 1971 3676 2038 prorsus
3691 1987 3802 2035 peo-

517 2029 641 2087 Eato.
667 2039 842 2096 Tertio,
869 2037 980 2084 ideo
1002 2029 1097 2096 non
1122 2049 1250 2094 esse,
1275 2035 1386 2096 quia
1409 2047 1553 2082 nemo
1577 2039 1654 2080 est
1676 2029 1758 2094 qui
1789 2039 1974 2080 tantum
1996 2029 2384 2096 velit,»tptantutn
2401 2044 2490 2096 res
2507 2029 2680 2096 exigit,
2700 2033 2814 2079 dum
2833 2031 2912 2096 vel
2931 2029 3049 2096 late't
3069 2035 3390 2096 quodjustum
3414 2029 3509 2092 esi,
3535 2037 3616 2084 vel
3639 2029 3801 2086 facere

517 2112 614 2148 non
636 2093 864 2148 delectat.
890 2105 1062 2156 Quarto
1085 2094 1208 2154 loco,
1233 2093 1417 2144 nullum
1441 2107 1655 2158 prorsus,
1683 2093 1890 2154 excepto
1914 2107 2009 2142 uno
2032 2093 2288 2142 Mediatore
2305 2093 2507 2152 Christo,
2531 2093 2611 2142 vel
2633 2107 2765 2154 esse,
2792 2093 2870 2142 vel
2891 2093 3061 2156 fuisse,
3079 2093 3160 2145 vel
3183 2093 3397 2145 futurum
3420 2111 3534 2148 esse
3555 2097 3802 2148 hominem

417 2189 420 2193 -
516 2169 578 2209 an
599 2161 730 2210 omni
751 2167 946 2222 peccato
961 2159 1240 2207 immunem.

1861 2283 2332 2337 ...πρῷα-.-

588 2425 813 2482 CAPUT
857 2423 1138 2480 PRIMUM.
1169 2453 1242 2464 —
1267 2424 1318 2478 1.
1349 2421 1485 2489 Quid
1530 2422 1767 2475 hactenus
1795 2427 2054 2490 peractum
2083 2463 2098 2488 ,

521 2519 701 2591 quidve
728 2519 822 2573 hoc
851 2519 978 2572 libro
1007 2516 1346 2572 tractandum.
1398 2516 1474 2570 De
1529 2515 1801 2584 Baptismo
1850 2513 2103 2583 parvulo-

521 2627 660 2678 rum,
690 2609 992 2666 Marcelline
1021 2609 1355 2674 charissime,
1393 2605 1534 2678 quod
1561 2622 1668 2660 non
1691 2607 1868 2661 solum
1913 2607 1990 2661 eis
2037 2605 2106 2660 ad

521 2717 746 2774 regnum
777 2702 890 2766 Dei,
913 2717 1097 2756 verum
1124 2699 1363 2756 etiamad
1390 2699 1616 2753 salutem
1645 2700 1914 2768 vitamque
1943 2709 2106 2753 teter-

523 2809 648 2849 nam
675 2793 1070 2864 adipiscendam
1107 2791 1295 2858 detur,
1323 2806 1480 2862 quam
1511 2791 1629 2846 sine
1671 2791 1762 2844 Dei
1796 2806 1962 2861 regno
1987 2832 2001 2855 ,
2055 2801 2110 2845 et

522 2885 640 2942 sine
667 2883 864 2941 Christi
879 2886 1160 2941 salvatoris
1194 2885 1450 2940 societate
1480 2926 1494 2951 ,
1553 2883 1606 2938 in
1655 2899 1814 2954 quam
1855 2899 1954 2938 nos
2011 2899 2109 2938 suo

524 2979 782 3049 sanguine
809 2978 1055 3046 redemit,
1087 2978 1284 3033 habere
1327 2979 1506 3032 nullus
1536 2986 1729 3047 potest,
1765 2979 1942 3048 priore
1969 2978 2108 3032 libro

523 3068 670 3136 satis,
705 3077 763 3124 ut
814 3069 1061 3135 arbitror,
1093 3069 1500 3140 disputavimus.
1551 3069 1608 3123 ln
1661 3070 1760 3125 hoc
1797 3077 1995 3136 autem,
2026 3069 2110 3123 vi-

523 3169 682 3216 vatne
697 3161 889 3232 aliquis
918 3161 972 3216 in
991 3161 1094 3217 hoc
1121 3162 1339 3226 saeculo,
1366 3162 1448 3216 vel
1475 3161 1688 3226 vixerit,
1713 3161 2014 3216 victurusve
2038 3161 2110 3215 sit

524 3253 640 3307 sine
665 3251 773 3306 ullo
801 3252 1018 3308 omnino
1075 3260 1293 3323 peccato
1321 3293 1335 3316 ,
1391 3259 1614 3320 excepto
1661 3266 1766 3306 uno
1820 3250 2112 3306 Mediatore

527 3341 622 3398 Dei
647 3351 702 3396 et
727 3341 1000 3398 hominum
1033 3341 1248 3397 homine
1277 3341 1490 3397 Christo
1512 3341 1660 3408 Jesu,
1691 3342 1782 3412 qui
1834 3341 1984 3396 dedit
2025 3357 2112 3397 se-

525 3433 813 3504 metipsum
829 3433 1250 3503 redemptionem
1292 3448 1386 3502 pro
1411 3432 1656 3488 omnibus
1706 3430 1770 3506 (ι
1799 3431 1929 3486 Tim.
1965 3448 2022 3500 ιι,
2056 3432 2110 3496 5,

528 3525 635 3598 6),
667 3533 860 3596 quanta
891 3525 1004 3594 ipse
1022 3525 1186 3579 donat
1211 3524 1482 3596 diligentia
1510 3523 1596 3580 vel
1615 3523 1870 3579 facultate
1891 3566 1906 3591 ,
1935 3524 2112 3580 disse-

525 3619 752 3675 rendum
804 3617 1248 3689 enodandumque
1275 3619 1640 3688 suscepizcui
1668 3617 2018 3688 disputationi
2067 3617 2114 3672 si

527 3724 586 3764 se
607 3707 896 3764 identidem
923 3709 1100 3779 aliqua
1123 3710 1441 3765 necessitate
1489 3709 1572 3765 vel
1603 3710 2004 3780 opportunitate
2033 3709 2116 3764 in-

525 3801 755 3856 seruerit
791 3801 1018 3871 qutestio
1041 3801 1110 3856 de
1139 3801 1408 3869 Baptismo
1453 3802 1537 3856 vel
1577 3811 1802 3873 peccato
1853 3802 2104 3872 parvulo-

526 3907 668 3960 rum,
695 3891 994 3948 miraudum
1016 3909 1126 3948 non
1157 3893 1282 3958 erit,
1311 3909 1410 3950 nec
1437 3893 1820 3965 defugiendum
1841 3904 1900 3950 ut
1929 3895 2008 3950 eis
2029 3897 2114 3952 lo-

525 3981 604 4036 cis
632 3981 699 4036 ad
728 3984 904 4038 omnia
927 3999 1048 4054 quae
1085 3985 1491 4054 responsionem
1539 3994 1781 4042 nostram
1833 3985 2111 4058 ﬂagitant,

529 4072 667 4128 sicut
690 4073 931 4129 valemus
958 4075 1401 4144 respondeamus.

597 4162 821 4220 CAPUT
846 4163 907 4218 ll.
936 4193 1006 4205 —
1027 4164 1082 4218 2.
1113 4164 1292 4220 Libero
1303 4165 1511 4222 arbitrio
1539 4167 1745 4238 quidam
1774 4167 1986 4223 nimium
2011 4170 2105 4224 tri-

527 4254 704 4310 buunt.
735 4255 1035 4327 Ignorantia
1063 4267 1108 4312 et
1135 4259 1426 4327 inﬁrmitas.
1459 4259 1627 4330 Hujus
1657 4271 1832 4316 autem
1867 4262 2116 4332 quaastio-

527 4348 614 4403 nis
639 4346 836 4404 solutio
864 4349 932 4404 de
961 4347 1190 4404 hominis
1231 4351 1337 4404 vita
1366 4351 1481 4406 sine
1517 4351 1626 4406 ulla
1661 4353 2002 4422 subreptione
2029 4353 2116 4409 vel

525 4440 988 4510 praeoccupatione
1025 4442 1266 4511 peccati,
1312 4451 1528 4512 propter
1574 4443 1908 4514 quotidianas
1953 4445 2114 4500 etiam

525 4541 738 4586 nostras
773 4532 1044 4588 orationes
1089 4534 1318 4588 maxime
1347 4535 1646 4590 necessaria
1675 4544 1776 4591 est.
1809 4535 1944 4592 Sunt
1971 4538 2114 4592 enim

525 4620 744 4692 quidam
781 4629 984 4678 tantum
1013 4633 1398 4692 praesumentes
1438 4623 1506 4680 de
1545 4625 1714 4680 libero
1749 4625 1994 4682 humanae
2021 4643 2118 4684 vo-

527 4711 748 4768 luntatis
788 4715 1040 4782 arbitrio,
1079 4725 1138 4769 ut
1179 4714 1249 4770 ad
1287 4729 1394 4770 non
1447 4717 1776 4786 peccandum
1823 4733 1922 4774 nec
1963 4721 2117 4790 adju-

526 4805 732 4862 vandos
777 4821 878 4862 nos
925 4806 1177 4862 divinitus
1217 4809 1533 4878 epinentur,
1577 4811 1742 4866 semel
1784 4811 1880 4880 ipsi
1911 4823 2115 4870 natura:

527 4903 728 4952 nostra:
770 4911 1026 4953 concesso
1063 4897 1244 4954 libera:
1287 4900 1576 4956 voluntatis
1603 4902 1842 4958 arbitrio.
1877 4903 2028 4960 Unde
2057 4904 2116 4958 ﬁt

530 5003 864 5060 consequens
906 4999 964 5045 ut
1001 5005 1103 5046 nec
1145 5007 1301 5048 orare
1342 4991 1631 5048 debeamus
1669 5010 1738 5050 ne
1773 4995 2030 5050 intremus
2059 4995 2113 5051 in

528 5082 910 5150 tentationem,
939 5083 1042 5138 hoc
1093 5093 1193 5148 est,
1249 5100 1316 5140 ne
1359 5087 1650 5142 tentatione
1679 5087 1988 5154 vincamur,
2027 5088 2114 5143 vel

525 5187 650 5228 cum
673 5173 808 5228 fallit
834 5183 888 5229 et
913 5185 1248 5246 praeoccupat
1287 5177 1618 5246 nescientes,
1645 5179 1730 5234 vel
1763 5196 1882 5234 cum
1921 5181 2114 5250 premit

524 5271 686 5335 atque
727 5277 876 5336 urget
917 5265 1175 5322 infirmos.
1223 5267 1390 5335 Quam
1439 5267 1508 5323 sit
1543 5279 1720 5324 autem
1765 5270 2009 5337 noxium,
2059 5280 2112 5326 et

523 5356 682 5412 saluti
713 5367 938 5426 nostrai,
980 5375 1099 5429 quae
1141 5359 1194 5413 in
1241 5359 1453 5415 Christo
1499 5369 1608 5428 est,
1643 5362 1996 5430 perniciosum
2027 5371 2110 5417 at-

523 5463 628 5520 que
655 5451 978 5506 contrarium
1000 5493 1015 5518 ,
1047 5451 1252 5522 ipsique
1290 5453 1530 5524 religioni
1560 5468 1661 5524 qua
1691 5454 1876 5508 imbuti
1905 5471 2108 5522 sumus,

523 5548 580 5596 et
629 5542 810 5610 pietati
864 5558 966 5614 qua
1019 5544 1185 5599 Deum
1238 5545 1496 5610 colimus,
1553 5560 1710 5615 quam
1765 5546 2112 5603 vehementer

523 5631 824 5700 adversum,
855 5645 912 5690 ut
941 5653 1037 5707 pro
1079 5639 1166 5691 tali
1197 5637 1506 5707 accipiendo
1543 5637 1800 5692 beneﬁcio
1827 5639 2108 5695 Dominum

525 5739 628 5778 non
655 5741 935 5797 rogemus,
975 5738 1134 5800 atque
1177 5730 1230 5784 in
1273 5731 1384 5800 ipsa
1427 5729 1667 5784 oratione
1695 5729 1992 5798 dominica,
2029 5732 2112 5789 Ne

527 5831 616 5872 nos
641 5819 827 5896 inferas
854 5824 907 5878 in
933 5826 1250 5880 tentationem
1281 5825 1501 5898 (Matth.
1529 5841 1601 5896 Vl,
1635 5823 1722 5900 15)
1745 5869 1758 5896 ,
1791 5825 1980 5884 frustra
2009 5845 2107 5904 p0-

2211 2422 2370 2476 situm
2409 2424 2806 2494 existimemus,
2849 2429 3025 2486 verbis
3062 2432 3326 2502 explicare
3359 2449 3464 2488 non
3495 2449 3800 2504 possumus.

2286 2514 2509 2571 CAPUT
2531 2519 2618 2572 ΙΙΙ.
2633 2551 2702 2559 —
2714 2521 2764 2575 5.
2787 2521 3051 2585 Quomodo
3069 2523 3206 2578 Deus
3223 2527 3349 2580 nihil
3365 2531 3593 2600 praecipit
3617 2533 3805 2598 impos-

2215 2607 2372 2660 sibile.
2397 2607 2562 2678 Opera
2581 2613 2938 2668 misericordiae
2953 2618 3172 2671 remedia
3188 2631 3304 2672 sunt
3329 2621 3396 2672 ad
3411 2621 3584 2674 abolet.
3597 2623 3664 2675 da
3686 2639 3804 2692 pec-

2213 2707 2344 2750 cata.
2375 2702 2542 2756 Acute
2563 2713 2738 2757 autem
2767 2705 2866 2759 sibi
2895 2707 3140 2762 videntur
3163 2709 3362 2774 dicere,
3385 2714 3536 2780 quasi
3559 2723 3804 2770 nostrum

2216 2788 2318 2844 hoc
2343 2791 2479 2846 ullus
2507 2792 2733 2862 ignoret,
2763 2797 2902 2865 quod
2927 2817 2944 2849 ι
2975 2801 3019 2852 si
3049 2800 3314 2868 nolumus,
3355 2819 3458 2856 non
3490 2819 3804 2874 peccamus;

2222 2900 2242 2934 ι
2283 2898 2379 2938 nec
2403 2885 2714 2955 praeciperet
2745 2889 2883 2943 Deus
2925 2889 3162 2959 homini,
3192 2893 3332 2962 quod
3371 2905 3512 2948 esset
3559 2899 3807 2952 humanae

2224 2991 2244 3025 ι
2281 2974 2610 3044 impossibile
2631 2982 2906 3035 voluntati.
2931 3002 2947 3034 ι
2975 2982 3079 3038 Sed
3105 2983 3207 3040 hoc
3228 3001 3332 3039 non
3357 2987 3554 3055 vident,
3575 2987 3717 3057 quod
3741 2987 3808 3043 ad

2219 3062 2468 3116 nonnulla
2499 3065 2830 3134 superanda,
2865 3068 2948 3121 vel
2995 3085 3114 3138 qua:
3159 3071 3298 3126 male
3339 3073 3628 3142 cupiuntur
3656 3117 3670 3141 ,
3719 3073 3807 3130 vel

2220 3167 2337 3221 qua:
2366 3154 2502 3208 male
2521 3164 2848 3224 metuuntur,
2873 3162 3078 3230 magnis
3097 3161 3389 3232 aliquando
3439 3173 3492 3218 et
3523 3166 3646 3220 totis
3675 3165 3808 3220 viri-

2221 3242 2318 3298 bus
2347 3259 2480 3315 opus
2505 3255 2588 3302 est
2611 3249 2914 3316 voluntatis,
2948 3267 3079 3321 quas
3109 3269 3206 3307 nos
3223 3270 3327 3308 non
3353 3253 3586 3324 perfecte
3615 3257 3668 3310 in
3691 3272 3810 3311 om-

2220 3335 2376 3390 nibus
2402 3337 2734 3396 adhibituros
2770 3344 3031 3411 praevidit,
3060 3345 3150 3414 qui
3181 3361 3276 3414 per
3303 3348 3612 3416 prophetam
3661 3349 3810 3403 veri-

2219 3425 2338 3482 dice
2385 3429 2490 3484 dici
2537 3431 2722 3498 voluit,
2759 3431 2881 3487 Non
2901 3435 3268 3506 justi/imbitur
3307 3439 3362 3492 in
3399 3448 3668 3509 conspectu
3719 3449 3809 3495 tuo

2221 3521 2384 3575 omnis
2407 3523 2574 3577 vivens
2599 3523 2777 3597 (Psal.
2797 3543 2956 3594 CXLII,
2978 3528 3058 3598 2).
3093 3529 3248 3585 Tales
3269 3531 3446 3602 itaque
3475 3547 3572 3586 nos
3601 3533 3810 3589 futuros

2221 3611 2478 3668 Dominus
2509 3615 2804 3684 prtevidens
2825 3659 2840 3684 ,
2873 3621 3113 3688 quaedam
3141 3621 3370 3676 salubria
3411 3624 3644 3678 remedia
3671 3639 3809 3678 con-

2223 3713 2302 3760 tra
2331 3715 2538 3762 reatum
2567 3717 2623 3763 et
2651 3711 2856 3764 vincula
2891 3723 3228 3781 peccatorum
3269 3715 3426 3770 etiam
3455 3726 3574 3787 post
3621 3715 3812 3786 Bapti-

2225 3809 2398 3851 smum
2423 3797 2554 3853 dare
2575 3814 2636 3854 ac
2661 3801 2838 3856 valere
2865 3801 3114 3872 dignatus
3141 3814 3240 3871 est,
3265 3821 3426 3875 Opera
3469 3807 3673 3862 scilicet
3703 3809 3812 3862 mi-

2225 3892 2548 3960 sericordim,
2576 3909 2694 3950 cum
2725 3897 2816 3960 ait,
2845 3895 3111 3964 Dimittite,
3145 3909 3191 3952 et
3218 3901 3490 3953 dimittetur
3521 3901 3682 3964 vobis;
3707 3901 3812 3954 da-

2223 3990 2290 4049 te,
2313 3993 2358 4036 et
2381 3984 2581 4039 dabitur
2599 3987 2735 4042 vobis
2766 3987 2928 4060 (Luc.
2947 4006 3018 4054 vr,
3047 3991 3136 4056 57,
3169 3991 3294 4062 58).
3338 3991 3468 4059 Quis
3511 3993 3652 4046 enim
3681 4007 3812 4048 cum

2222 4074 2396 4146 aliqua
2425 4092 2520 4146 spe
2548 4079 2907 4149 adipiscenda:
2951 4083 3136 4137 salutis
3171 4091 3384 4138 mterna‘.
3427 4083 3494 4140 de
3551 4085 3651 4140 hac
3695 4086 3810 4140 vita

2223 4169 2527 4238 emigraret,
2561 4181 2809 4226 manente
2831 4174 2918 4228 illa
2951 4175 3212 4230 sententia
3242 4217 3256 4240 ,
3315 4177 3456 4246 quod
3503 4179 3811 4248 quicumque

2225 4269 2378 4314 totam
2399 4262 2558 4334 legem
2595 4267 2880 4334 servaverit,
2911 4265 3136 4333 oﬂ'endat
3177 4277 3344 4323 autent
3385 4285 3440 4322 ιη
3473 4285 3572 4324 uno
3592 4311 3607 4336 ,
3637 4269 3811 4339 factus

2221 4361 2292 4406 est
2321 4355 2544 4408 omnium
2573 4372 2722 4419 reus:
2751 4358 2850 4412 nisi
2883 4369 3000 4427 post
3021 4359 3294 4430 paululum
3323 4371 3638 4430 sequeretur
3659 4401 3674 4426 ,
3707 4361 3812 4416 Sic

2223 4445 2504 4516 loquimini,
2537 4457 2584 4502 et
2606 4451 2678 4503 sic
2705 4451 2873 4518 facite,
2907 4459 3146 4520 tanquam
3175 4467 3263 4520 per
3283 4453 3442 4522 legem
3471 4451 3712 4506 libertatis
3729 4454 3810 4507 in-

2220 4537 2456 4606 cipientes
2467 4539 2714 4609 judicari.
2745 4539 3006 4594 Iudicium
3041 4543 3172 4594 enim
3199 4542 3306 4595 sine
3331 4543 3678 4598 misericordia
3721 4543 3808 4598 illi

2220 4628 2306 4696 qui
2322 4645 2422 4682 non
2444 4631 2566 4700 facit
2591 4631 3004 4685 miscricordiam.
3043 4633 3400 4703 Superexaltat
3447 4645 3614 4689 autem
3647 4637 3808 4690 mise-

2219 4719 2648 4790 ricordiajndicio
2669 4723 2686 4791 (
2707 4721 2886 4775 Jacobi
2915 4740 2970 4789 ιι,
3005 4723 3092 4784 10,
3119 4726 3204 4790 12,
3237 4725 3362 4798 i3)?

2289 4805 2514 4862 CAPUT
2547 4806 2632 4858 IV.
2661 4837 2733 4848 --
2759 4807 3256 4878 4.'Concupiscentia
3288 4821 3534 4880 quatenus
3555 4813 3607 4868 in
3637 4813 3806 4870 nobis.

2217 4897 2499 4968 Baptizatis
2523 4917 2624 4954 non
2651 4902 2764 4970 ipsa
2805 4903 3228 4974 concupiscentia,
3285 4905 3372 4960 sed
3413 4907 3551 4960 solus
3583 4908 3636 4960 in
3689 4923 3810 4962 eam

2217 5013 2486 5052 consensus
2531 5007 2691 5052 nocet.
2745 4997 3186 5070 Concupiscentia
3230 5001 3390 5073 igitur
3437 5010 3685 5072 tanquam
3711 5002 3804 5060 lex

2219 5091 2418 5158 peccati
2443 5105 2662 5144 manens
2677 5090 2729 5146 in
2755 5091 3010 5146 membris
3025 5095 3264 5164 corporis
3287 5097 3470 5149 mortis
3489 5095 3665 5165 hujus,
3681 5111 3808 5152 cum

2217 5183 2448 5252 parvulis
2465 5183 2718 5252 nascitur,
2737 5184 2790 5238 in
2809 5186 3042 5254 parvulis
3059 5186 3334 5256 baptizatis
3349 5203 3376 5240 a
3391 5197 3540 5242 reatu
3555 5189 3804 5256 solvitur,

2217 5273 2282 5328 ad
2296 5289 2517 5345 agonem
2539 5277 2870 5348 relinquitur,
2889 5288 3011 5332 ante
3035 5293 3259 5349 agonem
3287 5289 3524 5334 mortuos
3555 5281 3694 5334 nulla
3718 5279 3812 5334 da-

2217 5367 2485 5422 mnatione
2503 5371 2838 5439 persequitur
2859 5389 2871 5424 :
2891 5371 3138 5439 parvulos
3155 5388 3258 5426 non
3279 5371 3569 5441 baptizatos
3589 5387 3709 5428 reos
3727 5373 3814 5428 in-

2215 5461 2398 5522 nectit,
2417 5469 2472 5515 et
2493 5469 2738 5531 tanquam
2759 5463 2848 5516 ira:
2867 5464 3022 5526 filios,
3041 5465 3248 5520 etiamsi
3265 5465 3464 5532 parvuli
3483 5466 3807 5536 moriantur,

2191 5563 2194 5566 '
2215 5549 2278 5603 ad
2299 5551 2794 5608 condemnationem
2821 5553 2998 5607 trahit.
3025 5555 3078 5608 In
3109 5555 3397 5624 grandibus
3419 5565 3594 5610 autem
3621 5556 3807 5626 bapti-

2215 5645 2364 5710 zatis,
2395 5643 2444 5698 in
2477 5645 2665 5714 quibus
2689 5645 2798 5715 jam
2827 5649 3030 5701 ratione
3057 5649 3326 5703 utentibus
3351 5647 3606 5718 quidquid
3623 5647 3811 5706 eidem

2193 5731 2655 5807 concupiscentia;
2691 5755 2843 5796 mens
2881 5741 2946 5794 ad
2979 5741 3306 5811 peccandum
3339 5744 3630 5808 consentit,
3671 5758 3808 5812 pro-

2213 5831 2343 5904 pria:
2365 5833 2647 5889 voluntatis
2675 5845 2784 5906 cst;
2808 5836 2995 5894 deletis
3053 5839 3283 5910 peccatis
3321 5837 3592 5908 omnibus,
3621 5837 3812 5902 soluto
