4074 6526
267 367 346 427 153
1590 359 1787 417 LIBER
1827 356 2202 416 SECUNDUS.

265 487 396 542 etiam
422 492 580 548 reatu,
607 498 730 555 quo
793 485 1015 542 vinctos
1057 485 1384 558 originaliter
1433 482 1747 546 detinebat,
1779 477 1848 532 ad

265 597 444 653 agonem
459 579 683 634 interim
709 590 937 649 manet,
961 597 1067 636 non
1087 581 1185 636 sibi
1217 579 1283 635 ad
1310 578 1490 634 illicita
1512 575 1850 632 consentien-

266 676 370 730 tibus
429 672 558 727 nihil
613 675 868 729 omnino
936 675 1215 742 nocitura,
1281 672 1454 728 donec
1502 671 1852 728 absorbeatur

263 782 367 822 mors
385 767 431 819 in
455 764 768 820 victoriam
824 765 848 839 (
873 767 892 820 1
923 764 1046 822 Cor.
1077 782 1167 832 xv,
1187 765 1255 820 54
1276 763 1295 836 )
1316 804 1332 831 ,
1371 774 1425 818 et
1453 778 1580 832 pace
1607 760 1849 832 perfecta

259 860 350 915 nihil
373 857 507 928 quod
539 859 816 914 vincatur
845 859 1064 916 existat.
1095 858 1507 913 Consentientes
1535 865 1712 910 autem
1743 854 1848 909 sibi

259 952 304 1006 ad
336 951 493 1005 illicita
536 965 676 1004 reos
730 962 913 1017 tenet,
955 960 1010 1006 et
1048 950 1149 1005 nisi
1199 965 1293 1019 per
1321 947 1640 1004 medicinam
1669 946 1847 1017 pinni-

263 1045 396 1099 teutiae
415 1053 464 1098 et
489 1058 674 1111 opera
705 1044 1108 1100 misericordia:
1138 1058 1235 1113 per
1267 1041 1545 1098 ccelestem
1593 1040 1847 1094 sacerdo-

265 1146 342 1193 tem
364 1151 450 1208 pro
471 1137 642 1190 nobis
684 1137 1136 1208 interpellantem
1162 1145 1438 1200 sanentur,
1467 1133 1534 1188 ad
1558 1133 1846 1188 secundam

261 1240 439 1286 mortem
457 1230 1006 1303 damnationemque
1037 1232 1054 1263 ί
1078 1230 1338 1301 perducit.
1386 1229 1610 1298 Propter
1664 1228 1765 1282 hoc
1793 1236 1849 1283 et

258 1325 466 1380 Dominus
479 1339 656 1379 orare
680 1341 795 1380 nos
816 1325 1044 1389 docens,
1073 1323 1212 1379 inter
1240 1333 1433 1378 caetera
1461 1323 1667 1376 monuit
1695 1321 1845 1376 utdi-

254 1431 416 1482 camus,
445 1415 676 1471 Dimitte
697 1417 859 1472 nobis
889 1418 1058 1471 debita
1099 1426 1293 1481 nostra,
1323 1417 1454 1469 sicut
1479 1424 1526 1468 et
1551 1431 1642 1469 nos
1669 1414 1844 1467 dimit-

255 1509 366 1562 tiqu
385 1507 715 1563 debitoribus
753 1511 984 1574 nostris;
1015 1518 1063 1564 et
1092 1525 1154 1563 ne
1181 1525 1271 1562 nos
1299 1507 1486 1576 inferas
1527 1507 1578 1560 in
1606 1507 1844 1560 tentatio-

254 1617 355 1664 item,
375 1601 462 1654 sed
488 1601 668 1654 libera
697 1618 802 1655 nos
830 1618 865 1654 α
889 1604 1028 1655 malo
1060 1598 1288 1673 (Matth.
1318 1615 1394 1665 vn,
1427 1598 1490 1652 1?.
1516 1608 1564 1652 et
1593 1597 1704 1670 15).
1733 1599 1840 1652 Ma-

254 1702 323 1746 net
343 1691 476 1745 enim
501 1692 723 1745 malum
755 1693 816 1746 in
847 1707 1011 1748 carne
1041 1701 1245 1754 nostra,
1280 1705 1383 1746 nou
1419 1703 1608 1744 natura
1653 1691 1704 1744 in
1739 1705 1842 1760 qua

255 1781 473 1839 divinitus
492 1795 721 1838 creatus
769 1793 860 1840 est
908 1783 1092 1846 homo,
1117 1783 1208 1837 sed
1236 1783 1364 1837 vitio
1417 1798 1524 1853 quo
1573 1783 1843 1837 voluntate

258 1879 502 1946 prolapsus
530 1888 642 1942 est,
679 1880 779 1933 ubi
805 1879 1024 1934 amissis
1053 1879 1273 1942 viribus,
1298 1893 1402 1932 non
1444 1895 1504 1932 ea
1533 1895 1634 1948 qua
1660 1879 1843 1933 vulne-

259 1981 380 2024 ratus
402 1981 497 2032 est,
529 1971 847 2025 voluntatis
868 1970 1129 2025 facilitate
1171 1979 1409 2024 sanatur.
1443 1970 1516 2025 De
1565 1971 1668 2024 hoc
1700 1969 1842 2024 malo

255 2062 356 2116 dicit
372 2061 671 2131 Apustolus
703 2082 718 2116 :
757 2061 888 2118 Scio
941 2063 1181 2135 quoniam
1223 2079 1320 2115 non
1359 2061 1550 2115 habitat
1597 2064 1649 2115 in
1689 2079 1841 2115 carne

254 2175 342 2211 nteit
362 2159 545 2210 bonum
588 2157 800 2227 (Rom.
833 2173 934 2222 vn,
980 2157 1115 2236 18)..
1139 2155 1232 2211 Cui
1272 2155 1411 2209 malo
1451 2172 1554 2210 non
1583 2155 1838 2210 obedirc’

257 2251 496 2320 praecipit,
525 2266 657 2305 cum
705 2250 846 2305 dicit
887 2267 902 2304 :
949 2249 1074 2304 Non
1121 2266 1236 2320 ergo
1263 2259 1430 2320 regnet
1479 2259 1739 2318 peccatum
1784 2248 1838 2302 in

259 2353 395 2395 uestro
421 2340 620 2394 mortali
647 2357 876 2410 corpore
931 2338 1001 2393 ad
1050 2339 1385 2393 obedientium
1431 2339 1690 2392 desideriis
1728 2338 1839 2408 ejus

252 2423 346 2493 (Id.
373 2441 442 2488 rt,
473 2425 587 2494 12).
615 2424 681 2478 Si
733 2440 868 2494 ergo
927 2423 1011 2477 bis
1064 2422 1340 2477 desideriis
1393 2422 1838 2490 concupiscentitn

242 2517 399 2570 carnis
425 2515 616 2570 illicita
647 2515 951 2570 voluntatis
980 2514 1325 2568 inclinatione
1355 2513 1743 2576 consensimus,
1770 2512 1837 2568 ad

239 2606 656 2663 bocsanandum
701 2609 949 2670 dicimus,
980 2605 1194 2660 Dimitte
1242 2605 1382 2660 nobis
1425 2605 1589 2659 debita
1629 2615 1838 2659 nostra:

245 2702 568 2756 adhibentes
595 2701 888 2756 remedium
907 2717 973 2756 ex
1004 2715 1170 2770 opere
1194 2697 1606 2764 misericordiae,
1659 2698 1712 2751 in
1772 2712 1838 2752 eo

245 2797 391 2868 quod
419 2797 694 2863 addimus,
714 2797 837 2850 sicut
879 2806 921 2850 et
963 2812 1058 2850 nos
1099 2794 1396 2848 dimittimus
1425 2791 1728 2847 debitoribus
1755 2808 1839 2846 no-

239 2889 386 2943 stris.
416 2888 485 2943 Ut
506 2899 690 2943 autem
714 2904 815 2943 non
845 2889 890 2942 ei
917 2887 1338 2952 consentiamus,
1367 2885 1717 2956 deprecamur
1743 2883 1838 2938 ad-

237 2979 497 3050 iutorium
525 2981 766 3036 dicentes
788 3021 805 3044 ,
848 2979 917 3034 Et
946 2997 1010 3034 ne
1030 2997 1123 3034 nos
1149 2980 1337 3050 inferas
1377 2977 1430 3031 in
1472 2977 1794 3031 tentationem
1817 2991 1836 3030 :

235 3069 370 3145 [re],
399 3073 532 3126 sicut
565 3072 811 3126 nonnulli
841 3071 1058 3125 codices
1084 3070 1310 3136 habent,
1340 3087 1401 3124 ne
1427 3087 1516 3122 nos
1547 3069 1758 3121 inducas
1783 3067 1835 3120 in

227 3166 551 3217 tentationem
575 3161 644 3236 ³.]
671 3162 792 3218 Non
816 3163 959 3233 quod
983 3162 1101 3232 ipse
1133 3163 1270 3216 Deus
1293 3161 1380 3216 tali
1413 3161 1705 3216 tentatioue
1731 3157 1834 3213 ali-

223 3271 382 3326 quem
416 3263 620 3320 tentet;
647 3253 796 3308 Nam
827 3254 966 3309 Deus
1019 3255 1291 3308 intentator
1336 3254 1584 3307 mutarunt
1613 3261 1707 3315 est,
1730 3253 1838 3320 ipse

221 3356 393 3400 autem
425 3348 683 3400 neminem
723 3355 884 3400 tentat
934 3345 1145 3416 (Jacobi
1175 3362 1213 3411 ι,
1248 3345 1346 3416 l5)
1374 3345 1504 3400 :sed
1533 3353 1592 3398 ut
1627 3344 1670 3398 si
1702 3342 1837 3398 forte

220 3441 420 3494 tentari
447 3441 782 3510 ceperimus
811 3456 844 3494 a
871 3439 1304 3509 concupiscentia
1329 3449 1513 3494 nostra
1537 3483 1552 3506 ,
1572 3437 1836 3508 adjutorio

221 3531 338 3601 ejus
365 3546 476 3585 non
507 3532 856 3598 deseramur,
891 3541 947 3584 ut
987 3532 1041 3584 in
1071 3547 1136 3586 eo
1186 3531 1450 3600 possimus
1477 3533 1692 3585 vincere
1721 3573 1737 3596 ,
1770 3545 1837 3585 ne

222 3623 604 3678 abstrahamur
635 3625 831 3678 illecti.
875 3624 1079 3678 Deinde
1107 3625 1350 3678 addimus
1403 3624 1544 3695 quod
1591 3623 1835 3692 perlicie-

223 3727 314 3772 tur
329 3719 383 3772 in
413 3718 539 3782 ﬁne,
569 3735 697 3772 cum
725 3718 1113 3773 absorbebitur
1155 3718 1376 3772 mortale
1397 3734 1426 3771 a
1457 3718 1560 3770 vita
1605 3716 1623 3791 (
1641 3715 1680 3771 ll
1714 3716 1832 3771 Cor.

222 3824 278 3874 ν,
303 3807 359 3879 Α)
394 3828 412 3864 :
442 3809 546 3864 Sed
575 3811 740 3862 libera
790 3826 884 3864 nos
916 3825 949 3862 α
976 3809 1132 3862 malo.
1169 3808 1319 3863 Tunc
1353 3809 1493 3862 enim
1546 3809 1688 3862 nulla
1734 3809 1836 3862 erit

226 3903 348 3958 talis
367 3904 844 3974 concupiscentia,
880 3919 1001 3958 cum
1045 3918 1148 3973 qua
1195 3911 1430 3969 certare,
1484 3911 1537 3956 et
1588 3903 1672 3956 cui
1727 3917 1836 3956 non

219 3995 540 4048 consentire
563 3995 880 4064 jubeamur.
899 3993 990 4048 Sic
1015 4009 1146 4064 ergo
1193 4001 1358 4046 totum
1411 3993 1514 4046 hoc
1570 3991 1621 4045 in
1669 3991 1836 4046 tribus

217 4084 511 4140 beneﬁciis
555 4088 796 4154 positum
830 4085 1072 4139 breviter
1100 4084 1204 4153 peti
1259 4093 1428 4154 potest
1455 4102 1468 4137 :
1492 4081 1712 4153 Ignosce
1737 4099 1834 4138 uo-

212 4175 308 4229 bis
336 4177 478 4230 eain
500 4177 700 4245 quibus
743 4191 936 4230 sumus
978 4175 1228 4230 abstracti
1281 4191 1312 4229 a
1364 4175 1832 4245 concupiscentia,

210 4267 420 4336 adjuva
448 4285 515 4323 ne
539 4270 924 4322 abstrahamur
946 4283 978 4322 a
1009 4267 1463 4338 concupiscentia,
1492 4266 1642 4321 aufer
1669 4281 1699 4320 a
1738 4249 1862 4321 no:

211 4357 308 4414 bis
337 4362 866 4430 concupiscentiam.

296 4451 534 4508 CAPUT
573 4451 814 4507 V.-——5.
865 4450 1112 4504 Voluntas
1159 4450 1374 4504 hominis
1422 4459 1530 4522 eget
1578 4467 1672 4521 ape
1713 4448 1834 4506 Dei.

205 4542 314 4596 Ad
345 4545 685 4614 peccandum
715 4558 947 4613 namque
988 4558 1092 4596 non
1122 4541 1434 4612 adju‘vamur
1462 4559 1490 4594 a
1520 4542 1629 4596 Deo
1659 4543 1837 4610 :justa

205 4645 410 4691 autem
454 4653 616 4708 agere
653 4637 743 4691 vel
770 4635 995 4707 justitim
1042 4644 1362 4704 praeceptum
1399 4634 1542 4688 omni
1581 4649 1646 4687 ex
1689 4641 1840 4702 parte

211 4728 464 4799 implere
500 4746 611 4784 non
636 4743 946 4798 possumus,
978 4727 1081 4782 nisi
1121 4727 1432 4796 adjuvcmur
1459 4739 1489 4780 a
1523 4726 1652 4780 Deo.
1688 4724 1839 4780 Sicut

210 4823 372 4876 enim
392 4825 645 4892 corporis
660 4823 850 4877 oculus
868 4837 972 4875 non
991 4821 1270 4890 adjuvatur
1285 4835 1316 4875 a
1337 4820 1476 4882 luce,
1497 4828 1555 4873 ut
1571 4819 1638 4873 ab
1650 4817 1837 4872 eadem

213 4914 350 4970 luce
372 4917 603 4972 clausus
623 4931 916 4970 aversusve
948 4914 1223 4980 discedat;
1255 4923 1311 4968 ut
1335 4924 1509 4967 autem
1537 4914 1713 4966 vidrat
1739 4911 1839 4965 ad-

209 5005 449 5074 iuvatur
476 5009 547 5062 ab
578 5023 666 5070 ea,
700 5023 872 5078 neque
902 5008 1005 5060 hoc
1030 5007 1248 5060 omnino
1285 5006 1384 5060 nisi
1425 5005 1511 5060 illa
1553 5003 1834 5074 adjuverit,

211 5107 410 5165 potest
440 5117 457 5153 :
489 5100 563 5154 ita
599 5101 763 5159 Deus.
790 5101 880 5170 qui
918 5101 1004 5154 lux
1046 5109 1128 5154 est
1158 5099 1388 5154 hominis
1425 5097 1712 5164 interioris,
1744 5095 1840 5152 ad-

219 5187 374 5254 juvat
410 5203 626 5247 nostra:
663 5194 859 5246 mentis
887 5194 1152 5258 obtutum,
1183 5202 1240 5247 ut
1265 5209 1368 5247 non
1410 5191 1700 5246 secundum
1743 5206 1841 5246 no-

213 5291 422 5346 stram,
459 5283 560 5338 sed
590 5283 886 5338 secundum
913 5283 1029 5354 ejus
1051 5285 1302 5354 justitiam
1333 5284 1458 5339 boni
1482 5283 1680 5354 aliquid
1710 5299 1841 5354 ope-

213 5388 441 5430 remur.
476 5375 535 5431 Si
566 5385 750 5430 autem
790 5379 856 5430 ab
895 5377 989 5430 illo
1013 5377 1322 5442 avertimur,
1362 5385 1602 5430 nostrum
1645 5383 1758 5440 est;
1787 5382 1844 5431 et

217 5473 362 5520 tunc
387 5469 696 5523 secundum
713 5481 930 5522 carnem
961 5467 1220 5537 sapimus,
1249 5476 1370 5522 tunc
1391 5467 1843 5537 concupiscentia

217 5560 414 5614 carnis
444 5560 520 5615 ad
545 5560 730 5616 illicita
775 5560 1162 5616 consentimus.
1204 5558 1506 5616 Conversus
1547 5575 1674 5632 ergo
1703 5560 1844 5616 Deus

291 5739 314 5770 ³
353 5739 528 5790 Plures
546 5743 859 5804 mentiset-ipa
883 5742 1206 5804 praetereunt,
1231 5739 1686 5802 damationemqne.

289 5801 318 5831 ³
349 5811 462 5850 Am.
487 5809 563 5850 Er.
590 5811 644 5850 et
663 5805 846 5850 aliuuot.
861 5808 1004 5850 Mss:
1031 5798 1122 5848 cui
1137 5799 1259 5848 malo
1280 5814 1362 5850 nos
1383 5813 1477 5850 non
1495 5800 1686 5850 obedire

293 5802 318 5831 ³
349 5811 462 5851 Am.
487 5809 563 5852 Er.
590 5811 644 5853 et
663 5805 723 5852 ali
759 5802 846 5853 not
861 5802 1004 5851 $55.:
1031 5802 1122 5848 cui
1137 5802 1259 5848 malo
1280 5814 1362 5851 nos
1383 5813 1477 5852 non
1495 5802 1708 5856 obedire.

293 5863 322 5900 ⁸
347 5870 472 5918 De
867 5867 1181 5932 pratereuut
1208 5874 1372 5916 omnes
1391 5864 1503 5915 fere
1535 5871 1640 5918 Mss.

3439 377 3542 439 455

1952 477 2185 545 adjuvat,
2213 497 2431 538 aversos
2465 483 2678 542 deserit.
2711 484 2817 544 Sed
2847 485 3008 545 etiam
3051 496 3107 546 ut
3136 501 3530 566 convertamur,

1953 569 2067 640 ipse
2091 572 2306 642 adjuvat
2332 593 2346 628 :
2373 575 2512 646 quod
2542 588 2686 633 certe
2711 580 2880 634 oculis
2911 583 3150 652 corporis
3180 583 3267 638 lux
3295 584 3393 638 ista
3424 601 3532 642 non

1954 676 2190 734 praestat.
2221 668 2352 723 Cum
2396 685 2523 740 ergo
2568 673 2720 728 nobis
2756 675 2908 745 jubet
2943 675 3144 745 dicens,
3174 675 3535 734 Convertimini

1952 759 2021 812 ad
2046 775 2140 824 me,
2185 768 2230 814 et
2267 773 2526 816 convertar
2551 763 2619 816 ad
2661 782 2746 820 vos
2774 765 2955 838 (Zach.
3002 785 3039 834 l,
3069 767 3160 842 5);
3208 785 3410 840 nosque
3455 771 3532 826 illi

1952 851 2206 918 dicimus,
2261 854 2502 909 Converte
2549 873 2674 924 nos,
2726 856 2864 912 Deus
2914 861 3185 915 sanitatum
3242 873 3530 917 nostrarum

1957 943 2125 1015 (Psal.
2172 958 2390 1012 Luxw,
2444 949 2537 1018 5);
2585 957 2658 1012 et,
2698 948 2834 1004 Deus
2872 951 3130 1020 virtutum,
3179 963 3408 1009 converte
3438 969 3533 1010 nos

1957 1035 2124 1108 (Psal.
2155 1056 2333 1106 LXXIX,
2365 1040 2422 1111 8)
2451 1058 2463 1095 :
2489 1039 2615 1110 quid
2645 1041 2785 1096 aliud
2811 1041 3058 1106 dicimus,
3081 1061 3263 1114 quam,
3296 1046 3369 1099 Da
3391 1044 3535 1117 quod

1946 1128 2142 1199 jubes?
2169 1133 2298 1186 Cum
2329 1131 2478 1202 jubet
2507 1133 2753 1201 dicendo,
2801 1133 3078 1206 Intelligite
3114 1153 3254 1208 ergo,
3291 1139 3379 1207 qui
3405 1138 3535 1193 insi-

1953 1223 2142 1292 pientes
2164 1226 2277 1279 estis
2304 1225 2356 1278 in
2383 1226 2570 1297 populo
2600 1225 2772 1296 (Psal.
2804 1242 2948 1295 xcut,
2977 1227 3031 1300 8)
3053 1245 3066 1293 ;
3101 1236 3156 1282 et
3180 1244 3276 1282 nos
3302 1229 3375 1283 illi
3396 1229 3532 1284 dici-

1949 1333 2090 1383 mus,
2143 1317 2225 1371 Da
2277 1319 2401 1372 mihi
2445 1320 2774 1384 intellectum,
2817 1331 2869 1374 ut
2908 1322 3099 1375 discam
3155 1320 3396 1376 mandata
3445 1330 3534 1378 tua

1951 1408 2120 1479 (Psal.
2159 1426 2340 1474 cxun,
2387 1411 2476 1482 75)
2524 1429 2538 1466 :
2583 1411 2709 1481 quid
2746 1411 2888 1466 aliud
2936 1412 3179 1478 dicimus,
3225 1429 3406 1483 quam,
3457 1413 3533 1470 Da

1949 1502 2087 1572 quod
2112 1501 2307 1572 jubes?
2331 1501 2464 1558 Cum
2491 1503 2640 1573 jubet
2666 1504 2913 1570 dicendo,
2947 1503 3072 1559 Post
3100 1507 3532 1576 concupiscentiae

1950 1602 2061 1647 tuas
2091 1611 2190 1647 non
2220 1612 2304 1649 eas
2339 1593 2525 1664 (Eccli.
2556 1611 2706 1660 xvul,
2740 1596 2865 1666 50);
2904 1613 3106 1667 nosque
3135 1597 3380 1661 dicimus,
3411 1597 3533 1654 Sci-

1948 1703 2066 1740 mus
2099 1688 2220 1757 quia
2258 1705 2401 1742 neuto
2439 1697 2598 1759 potest
2641 1705 2748 1742 esse
2793 1691 3073 1754 continens,
3123 1691 3221 1743 nisi
3262 1689 3404 1745 Deus
3445 1689 3530 1746 det

1948 1778 2105 1850 (ευρ.
2131 1796 2244 1845 vni,
2273 1779 2364 1849 2|)
2389 1797 2403 1832 :
2445 1779 2566 1850 quid
2595 1780 2740 1835 aliud
2779 1781 3026 1847 dicimus,
3057 1797 3239 1852 quam,
3269 1783 3340 1837 Da
3386 1782 3530 1854 quod

1943 1871 2102 1940 julies
2119 1874 2141 1924 ?
2157 1873 2288 1927 Cum
2307 1873 2458 1943 jubet
2475 1873 2722 1940 dicendo,
2752 1873 2802 1926 F
2803 1875 2930 1929 acite
2938 1875 3191 1946 justitiam
3210 1877 3226 1906 ¹
3247 1874 3396 1945 (Isai.
3418 1891 3530 1944 va,

1947 1965 2040 2034 4);
2097 1981 2302 2035 nosque
2355 1966 2615 2030 dicimus,
2666 1966 2800 2022 Doce
2844 1985 2922 2021 me
2961 1966 3352 2038 justiﬁcationes
3415 1977 3528 2021 tuas

1947 2059 2115 2130 (Psal.
2161 2077 2348 2128 cxvut,
2396 2061 2484 2134 12)
2529 2062 2696 2133 :quid
2739 2061 2880 2116 aliud
2922 2062 3166 2128 dicimus,
3225 2077 3406 2133 quam,
3455 2061 3530 2118 Da

1945 2156 2084 2226 quod
2107 2155 2300 2224 jubes?
2330 2155 2458 2210 Item
2489 2172 2609 2211 cum
2637 2156 2791 2221 dicit,
2829 2153 2973 2208 Beati
2995 2157 3080 2224 qui
3121 2156 3346 2210 esuriant
3387 2164 3433 2209 et
3459 2155 3533 2208 si-

1925 2247 2076 2302 .t'unt
2093 2247 2367 2318 justitiam,
2411 2249 2648 2318 quoniam
2671 2247 2772 2316 ipsi
2811 2247 3174 2300 saturabuntttr
3213 2246 3427 2317 (Matth.
3469 2261 3527 2316 v,

1947 2340 2001 2409 6)
2031 2359 2044 2394 :
2069 2355 2097 2393 a
2129 2355 2233 2408 quo
2261 2339 2518 2394 debemus
2561 2348 2738 2407 petere
2766 2337 2941 2394 cibum
2973 2348 3260 2408 potumque
3282 2337 3525 2406 justitite,

1945 2430 2046 2483 nisi
2075 2429 2142 2485 ab
2175 2430 2266 2484 illo
2290 2431 2376 2500 qui
2413 2430 2772 2485 esurientibus
2801 2445 2918 2485 eam
2965 2436 3020 2484 et
3057 2429 3359 2485 sitientibus
3387 2442 3524 2499 pro-

1943 2522 2106 2576 mittit
2135 2521 2248 2591 cjtts
2275 2521 2649 2576 saturitatem?

2015 2613 2068 2669 6.
2113 2613 2450 2682 tte-pellamus
2481 2614 2654 2682 itaque
2685 2611 2754 2667 ab
2787 2611 3006 2666 auribus
3030 2619 3086 2666 et
3125 2611 3392 2667 mentibus
3428 2626 3529 2666 no-

1944 2707 2070 2761 stris
2096 2721 2192 2761 στέλο
2234 2706 2323 2775 qui
2350 2705 2554 2771 dicunt,
2587 2713 2807 2774 accepto
2836 2703 3000 2759 semel
3030 2704 3210 2758 libera:
3236 2703 3525 2760 voluntatis

1943 2799 2184 2859 arbitrio.
2215 2814 2313 2853 nec
2339 2813 2494 2852 orare
2524 2813 2621 2851 nos
2649 2797 2865 2862 debere,
2904 2806 2961 2850 ut
2996 2796 3136 2850 Deus
3165 2810 3262 2850 nos
3287 2794 3525 2865 adjuvet,

1943 2908 2010 2946 ne
2053 2905 2351 2960 peccemus.
2397 2889 2612 2945 Talibus
2655 2890 2797 2944 enim
2839 2889 3072 2944 tenebris
3110 2903 3208 2943 nec
3236 2888 3528 2958 pharisarus

1943 2984 2032 3038 ille
2057 2983 2374 3049 caecabatur,
2395 2983 2482 3051 qui
2513 2982 2756 3052 quamvis
2783 2982 2834 3034 in
2868 2982 2968 3034 hoc
2995 2988 3221 3046 erraret,
3251 2979 3392 3050 quod
3423 2979 3525 3036 sibi

1943 3075 2244 3130 addendum
2271 3074 2334 3128 ad
2365 3073 2624 3142 justitiam
2651 3071 2781 3126 nibil
2816 3072 3052 3142 putabat,
3095 3085 3259 3142 seque
3294 3071 3526 3146 arbitra-

1941 3167 2098 3222 batur
2121 3167 2237 3236 ejus
2267 3165 2590 3235 plenitudine
2619 3172 2944 3228 saturatum;
2981 3163 3088 3216 Deo
3116 3171 3291 3216 tamen
3329 3161 3528 3231 gratias

1942 3261 2150 3331 agebat,
2178 3259 2319 3330 quod
2343 3275 2448 3314 non
2479 3267 2622 3313 esset
2649 3258 2786 3313 sicut
2813 3257 2992 3312 caeteri
3023 3257 3288 3318 homines,
3317 3255 3524 3326 injusti,

1941 3361 2204 3422 raptores,
2231 3350 2480 3417 adulteri,
2507 3351 2644 3406 sicut
2672 3349 2760 3404 ille
2796 3347 3139 3418 publicanus;
3167 3347 3310 3419 quod
3341 3347 3427 3401 bis
3469 3345 3526 3402 in

1942 3444 2163 3499 sabbato
2189 3443 2472 3514 jt-junaret,
2497 3443 2637 3512 quod
2664 3442 2900 3496 omnium
2927 3456 3048 3512 quae
3075 3441 3403 3511 possidebat,
3431 3439 3526 3496 de-

1941 3539 2107 3592 cimas
2128 3538 2297 3593 daret.
2322 3537 2462 3592 Nihil
2483 3536 2582 3592 sibi
2608 3537 2729 3591 addi
2759 3536 2823 3590 ad
2850 3536 3111 3604 justitiam
3127 3535 3240 3606 jam
3267 3535 3519 3604 petebat:

1943 3628 2035 3683 sed
2069 3639 2243 3683 tamen
2272 3644 2338 3682 ex
2379 3629 2444 3682 iis
2478 3643 2596 3698 qua:
2627 3627 2874 3690 habebat,
2911 3627 3109 3697 gratias
3152 3627 3261 3681 Deo
3289 3623 3519 3696 agendo,

1941 3721 2008 3776 ab
2039 3723 2127 3777 illo
2165 3738 2222 3776 se
2259 3721 2532 3790 accepisse
2571 3719 2747 3775 omnia
2789 3719 3087 3774 fatebatur:
3118 3726 3172 3773 et
3213 3726 3393 3772 tamen
3423 3718 3528 3772 im-

1942 3813 2198 3883 probatus
2226 3819 2331 3875 est,
2362 3819 2418 3866 et
2435 3812 2556 3880 quia
2572 3810 2735 3864 veluti
2762 3818 3028 3864 saturatos
3049 3807 3182 3862 nihil
3207 3807 3275 3862 de
3307 3807 3530 3861 alimen—

1944 3905 2010 3959 tis
2036 3905 2253 3974 justttia':
2277 3904 2386 3974 jam
2409 3903 2630 3972 rogabat
2652 3901 2913 3971 accipere,
2943 3911 2997 3956 et
3025 3899 3168 3970 quod
3194 3914 3312 3955 eam
3347 3898 3528 3969 publi-

1941 4010 2076 4052 cano
2103 3995 2355 4050 esurienti
2383 4009 2447 4050 ac
2487 3994 2684 4050 sitienti
2711 4008 2770 4048 se
2799 3993 2945 4047 velut
2974 3992 3236 4047 insultans
3274 3993 3527 4063 prteferre

1941 4088 2202 4157 gestiebat
2230 4085 2378 4160 (Luc.
2409 4103 2556 4151 xvm,
2593 4085 2802 4154 iO-H).
2830 4083 2966 4152 Quid
3006 4099 3134 4155 ergo
3163 4085 3266 4139 illis
3298 4085 3404 4150 fiet,
3437 4084 3526 4155 qui

1943 4178 2041 4233 etsi
2070 4177 2334 4233 fateantur
2357 4193 2416 4234 se
2449 4193 2553 4232 non
2582 4176 2799 4241 habere,
2832 4175 2914 4230 vel
2944 4191 3048 4230 non
3083 4176 3293 4246 plenam
3326 4175 3524 4232 habere

1937 4269 2226 4340 justitiam;
2271 4279 2444 4326 tamen
2492 4285 2521 4322 a
2561 4284 2621 4324 se
2670 4269 2799 4338 ipsis
2837 4267 3154 4333 habendam,
3203 4283 3307 4322 non
3353 4282 3382 4320 a
3431 4281 3530 4322 suo

1942 4363 2215 4429 Creatore,
2246 4363 2331 4418 ubi
2364 4364 2612 4417 horreum
2653 4363 2769 4431 ejus
2794 4369 2848 4416 et
2876 4359 2996 4416 fons
3037 4361 3154 4432 ejus
3193 4369 3298 4427 est,
3337 4359 3527 4431 depre-

1943 4455 2166 4509 candam
2205 4469 2324 4509 esse
2363 4453 2724 4522 praesumunt?
2769 4453 2880 4509 Nec
2921 4453 3044 4508 ideo
3077 4463 3252 4508 tamen
3288 4453 3419 4508 solis
3458 4451 3528 4507 de

1945 4543 2044 4599 hac
2076 4560 2132 4600 re
2160 4545 2296 4599 votis
2323 4544 2584 4614 agendum
2613 4551 2714 4608 est,
2748 4552 2806 4598 ut
2833 4560 2937 4598 non
2975 4544 3335 4598 subinl'eratur
3374 4541 3523 4597 adni-

1946 4639 2142 4692 teudo'
2195 4639 2353 4692 etiam
2410 4646 2605 4692 nostrae
2661 4637 2896 4692 efﬁcacia
2947 4637 3254 4692 voluntatis.
3305 4636 3524 4708 Adjutor

1944 4719 2085 4786 enim
2117 4739 2283 4784 noster
2312 4728 2450 4782 Deus
2475 4728 2666 4784 dicitur
2694 4728 2866 4800 (Psal.
2905 4744 3014 4794 ut,
3045 4729 3126 4799 9),
3153 4727 3251 4784 nec
3288 4729 3526 4800 adjuvari

1945 4831 2138 4894 potest,
2171 4821 2271 4877 nisi
2309 4823 2398 4894 qui
2445 4823 2604 4877 etiam
2646 4822 2846 4893 aliqttid
2891 4831 3079 4894 sponte
3117 4831 3360 4878 conatur.
3392 4822 3526 4892 Quia

1943 4933 2050 4972 non
2093 4916 2229 4972 sicut
2257 4916 2308 4970 in
2340 4915 2602 4986 lapidibus
2641 4915 2948 4981 insensatis,
2977 4923 3069 4970 aut
3094 4916 3231 4971 sicut
3275 4917 3327 4970 in
3367 4915 3444 4971 eis
3473 4917 3527 4970 in

1945 5023 2172 5078 quorum
2207 5017 2392 5064 natura
2437 5007 2697 5063 rationem
2723 5007 3155 5079 voluntatemque
3193 5023 3298 5063 non
3342 5008 3528 5064 condi-

2011 5243 2028 5274 ι
2061 5247 2112 5290 tu
2134 5239 2467 5301 manuscriptis
2481 5244 2606 5301 post,
2627 5237 2795 5301 Facite
2806 5236 3048 5301 justitiam
3063 5273 3077 5298 ,
3095 5239 3402 5301 continenter
3418 5237 3532 5288 sub-

1940 5304 2190 5366 jungitur,
2215 5299 2419 5366 Itemque
2441 5299 2552 5350 cum
2583 5299 2731 5363 dicit,
2761 5299 2898 5352 Beati
2931 5299 3013 5364 qui
3031 5299 3264 5362 esuriant,
3291 5311 3340 5352 et
3375 5303 3530 5350 inter-

1945 5365 2104 5415 tuedia
2121 5366 2269 5415 verba
2290 5365 2576 5413 reticentur.

2009 5431 2030 5460 ²
2062 5435 2231 5476 Locum
2254 5426 2380 5474 hunc
2401 5427 2472 5475 sic
2491 5439 2518 5474 a
2539 5427 2733 5490 litat-tino
2763 5427 2918 5490 Lipsio
2939 5428 3221 5490 castigatum
3255 5430 3530 5490 ptitant‘tp-

2009 5439 2030 5460 ι
2062 5439 2231 5476 Locum
2254 5439 2380 5474 nunc
2401 5439 2472 5475 sne
2491 5439 2518 5474 a
2539 5439 2731 5477 Μαι-ιιηο
2763 5439 2918 5536 tapsno
2939 5439 3221 5490 castigatum
3255 5439 3422 5489 putant
3445 5439 3530 5472 ω-

1946 5491 2232 5562 vauienses.‘
2248 5496 2359 5536 Nam
2383 5501 2484 5558 pro,
2505 5487 2795 5562 adnitenda;
2835 5489 3337 5562 egebatuniu‘primi‘s
3360 5485 3531 5562 editio-

1947 5553 2106 5610 nibus,
2127 5550 2192 5599 ad
2217 5549 2330 5599 bene
2363 5549 2616 5600 vivendum
2645 5563 2661 5598 :
2685 5553 2760 5600 cui
2787 5549 3047 5600 editionum
3080 5549 3272 5598 lectioni
3297 5549 3392 5597 duo
3431 5556 3512 5598 tau

1947 5621 2048 5664 tum
2070 5613 2376 5675 manuscripti
2392 5647 2407 5666 ,
2433 5625 2558 5675 unus
2579 5612 2838 5675 eABelgicis
2853 5645 2866 5668 ,
2892 5614 3016 5675 alter
3041 5625 3070 5660 e
3085 5612 3344 5675 _\"aticani_s,
3367 5611 3528 5675 suifra'

1948 5687 2143 5739 gantttr.
2163 5674 2244 5722 Alii
2267 5672 2362 5739 duo
2386 5674 2590 5739 Vaticani
2616 5673 2816 5733 habent,
2855 5672 3176 5739 adagendum
3194 5685 3236 5723 et
3255 5673 3537 5739 circuitum.

1949 5735 2048 5787 bno
2067 5736 2260 5800 Belgici,
2276 5738 2340 5786 ad
2357 5736 2607 5787 vivendum
2630 5749 2647 5786 :
2669 5745 2718 5800 et
2734 5739 2803 5786 sic
2816 5735 3058 5800 Gallicani,
3073 5735 3533 5800 exceptisueccensi

1951 5809 2002 5850 et
2021 5797 2434 5876 "uno'Parisi‘ensi
2485 5799 2909 5876 augustinensium
2941 5798 3136 5862 majoris
3173 5803 3446 5852 conventus
3480 5797 3534 5852 in

1951 5864 2244 5929 quibusest,
2269 5861 2544 5914 adnitenda.
