4074 6532
600 340 706 403 155

598 454 697 523 dit,
733 452 957 511 salutem
1004 456 1236 506 nostram
1263 446 1400 500 Deus
1447 451 1695 513 operatur
1749 444 1803 495 in
1850 440 2021 496 nobis.
2060 438 2169 494 Cur

599 558 776 603 autem
803 546 950 602 illum
969 544 1200 615 adjuvet,
1225 539 1367 593 illum
1392 554 1497 591 non
1518 533 1760 605 adjuvet;
1787 534 1929 589 illum
1947 542 2170 598 tantum,

600 638 749 698 illum
801 649 977 695 autem
1027 651 1132 692 non
1175 641 1375 688 tantum
1421 633 1471 699 ¹;
1505 632 1662 686 istum
1712 631 1824 698 illo,
1875 629 2024 685 illum
2072 629 2174 683 isto

599 730 795 797 modo;
841 743 1004 799 penes
1048 725 1219 795 ipsum
1272 730 1354 779 est
1396 731 1449 778 et
1487 720 1751 793 aequitatis
1805 728 1912 775 tam
1954 729 2175 775 secreta:

599 825 749 889 ratio,
793 829 847 876 et
875 817 1186 876 excellentia
1206 816 1504 887 potestatis.

668 910 891 967 CAPUT
932 905 1017 965 Vl.
1056 938 1128 951 -—
1156 908 1209 964 7.
1256 906 1485 977 Quatuor
1523 904 1586 961 de
1614 904 1833 976 justitia:
1870 902 2175 977 perfectione

592 1002 916 1073 quwstiones:
945 1000 1121 1055 Prima
1143 999 1369 1072 quaestio,
1392 1016 1459 1053 an
1479 997 1628 1052 homo
1654 998 1762 1052 sine
1789 1006 1993 1068 peccato
2014 992 2174 1068 possit

594 1106 698 1148 esse
735 1094 789 1147 in
825 1093 919 1147 hac
950 1092 1069 1147 vita.
1097 1088 1230 1147 Nam
1258 1089 1347 1162 qui
1383 1086 1565 1145 dicunt
1607 1104 1728 1146 esse
1761 1088 1951 1161 posse'
1981 1087 2039 1144 in
2073 1085 2174 1143 hac

595 1184 700 1239 vita
730 1184 999 1240 hominem
1031 1185 1143 1240 sine
1173 1192 1410 1254 peccato,
1443 1198 1552 1238 non
1591 1190 1675 1238 est
1701 1182 1778 1238 eis
1807 1180 2058 1238 continuo
2085 1179 2171 1235 in-

598 1283 754 1330 cauta
798 1272 1091 1331 temeritate
1132 1271 1515 1330 obsistendum.
1564 1272 1619 1329 Si
1664 1276 1806 1329 enim
1850 1289 1970 1329 esse
2019 1287 2175 1344 posse

599 1365 990 1436 negaverimus,
1023 1374 1076 1420 et
1107 1365 1335 1421 hominis
1363 1364 1531 1420 libero
1565 1364 1807 1433 arbitrio,
1837 1365 1930 1436 qui
1956 1364 2060 1420 hoc
2082 1380 2176 1419 vo-

594 1456 753 1514 leudo
779 1459 998 1529 appetit,
1029 1466 1082 1514 et
1106 1456 1200 1513 Dei
1228 1457 1406 1513 virtuti
1422 1457 1505 1513 vel
1534 1456 1933 1523 misericordiae,
1962 1457 2053 1529 qui
2074 1455 2177 1513 hoc

598 1548 897 1619 adjuvando
926 1548 1107 1613 efﬁcit,
1136 1546 1523 1620 derogahimus.
1550 1544 1657 1606 Sed
1688 1547 1791 1604 alia
1817 1550 2042 1622 quaestio
2071 1558 2171 1615 est,

599 1649 772 1695 utrum
811 1655 930 1696 esse
970 1639 1169 1711 possit;
1201 1641 1323 1709 alia,
1356 1648 1535 1696 utrum
1579 1640 1677 1707 sit;
1714 1641 1835 1709 alia,
1877 1641 1924 1697 si
1961 1656 2068 1696 non
2096 1651 2178 1697 est

597 1746 715 1787 cum
747 1734 912 1802 possit
936 1746 1076 1800 esse,
1104 1748 1200 1787 cur
1219 1749 1323 1788 non
1354 1732 1456 1799 sit;
1488 1732 1590 1788 alia
1629 1742 1807 1789 utrum
1845 1732 1935 1803 qui
1959 1734 2176 1788 omnino

597 1839 861 1894 nunquam
889 1824 1051 1880 ullum
1078 1832 1352 1895 peceatum
1380 1823 1647 1891 habuerit,
1696 1840 1802 1880 non
1838 1825 2007 1881 solum
2034 1826 2177 1896 quis-

598 1926 757 1985 quam
802 1915 890 1981 sit,
926 1931 1110 1970 verutn
1153 1917 1311 1971 etiam
1342 1916 1572 1987 potuerit
1611 1914 1896 1988 aliquando
1937 1932 2055 1972 esse
2094 1917 2175 1972 vel

598 2006 782 2075 possit.
817 2003 872 2060 ln
898 2005 998 2061 hac
1025 2006 1403 2077 quadripartita
1426 2007 1793 2078 pr0positione
1819 2006 2176 2076 quaestionum

598 2095 643 2150 si
674 2111 703 2149 a
749 2110 835 2151 me
880 2106 1167 2167 quaeratur,
1202 2107 1374 2152 utrum
1419 2096 1579 2152 homo
1622 2096 1736 2153 sine
1765 2103 1984 2167 peccato
2012 2097 2180 2167 possit

597 2202 715 2242 esse
746 2188 795 2241 in
828 2187 927 2243 hac
956 2189 1092 2253 vita;
1121 2186 1415 2243 confitebor
1443 2200 1598 2258 posse
1640 2203 1732 2258 per
1754 2186 1848 2243 Dei
1878 2188 2101 2258 gratiam
2127 2194 2181 2242 et

592 2277 819 2332 liberum
848 2277 963 2347 ejus
1000 2276 1270 2333 arbitrium
1301 2296 1315 2332 :
1346 2276 1516 2348 ipsum
1541 2290 1751 2348 quoque
1777 2274 2003 2333 liberum
2033 2275 2179 2331 arbi-

487 2398 492 2404 -
594 2368 755 2423 trium
778 2368 845 2423 ad
872 2366 967 2424 Dei
987 2367 1230 2439 gratiam,
1263 2368 1363 2424 hoc
1390 2376 1489 2436 est,
1518 2368 1585 2423 ad
1621 2367 1717 2423 Dei
1744 2367 1893 2423 doua-
1910 2366 2181 2439 pertinere

599 2473 703 2514 non
714 2458 1008 2529 ambigens,
1024 2473 1123 2515 nec
1138 2468 1341 2515 tantum
1355 2465 1413 2515 ut
1430 2461 1518 2527 sit,
1536 2475 1719 2516 verum
1734 2460 1893 2516 etiam
1908 2469 1966 2515 ut
1978 2460 2177 2515 bonum

600 2551 688 2618 sit,
720 2550 773 2605 id
798 2560 898 2617 est,
929 2535 995 2606 ad
1017 2550 1256 2606 facienda
1288 2552 1533 2606 mandata
1562 2549 1773 2606 Domini
1802 2560 2176 2619 convertatur;

598 2649 755 2711 atque
783 2642 854 2697 ita
881 2640 974 2698 Dei
1013 2643 1181 2714 gratia
1206 2656 1315 2699 non
1348 2643 1519 2699 solum
1548 2643 1797 2699 ostendat
1822 2643 1948 2714 quid
1979 2643 2179 2700 facien-

596 2730 723 2787 dum
774 2734 884 2801 sit,
930 2732 1026 2790 sed
1074 2733 1285 2803 adjuvet
1335 2732 1494 2788 etiam
1541 2742 1599 2788 ut
1652 2735 1819 2803 possit
1870 2733 1986 2789 tieri
2038 2733 2178 2804 quod

593 2824 909 2889 ostenderit,
936 2822 1073 2893 Quid
1107 2825 1248 2880 enim
1277 2824 1536 2881 habemus
1561 2824 1702 2896 quod
1744 2841 1849 2881 non
1879 2826 2180 2895 accepimus

598 2914 644 2986 (l
667 2914 784 2970 Cor.
813 2928 891 2984 tv,
922 2912 1017 2987 7)?
1045 2912 1200 2973 Unde
1225 2925 1278 2972 et
1291 2918 1546 2973 Jeremias
1562 2916 1689 2972 dicit
1718 2933 1731 2971 :
1762 2917 1907 2985 Scio,
1940 2915 2176 2986 Domine,

598 3007 718 3077 quia
736 3021 844 3061 non
868 3015 941 3062 est
970 3006 1020 3061 in
1046 3007 1247 3063 homine
1277 3020 1358 3062 vta
1386 3009 1514 3079 ejus,
1543 3023 1633 3062 nec
1660 3008 1751 3062 viri
1781 3017 1926 3062 estut
1963 3010 2181 3064 ambulet

599 3107 648 3152 et
676 3097 860 3170 dirigat
890 3111 1088 3171 gressus
1122 3114 1238 3156 suos
1264 3099 1471 3167 (Jerem.
1498 3116 1555 3168 χ,
1581 3100 1694 3172 25).
1723 3100 1857 3157 Hinc
1882 3111 1935 3157 et
1961 3102 2013 3157 in
2041 3102 2181 3159 Psal~

591 3192 700 3248 mis
721 3204 840 3248 cum
867 3192 1078 3263 quidam
1110 3192 1331 3250 dixisset
1356 3192 1486 3263 Deo,
1528 3191 1604 3248 Tu
1632 3195 1916 3268 praecepisti
1941 3198 2180 3252 mandata

596 3293 689 3340 ma
717 3286 960 3341 custodiri
992 3289 1179 3355 nimis;
1218 3289 1471 3345 continuo
1499 3302 1603 3343 non
1632 3288 1700 3345 de
1737 3306 1795 3345 se
1820 3293 2175 3361 praesumpsit,

595 3375 694 3431 sed
717 3376 919 3448 optavit
937 3388 995 3433 ut
1018 3376 1220 3435 lhceret
1249 3396 1262 3435 :
1298 3376 1523 3447 Utinam,
1558 3380 1743 3451 inquit,
1776 3378 2061 3452 dirigantur
2086 3383 2180 3438 vim

598 3478 724 3523 mea:
743 3468 811 3523 ad
834 3468 1184 3525 custodiendas
1203 3468 1592 3543 justi/icationes
1614 3481 1725 3527 tuas
1750 3488 1770 3527 :
1799 3481 1919 3527 tunc
1937 3490 2038 3528 non
2060 3490 2180 3529 con-

599 3559 821 3630 fundor,
877 3558 996 3615 dum
1040 3560 1251 3633 inspicio
1300 3562 1357 3617 in
1399 3564 1568 3618 omnia
1609 3564 1851 3619 mandata
1894 3574 2001 3621 tua.
2048 3565 2178 3635 Quis

598 3663 775 3710 autem
798 3662 947 3725 optat
973 3656 1113 3727 quod
1142 3657 1195 3711 in
1221 3665 1481 3727 potestate
1501 3658 1579 3716 sic
1599 3659 1778 3726 habet,
1801 3670 1859 3715 ut
1888 3659 1954 3715 ad
1978 3659 2178 3717 facien-

599 3742 726 3800 dum
741 3744 887 3802 nullo
908 3745 1139 3818 indigeat
1162 3747 1507 3818 adjumento?
1528 3752 1569 3804 Α
1595 3764 1701 3821 quo
1720 3761 1898 3806 autem
1926 3750 1976 3807 id
2004 3762 2173 3823 optet,

597 3839 719 3910 quia
750 3851 858 3894 non
901 3855 933 3895 a
969 3838 1202 3904 fortuna,
1241 3842 1326 3898 vel
1365 3856 1395 3896 a
1441 3840 1568 3909 fato,
1599 3842 1684 3899 vel
1718 3859 1751 3900 a
1790 3845 2027 3916 quolibet
2070 3845 2177 3902 alio

597 3940 793 4001 praeter
826 3919 1019 4001 Deum,
1064 3934 1123 3989 in
1174 3927 1623 4005 conseduentibus
1678 3937 1808 3993 satis
1846 3938 2173 3995 ostendens:

606 4017 801 4076 itinera
829 4037 959 4092 mea,
987 4023 1173 4095 inquit,
1204 4025 1365 4097 dirige
1400 4029 1674 4082 secundum
1699 4028 1900 4083 verbum
1942 4039 2100 4097 tuum,
2129 4036 2177 4085 et

596 4126 699 4167 non
722 4112 1043 4168 dominetur'
1067 4116 1191 4169 mihi
1219 4117 1381 4170 omnis
1419 4117 1655 4188 iniquitas
1680 4117 1699 4189 (
1725 4117 1869 4173 Psal.
1902 4132 2087 4190 cxvut,
2116 4120 2172 4189 4,

598 4199 654 4267 5,
678 4201 735 4270 6,
766 4201 913 4276 155).
955 4204 1037 4260 Ab
1062 4204 1219 4276 hujus
1248 4210 1588 4264 exsecranda:
1613 4207 1992 4268 dominationis
2008 4211 2032 4245 ⁸
2057 4229 2175 4269 ser-

596 4289 763 4346 vitute
807 4291 1119 4362 liberantur,
1168 4294 1357 4365 quibus
1381 4295 1636 4352 Dominus
1658 4295 1815 4355 Jesus
1870 4297 2012 4373 [eum
2038 4302 2177 4358 reci-

595 4379 863 4455 pientibus
880 4380 950 4458 '],
978 4382 1126 4442 dedit
1151 4394 1467 4457 poteStatem
1496 4386 1630 4445 illius
1658 4388 1751 4446 Dei
1782 4390 1897 4447 ﬂeri
1941 4392 2116 4465 (Joan.
2133 4410 2171 4464 ι,

600 4474 714 4546 ιε).
740 4474 820 4529 Ah
845 4476 945 4532 ista
978 4474 1246 4534 horrenda
1272 4477 1632 4538 dominatione
1651 4480 1912 4539 liberandi
1938 4482 2169 4557 fuerant,

596 4567 786 4637 quibus
829 4567 979 4636 dicit,
1016 4568 1077 4626 Si
1100 4584 1186 4626 vos
1215 4567 1381 4628 Filius
1410 4571 1711 4643 liberaverit,
1746 4584 1863 4630 tunc
1891 4592 2003 4633 vere
2030 4577 2174 4634 liberi

597 4661 737 4715 eritis
764 4658 872 4733 (td.
896 4674 1014 4731 τιτι,
1052 4660 1169 4735 36).
1207 4660 1300 4721 Elis
1341 4673 1502 4736 atque
1528 4664 1833 4738 hujusmodi
1862 4668 1980 4725 aliis
2015 4670 2173 4726 innu-

593 4753 937 4810 merabilibus
978 4757 1294 4814 testimoniis
1332 4757 1575 4815 dubitare
1614 4776 1721 4817 non
1766 4776 2013 4832 possum,
2070 4777 2171 4820 nec

596 4843 764 4901 Deam
810 4844 1010 4918 aliquid
1052 4846 1381 4919 impossibile
1422 4849 1623 4907 homini
1678 4855 2012 4924 prmeepisse,
2072 4870 2171 4914 nec

596 4936 705 4992 Deo
749 4936 816 4994 ad
867 4937 1233 5009 opitulandum
1282 4951 1335 4998 et
1359 4939 1736 5015 adiuvandum,
1782 4962 1887 5017 quo
1912 4948 2003 5003 tiat
2026 4948 2169 5020 quod

592 5028 761 5100 jubet,
812 5029 1139 5102 impossibile
1178 5033 1376 5104 aliquid
1418 5048 1557 5091 esse.
1599 5037 1676 5093 Ac
1714 5053 1807 5109 per
1849 5038 1953 5097 hoc
1994 5048 2171 5112 potest

595 5119 772 5188 homo,
804 5122 849 5177 si
873 5122 1023 5189 velit,
1048 5138 1168 5180 esse
1196 5125 1313 5181 sine
1341 5135 1579 5196 peccato,
1612 5128 1823 5200 adjutus
1851 5146 1882 5187 a
1914 5132 2044 5189 Deo.

663 5212 888 5270 CAPUT
911 5213 1021 5270 VII.
1047 5245 1118 5257 —
1141 5216 1195 5273 8.
1219 5215 1459 5274 Secunda
1499 5223 1705 5290 qmtio
1728 5263 1742 5288 ,
1769 5239 1839 5279 au
1878 5227 1945 5280 sit
1985 5226 2171 5296 aliquis

588 5303 740 5361 domo
765 5306 873 5362 sine
896 5316 1099 5379 pacato
1118 5308 1176 5363 in
1212 5308 1308 5364 Inc
1333 5310 1454 5367 vita.
1480 5311 1538 5369 Si
1564 5322 1741 5372 autem
1763 5316 1908 5388 quod
1931 5319 2169 5377 secundo

590 5505 756 5614 "ulla
778 5506 1002 5560 omnium
1020 5514 1370 5575 metuamus,
1391 5506 1534 5565 illum
1553 5520 1712 5566 autem
1730 5519 1946 5582 tadum;
1967 5516 2163 5583 omisso,

650 5600 1617 5723 foggt‘nes‘mmmanuscﬂptt
1636 5640 1716 5692 hic
1734 5641 1987 5709 omittunt,
2008 5654 2164 5710 posse.

652 5697 676 5723 ³
706 5697 832 5753 Mss,
858 5700 907 5744 ut
925 5706 1019 5745 non
1041 5697 1325 5750 dominetur.

652 5750 883 5818 ξυρηβε
906 5759 1138 5809 Vaticanis
1158 5760 1532 5818 Mss..dominat.

653 5812 679 5848 ⁸
702 5812 1087 5873 umectans.
1110 5822 1231 5875 vide
1252 5812 1558 5891 nam.

1234 332 1323 390 DE
1360 328 1815 388 PECCATORUM
1854 325 2123 385 MERITIS
2160 323 2249 383 ΕΤ
2288 323 2714 393 REMISSIONE,
2756 326 2813 383 S.
2853 326 3221 385 AUCUSTlNl

2272 5713 2375 5760 tum
2396 5718 2665 5763 renouatur.

3757 330 3861 389 156

2280 436 2398 493 loco
2424 454 2723 508 posueram,
2752 452 3015 511 quaeratur
3044 452 3218 498 utrum
3247 443 3344 514 sit,
3376 457 3496 502 esse
3520 457 3628 500 non
3670 446 3855 501 caedo.

2281 528 2445 602 Magis
2468 531 2610 586 enim
2635 530 2795 589 credo
2822 530 3110 606 Scriptura:
3148 532 3364 605 dicenti,
3399 534 3480 593 Ne
3512 538 3667 593 intres
3699 536 3753 593 in
3766 539 3861 609 juo

2281 621 2469 677 dicium
2496 640 2607 677 cum
2628 641 2768 679 seruo
2790 634 2894 692 tuo,
2918 627 3155 697 quoniam
3176 644 3275 681 non
3285 627 3650 698 justiﬁcabilur
3669 629 3723 684 in
3740 645 3863 685 con-

2280 725 2452 786 spectu
2476 725 2561 770 tuo
2581 716 2740 770 omnis
2768 715 2934 772 vivens
2966 714 3135 790 (Psal.
3164 733 3325 786 exul,
3351 716 3428 789 2).
3459 718 3527 773 Et
3552 718 3673 775 ideo
3699 720 3862 775 mise-

2280 805 2508 863 ricordia
2535 807 2629 863 Dei
2654 823 2786 879 opus
2810 818 2924 876 est,
2954 825 3073 881 quae
3097 811 3455 882 superexaltat
3477 811 3678 883 judicio
3697 855 3713 881 ,
3742 828 3862 885 qua:

2282 894 2356 953 illi
2386 916 2493 955 non
2520 901 2621 956 erit
2661 901 2751 973 qui
2794 918 2900 957 non
2944 900 3072 960 facit
3113 903 3534 961 misericordiam
3566 902 3774 978 (Jacobi
3800 922 3858 977 tt,

2283 987 2395 1063 l3).
2425 988 2492 1047 Et
2510 990 2651 1063 quod
2670 994 2924 1065 propheta
2943 1010 3063 1051 cum
3091 992 3311 1064 diceret,
3334 992 3479 1066 Dixi,
3511 994 3862 1053 Pronuntiabo

2282 1082 2520 1139 adversus
2568 1101 2647 1140 me
2689 1085 2923 1142 delictum
2969 1105 3135 1144 meum
3174 1084 3413 1158 Domino,
3459 1100 3505 1147 et
3545 1098 3599 1145 tu
3625 1089 3863 1147 dimisisti

2281 1172 2585 1247 impietatem
2620 1178 2785 1233 cordis
2831 1179 2962 1247 mei;
3008 1180 3262 1238 continuo
3298 1181 3601 1253 subjunxit,
3639 1179 3743 1237 Pro
3769 1182 3862 1237 hac

2283 1268 2443 1322 orabit
2470 1268 2539 1323 ad
2562 1276 2609 1324 le
2636 1273 2798 1325 omnis
2822 1281 3026 1328 sanctus
3048 1274 3103 1328 in
3131 1284 3352 1346 tempore
3380 1285 3663 1348 opportuno
3691 1272 3859 1345 (Psal.

2283 1374 2430 1427 sui,
2462 1358 2516 1427 5,
2549 1354 2626 1433 6).
2673 1360 2788 1416 Non
2831 1356 2959 1434 ergo
3002 1365 3176 1421 omnis
3219 1374 3499 1436 peccator,
3548 1364 3644 1423 sed
3689 1370 3862 1425 omnis

2282 1458 2496 1507 sanctus
2528 1467 2542 1504 :
2575 1466 2674 1506 vox
2701 1451 2842 1508 enim
2884 1465 3187 1511 sanctorum
3217 1466 3319 1525 est,
3355 1456 3415 1514 Si
3444 1458 3723 1516 dixerimus
3747 1460 3861 1531 quia

2284 1549 2542 1612 peccatum
2566 1558 2665 1597 non
2697 1543 2933 1599 habemus
2958 1589 2970 1612 ,
3001 1563 3091 1602 nos
3116 1548 3252 1619 ipsos
3280 1546 3580 1621 decipimus,
3611 1559 3657 1605 et
3682 1551 3860 1608 veritas

2283 1632 2336 1688 in
2362 1632 2504 1689 nobis
2531 1650 2629 1690 non
2659 1644 2733 1691 est
2769 1635 2813 1709 (l
2832 1634 2987 1692 Joan.
3017 1655 3054 1706 ι,
3086 1635 3163 1710 8).
3204 1635 3358 1696 Unde
3382 1640 3436 1695 in
3464 1640 3705 1713 ejusdem
3730 1657 3859 1715 apo-

2284 1724 2404 1779 stoti
2432 1724 2783 1798 Apocalypsi,
2815 1728 2900 1782 illa
2944 1738 3143 1785 centum
3180 1729 3520 1803 quadraginta
3560 1741 3608 1788 et
3644 1743 3859 1806 quatuor

2284 1816 2444 1871 millia
2464 1827 2789 1885 sanctorum,
2813 1821 2897 1890 qui
2922 1837 2975 1875 se
2993 1836 3106 1875 cum
3127 1821 3421 1879 mulieribus
3445 1840 3546 1879 non
3569 1822 3860 1898 coinquina-

2284 1920 2460 1965 verunt
2481 1953 2495 1977 ,
2527 1913 2743 1985 virgines
2777 1915 2907 1969 enim
2933 1925 3348 1985 permanserunt;
3377 1926 3424 1972 et
3451 1934 3554 1973 non
3577 1926 3651 1973 est
3686 1919 3860 1974 inven-

2285 2008 2390 2055 tum
2432 2004 2483 2057 in
2524 2020 2611 2059 ore
2654 2022 2825 2060 eorum
2865 2005 3214 2076 mendacium,
3252 2008 3370 2079 quia
3408 2008 3861 2081 irreprehensibilcs

2285 2102 2399 2148 sunt
2420 2094 2599 2165 (Anoc.
2618 2110 2731 2160 xw,
2750 2098 2785 2153 4
2799 2107 2846 2152 et
2865 2097 2923 2169 5)
2946 2097 3024 2171 (a)
3044 2113 3059 2166 ;
3083 2100 3319 2171 proiecto
3340 2100 3458 2156 ideo
3481 2101 3864 2173 irrepreliensi-

2285 2187 2417 2244 biles
2442 2196 2596 2257 sunt,
2628 2187 2748 2261 quia
2788 2205 2848 2246 se
2890 2191 3035 2261 ipsos
3080 2192 3341 2249 veraciter
3368 2195 3860 2266 reprehenderunt:

2285 2290 2341 2339 et
2366 2281 2483 2337 ideo
2522 2297 2627 2338 non
2659 2295 2741 2339 est
2770 2284 3043 2340 inventum
3073 2284 3125 2341 in
3156 2301 3250 2343 ore
3290 2301 3477 2344 eorum
3506 2288 3858 2358 mendacium,

2286 2376 2406 2445 quia
2428 2374 2471 2430 si
2499 2374 2735 2433 dicerent
2758 2391 2817 2433 se
2845 2388 3121 2450 peccatum
3142 2395 3249 2435 non
3272 2376 3489 2448 habere,
3516 2395 3575 2439 se
3602 2382 3750 2453 ipsos
3772 2381 3864 2440 de-

2286 2467 2544 2537 ciperent,
2574 2478 2628 2525 et
2656 2471 2851 2525 verit-as
2881 2471 2933 2526 in
2964 2470 3042 2527 eis
3067 2488 3172 2529 non
3194 2483 3374 2542 esset;
3404 2484 3460 2532 et
3488 2475 3670 2548 utique
3712 2492 3863 2533 menv

2286 2556 2494 2613 dacium
2520 2570 2697 2627 esset,
2729 2560 2818 2616 ubi
2842 2561 3037 2618 veritas
3063 2578 3173 2619 non
3206 2573 3348 2621 esset
3374 2584 3388 2623 :
3417 2565 3665 2637 quoniam
3690 2566 3864 2638 justus

2286 2665 2406 2707 eum
2423 2651 2472 2706 in
2495 2654 2760 2710 sermonis
2775 2653 2993 2711 exordio
3012 2666 3290 2715 accusator
3310 2656 3393 2715 sui
3410 2667 3492 2718 est
3512 2657 3691 2732 (Prov.
3715 2676 3863 2729 xvtn,

2288 2744 2400 2817 l7),
2433 2760 2539 2801 non
2566 2746 2749 2818 utique
2776 2749 3048 2804 mentitur.

2356 2837 2410 2893 9.
2451 2840 2529 2893 Ac
2553 2854 2651 2910 per
2680 2839 2780 2895 hoc
2803 2838 2855 2895 in
2884 2855 2949 2897 eo
2974 2838 3116 2913 quod
3140 2838 3393 2913 scriptum
3419 2849 3503 2899 est
3522 2886 3539 2912 ,
3573 2839 3675 2913 Qui
3712 2854 3860 2901 natus

2285 2939 2358 2987 est
2384 2948 2450 2987 ex
2472 2928 2602 3003 Deo,
2628 2950 2729 2989 non
2768 2945 2959 3005 peccat,
2989 2944 3035 2989 et
3065 2953 3165 2990 non
3193 2946 3353 3007 potest
3377 2954 3601 3008 peccare,
3633 2939 3756 3010 quia
3782 2956 3863 2995 se-

2284 3042 2397 3080 men
2418 3025 2529 3098 ejus
2553 3024 2607 3081 in
2627 3029 2738 3098 ipso
2764 3037 2932 3081 manet
2957 3025 2999 3098 (l
3021 3024 3179 3082 Joan.
3202 3044 3279 3096 ιιι,
3309 3027 3398 3100 9);
3429 3037 3482 3083 et
3503 3026 3548 3085 si
3572 3028 3699 3100 quid
3724 3028 3867 3086 aliud

2286 3132 2353 3173 eo
2381 3117 2540 3173 modo
2566 3114 2764 3173 dictum
2792 3127 2893 3186 est,
2925 3117 3149 3173 multum
3177 3118 3432 3175 falluntur
3470 3120 3646 3177 minus
3688 3122 3867 3178 consi-

2286 3207 2522 3262 ἀει-ειηᾶο
2547 3206 2864 3279 Scripturas.
2898 3206 3012 3264 Non
3037 3211 3180 3266 enim
3206 3208 3507 3277 advertunt,
3535 3227 3599 3269 eo
3623 3226 3866 3284 quosque

2286 3298 2399 3355 tieri
2431 3298 2565 3355 ﬁlios
2592 3300 2716 3366 Dei,
2760 3316 2868 3372 quo
2904 3316 3024 3357 esse
3063 3300 3320 3373 incipiunt
3359 3301 3411 3358 iu
3441 3302 3674 3360 novitate
3707 3304 3868 3375 Spiri-

2286 3401 2403 3459 tus;
2436 3403 2488 3448 et
2512 3394 2756 3449 renovari
2784 3394 2838 3448 in
2874 3394 3179 3450 interiorem
3216 3395 3488 3452 hominem
3515 3395 3534 3429 ί
3570 3396 3865 3455 secundum

2284 3483 2569 3556 imaginem
2592 3483 2708 3555 ejus
2750 3483 2840 3555 qui
2881 3484 3081 3542 creavit
3118 3500 3211 3542 eos
3249 3484 3467 3558 (Coloss.
3498 3503 3576 3554 ut,
3605 3486 3721 3561 10).
3747 3487 3865 3546 Non

2285 3577 2427 3633 enim
2462 3593 2527 3632 ex
2562 3592 2663 3648 qua
2705 3575 2836 3631 hora
2880 3579 3103 3647 quisque
3148 3578 3465 3648 baptizatur,
3511 3578 3686 3634 omnis
3711 3587 3864 3636 vetus

2284 3667 2562 3724 inﬁrmitas
2585 3667 2699 3738 ejus
2727 3664 3024 3723 absumitur
3053 3685 3067 3721 :
3096 3667 3191 3724 sed
3219 3668 3495 3724 renovatio
3523 3665 3708 3740 incipit
3730 3684 3763 3725 a
3788 3685 3869 3725 re-

2284 3759 2538 3815 missione
2561 3758 2797 3815 omnium
2826 3767 3187 3830 peccatorum,
3210 3769 3264 3816 et
3282 3758 3336 3814 in
3363 3769 3616 3833 quantum
3641 3760 3868 3833 quisque

2283 3852 2576 3924 spiritualia
2602 3852 2773 3923 sapit,
2804 3852 2894 3923 qui
2927 3852 3037 3923 jam
3067 3853 3205 3924 sapit
3223 3854 3266 3908 ί.
3296 3852 3504 3911 Caetera
3529 3870 3656 3911 vero
3684 3853 3740 3909 in
3771 3870 3869 3925 spe

2282 3940 2420 3999 facta
2450 3950 2594 4010 sunt,
2623 3942 2795 3999 donec
2822 3942 2981 3999 etiam
3006 3943 3061 3999 in
3087 3959 3146 4000 re
3173 3943 3331 4011 ﬁant,
3379 3959 3548 4016 usque
3587 3944 3655 4000 ad
3697 3944 3869 4016 ipsius

2282 4035 2523 4106 corporis
2549 4033 2950 4092 renovationem
2980 4035 3033 4091 in
3063 4036 3338 4094 meliorem
3360 4043 3553 4093 statum
3579 4036 3869 4093 immorta-

2281 4130 2446 4187 litatis
2462 4138 2513 4185 et
2532 4128 3087 4201 incorruptionis,.qua
3104 4129 3386 4187 induemur
3400 4130 3453 4187 in
3470 4129 3871 4188 resurrectione

2260 4231 2631 4280 mortuorum.
2661 4221 2793 4279 Nam
2818 4233 2871 4280 et
2900 4224 3069 4295 ipsam
3107 4224 3365 4281 Dominus
3400 4224 3869 4297 regenerationem

2280 4325 2463 4383 vocat,
2494 4331 2601 4372 non
2647 4317 2828 4388 utique
2867 4316 3025 4373 talem
3068 4318 3237 4389 qualis
3284 4316 3343 4374 ﬁt
3384 4334 3481 4390 per
3509 4318 3865 4390 Baptismum.

2281 4407 2377 4463 sed
2406 4409 2458 4462 in
2482 4423 2585 4479 qua
2605 4409 2766 4464 etiam
2794 4409 2849 4464 in
2874 4424 3100 4480 corpore
3118 4409 3420 4481 perﬁcietur
3438 4409 3580 4483 quod
3598 4426 3744 4468 nunc
3753 4411 3870 4484 spi-

2279 4494 2385 4554 ritu
2424 4497 2723 4557 inchoatur.
2758 4494 2829 4556 In
2864 4502 3272 4574 regeneratione,
3298 4501 3499 4574 inquit,
3530 4521 3647 4559 cum
3672 4504 3866 4560 sederit

2279 4588 2450 4647 Filius
2479 4592 2697 4648 hominis
2725 4594 2778 4648 in
2802 4593 2919 4650 sede
2941 4595 3222 4665 majestatis
3246 4611 3374 4661 sum,
3414 4593 3647 4651 sedebitis
3690 4604 3739 4650 α
3775 4611 3869 4653 vos

2277 4701 2429 4756 super
2456 4685 2721 4742 duodecim
2741 4686 2900 4754 sedes,
2917 4686 3210 4758 iudicantes
3229 4686 3494 4743 duodecim
3513 4686 3671 4742 tribus
3691 4683 3869 4742 Israel

2283 4774 2493 4849 (Matth.
2521 4794 2630 4843 xu,
2660 4775 2774 4851 28).
2820 4776 2952 4833 Nam
2993 4777 3045 4833 in
3092 4775 3362 4849 Baptismo
3384 4777 3625 4850 quamvis
3655 4786 3767 4834 tota
3808 4786 3871 4835 et

2278 4868 2435 4941 plena
2482 4870 2570 4925 ﬁat
2619 4870 2863 4928 remissio
2912 4879 3285 4942 peccatorum,
3329 4880 3505 4929 tamen
3530 4872 3575 4927 si
3604 4872 3869 4930 continuo

2280 4970 2386 5020 tota
2418 4971 2471 5019 et
2499 4963 2651 5035 plena
2695 4961 2855 5020 etiam
2884 4961 3115 5020 hominis
3136 4963 3157 4997 ⁸
3187 4966 3239 5021 in
3283 4973 3539 5022 aeternam
3570 4965 3867 5022 novitatem

2276 5053 2499 5111 mutatio
2528 5051 2679 5110 ﬁeret
2700 5095 2715 5121 ,
2747 5068 2852 5111 non
2883 5053 3004 5112 dico
3029 5066 3084 5111 et
3125 5055 3181 5111 in
3231 5070 3475 5128 corpore,
3515 5055 3660 5129 quod
3706 5065 3864 5114 certe

2275 5143 2616 5202 manifestum
2640 5156 2723 5203 est
2745 5142 2921 5204 adhuc
2942 5147 2997 5204 in
3016 5156 3251 5205 veterem
3276 5149 3673 5221 corruptionem
3697 5158 3868 5221 atque

2277 5237 2330 5295 in
2385 5245 2615 5294 mortem
2664 5238 2927 5307 tendere,
2973 5240 3027 5296 in
3081 5240 3187 5298 ﬁne
3230 5252 3415 5314 postea
3466 5242 3863 5312 renovandum,

2275 5326 2488 5402 quando
2516 5345 2642 5387 vere
2667 5339 2773 5387 tota
2803 5332 3008 5388 novitas
3033 5333 3136 5389 erit
3168 5352 3183 5390 :
3224 5333 3317 5390 sed
3345 5343 3567 5406 excepto
3594 5350 3826 5407 corpore
3845 5377 3867 5405 ,

2275 5421 2322 5479 si
2366 5420 2423 5478 in
2462 5421 2578 5495 ipso
2620 5422 2798 5479 animo
2840 5423 2930 5497 qui
2959 5433 3044 5481 est
3072 5423 3232 5484 homo
3258 5425 3502 5494 interior,
3529 5426 3778 5498 perlecta
3806 5427 3866 5484 in

2338 5584 2357 5660 ξ
2386 5590 2499 5660 I_.or_.
2532 5592 2585 5637 et
2609 5584 2794 5660 aliquot
2820 5593 2950 5660 ursa,
2981 5589 3506 5660 renovareptterioregn
3527 5590 3790 5660 hominem.

2335 5648 2358 5682 ³
2389 5648 3140 5716 Ροεμᾳυὶἱαὶηεαρίιήιιθὰὶιίε
3168 5653 3409 5717 adjectum
3441 5654 3633 5732 ἤια-ας,
3664 5657 3720 5710 in
3750 5664 3863 5712 tas-

2335 5718 2665 5763 mrenouatur.
2696 5714 3637 5772 ldverononexsminmm
