4074 6544
287 329 373 388 151
760 304 771 313 ⁴
1613 312 1818 372 LIBER
1854 303 2227 368 SECUNDUS.

289 442 543 516 3"Ptismo
583 439 822 500 novitas
867 440 1056 507 ﬁeret,
1099 452 1206 494 non
1246 435 1450 493 diceret
1476 429 1799 503 Aposmlus,
1828 422 1899 479 Et

264 537 321 593 si
361 534 569 592 exterior
625 528 802 589 homo
861 543 1038 589 noster
1084 529 1424 601 commpitur
1456 567 1472 593 ,
1534 522 1624 580 sed
1678 518 1892 575 interior

285 637 526 685 renovatur
568 623 638 679 de
685 624 783 681 die
824 626 889 682 in
929 626 1065 681 diem
1101 622 1167 697 (il
1185 619 1304 678 Cor.
1348 635 1437 686 tv,
1483 615 1597 690 16).
1644 611 1892 671 Profecto

285 721 396 776 enim
433 718 525 789 qui
580 715 660 773 de
710 717 813 775 die
846 719 910 774 in
943 718 1091 775 diem
1119 715 1294 771 adhuc
1318 718 1624 777 renovatur,
1652 705 1890 763 nondum

280 822 394 869 totus
428 817 520 866 est
570 820 906 868 renovatus
929 812 949 844 ¹
980 830 994 868 :
1024 818 1080 866 et
1124 810 1181 866 in
1226 815 1485 881 quantum
1526 800 1764 859 nondum
1806 807 1892 855 εει

278 912 541 964 renovatus
564 946 584 972 ,
630 908 694 960 in
725 913 954 963 tantum
996 903 1173 961 adhuc
1200 903 1255 957 in
1283 907 1547 958 vetustate
1571 904 1672 955 est.
1705 895 1894 952 Proin-

279 1001 331 1061 de
364 1015 428 1059 ex
468 998 582 1056 hoc
630 998 800 1070 quod
852 999 1036 1057 adhuc
1086 999 1143 1054 in
1188 1003 1449 1053 vetustate
1496 999 1645 1059 sunt,
1696 1001 1889 1062 quam-

279 1095 345 1150 vis
359 1093 462 1164 jam
484 1089 804 1161 haptizati,
828 1106 901 1149 ex
920 1090 1025 1147 hoc
1048 1089 1208 1147 etiam
1234 1086 1409 1144 adhuc
1428 1092 1551 1141 sunt
1570 1083 1665 1139 ﬁlii
1686 1079 1889 1139 saeculi.

284 1182 341 1244 Et
370 1185 466 1240 hoc
492 1192 695 1239 autem
732 1185 893 1256 quod
933 1185 987 1241 in
1034 1183 1270 1239 novitate
1311 1188 1436 1236 sunt
1460 1180 1503 1246 ³,
1550 1175 1654 1233 hoc
1680 1182 1791 1243 est,
1823 1184 1892 1232 ex

280 1276 407 1350 plena
432 1285 489 1332 et
514 1275 788 1347 perfecta
816 1276 1138 1334 remissione
1154 1280 1517 1347 peccatorum,
1536 1274 1891 1343 etquantum-

275 1386 480 1443 uinique
524 1371 675 1428 illud
725 1383 823 1429 est
868 1372 1016 1444 quod
1061 1369 1405 1442 spiritualiter
1448 1366 1680 1438 sapiunt,
1734 1362 1892 1435 eique

275 1478 522 1538 congruos
549 1480 755 1522 mores
782 1472 974 1538 agunt,
1000 1463 1096 1520 ﬁlii
1120 1462 1215 1520 Dei
1242 1470 1381 1519 sunt.
1400 1459 1726 1515 intrinsecus
1748 1455 1893 1513 enim

276 1559 500 1616 exuimus
548 1566 823 1614 veterem
872 1557 1148 1614 hominem
1174 1598 1190 1624 ,
1245 1563 1298 1611 et
1340 1553 1609 1609 induimus
1652 1564 1888 1607 novum:

275 1650 508 1722 quoniam
535 1649 619 1705 ibi
654 1648 1002 1721 deponimus
1031 1646 1364 1705 mendacium
1385 1688 1399 1712 ,
1431 1652 1485 1701 et
1506 1643 1774 1715 loquimur
1804 1652 1892 1697 ve-

275 1743 496 1810 ritatem,
527 1750 588 1798 et
632 1750 850 1798 extera
880 1742 1073 1814 quibus
1101 1738 1383 1812 Apostolus
1410 1736 1639 1808 explicat
1664 1732 1789 1807 quid
1820 1732 1894 1790 sit

282 1832 391 1891 exui
415 1842 661 1890 veterem
697 1832 991 1890 hominem
1014 1875 1030 1903 ,
1058 1844 1115 1889 et
1138 1831 1283 1888 indui
1311 1844 1506 1887 novum
1523 1872 1538 1899 ,
1566 1829 1658 1900 qui
1700 1842 1892 1884 secun-

280 1924 396 1983 dum
423 1927 594 1982 Deum
623 1931 860 1981 creatus
887 1923 1052 1982 estin
1077 1921 1280 1993 justitia
1307 1930 1363 1977 et
1388 1919 1673 1977 sanctitate
1696 1917 1892 1975 verita-

285 2018 343 2078 tis
368 2018 584 2095 (Epaa.
606 2034 699 2086 1v,
728 2016 964 2090 22-24).
996 2016 1065 2073 Et
1089 2017 1191 2074 hoc
1233 2024 1291 2073 ut
1324 2013 1554 2083 faciant,
1578 2014 1688 2086 jam
1716 2011 1892 2083 bapti-

278 2120 413 2170 zatos
452 2111 772 2184 ﬁdelesque
825 2109 1187 2167 adhortatur:
1235 2106 1375 2181 quod
1418 2105 1595 2163 adhuc
1635 2104 1890 2161 monendi

286 2218 378 2263 non
404 2211 627 2271 essent,
662 2203 715 2260 si
744 2202 859 2260 hoc
894 2202 952 2258 in
982 2200 1257 2273 Baptismo
1278 2200 1388 2272 jam
1415 2196 1654 2271 perfecte
1694 2196 1890 2253 factum

291 2306 421 2355 esset
438 2316 456 2351 :
476 2305 531 2354 et
550 2305 747 2353 tamen
774 2294 981 2352 factum
1001 2303 1107 2361 est,
1140 2292 1278 2350 sicut
1304 2299 1359 2348 et
1378 2290 1513 2348 salvi
1539 2288 1661 2345 facti
1681 2300 1888 2345 sumus.

290 2392 464 2452 διιωε
489 2394 634 2450 enim
666 2408 766 2449 nos
794 2393 918 2466 fecit
939 2406 1033 2464 per
1058 2392 1313 2447 lavacrum
1338 2390 1729 2463 regenerationis
1756 2382 1887 2461 (Tit.

280 2502 349 2554 ιιι,
373 2486 455 2556 5).
476 2484 590 2543 Sed
622 2485 735 2542 alio
760 2486 884 2541 loco
900 2484 1055 2551 dicit,
1074 2480 1527 2555 quemadmodum
1558 2481 1661 2538 hoc
1690 2478 1888 2536 factum

278 2587 376 2638 est.
410 2578 538 2634 Non
562 2578 755 2643 solum,
784 2578 1002 2649 inquit,
1035 2576 1125 2631 sed
1169 2576 1319 2631 etiam
1362 2588 1453 2631 nos
1497 2574 1596 2647 ipsi
1639 2572 1891 2647 primitias

288 2669 531 2726 habentes
556 2670 770 2742 spiritus
805 2681 849 2725 et
870 2669 974 2742 ipsi
1000 2671 1057 2724 in
1085 2668 1453 2740 nobismetipsis
1483 2666 1886 2740 ingemiscimus,

292 2762 635 2833 adoptionem
675 2771 1001 2833 exspectantes
1023 2804 1039 2828 ,
1083 2762 1474 2832 redemmionem
1519 2759 1747 2831 corporis
1792 2774 1886 2813 no-

290 2854 411 2910 stri.
440 2852 558 2925 Spe
585 2855 721 2909 enim
746 2852 868 2910 salii
902 2853 1030 2924 facti
1063 2866 1258 2909 sumus.
1286 2853 1416 2924 Spes
1454 2861 1625 2907 autem
1658 2867 1773 2923 qua:
1811 2853 1889 2906 ui-

290 2946 462 3015 tietur,
487 2962 592 3002 non
624 2954 699 3003 est
718 2963 831 3018 spes
851 2963 869 3002 :
889 2948 1029 3018 quod
1056 2948 1187 3002 enim
1214 2946 1343 3002 uidet
1364 2946 1497 3015 quis,
1536 2940 1659 3017 quid
1684 2944 1893 3017 sperat?

291 3036 359 3095 Si
399 3046 565 3093 atem
612 3036 752 3109 quod
793 3053 897 3093 non
921 3037 1151 3093 videmus
1177 3050 1456 3110 speramus,
1486 3052 1576 3109 per
1598 3036 1891 3110 patientiam

284 3137 637 3200 exspectemus
668 3126 849 3200 (Rom.
879 3143 1008 3195 vin,
1039 3128 1255 3201 23-25).

348 3220 577 3280 CAPUT
617 3221 759 3278 Vill.
782 3252 857 3263 —
882 3221 969 3278 ιθ.
996 3220 1248 3293 Perfectio
1269 3221 1491 3293 quando.
1512 3218 1742 3292 Adoptio
1764 3232 1892 3292 ergo

266 3318 433 3391 piem
459 3317 700 3374 ﬁliorum
721 3316 780 3373 in
806 3316 1181 3389 redemptione
1211 3315 1301 3372 ﬁet
1324 3316 1485 3371 etiam
1523 3312 1765 3386 corporis
1792 3329 1891 3369 no-

274 3414 394 3472 stri.
426 3413 708 3469 Primitias
750 3414 936 3483 itaque
980 3410 1201 3481 spiritus
1232 3420 1377 3465 nunc
1418 3408 1680 3464 habemus
1704 3448 1720 3474 ,
1749 3405 1892 3463 unde

268 3498 386 3578 jam
536 3500 634 3561 Dei
662 3505 853 3576 reipsa
884 3500 1010 3560 facti
1040 3517 1225 3560 sumus
1252 3519 1265 3557 :
1301 3502 1353 3557 in
1386 3501 1595 3557 caneris
1627 3513 1758 3557 vero
1795 3514 1892 3571 ape

266 3600 418 3657 tsicut
438 3596 611 3666 salvi,
639 3595 789 3654 sicut
820 3596 1081 3664 innovati,
1112 3597 1184 3652 ita
1227 3604 1283 3653 et
1322 3592 1413 3651 ﬁiii
1453 3594 1551 3651 Dei
1573 3610 1591 3661 ;
1614 3607 1676 3650 re
1715 3603 1892 3650 autem

272 3693 395 3765 ipsa
424 3680 551 3765 quia
579 3692 832 3748 nondum
860 3692 1017 3760 salvi,
1046 3691 1167 3749 ideo
1185 3690 1421 3747 nondum
1452 3690 1607 3762 plene
1631 3689 1888 3757 innovati,

277 3786 518 3843 nondum
561 3786 731 3843 etiam
771 3778 1029 3854 ﬁliiDei,
1074 3783 1170 3840 sed
1208 3782 1303 3839 ﬁlii
1341 3780 1542 3839 saeculi.
1572 3780 1892 3840 Proﬁcimus

280 3892 413 3953 ergo
454 3882 511 3937 in
539 3874 957 3937 renovationem
990 3878 1287 3950 iustamque
1309 3878 1474 3934 vitam
1504 3892 1600 3950 per
1623 3875 1767 3950 quod
1800 3874 1893 3933 ﬁlii

278 3969 381 4029 Dei
410 3980 620 4041 sumus,
647 3980 706 4028 et
724 3986 826 4043 per
848 3971 950 4026 hoc
971 3984 1195 4042 peccare
1214 3969 1430 4025 omnino
1454 3980 1562 4025 non
1583 3978 1890 4039 possumus,

281 4061 653 4122 donectotum
684 4069 745 4121 in
770 4064 876 4121 hoc
904 4070 1310 4132 transmutetur,
1343 4062 1503 4117 etiam
1542 4060 1673 4117 illud
1702 4059 1846 4132 quod
1870 4059 1893 4093 ⁸

280 4154 463 4216 adhuc
487 4156 585 4217 ﬁlii
609 4156 800 4215 seculi
845 4166 1033 4215 sumus
1065 4166 1203 4228 :per
1242 4156 1347 4212 hoc
1386 4156 1531 4212 enim
1578 4162 1632 4211 et
1668 4164 1895 4227 peccare

282 4253 463 4310 adhuc
482 4268 796 4325 possumus.
829 4250 907 4308 ita
945 4251 1006 4307 ﬁt
1047 4259 1107 4306 ut
1143 4257 1197 4306 et
1233 4249 1323 4322 qui
1354 4257 1509 4306 natus
1543 4256 1627 4305 est
1652 4262 1721 4304 ex
1758 4248 1890 4317 Deo,

280 4358 390 4401 non
418 4353 642 4417 peccet;
666 4352 726 4402 et
743 4345 789 4400 si
811 4338 1107 4400 dixerimus
1134 4342 1256 4415 quia
1284 4326 1560 4413 peccatum
1594 4355 1698 4396 non
1725 4338 1893 4395 hahe-

282 4446 431 4503 mus,
457 4453 558 4493 nos
584 4435 739 4507 ipsos
765 4434 1099 4507 decipiamu's
1118 4475 1134 4503 ,
1162 4443 1216 4490 et
1238 4433 1437 4490 veritas
1470 4446 1579 4488 non
1603 4432 1674 4489 sit
1711 4432 1764 4488 in
1791 4442 1893 4486 no-

286 4526 396 4585 bis.
420 4529 787 4587 Consumetur
815 4544 946 4601 ergo
974 4528 1117 4599 quod
1155 4527 1248 4584 ﬁlii
1284 4526 1461 4584 carnis
1488 4534 1541 4582 et
1578 4524 1757 4582 saeculi
1798 4540 1892 4583 su-

285 4638 432 4691 mus,
460 4616 849 4695 etperlieietur
876 4621 1019 4692 quod
1053 4614 1143 4676 lilii
1182 4620 1282 4676 Dei
1320 4624 1375 4676 et
1420 4620 1610 4690 spiritu
1651 4618 1890 4675 renovati

282 4705 672 4773 sumusJinde
690 4711 836 4770 idem
862 4712 1121 4782 Joannes,
1143 4710 1489 4780 Dilectissimi,
1506 4712 1698 4784 inquit,
1722 4728 1856 4768 nunc
1871 4711 1895 4745 ‘

276 4804 383 4876 με
404 4806 505 4863 Dei
531 4818 737 4878 sumus,
767 4814 814 4862 et
833 4807 1063 4863 nandum
1104 4806 1342 4879 apparuit
1365 4806 1487 4879 quid
1511 4805 1716 4862 erimus.
1756 4805 1894 4874 Quid

278 4910 367 4958 est
386 4901 522 4973 hoc,
552 4919 734 4959 sumus
755 4904 811 4959 et
837 4902 1058 4968 erimus;
1081 4901 1183 4957 nisi
1205 4902 1327 4973 quia
1347 4916 1532 4957 sumus
1557 4901 1610 4957 in
1640 4915 1757 4972 spe,
1784 4899 1894 4957 eri-

279 5012 414 5054 mm
434 4997 496 5053 in
524 4992 633 5054 re?
656 4990 793 5053 Nam
829 4996 1094 5069 sequitur,
1124 5004 1179 5054 et
1203 4992 1352 5063 dicit,
1380 4992 1583 5053 Scimus
1618 4994 1739 5069 quia
1780 5010 1897 5049 cum

275 5092 616 5161 apparuerit,
644 5090 839 5148 similes
881 5091 929 5148 ei
964 5088 1176 5160 erimus,
1203 5091 1442 5161 quoniam
1466 5088 1740 5145 videbimus
1781 5106 1897 5143 eum

276 5179 441 5239 sicuti
466 5193 543 5240 est
572 5181 622 5258 (ι
647 5182 808 5240 Joan.
836 5200 914 5249 ιιι,
942 5180 1024 5257 2).
1045 5176 1199 5240 Nunc
1225 5199 1353 5256 ergo
1378 5190 1434 5239 et
1457 5181 1509 5238 ei
1544 5180 1748 5239 similes
1772 5197 1895 5238 esse

274 5266 394 5345 iam
420 5275 720 5349 capimus,
746 5277 1013 5350 primitias
1052 5270 1308 5333 habentes
1335 5276 1595 5349 spiritus;
1627 5285 1680 5333 et
1716 5270 1894 5332 adhuc

280 5362 590 5425 dissimiles
615 5384 823 5438 sumus,
856 5384 953 5440 per
979 5366 1231 5440 reliquias
1254 5368 1555 5424 vetustatis.
1583 5364 1814 5425 Proinde
1839 5366 1896 5424 in

283 5468 558 5531 quanttun
579 5461 819 5531 similes,
852 5462 907 5517 in
937 5470 1145 5517 tantum
1174 5470 1527 5535 regenerantc
1566 5462 1755 5534 spiritu
1800 5456 1895 5519 lilii

350 5554 373 5586 ι
408 5559 469 5605 ιιι
499 5555 729 5606 annilius
760 5566 916 5620 prope
951 5553 1317 5619 mdeestmt
1358 5556 1896 5623 inquantumnondum

278 5623 357 5666 αι
378 5624 657 5670 reuocatus.

346 5681 377 5776 ἰ

340 5743 377 5836 Ζ
391 5743 963 5836 meum“
969 5746 1297 5836 λῄῗῗὲξνλῖβ

830 5804 1285 5877 "Elim
1259 5804 1894 5879 "inquibﬁliibeiumuts,

3485 323 3510 379 i
3519 322 3588 380 58

2001 421 2096 479 Dei
2129 441 2142 479 :
2174 423 2228 479 in
2269 432 2524 496 quantum
2567 432 2742 485 autem
2773 426 3095 501 dissimiles,
3133 434 3186 491 in
3231 443 3433 492 tantum
3487 437 3582 494 lilii

1999 516 2177 570 carnis
2203 524 2258 571 et
2284 518 2486 572 smculi.
2521 518 2668 575 illine
2701 535 2830 594 ergo
2862 536 3085 593 peccare
3111 538 3222 581 non
3249 540 3536 598 possimus
3568 547 3582 585 :

2002 607 2126 664 ltinc
2151 622 2280 664 vero
2306 610 2353 665 si
2374 607 2671 668 dixerimus
2698 614 2820 684 quia
2841 626 3117 686 peceatum
3144 630 3251 674 non
3281 617 3540 676 habemus
3560 661 3581 689 ,

1999 714 2101 756 nos
2146 700 2294 771 ipsos
2332 701 2668 773 decipimus:
2700 706 2869 763 donec
2908 717 3075 765 totum
3114 718 3350 768 transeat
3390 710 3444 769 in
3484 713 3582 769 ad-

1998 793 2293 864 optionem,
2323 802 2378 849 et
2398 809 2502 850 non
2532 796 2602 852 sit
2630 807 2896 867 peccator,
2922 810 2978 857 et
3003 814 3212 873 quaeras
3233 804 3409 861 locum
3435 805 3575 877 ejus,

1999 892 2056 942 et
2083 900 2190 941 non
2218 885 2453 942 invenias
2480 885 2651 961 (Psat.
2682 902 2865 956 xsxvr,
2901 892 3013 963 10).

2069 978 2297 1036 CAPUT
2332 978 2591 1036 ηιμ-ιι.
2613 980 2842 1053 Objectio
2868 983 3281 1058 Pelagianorum,
3309 992 3581 1064 ρων-ομ-

1998 1080 2104 1129 stus
2130 1088 2231 1129 non
2250 1074 2426 1147 gignat
2433 1076 2653 1145 justum.
2681 1076 2902 1133 Frustra
2918 1078 3098 1150 itaque
3136 1086 3379 1141 nonnulli
3418 1087 3580 1142 etiam

1998 1164 2128 1223 illud
2158 1175 2619 1239 argumentantur,
2662 1178 2718 1225 ut
2756 1170 2940 1227 dicunt
2964 1173 3006 1238 ',
3052 1172 3114 1228 Si
3140 1184 3372 1246 peccator
3410 1182 3586 1252 genuit

2001 1268 2330 1329 peccatorem,
2352 1268 2406 1314 ut
2427 1261 2638 1332 parvulo
2663 1263 2771 1333 ejus
2811 1272 2980 1318 reatus
3020 1265 3283 1338 originum
3307 1272 3494 1339 peccati
3526 1273 3581 1327 in

1996 1350 2250 1423 Baptisnti
2284 1355 2571 1425 acceptione
2600 1352 2855 1419 solvatur;
2894 1357 3045 1411 etiam
3075 1359 3249 1430 justas
3276 1361 3473 1431 justum
3500 1365 3581 1435 gi-

1996 1458 2148 1515 gnere
2183 1443 2369 1500 debuit.
2393 1444 2554 1514 Quasi
2581 1458 2649 1503 ex
2690 1446 2792 1503 hoc
2819 1448 3044 1519 quisque
3085 1452 3372 1507 carnaliter
3404 1454 3586 1525 gignat

1997 1538 2137 1609 quod
2159 1539 2332 1609 justus
2360 1547 2462 1609 est,
2484 1549 2539 1597 et
2566 1552 2671 1597 non
2695 1556 2764 1598 ex
2784 1541 2885 1598 huc
2904 1543 2926 1575 ¹
2950 1542 3095 1615 quod
3116 1544 3169 1599 lu
3194 1545 3450 1602 membris
3467 1546 3585 1619 eius

1996 1632 2549 1703 concupiscentialiter
2584 1642 2850 1700 movetur,
2879 1643 2937 1691 et
2974 1634 3045 1692 ad
3068 1648 3227 1692 usum
3258 1638 3585 1709 prapagandi

1996 1721 2082 1780 lex
2101 1725 2301 1795 peccati
2315 1727 2508 1784 mentis
2526 1724 2645 1799 lege
2660 1729 3005 1785 convertitur.
3026 1729 3110 1785 Ex
3136 1728 3242 1788 hoc
3266 1744 3395 1803 ergo
3418 1733 3587 1804 gignit

1996 1816 2138 1887 quod
2175 1818 2349 1876 adhuc
2386 1825 2653 1877 vetustum
2692 1822 2859 1878 trahit
2889 1823 3029 1879 inter
3058 1822 3197 1883 ﬁlios
3222 1824 3404 1882 saeculi
3427 1868 3444 1895 ,
3476 1838 3586 1883 non

1994 1920 2060 1965 ex
2090 1906 2194 1965 hoc
2219 1908 2360 1980 quod
2389 1910 2442 1967 in
2471 1912 2758 1970 novitatem
2797 1914 3067 1986 promovit
3111 1915 3251 1973 inter
3287 1914 3426 1974 ﬁlios
3465 1917 3585 1976 Dei.

1996 2001 2123 2057 Filii
2147 2004 2288 2060 enim
2323 2005 2499 2061 maeuii
2537 2006 2691 2078 hujus
2727 2018 2969 2080 generant
3010 2018 3058 2066 et
3086 2020 3391 2083 generantur
3416 2010 3581 2084 (Luc.

1995 2108 2087 2164 xx,
2113 2096 2226 2168 3i).
2257 2097 2384 2155 inde
2424 2106 2479 2156 et
2518 2100 2660 2173 quod
2686 2102 2921 2158 nascitur
2947 2102 3054 2159 tate
3083 2113 3184 2172 est,
3217 2104 3339 2177 quia
3369 2109 3426 2161 et
3447 2105 3585 2177 quod

1994 2188 2220 2242 nascitur
2245 2189 2308 2245 de
2335 2204 2505 2258 carne,
2547 2207 2667 2248 caro
2702 2201 2776 2247 est
2806 2192 2985 2265 (Joan.
3016 2208 3098 2264 ιιι,
3128 2191 3376 2269 8).'Justi
3403 2204 3584 2254 autem

1993 2294 2103 2337 non
2142 2290 2273 2337 sunt
2331 2283 2432 2339 nisi
2488 2283 2583 2342 ﬁlii
2634 2284 2749 2342 Dei.
2802 2284 2861 2341 In
2913 2292 3171 2358 quantum
3224 2294 3404 2345 autem
3458 2299 3585 2346 sunt

1995 2372 2092 2427 ﬁlii
2168 2372 2307 2442 Dei,
2376 2386 2539 2432 carne
2612 2389 2718 2432 non
2789 2376 3046 2449 gignunt;
3122 2379 3244 2451 quia
3316 2378 3507 2450 spiritu
3558 2381 3580 2414 ³

1995 2473 2049 2520 et
2078 2465 2211 2536 ipsi,
2246 2476 2355 2522 non
2376 2480 2537 2523 carne
2572 2468 2683 2523 nati
2714 2478 2861 2524 sunt.
2894 2468 3003 2525 Sed
3048 2484 3118 2525 ex
3154 2469 3260 2527 hoc
3300 2484 3462 2528 carne
3498 2473 3583 2544 gi-

1994 2568 2182 2631 gnunt,
2215 2560 2536 2631 quicumque
2558 2570 2744 2618 eorum
2765 2560 3005 2632 gignunt,
3037 2572 3101 2617 ex
3126 2572 3233 2634 quo
3260 2560 3500 2619 nondum
3526 2564 3583 2620 in

1996 2653 2286 2707 novitatem
2322 2650 2616 2725 perfectam
2657 2658 2797 2708 totas
2824 2652 3106 2710 vetustatis
3132 2652 3387 2725 reliquias
3430 2668 3584 2711 com-

1992 2751 2286 2798 mutarunt.
2321 2742 2476 2800 Unde
2503 2741 2743 2815 quisquis
2772 2740 2913 2798 ﬁlius
2935 2742 3003 2800 de
3024 2742 3130 2800 hae
3166 2752 3321 2816 parte
3349 2744 3587 2802 nascitur

1995 2842 2203 2891 vetusta
2231 2845 2284 2891 et
2310 2835 2544 2904 inﬁma,
2570 2846 2791 2893 necesse
2813 2840 2899 2892 est
2922 2834 3167 2893 utetiam
3206 2834 3323 2909 ipse
3347 2845 3588 2898 vetustus

1995 2928 2065 2986 sit
2085 2935 2138 2985 et
2162 2929 2404 2986 inﬁrmus
2427 2948 2442 2986 :
2469 2929 2669 2987 idcirco
2696 2937 2911 3002 oportet
2933 2938 2994 2987 ut
3015 2932 3178 2988 etiam
3206 2931 3320 3003 ipse
3345 2932 3397 2988 in
3422 2931 3583 2989 aliam

1995 3021 2395 3094 generationem
2419 3037 2516 3094 per
2538 3022 2909 3079 remissionem
2949 3022 3155 3095 peccati
3201 3022 3393 3095 spiritu
3422 3040 3588 3083 reno-

1994 3121 2167 3169 vetur.
2197 3112 2351 3183 Quod
2393 3113 2440 3170 si
2473 3114 2527 3171 in
2555 3128 2622 3171 eo
2657 3128 2765 3175 non
2795 3112 2874 3183 ﬁt,
2902 3114 3042 3171 nihil
3077 3114 3126 3171 ei
3154 3115 3395 3187 proderit
3434 3124 3587 3187 pater

1992 3203 2199 3277 justus;
2224 3205 2415 3276 spiritu
2441 3207 2584 3263 enim
2610 3204 2787 3278 justus
2809 3214 2911 3273 est,
2936 3218 3042 3278 quo
3064 3218 3190 3263 eum
3218 3222 3327 3263 non
3357 3208 3580 3280 genuit:

1996 3300 2042 3357 si
2071 3307 2247 3356 autem
2276 3299 2353 3368 ﬁt,
2385 3298 2515 3355 nihil
2544 3300 2594 3357 ei
2619 3300 2793 3357 oberit
2820 3298 2980 3357 etiam
3008 3306 3161 3371 pater
3180 3298 3413 3371 iniustus
3442 3319 3454 3355 :
3484 3301 3588 3361 iste

1996 3393 2138 3450 enim
2164 3392 2332 3465 gratia
2360 3392 2617 3463 spirituali
2640 3392 2694 3448 in
2719 3404 2869 3464 spem
2896 3392 3151 3448 novitatis
3176 3400 3390 3449 :eterua:
3412 3403 3589 3452 naus-

1995 3488 2129 3545 itum
2159 3486 2315 3555 iecit;
2344 3484 2434 3545 ille
2457 3496 2633 3544 autem
2660 3492 2838 3545 mente
2858 3486 3056 3543 carnaii
3082 3492 3221 3545 totus
3244 3484 3299 3544 in
3323 3495 3588 3547 vetustate

1997 3579 2308 3653 permansit.

2067 3670 2294 3731 CAPUT
2329 3670 2490 3728 X.—
2516 3669 2601 3726 12.
2639 3666 2888 3727 Conciliat
2918 3666 3233 3741 Scriptum.
3265 3666 3381 3727 Non
3421 3668 3584 3743 igitur

1997 3763 2326 3823 contrarium
2367 3760 2733 3819 testimmiium
2775 3768 2881 3826 est,
2917 3757 3018 3825 Qui
3047 3769 3198 3815 natus
3238 3769 3313 3815 est
3354 3776 3415 3816 es:
3453 3758 3580 3828 Deo,

1994 3872 2100 3913 non
2126 3864 2336 3929 peccat,
2364 3853 2415 3911 ei
2440 3853 2751 3911 testimonio
2774 3862 2882 3924 quo
2905 3850 3015 3923 jam
3045 3851 3190 3907 natis
3212 3864 3280 3907 ex
3311 3850 3422 3908 Deo
3445 3851 3580 3908 dici-

1998 3959 2107 4018 tur,
2153 3947 2215 4007 Si
2248 3949 2527 4005 dixerimus
2564 3944 2685 4019 quia
2721 3954 2984 4019 peccatum
3020 3960 3129 4001 non
3169 3944 3411 4003 habemus
3435 3990 3450 4015 ,
3490 3962 3587 4004 nos

1998 4043 2137 4115 ipsos
2152 4041 2450 4113 decipimus,
2476 4048 2524 4096 et
2560 4040 2742 4095 veritas
2784 4039 2840 4094 in
2876 4037 3019 4094 nobis
3064 4054 3166 4094 non
3202 4048 3294 4095 est.
3326 4034 3589 4108 Quamdiu

1998 4133 2144 4192 enim
2167 4133 2331 4191 homo
2351 4131 2594 4206 quamvis
2624 4139 2772 4188 totus
2794 4142 2893 4204 spe
2908 4129 2935 4163 ⁴
2953 4129 3087 4203 jam,
3110 4138 3168 4188 et
3188 4130 3298 4203 jam
3334 4132 3391 4188 in
3426 4147 3488 4189 re
3519 4149 3586 4189 ex

1998 4241 2151 4303 parte
2182 4230 2588 4302 regeneratione
2612 4222 2916 4299 spirituali"
2944 4234 3253 4293 renovatus,
3298 4224 3474 4285 adhuc
3501 4235 3586 4283 ta-

1999 4338 2123 4383 men
2154 4332 2330 4396 portat
2350 4338 2547 4395 corpus
2573 4320 2714 4394 quod
2739 4321 3103 4392 corrumpitur
3124 4328 3182 4377 et
3205 4328 3455 4393 aggravat
3478 4322 3588 4377 ani-

1998 4430 2177 4486 mam;
2205 4416 2332 4490 quid
2348 4430 2453 4488 quo
2477 4413 2761 4487 pertineat,
2778 4420 2836 4471 et
2859 4412 2988 4486 quid
3015 4410 3159 4469 unde
3181 4410 3406 4482 dicatur,
3427 4414 3589 4471 etiam

2001 4510 2055 4569 in
2084 4521 2192 4568 uno
2219 4510 2437 4567 homine
2464 4506 2897 4580 distinguendum
2938 4515 3040 4563 est.
3070 4502 3203 4561 Nam
3225 4546 3240 4573 ,
3268 4515 3328 4561 ut
3367 4516 3466 4577 ego
3494 4518 3587 4562 ar-

1998 4605 2190 4672 bitror,
2209 4614 2315 4659 non
2338 4601 2492 4658 facile
2518 4600 2764 4671 cuiquam
2780 4594 3054 4669 Scriptura
3076 4594 3171 4653 Dei
3198 4604 3305 4653 tam
3335 4611 3588 4670 magnum

1995 4696 2216 4769 justitim
2244 4693 2495 4767 perhibet
2534 4690 2932 4761 testimonium,
2964 4700 3123 4762 quam
3152 4688 3332 4746 tribus
3374 4689 3590 4748 famulis

2002 4790 2138 4862 ejus,
2173 4787 2314 4854 Noe,
2338 4783 2558 4854 Daniel,
2590 4792 2645 4841 et
2684 4778 2818 4851 Job,
2864 4792 3000 4854 quos
3036 4774 3285 4838 Ezechiel
3324 4782 3588 4854 propheta

2001 4884 2129 4941 dicit
2149 4884 2216 4939 ab
2242 4881 2554 4937 imminente
2579 4877 2808 4953 quadam
2834 4874 3105 4934 iracundia
3133 4872 3229 4934 Dei
3254 4872 3401 4934 solos
3433 4891 3591 4948 posse

2000 4970 2216 5033 liberari
2253 4972 2463 5046 (Ezech.
2494 4982 2606 5043 xw,
2631 4970 2722 5045 id)
2751 4990 2764 5029 :
2798 4973 2852 5028 in
2884 4968 3059 5028 tribus
3094 4970 3279 5041 utique
3308 4966 3416 5026 illis
3456 4969 3586 5027 viris

2000 5070 2101 5125 tria
2131 5066 2373 5141 quatdam
2395 5065 2671 5122 hominum
2694 5064 2966 5121 liberanda
2983 5074 3181 5136 genera
3206 5062 3587 5136 prteﬁgurans;

2002 5162 2055 5219 in
2080 5158 2212 5228 Noe,
2234 5168 2490 5233 quantum
2517 5156 2768 5225 arbitror,
2794 5156 2967 5229 justus
2994 5154 3228 5228 plebium
3244 5156 3565 5229 'prazpositos
3601 5170 3610 5225 ί

1998 5263 2221 5327 propter
2250 5262 2387 5308 arcte
2416 5261 2666 5322 tanquam
2694 5246 2954 5306 Ecclesia:
2979 5248 3423 5323 gubernationem
3447 5249 3500 5315 ’ς
3530 5248 3584 5304 in

2063 5371 2086 5465 ξ
2119 5367 2340 5442 Nonnulli
2361 5376 2488 5441 uisa,
2511 5364 2636 5419 illud
2659 5358 3262 5478 argmaentumprripiunt
3276 5369 3327 5416 ut
3343 5358 3523 5415 dicant.

2113 5432 2199 5481 Hic
2217 5438 2363 5481 etiam
2382 5444 2434 5479 ιιι
2453 5430 2645 5480 excusis
2665 5441 2693 5478 a
2725 5428 2895 5481 (iitum.
2918 5433 3091 5481 mttus.

2066 5433 2086 5465 ι
2113 5433 2199 5482 Hic
2217 5433 2363 5482 etiam
2382 5433 2434 5479 in
2453 5433 2645 5480 excusis
2665 5433 2895 5491 additum,
2918 5433 3091 5494 potius.

2066 5496 2089 5529 ³
2117 5493 2223 5545 Sola
2240 5494 2395 5555 editio
2418 5500 2633 5550 Lov.,ea:
2919 5552 2947 5555 __
2978 5552 2985 5555 _
3066 5550 3091 5555 _.

2064 5558 2087 5591 ἰ
2119 5564 2252 5618 Lov.,
2273 5554 2326 5607 in
2346 5567 2447 5619 spe.
2478 5555 2656 5616 Abest,
2675 5550 2748 5615 in,
2772 5553 2835 5605 ab
2870 5552 3017 5604 editis
3037 5550 3145 5602 aliis
3177 5557 3231 5603 et
3259 5562 3289 5602 a
3324 5560 3590 5603 manusm-

1996 5621 2223 5756 pﬁffism.‘
2232 5687 2313 5753 ιιι.
2335 5687 2387 5731 et
2408 5678 2561 5731 nostri
2581 5691 2754 5730 omnes
2775 5685 2902 5743 Mss.,
2926 5688 2991 5730 ea:
3007 5677 3143 5743 parte
3161 5673 3216 5728 in
3231 5678 3591 5740 regeneratione

2439 5810 2688 5882 ,_prppte'r‘
2708 5815 2886 5882 aquam
2924 5806 2972 5857 et
3011 5806 3146 5858 arcte
3180 5800 3587 5869 Mm.

2000 5870 2170 5926 Confer
2193 5878 2350 5923 enarr.
2372 5871 2427 5923 in
2442 5866 2576 5924 'P'sai.
2596 5866 2780 5933 152.11.
2802 5866 2854 5921 5.
