4074 6578
551 386 655 446 159

555 505 798 573 Daniele,
821 505 995 576 justos
1025 501 1390 562 continentes;
1433 497 1485 550 iu
1516 495 1638 560 Job,
1661 495 1837 564 justos
1872 493 2126 564 conjuga—

553 608 638 654 tos
661 599 678 630 ²
718 617 730 651 :
759 606 814 654 et
855 597 900 652 si
942 595 1062 666 quis
1103 601 1186 648 est
1224 591 1358 646 forte
1394 590 1529 644 alius
1563 589 1863 644 intellectus
1887 629 1900 654 ,
1932 586 1999 642 de
2023 601 2131 657 quo

554 706 697 746 nunc
725 704 830 744 non
855 696 936 743 est
961 699 1180 740 necesse
1205 682 1520 753 disquirere.
1542 681 1918 735 Verumtamen
1932 685 2132 748 quanta

557 785 640 842 isti
664 784 864 855 justitia
891 777 1344 850 praeeminuerint,
1371 783 1428 830 et
1452 775 1553 830 hoc
1581 773 1910 846 prophetico,
1936 781 1990 826 et
2012 771 2130 826 aliis

555 877 746 932 divinis
783 870 1103 928 testimoniis
1134 871 1261 926 satis
1290 878 1531 939 apparet.
1562 867 1670 922 Nec
1699 866 1818 920 ideo
1845 865 2130 935 quisquam

551 966 762 1022 sobrius
791 965 986 1020 dixerit
1011 964 1321 1019 ebrietatem
1363 978 1466 1016 non
1507 976 1626 1015 esse
1657 967 1966 1028 peccatum,
2014 972 2134 1025 quae

554 1067 732 1114 tamen
761 1057 1030 1126 subrepsit
1056 1064 1205 1110 tanto
1233 1055 1348 1108 viro
1372 1071 1386 1108 :
1411 1069 1534 1106 nam
1560 1051 1693 1114 Noe,
1723 1050 1856 1104 sicut
1885 1049 2132 1119 legimus,

550 1152 650 1206 fuit
675 1150 960 1222 aliquando
985 1149 1167 1204 ebrius
1195 1145 1346 1220 (Gen.
1373 1161 1453 1212 ιιι,
1479 1145 1596 1216 21),
1625 1141 1875 1214 quamvis
1913 1140 2053 1196 absit
2076 1147 2134 1195 nt

551 1243 712 1300 fuerit
735 1244 1000 1299 ebriosus.

627 1337 716 1392 15.
751 1337 932 1391 Daniel
962 1349 1090 1390 vero
1134 1342 1255 1404 post
1295 1331 1591 1389 orationem
1629 1345 1787 1400 quam
1827 1327 1962 1383 fudit
1987 1328 2132 1396 Deo,

556 1428 625 1484 de
650 1443 708 1483 se
729 1429 842 1498 ipse
865 1427 992 1482 dicit
1014 1413 1030 1480 ἐ
1047 1426 1170 1480 Cum
1190 1443 1406 1488 orarem,
1431 1433 1476 1478 et
1497 1423 1760 1492 conﬁterer
1777 1430 1982 1491 peccata
2001 1436 2132 1486 mea,

558 1528 606 1574 et
635 1527 838 1589 peccata
864 1517 1039 1589 populi
1067 1517 1162 1570 mei
1193 1515 1411 1569 Domino
1442 1513 1549 1568 Deo
1591 1529 1696 1566 meo
1733 1511 1894 1582 (Dan.
1924 1527 1997 1575 lx,
2020 1508 2133 1578 20).

561 1611 888 1681 Propterea,
933 1609 1033 1663 nisi
1080 1608 1250 1673 fallor,
1279 1623 1374 1677 per
1405 1621 1560 1674 supra
1604 1612 1954 1658 memoratum
2000 1601 2136 1655 Eze-

560 1700 785 1756 cliielem
815 1701 1022 1756 cuidam
1051 1699 1430 1769 superbissimo
1453 1697 1662 1760 dicitur,
1686 1693 1951 1763 Numquid
1976 1703 2029 1746 tu
2049 1708 2137 1746 sa-

559 1793 772 1862 pientior
805 1809 958 1863 quam
1000 1791 1184 1845 Daniel
1226 1789 1447 1863 (Ezech.
1483 1803 1674 1854 xxvm,
1699 1786 1794 1857 '5)?
1830 1786 2010 1855 Neque
2051 1783 2138 1838 hic

555 1883 658 1938 dici
690 1893 886 1954 potest,
937 1881 1079 1953 quod
1107 1881 1322 1952 quidam
1354 1889 1540 1934 contra
1567 1879 1864 1932 orationem
1905 1874 2138 1930 domini-

554 1992 672 2032 cam
699 1985 1172 2048 argumentantur:
1208 1974 1340 2040 Quia
1367 1975 1456 2028 etsi
1477 1973 1687 2028 orabant
1716 1989 1846 2037 eam,
1875 1969 2136 2040 inquiunt,

554 2072 718 2125 sancti
737 2079 782 2124 et
813 2071 1020 2141 perfecti
1040 2071 1154 2142 jam
1175 2069 1426 2138 Apostoli,
1450 2068 1648 2122 nullum
1679 2067 1882 2121 omnino
1904 2065 2139 2119 habentes

555 2172 848 2234 peccatum;
869 2179 973 2216 non
1003 2171 1166 2215 tamen
1188 2177 1278 2232 pro
1298 2177 1352 2214 se
1373 2161 1518 2229 ipsis.
1538 2160 1626 2212 sed
1651 2175 1742 2228 pro
1763 2157 2068 2229 imperfectis
2093 2165 2140 2210 et

553 2253 720 2307 adhuc
739 2252 1078 2324 peccatoribus
1103 2251 1364 2316 dicebant,
1405 2270 1424 2302 ι
1453 2249 1664 2304 Dimitte
1685 2250 1830 2302 nobis
1850 2248 2017 2302 debita
2041 2264 2136 2302 ποι

552 2354 660 2398 stra
687 2385 706 2411 ,
753 2345 882 2398 sicut
929 2354 976 2398 et
1043 2335 1156 2418 nos
1188 2344 1482 2396 dimittimus
1537 2341 1840 2396 debitoribus
1893 2341 2076 2420 nostris
2113 2359 2132 2395 ι

557 2435 768 2509 (Matth.
798 2453 871 2498 vr,
903 2435 1024 2508 η).
1052 2435 1120 2492 Ut
1151 2453 1240 2507 per
1277 2436 1390 2500 hoc,
1433 2434 1700 2505 inquiunt,
1736 2433 1872 2504 quod
1918 2433 2139 2486 dicerent

519 2579 524 2586 .
561 2545 580 2577 s
603 2536 797 2592 nostra,
819 2543 840 2578 ι
861 2527 914 2579 in
929 2543 1030 2580 uno
1047 2543 1150 2580 esse
1167 2541 1376 2596 corpore
1392 2525 1813 2589 demonstrarent,
1839 2533 1882 2576 et
1902 2522 2016 2577 illos
2040 2522 2138 2576 ad-

519 2678 528 2683 _
554 2618 654 2672 huc
677 2619 912 2672 habentes
931 2627 1155 2690 peccata,
1181 2627 1227 2670 et
1256 2633 1309 2670 se
1329 2615 1468 2686 ipsos
1492 2617 1579 2686 qui
1604 2616 1718 2686 jam
1739 2615 1974 2669 carebant
2002 2615 2140 2669 omni

554 2727 618 2764 ea:
639 2719 782 2782 parte
804 2719 1027 2780 peccato.
1059 2709 1116 2763 lu
1139 2709 1352 2763 Daniele
1380 2717 1528 2764 certe
1552 2709 1652 2762 hoc
1680 2724 1784 2762 non
1813 2715 1990 2777 potest
2008 2706 2135 2774 dici,

552 2805 664 2876 qui,
690 2815 747 2858 ut
770 2803 952 2870 credo,
988 2812 1234 2874 tanquam
1265 2802 1525 2873 pr0pheta
1555 2801 1856 2872 praevidens
1883 2800 2020 2856 hanc
2049 2800 2139 2854 ali-

555 2899 768 2970 quando
812 2887 1596 2969 prmsumptioncmluturam,
1629 2910 1750 2950 cum
1793 2895 1848 2950 in
1893 2893 2139 2950 oratione

511 3005 695 3060 .saape
745 2991 988 3056 dixisset,
1033 2989 1378 3060 peccavimus;
1407 3003 1514 3042 non
1563 2987 1633 3041 ita
1685 2986 1838 3041 nobis
1868 2985 2134 3055 exposuit,

528 3073 648 3139 cur
677 3081 780 3136 hoc
821 3081 1035 3145 dixerit,
1066 3089 1124 3135 ut
1153 3081 1220 3135 ab
1249 3081 1340 3134 illo
1383 3074 1714 3144 audiremus,
1739 3078 1870 3134 Cum
1900 3093 2132 3142 orarem,

520 3221 526 3226 .
553 3182 608 3230 et
638 3173 918 3230 conﬁterer
941 3182 1160 3246 peccata
1185 3174 1208 3205 ³
1239 3172 1416 3242 p0puli
1448 3173 1552 3227 mei
1585 3171 1810 3226 Domino
1841 3171 1949 3226 Deo
1983 3184 2137 3237 meo;

554 3282 654 3322 nec
687 3267 862 3322 adhuc
889 3257 1230 3322 distinctione
1272 3265 1491 3320 confusa
1521 3307 1535 3330 ,
1568 3273 1627 3319 ut
1669 3273 1812 3320 esset
1850 3265 2135 3328 incertum,

554 3369 775 3432 propter
824 3359 980 3415 unius
1025 3359 1265 3429 corporis
1308 3358 1617 3414 societatcm
1655 3357 1702 3410 si
1747 3355 2136 3422 diceret,Cum

554 3459 770 3521 peccata
819 3459 1000 3506 nostra
1048 3451 1336 3506 conﬁterer
1380 3449 1608 3504 Domino
1659 3448 1770 3503 Deo
1809 3463 1930 3503 meo
1979 3463 1994 3500 :
2043 3447 2139 3502 sed

555 3541 774 3597 omnino
805 3550 912 3596 tam
937 3541 1222 3606 distincte,
1255 3551 1502 3611 tanquam
1545 3541 1614 3596 de
1642 3540 1754 3610 ipsa
1795 3539 2139 3596 distinctione

553 3641 824 3704 satagens,
851 3649 1078 3704 eamque
1115 3633 1348 3690 maxime
1375 3632 1830 3703 vehementerque
1859 3648 2138 3688 commcn-

553 3725 706 3790 dans,
759 3735 984 3796 peccata,
1033 3725 1225 3796 inquit,
1276 3743 1387 3780 mea
1429 3734 1477 3780 et
1519 3735 1726 3798 peccata
1767 3725 1964 3796 papuli.
2009 3725 2140 3792 Quis

554 3817 679 3872 huic
719 3818 999 3874 evidentiae
1045 3817 1398 3887 contradicit,
1442 3819 1544 3875 nisi
1572 3835 1732 3890 quem
1761 3820 1880 3890 plus
1909 3819 2141 3874 delectat

510 3959 516 3962 .
552 3909 832 3966 defensare
856 3910 999 3982 quod
1024 3911 1208 3980 sentit,
1243 3927 1404 3983 quam
1425 3911 1554 3984 quid
1583 3911 1920 3968 sentiendum
1949 3912 2020 3968 sit
2057 3911 2142 3966 in-

552 4005 766 4060 venire?
1365 4001 1368 4003 λ

625 4097 712 4151 ﬂ.
751 4095 854 4152 Job
878 4104 1054 4152 autem
1079 4104 1201 4168 post
1224 4105 1331 4151 tam
1357 4112 1607 4167 magnum
1628 4095 1693 4152 de
1722 4097 2047 4168 illojustitiae
2069 4105 2141 4154 te-

555 4191 862 4246 stimonium
887 4191 999 4256 Dei,
1029 4189 1155 4260 quid
1177 4189 1319 4244 dicat
1345 4191 1459 4260 ipse
1484 4189 1781 4244 videamus.
1813 4187 1882 4242 In
1910 4189 2134 4258 ueritate,

511 4343 518 4348 I
555 4280 744 4351 inquit,
779 4282 884 4336 scio
913 4281 1032 4352 quia
1073 4281 1149 4334 ita
1186 4291 1278 4334 est.
1311 4281 1746 4346 Quemadmodum
1795 4281 1926 4334 enim
1965 4281 2140 4352 justus

552 4374 646 4426 erit
680 4371 829 4426 homo
867 4381 982 4426 ante
1025 4371 1336 4426 Dominum?
1380 4371 1441 4427 Si
1479 4381 1645 4425 autem
1680 4371 1796 4426 uelit
1841 4371 2142 4426 contendere

553 4481 668 4518 cum
701 4481 779 4533 eo,
816 4449 916 4519 non
953 4465 1134 4535 poterit
1171 4464 1371 4518 obedire
1405 4465 1470 4518 ei.
1501 4465 1563 4518 Et
1595 4465 1750 4534 paulo
1781 4474 1898 4534 post
1927 4483 1940 4519 :
1974 4465 2134 4533 Quis,

550 4555 742 4627 inquit,
762 4555 962 4627 judicio
991 4557 1100 4628 ejus
1128 4555 1514 4611 adversabitur?
1540 4558 1688 4625 Quod
1710 4559 1754 4612 si
1783 4563 1925 4620 fuero
1949 4559 2136 4627 justus,

553 4665 608 4703 os
632 4665 796 4703 meum
826 4650 978 4720 impie
1005 4635 1252 4721 loquetur.
1278 4650 1469 4706 lterum
1500 4651 1654 4720 paulo
1680 4661 1798 4720 post
1843 4640 1861 4706 :5
1891 4650 2033 4716 Scio,
2058 4650 2141 4706 in-

553 4741 697 4810 quit,‘
713 4741 832 4810 quia
850 4741 1153 4812 impunitum
1169 4729 1252 4794 me
1265 4759 1363 4796 non
1390 4742 1614 4795 dimittit.
1643 4743 1776 4810 Quia
1795 4759 1908 4796 sum
1927 4743 2136 4812 impius,

552 4848 707 4903 quare
745 4848 846 4886 non
885 4849 997 4886 sum
1034 4835 1302 4888 mortuus?
1333 4833 1481 4902 Quod
1503 4835 1546 4888 si
1596 4835 1896 4904 puriﬁcatus
1934 4835 2066 4900 nive,
2091 4843 2138 4889 et

552 4924 825 4978 mundatus
853 4929 995 4994 {uero
1019 4926 1219 4980 mundis
1239 4927 1485 4989 manibus,
1515 4929 1814 4998 sufﬁcienter
1836 4929 1889 4982 in
1908 4930 2141 4986 sordibus

515 5071 521 5076 .
555 5035 634 5077 me
663 5019 854 5074 tinxisti
875 5018 996 5090 (Job
1025 5003 1101 5086 ix,
1123 5019 1178 5083 2,
1211 5020 1265 5086 δ,
1299 5019 1386 5086 19,
1417 5019 1508 5087 eo,
1536 5019 1754 5091 28-51).
1787 5020 1914 5078 Item
1955 5023 2006 5076 in
2033 5022 2140 5078 alio

552 5127 650 5167 suo
695 5127 940 5168 sermone
969 5131 982 5167 :
1020 5113 1152 5181 Quia
1184 5113 1546 5182 conscripsisti,
1572 5115 1764 5185 inquit.
1796 5115 2036 5170 adversus
2062 5132 2142 5170 me

553 5205 708 5272 mala,
739 5215 785 5260 ct
811 5205 1018 5260 induisti
1041 5222 1118 5260 me
1132 5207 1411 5276 juventutis
1433 5223 1556 5262 metu
1584 5217 1791 5278 peccata
1811 5249 1826 5271 ,
1851 5217 1897 5262 et
1926 5209 2141 5279 posuisti

553 5296 729 5369 pedem
758 5314 921 5352 meum
942 5298 994 5351 in
1023 5297 1373 5367 prohibitione,
1395 5302 1599 5353 servasti
1626 5300 1795 5353 omnia
1821 5317 1975 5372 Opera
2001 5317 2135 5366 mea,

553 5397 599 5445 et
623 5391 674 5445 in
699 5389 893 5444 radices
915 5389 1098 5461 pedum
1137 5407 1362 5444 meorum
1399 5391 1685 5462 inspexisti,
1709 5392 1798 5462 qui
1823 5400 2138 5446 veterascunt

551 5485 678 5540 sicut
729 5494 868 5551 uter,
911 5485 988 5538 vel
1028 5485 1155 5539 sicut
1194 5487 1536 5540 vestimentum
1579 5503 1611 5540 a
1656 5487 1790 5540 tinea
1836 5496 2132 5542 comestum.

556 5573 722 5632 Homo
752 5578 883 5633 enim
907 5587 1054 5632 natus
1080 5594 1144 5632 ea:
1169 5578 1376 5634 muliere
1403 5578 1545 5652 parvi
1568 5587 1640 5634 est
1669 5579 1926 5651 temporis,
1952 5590 1998 5634 et
2023 5581 2136 5651 ple-

619 5759 634 5823 ξ
671 5766 718 5823 ιιι
738 5767 864 5818 Mss,
884 5757 1175 5823 coniugales.

617 5819 638 5848 ¹
672 5822 898 5932 ιιίιξιέωᾱ
921 5817 1119 5896 Αιιιξειι.
1156 5827 1208 5872 et
1228 5827 1337 5872 Lov.
1363 5831 1618 5896 perperam
1656 5817 1898 5893 additum,
1919 5835 2031 5875 mea
2050 5830 2136 5886 et;

617 5879 684 5930 10d
705 5897 736 5932 α
821 5896 902 5932 em
923 5892 1099 5932 mento
1119 5885 1290 5932 aberat
1308 5895 1337 5932 a
1358 5889 1709 5932 manuscrintts.

555 5879 684 5950 quod
705 5879 902 5948 quidem
923 5885 1099 5936 merito
1119 5885 1290 5936 aberat
1308 5895 1337 5934 a
1358 5879 1709 5950 inaduscriptis.

1187 379 1276 438 DE
1315 375 1772 436 PECCATORUM
1809 373 2085 468 MEqu'l‘lS
2120 367 2210 428 ET
2251 371 2679 449 REMISSIONE,
2721 379 2779 438 S.
2819 380 3184 441 AUGUSTINI

3721 379 3819 443 160

2238 509 2333 548 nus
2350 495 2632 565 iracundia,
2657 508 2701 554 et
2727 499 2856 554 sicut
2875 501 2970 570 ﬂos
2998 517 3113 555 cum
3131 499 3303 571 ﬂoruit
3331 507 3378 556 et
3400 501 3606 570 decidit,
3633 501 3818 558 disces-

2237 585 2302 641 sit
2326 588 2454 644 sicut
2473 591 2675 658 umbra,
2704 609 2805 646 non
2831 602 3014 648 manet.
3046 593 3232 648 Nonne
3261 605 3306 649 et
3344 595 3497 668 hujus
3530 612 3708 652 curam
3747 598 3816 670 fs-

2237 680 2348 734 cisti
2371 683 2536 736 venire
2553 683 2607 736 in
2627 684 2881 754 judicium
2905 694 3047 739 tuum
3065 687 3093 740 ?
3118 685 3245 752 Quis
3269 687 3404 742 enim
3423 687 3516 742 erit
3545 687 3766 744 mundus
3788 705 3818 745 a

2239 775 2728 846 sordibus?Nemo,
2755 795 2844 831 nec
2869 779 2914 832 si
2938 781 3084 834 unius
3124 779 3224 833 diei
3263 780 3414 850 fuerit
3439 781 3542 834 vita
3579 781 3711 852 ejus.
3759 781 3822 838 Et

2206 916 2212 920 .
2239 867 2396 934 paulo
2426 876 2579 937 post:
2608 867 2966 934 Dinumerasti,
2999 871 3200 942 inquit,
3233 887 3404 926 omnes
3430 872 3821 928 necessitudines

2239 973 2404 1022 meas,
2447 969 2492 1012 et
2519 959 2649 1012 nihil
2673 969 2720 1012 te
2747 961 2893 1015 latuit
2927 962 2988 1014 de
3028 964 3240 1032 peccatis
3269 963 3392 1017 meis
3421 981 3440 1018 :
3466 964 3680 1034 signasti
3709 981 3823 1034 pec-

2240 1059 2354 1102 cata
2377 1067 2487 1104 mea
2513 1053 2564 1106 in
2593 1053 2819 1123 folliculo
2843 1096 2859 1121 ,
2892 1063 2938 1108 et
2965 1056 3218 1109 annotasti
3256 1055 3300 1111 si
3328 1055 3450 1128 quid
3480 1057 3667 1111 invitus
3691 1073 3821 1111 com-

2240 1142 2356 1194 misi
2387 1141 2514 1213 (Job
2533 1160 2646 1207 xm,
2671 1143 2876 1210 26-xnv,
2908 1147 3027 1211 1-5,
3064 1146 3295 1220 16,17).
3326 1147 3464 1203 Ecce
3491 1157 3548 1203 et
3572 1147 3676 1204 Job
3701 1163 3827 1204 con-

2241 1233 2419 1290 ﬁtetur
2446 1247 2660 1307 peccata
2705 1253 2801 1292 sua
2821 1279 2836 1304 ,
2867 1249 2921 1294 et
2951 1242 3002 1294 in
3031 1241 3252 1296 veritate
3293 1257 3352 1297 se
3376 1242 3502 1296 dicit
3529 1243 3670 1297 scire
3707 1243 3827 1312 quia

2243 1341 2346 1381 non
2374 1338 2454 1384 est
2493 1329 2666 1398 justus
2689 1334 2966 1402 quisquam
2993 1343 3116 1389 ante
3145 1335 3444 1391 Dominum.
3476 1335 3542 1390 Et
3577 1335 3698 1390 ideo
3728 1337 3826 1392 iste

2243 1418 2413 1474 hocin
2441 1423 2659 1477 veritate
2685 1424 2804 1488 scit,
2828 1425 2950 1495 quia
2980 1425 3024 1480 si
3059 1440 3156 1480 nos
3176 1427 3469 1482 dixerimus
3492 1443 3597 1482 non
3629 1427 3827 1486 habere

2241 1520 2516 1580 peccatum
2537 1556 2551 1581 ,
2592 1515 2700 1584 ipsa
2729 1515 2922 1572 veritas
2959 1516 3012 1570 in
3041 1517 3194 1572 nobis
3221 1535 3323 1572 non
3351 1525 3452 1574 est.
3485 1518 3718 1575 Proinde
3745 1533 3830 1575 se-

2241 1603 2472 1658 cundmn
2504 1605 2716 1661 modum
2745 1609 3168 1664 converSationis
3196 1613 3440 1666 humana:
3460 1653 3476 1676 ,
3511 1611 3760 1680 perhibet
3778 1611 3827 1668 ei

2244 1695 2384 1752 Deus
2419 1707 2522 1752 tam
2552 1715 2797 1770 magnum
2825 1701 3044 1771 justitia:
3077 1703 3434 1759 testimonium
3468 1722 3480 1758 :
3509 1703 3624 1775 ipse
3651 1714 3829 1762 autem

2243 1803 2302 1844 se
2341 1790 2564 1846 metiens
2591 1807 2654 1845 ex
2687 1794 2866 1863 regula
2893 1793 2980 1848 illa
3016 1794 3262 1864 justitiae,
3294 1811 3451 1866 quam
3492 1797 3628 1851 sicut
3659 1805 3834 1867 potest

2243 1883 2500 1953 conspicit
2528 1884 2665 1953 apud
2697 1885 2862 1940 Deum
2883 1927 2900 1952 ,
2941 1885 2993 1940 in
3017 1887 3240 1942 veritate
3266 1887 3368 1942 scit
3387 1887 3509 1958 quia
3539 1888 3610 1942 ita
3633 1897 3731 1943 est.
3761 1888 3834 1944 Et

2243 1974 2508 2052 adjungit,
2558 1977 2992 2042 Quemadmodum
3021 1981 3155 2034 enim
3185 1981 3356 2052 justus
3394 1982 3486 2035 erit
3529 1982 3680 2036 homo
3717 1990 3833 2039 ante

2242 2063 2516 2120 Dominum
2533 2068 2558 2120 ?
2574 2067 2636 2122 Si
2654 2069 2787 2123 enim
2807 2069 2924 2124 velit
2944 2070 3245 2126 contendere
3269 2089 3384 2126 cum
3410 2089 3466 2126 eo
3484 2114 3498 2138 ,
3526 2090 3627 2128 non
3651 2075 3831 2143 poterit

2243 2159 2442 2213 obedire
2469 2160 2514 2212 ei
2539 2176 2558 2214 :
2589 2161 2640 2214 id
2668 2171 2783 2228 est,
2810 2163 2855 2218 si
2889 2163 3207 2234 iudicandus
3248 2165 3531 2222 ostendere
3558 2167 3826 2236 voluerit,

2243 2267 2348 2307 non
2390 2253 2442 2306 in
2484 2269 2543 2308 se
2573 2255 2799 2310 inveniri
2844 2271 2999 2325 posse
3027 2257 3168 2328 quod
3197 2257 3448 2326 damnet,
3481 2274 3588 2313 non
3629 2260 3832 2330 pmerit

2243 2347 2460 2404 obedire
2487 2349 2535 2403 ei
2568 2349 2586 2380 ί
2617 2369 2628 2404 :
2659 2351 2855 2405 amittit
2878 2349 3020 2405 enim
3061 2351 3220 2406 etiam
3255 2352 3399 2406 illam
3429 2351 3789 2408 obedientiam
3813 2393 3830 2422 ,

2243 2454 2344 2510 qua
2386 2439 2604 2496 obedire
2650 2443 2818 2511 possit
2845 2443 3174 2512 principienti
3221 2444 3520 2500 confitenda
3550 2459 3672 2501 eSse
3703 2460 3830 2516 pee-

2243 2540 2380 2586 cata.
2427 2531 2576 2588 Unde
2623 2533 2881 2604 quosdam
2927 2535 3198 2604 increpat,
3239 2536 3468 2592 dicens:
3503 2535 3642 2602 Quid
3681 2539 3830 2596 uultis

2242 2641 2435 2680 mecum
2453 2626 2653 2698 judicio
2693 2628 2988 2683 contendere
3025 2628 3234 2696 (Jerem.
3263 2645 3328 2696 ιι,
3371 2629 3506 2702 29)?
3548 2631 3703 2700 Quod
3741 2631 3831 2689 ille

2243 2735 2548 2789 prarcavens
2576 2739 2589 2774 :
2619 2719 2704 2776 Ne
2721 2723 2906 2785 intres,
2937 2722 3144 2794 inquit,
3181 2724 3233 2778 in
3271 2723 3519 2791 iudicium
3546 2741 3663 2779 cum
3692 2741 3831 2780 seruo

2243 2819 2363 2878 tuo,
2399 2813 2635 2882 quoniam
2663 2831 2765 2868 non
2795 2815 3160 2886 justiﬁcabilur
3183 2817 3236 2870 in
3265 2825 3534 2886 conspectu
3564 2827 3650 2871 tuo
3671 2819 3832 2874 omnis

2241 2903 2426 2958 vivens.
2472 2903 2595 2960 ideo
2637 2907 2796 2961 etiam
2827 2906 2957 2962 dicit
2991 2907 3092 2962 Job
3114 2951 3126 2972 ,
3161 2907 3287 2976 Quis
3333 2910 3464 2962 enim
3493 2909 3695 2980 judicio
3725 2910 3833 2980 ejus

2241 2997 2621 3054 uduersabitur?
2648 2998 2799 3066 Quod
2820 3001 2866 3054 si
2898 3005 3042 3072 fuero
3059 3003 3267 3073 justus;
3301 3019 3358 3057 os
3379 3019 3542 3056 meum
3568 3003 3724 3075 impie
3756 3003 3834 3058 lo-

2241 3099 2419 3159 quctur
2445 3105 2468 3144 :
2495 3089 2595 3146 hoc
2637 3101 2721 3147 est
2758 3093 2899 3148 enim
2927 3135 2942 3159 ,
2973 3092 3027 3150 Si
3058 3110 3146 3150 me
3181 3095 3380 3165 justum
3421 3095 3606 3152 dixero
3645 3107 3832 3154 contra

2238 3181 2493 3251 judicium
2539 3183 2692 3254 ejus,
2739 3183 2828 3238 ubi
2858 3185 3087 3254 perlecta
3132 3187 3219 3242 illa
3255 3187 3476 3256 justitia:
3516 3189 3698 3258 regula
3741 3203 3831 3246 me

2243 3274 2509 3328 convincit
2535 3275 2808 3344 injustam,
2835 3275 3071 3346 profecto
3097 3277 3260 3348 impie
3279 3279 3526 3351 loquetur
3542 3295 3604 3336 os
3627 3295 3830 3346 meum,

2241 3365 2363 3434 quia
2391 3373 2576 3421 contra
2600 3367 2690 3423 Dei
2712 3368 2990 3424 veritatem
3028 3369 3293 3440 loquetur.

2315 3458 2400 3514 15.
2423 3457 2782 3529 Fragilitatem
2801 3475 3012 3532 quoque
3037 3462 3205 3532 ipsam
3225 3505 3240 3528 ,
3263 3461 3348 3518 vel
3389 3462 3566 3534 potius
3607 3462 3836 3520 damna-

2243 3550 2440 3606 tionem
2465 3539 2696 3607 carnalis
2723 3555 3082 3624 generationis
3117 3555 3407 3612 ostendens
3449 3571 3516 3612 ex
3558 3556 3834 3626 originalis

2244 3642 2665 3712 transgressione
2695 3647 2916 3714 peccati,
2943 3659 3061 3700 cum
3091 3645 3160 3701 de
3183 3646 3414 3716 peccatis
3453 3647 3566 3702 suis
3609 3655 3832 3717 ageret,

2243 3737 2580 3793 velutcorum
2602 3753 2790 3794 causas
2814 3737 3068 3804 reddens,
3093 3738 3227 3794 dixit
3248 3738 3518 3796 hominem
3551 3749 3734 3795 natum
3765 3755 3836 3798 ex

2241 3831 2465 3886 muliere
2505 3831 2651 3902 parvi
2689 3847 2810 3888 esse
2840 3833 3094 3904 temporis
3117 3874 3132 3898 ,
3179 3841 3234 3890 et
3266 3832 3480 3904 plenum
3518 3833 3833 3891 iracundia:

2241 3939 2342 3994 qua
2366 3923 2660 3991 iracundia,
2691 3922 2792 3980 nisi
2822 3940 2924 3996 qua
2949 3935 3073 3980 sunt
3099 3940 3304 3991 omnes,
3337 3926 3472 3982 sicut
3511 3925 3636 3982 dicit
3681 3928 3836 3996 Apo-

2241 4017 2410 4074 stolus
2438 4059 2454 4084 ,
2506 4017 2836 4082 naturaliter,
2883 4017 2987 4074 hoc
3041 4028 3158 4084 est,
3209 4019 3540 4092 originaliter
3593 4019 3686 4072 ira:
3733 4017 3840 4088 ﬁlii

2247 4107 2459 4182 (Ephes.
2479 4125 2541 4174 ιι,
2568 4109 2662 4180 5)?
2689 4109 2940 4178 quoniam
2965 4110 3059 4164 lilii
3088 4119 3215 4165 sunt
3237 4111 3680 4182 concupiscentia:
3706 4124 3839 4171 car-

2242 4202 2325 4256 nis
2351 4211 2406 4256 et
2433 4203 2634 4257 smcnli.
2665 4201 2744 4257 Ad
2773 4202 2940 4273 ipsam
2969 4203 3103 4258 iram
3127 4203 3392 4273 pertinere
3417 4204 3576 4259 etiam
3593 4213 3836 4260 mortem

2243 4291 2475 4346 hominis
2500 4303 2892 4364 consequenter
2919 4293 3229 4350 ostendens.
3251 4291 3382 4350 Cum
3405 4295 3545 4350 enim
3567 4294 3834 4366 dixisset,

2243 4384 2387 4454 parvi
2414 4393 2486 4438 est
2513 4386 2769 4454 temporis,
2799 4395 2846 4438 et
2877 4385 3054 4456 plenus
3079 4387 3390 4454 iracundia;
3415 4385 3619 4442 addidit
3638 4387 3831 4456 etiam,

2242 4473 2310 4531 Et
2334 4476 2460 4529 sicut
2489 4477 2585 4546 flos
2601 4493 2715 4530 cum
2737 4477 2912 4548 ﬂoruit
2933 4488 2979 4532 et
3005 4477 3193 4532 decidit
3212 4495 3240 4544 ,'
3259 4478 3484 4533 discessit
3526 4479 3654 4533 sicut
3707 4495 3832 4534 um-

2243 4569 2352 4636 bra,
2381 4586 2482 4624 non
2509 4579 2694 4626 manet.
2725 4570 2857 4626 Cum
2889 4579 3063 4627 autem
3095 4571 3386 4644 subjungit,
3407 4570 3592 4628 Nonne
3633 4583 3680 4628 et
3725 4574 3833 4628 hu-

2239 4664 2326 4735 jus
2350 4680 2521 4718 curam
2543 4665 2702 4737 fecisti
2738 4667 2905 4720 venire
2931 4665 2984 4719 in
3003 4665 3256 4737 judicium
3308 4666 3489 4722 tuum?
3529 4665 3653 4734 Quis
3693 4671 3836 4722 enim

2243 4757 2336 4810 erit
2350 4758 2567 4812 mundus
2597 4775 2628 4810 a
2654 4757 2924 4812 sordibus?
2956 4757 3140 4824 Nemo,
3167 4775 3256 4814 nec
3279 4759 3323 4814 si
3342 4760 3493 4815 unius
3530 4761 3632 4814 diei
3674 4761 3839 4832 fuerit

2242 4847 2344 4902 vita
2373 4849 2524 4919 ejus;
2551 4847 2652 4903 hoc
2688 4847 2869 4918 utique
2897 4847 3042 4913 dicit,
3072 4848 3265 4904 Curam
3293 4851 3524 4907 hominis
3545 4852 3722 4908 brevis
3745 4853 3833 4912 Vl?

2243 4946 2312 4993 ιω
2339 4938 2506 4993 fecisti
2535 4939 2715 4994 venire
2743 4937 3236 5007 injutliciumtuum.
3257 4939 3659 5011 Quantumlibet
3681 4943 3834 5000 enim

2243 5031 2420 5086 brevis
2449 5029 2609 5085 fuerit
2637 5029 2742 5084 vita
2769 5029 2907 5100 ejus,
2929 5032 3139 5086 etiamsi
3161 5033 3318 5088 unius
3341 5032 3448 5088 diei
3479 5044 3644 5102 esset,
3671 5050 3834 5091 mun-

2243 5122 2384 5178 dusa
2413 5120 2660 5177 sordibus
2673 5136 2792 5176 esse
2815 5138 2922 5177 non
2950 5131 3154 5194 posset,
3182 5133 3236 5180 et
3262 5123 3382 5180 ideo
3427 5125 3725 5196 iustissime
3776 5126 3830 5184 in

2238 5217 2494 5289 judicium
2519 5228 2665 5274 tuum
2693 5218 2888 5274 veniet.
2907 5218 3039 5274 Illud
3065 5235 3193 5275 vero
3219 5219 3362 5291 quod
3387 5221 3482 5286 ait,
3512 5219 3832 5277 Dinumera-

2243 5313 2309 5368 sti
2337 5329 2509 5368 onmes
2537 5312 2924 5367 necessitudines
2951 5329 3106 5379 meas,
3135 5323 3182 5368 et
3207 5312 3338 5368 nihil
3373 5324 3422 5368 te
3445 5315 3592 5370 latuit
3621 5317 3685 5370 de
3708 5333 3832 5386 pec-

2243 5406 2370 5460 catis
2388 5406 2511 5460 meis
2535 5421 2554 5459 :
2574 5404 2786 5476 signasti
2807 5415 3016 5475 peccata
3043 5421 3153 5459 mea
3175 5405 3227 5459 in
3259 5405 3508 5477 folliculo,
3537 5415 3584 5460 et
3609 5415 3834 5462 annota-

2243 5499 2310 5552 sti
2329 5497 2373 5553 si
2391 5499 2512 5569 quid
2539 5498 2720 5552 inuitus
2739 5496 3004 5563 commisi;
3032 5512 3209 5554 nonne
3244 5498 3373 5552 satis
3389 5500 3634 5569 apparuit
3668 5499 3833 5557 etiam

2308 5635 2326 5667 ι
2360 5633 3026 5698 Pleriquemanuscriptihaac
3044 5633 3352 5698 omittunt,id
3373 5640 3462 5696 est,
3477 5635 3520 5688 si
3525 5635 3839 5698 judicandus

2241 5696 2490 5748 ostendere
2505 5694 2724 5764 poluerit
2730 5733 2744 5757 ,
2768 5694 2859 5764 non
2891 5694 2942 5746 in
2973 5709 3024 5746 se
3052 5695 3256 5748 inveniri
3292 5694 3579 5764 possequod
3613 5699 3836 5762 damnet,

2241 5771 2340 5827 non
2371 5759 2545 5822 poterit
2587 5758 2778 5827 obedire
2813 5761 2904 5827 (εἰ.Δ
2923 5765 3056 5827 [forte
3081 5772 3142 5827 ex
3167 5758 3532 5827 amanuensit'nn
3554 5758 3837 5827 oscitantis,

2451 5823 2644 5936 (grandi
2673 5823 2860 5873 occasio
2882 5819 2971 5871 fuit
3003 5819 3121 5871 illud
3154 5822 3282 5886 quod
3317 5823 3534 5886 secundo
3578 5819 3840 5899 recurrit;
