4074 6542
275 356 360 415 161

274 473 345 530 illa
365 471 752 545 peccatajuste
781 476 1072 550 imputari,
1103 495 1220 553 quae
1241 497 1346 540 non
1389 483 1758 543 delectationis
1805 487 1874 542 il-

275 565 460 623 !ecebra
476 565 939 638 committuntur,
963 574 1061 630 sed
1088 589 1245 630 causa
1273 575 1569 633 devitanda:
1614 579 1875 636 molestia:

275 658 484 726 alicujus,
501 665 607 710 aut
634 657 894 730 doloris,
923 675 1020 720 aut
1045 667 1253 722 mortis?
1274 667 1407 722 Nam
1447 677 1503 724 et
1543 669 1658 724 haec
1691 670 1867 726 dicun-

275 758 338 804 tur
354 747 583 818 quadam
609 756 970 812 necessitate
997 760 1280 827 committi,
1311 775 1434 816 cum
1488 762 1666 818 omnia
1713 779 1875 834 supe-

216 911 219 914 .
269 839 400 896 nuda
423 841 535 895 sint
559 857 774 901 amore
791 855 851 901 et
869 847 1226 906 delectatione
1247 850 1488 922 justitiae.
1509 853 1690 909 Potest
1711 855 1873 911 etiam

269 933 380 1004 quod
406 931 566 997 dixit,
599 933 682 988 Et
713 941 994 995 annotasti
1015 942 1061 996 si
1079 942 1204 1014 quid
1258 943 1444 1000 inuitus
1485 947 1754 1011 commisi;
1807 947 1875 1004 ad

271 1025 388 1080 illam
413 1040 606 1082 vocem
643 1028 840 1085 videri
867 1034 1139 1102 pertinere
1158 1076 1176 1102 ,
1206 1049 1310 1106 qua
1341 1036 1541 1092 dictum
1571 1049 1656 1095 cst
1683 1079 1698 1106 ,
1751 1038 1873 1096 Non

273 1118 376 1170 enim
396 1116 528 1186 quod
551 1119 680 1174 volo
713 1138 852 1194 ago;
879 1124 970 1179 sed
1011 1125 1146 1197 quod
1198 1127 1312 1195 odi,
1361 1128 1456 1182 hoc
1495 1129 1630 1200 facio
1669 1131 1868 1202 (Rom.

273 1222 346 1273 vn,
366 1208 473 1278 15).

321 1300 394 1354 l6.
420 1301 564 1368 Quid
587 1305 756 1374 quod
794 1307 918 1378 ipse
943 1310 1218 1378 Dominus,
1243 1313 1335 1386 qui
1357 1314 1404 1370 ei
1428 1315 1768 1384 perhibuerat
1791 1325 1872 1375 te-

263 1391 574 1460 stimonium,
603 1408 746 1450 cum
783 1400 954 1456 etiam
969 1400 1264 1472 Scriptura,
1291 1405 1390 1461 hoc
1415 1416 1533 1474 est,
1579 1409 1673 1464 Dei
1704 1409 1871 1480 Spiri-

265 1494 326 1538 tus
342 1485 577 1552 dixerit,
609 1489 670 1542 in
704 1493 956 1548 omnibus
983 1511 1098 1566 quat
1149 1499 1460 1570 contigerunt
1507 1502 1572 1568 ei,
1605 1518 1706 1558 non
1754 1520 1868 1558 eum

265 1595 464 1648 peccasse
505 1581 674 1636 labiis
703 1586 827 1640 suis
857 1597 978 1641 ante
1008 1588 1276 1646 Dominum
1319 1589 1438 1663 (Job
1471 1609 1522 1659 ι,
1551 1593 1678 1664 22);
1723 1605 1869 1667 post-

263 1687 308 1727 ea
340 1681 516 1727 tamen
555 1690 695 1729 cum
739 1679 794 1732 ei
839 1680 1171 1750 loqueretur,
1203 1685 1482 1754 increpans
1508 1687 1714 1744 locutus
1737 1701 1818 1745 est
1845 1732 1860 1757 ,

266 1765 386 1820 sicut
406 1767 522 1837 ipse
539 1767 654 1824 Job
688 1772 856 1827 testis
887 1783 973 1829 est
990 1774 1198 1842 dicens,
1248 1777 1384 1844 Quid
1437 1780 1603 1834 adhuc
1649 1799 1742 1854 ego
1765 1784 1861 1854 ju-

264 1857 384 1910 diror
409 1860 637 1913 monitus
656 1901 676 1924 ,
720 1871 776 1916 et
808 1863 1182 1934 increpationes
1233 1866 1438 1922 Domini
1473 1872 1702 1947 audiens
1735 1872 1859 1945 (Id.

267 1964 432 2016 suis,
457 1953 546 2013 35,
573 1969 685 2007 sec.
718 1955 900 2030 LXX)
921 1957 1137 2016 lNetno
1167 1970 1342 2016 autem
1363 1963 1506 2033 juste
1531 1965 1854 2036 iucrepatur,

264 2041 347 2095 nisi
370 2042 424 2096 in
446 2058 556 2112 quo
571 2053 668 2099 est
693 2045 909 2116 aliquid
941 2049 1084 2118 quod
1104 2051 1461 2122 increpatione
1488 2055 1558 2110 sit
1581 2055 1819 2127 dignum.

315 2131 537 2190 CAPUT
593 2136 696 2190 XI.
734 2167 800 2178 —
822 2138 926 2194 Job
953 2142 1184 2211 prwvidit
1213 2143 1464 2198 Christum
1483 2147 1552 2200 ad
1576 2149 1857 2217 passionem

264 2236 522 2280 tentarunt.
555 2225 902 2285 Huntilitatis
931 2233 1064 2287 ratio
1094 2233 1146 2287 in
1186 2237 1438 2306 perfectis.
1492 2238 1558 2293 Et
1608 2240 1718 2309 ipsa
1772 2241 1856 2295 iu-

269 2321 488 2388 crepatio
520 2321 706 2390 qualis
721 2331 834 2388 est,
857 2340 980 2392 quae
1003 2341 1071 2380 ex
1125 2327 1336 2382 Domini
1381 2327 1578 2385 Christi
1629 2347 1852 2400 persona

263 2411 592 2484 intelligitur?
615 2415 928 2472 Enumerat
955 2419 1032 2472 illi
1055 2419 1230 2474 divina
1257 2436 1417 2492 opera
1446 2427 1722 2493 potestatis
1741 2443 1854 2484 suae

253 2503 342 2558 sub
363 2503 466 2559 hac
489 2508 772 2562 sententia
793 2507 1104 2578 increpans,
1131 2521 1187 2566 ιιι
1213 2527 1334 2567 eum
1355 2513 1536 2570 dicere
1565 2528 1849 2588 appareat:

252 2595 516 2668 Numquid
531 2610 693 2668 potes
707 2601 828 2657 hac
847 2611 995 2658 tanta
1011 2619 1134 2674 quae
1150 2609 1400 2675 possum?
1416 2607 1534 2675 Quo
1548 2618 1722 2666 autem
1740 2627 1854 2682 per-

259 2691 416 2758 tinet,
441 2693 554 2746 nisi
581 2702 646 2748 ut
668 2695 926 2764 intelligat
942 2696 1048 2752 Job
1085 2697 1268 2772 (etiam
1291 2702 1368 2772 (a)
1397 2702 1499 2759 hoc
1524 2705 1570 2760 ei
1598 2705 1851 2764 divinitus

260 2781 616 2852 inSpiratum,
639 2795 700 2840 ut
726 2790 984 2856 praescii-et
1011 2790 1282 2846 Christum
1300 2793 1366 2848 ad
1401 2797 1701 2864 passionem
1731 2814 1851 2855 esse

257 2874 576 2949 venturum)
609 2895 627 2928 :
655 2877 908 2948 intelligat
934 2895 1066 2950 ergo
1095 2897 1253 2952 quam
1282 2884 1440 2940 debet
1487 2903 1640 2958 inquo
1668 2890 1851 2945 animo

260 2965 494 3021 toIerare
527 2984 649 3038 qua:
673 2972 886 3039 pertulit
908 3013 924 3039 ,
947 2973 993 3027 si
1023 2973 1267 3030 Christus
1295 2977 1346 3031 in
1373 2993 1481 3048 quo
1528 2990 1800 3049 peccatum
1831 3024 1847 3049 ,

253 3072 382 3112 cum
411 3069 632 3128 propter
657 3076 760 3116 nos
787 3061 952 3119 homo
973 3063 1148 3120 lactus
1176 3076 1340 3135 esset,
1385 3071 1605 3124 omnino
1650 3071 1849 3127 nullum

249 3148 370 3213 fuit,
395 3150 524 3204 etin
549 3167 661 3221 quo
695 3152 808 3208 Deo
831 3163 978 3208 tanta
1005 3157 1236 3227 potentia
1265 3167 1348 3214 est
1366 3200 1381 3226 ,
1412 3175 1743 3233 nequaquam
1773 3172 1852 3218 ta-

239 3256 368 3296 men
391 3244 665 3311 passionis
691 3245 1064 3302 obedientiam
1091 3250 1393 3306 recusavit?
1437 3251 1588 3320 Quod
1638 3255 1850 3324 puriore

237 3331 421 3387 cordis
446 3333 758 3390 intentione
781 3335 885 3392 Job
910 3337 1212 3410 intelligens
1237 3343 1575 3412 responsioni
1613 3360 1723 3398 sua:
1749 3344 1847 3399 ad-

239 3426 399 3494 didit,
422 3430 579 3484 Am‘is
606 3431 800 3485 auditu
819 3432 1088 3486 audiebant
1132 3443 1178 3488 te
1204 3435 1346 3505 prius
1371 3436 1414 3504 ⁸,
1471 3445 1517 3490 et
1565 3453 1697 3491 nunc
1740 3452 1850 3492 ecce

233 3522 420 3576 calas
453 3539 596 3578 metis
623 3523 762 3578 videt
790 3533 840 3578 te
865 3541 886 3578 :
911 3525 1028 3580 ideo
1053 3526 1325 3598 uiluperavi
1364 3545 1443 3582 me
1465 3529 1652 3599 ipsum,
1687 3538 1732 3583 et
1765 3529 1846 3584 di-

238 3613 438 3680 stabui,
469 3625 517 3668 et
539 3616 796 3670 testimoni
821 3633 902 3670 me
941 3617 1110 3688 ipsum
1152 3629 1336 3672 terram
1363 3630 1410 3674 et
1461 3621 1674 3675 cinerem
1714 3621 1733 3692 (
1757 3622 1843 3676 Id.

241 3721 375 3769 aut,
400 3707 460 3773 5,
489 3707 570 3778 6).
600 3707 790 3776 Quare
815 3709 918 3763 sibi
947 3710 1020 3763 ita
1056 3710 1112 3766 in
1157 3711 1260 3766 hoc
1307 3722 1412 3768 tam
1451 3729 1641 3785 magno
1690 3715 1847 3770 intel-

239 3798 384 3854 lectu
398 3800 702 3872 diSplicuit?
722 3800 913 3872 Neque
929 3803 1074 3857 enim
1096 3818 1228 3874 opus
1250 3805 1360 3870 Dei,
1383 3821 1488 3875 quo
1509 3818 1623 3861 erat
1651 3808 1841 3878 homo,

238 3901 392 3948 recte
412 3893 486 3946 illi
506 3902 726 3964 poterat
743 3894 1056 3964 displicere;
1073 3911 1193 3950 cum
1221 3897 1380 3951 etiam
1426 3898 1524 3969 ipsi
1555 3899 1665 3955 Deo
1693 3901 1842 3956 dica-

239 3993 362 4048 tur,
407 3985 580 4054 Opera
625 4003 876 4040 manuum
924 3997 1128 4042 tuarum
1177 4006 1240 4044 ne
1295 3989 1582 4061 despexeris
1642 3991 1839 4062 (Psal.

237 4090 486 4140 csum,
528 4077 612 4146 8).
647 4077 755 4134 Sed
786 4077 1030 4149 profecto
1059 4080 1350 4137 secundum
1391 4083 1535 4138 illam
1577 4085 1840 4154 justitiam

234 4184 346 4238 qua
369 4181 672 4226 seuoverat
685 4171 890 4241 justum
907 4173 952 4239 ³,
976 4187 1037 4228 se
1050 4173 1366 4244 vituperavit
1389 4184 1549 4248 atque
1565 4178 1840 4249 distabuit,

236 4261 646 4334 aestimavitque
666 4279 729 4319 se
756 4273 960 4321 terram
993 4274 1046 4320 et
1073 4265 1308 4322 cinerem
1337 4283 1352 4334 ;
1401 4279 1581 4325 mente
1627 4271 1844 4342 conspi-

231 4355 396 4410 ciens
419 4353 620 4412 Christi
641 4357 932 4428 justitiam,
959 4359 1014 4414 in
1043 4359 1197 4430 cujus
1219 4375 1323 4415 non
1356 4368 1557 4416 tantum
1587 4363 1842 4418 divinita-

235 4450 442 4516 te,sed
467 4465 568 4506 nec
594 4450 649 4505 in
680 4452 862 4507 anima
885 4467 988 4507 nec
1037 4453 1091 4506 in
1119 4468 1281 4509 carne
1314 4455 1479 4509 ullum
1527 4457 1697 4524 potuit
1721 4472 1844 4512 esse

233 4551 525 4609 peccatum
547 4559 564 4594 :
591 4541 891 4598 secundum
918 4558 1078 4614 quam
1103 4543 1360 4612 justitiam
1383 4560 1500 4616 quae
1513 4560 1580 4602 ex
1609 4547 1718 4602 Deo
1739 4557 1838 4614 est,

233 4630 410 4685 etiam
443 4631 642 4687 Paulus
670 4635 947 4703 apostolus
987 4634 1116 4690 illud
1157 4651 1310 4692 suum
1357 4637 1502 4708 quod
1549 4640 1844 4696 secundum

234 4723 506 4791 iustitiam
529 4741 652 4796 qua:
672 4741 744 4781 ex
761 4726 879 4796 lege
904 4735 1008 4794 est,
1034 4725 1262 4784 fuitsine
1287 4729 1504 4800 querela
1521 4746 1626 4786 non
1644 4738 1838 4801 solum,

233 4814 469 4882 dautna,
508 4831 702 4872 verum
731 4819 891 4872 etiam
921 4829 1160 4875 stercora
1205 4819 1527 4877 existimavit
1561 4821 1838 4896 (Philipp.

231 4921 337 4970 ιιι.
371 4907 522 4978 6—8).

311 4999 549 5056 CAPUT
577 4998 695 5054 XII.
721 5029 796 5040 —
819 5001 906 5056 17.
939 4999 1107 5056 Nemo
1124 5003 1297 5074 justus
1343 5005 1398 5058 in
1446 5005 1694 5062 omnibus.
1725 5008 1842 5064 Non

228 5092 405 5162 igitur
426 5093 751 5163 praeclarum
794 5091 922 5148 illud
951 5094 1309 5152 testimonium
1355 5095 1450 5152 Dei
1479 5137 1492 5162 ,
1519 5113 1626 5169 quo
1652 5099 1838 5155 lauda-

232 5193 326 5238 tus
345 5195 438 5240 est
465 5184 594 5252 Job,
619 5185 946 5240 contrarium
972 5195 1056 5240 est
1083 5186 1130 5242 ei
1155 5187 1460 5244 testimonio
1491 5205 1598 5259 quo
1642 5191 1840 5248 dictum

231 5285 345 5340 est,
379 5275 514 5332 Non
537 5277 906 5350 iustificabitur
925 5278 981 5333 in
1001 5290 1269 5352 conspectu
1291 5291 1378 5336 tuo
1429 5284 1592 5337 omnis
1637 5284 1843 5341 vivens:

231 5369 368 5439 quia
396 5385 512 5426 non
534 5371 592 5427 id
620 5372 926 5444 persuadet,
952 5389 1170 5446 prorsus
1219 5377 1272 5432 in
1318 5377 1410 5433 illo
1456 5377 1592 5433 nihil
1640 5378 1838 5444 fuisse,

233 5463 390 5531 good
409 5464 500 5519 vel
525 5464 599 5519 ab
638 5465 758 5538 ipso
785 5467 1052 5524 veraciter
1071 5508 1088 5534 ,
1117 5467 1204 5524 vel
1220 5484 1250 5524 a
1274 5469 1500 5527 Domino
1543 5467 1654 5528 L‘eo
1700 5481 1844 5530 recte

235 5555 760 5626 reprehenderetur;
783 5560 1028 5630 quamvis
1037 5559 1146 5630 jam
1163 5561 1352 5631 justus,
1370 5572 1426 5618 et
1440 5578 1598 5619 verax
1618 5564 1713 5619 Dei
1727 5566 1841 5621 cul-

309 5724 328 5800 ἶ
688 5731 818 5800 ³1³⁸9
1191 5726 1399 5800 {em-

305 5783 330 5814 ³
359 5783 438 5832 Sic
461 5793 562 5833 Am.
581 5791 653 5834 Er.
674 5795 730 5836 et
744 5783 981 5854 plerique
1001 5783 1110 5841 iss.
1127 5794 1182 5838 At
1201 5783 1324 5848 Lov..
1349 5789 1599 5856 bducam.

304 5844 384 5912 1⁸)
404 5851 569 5908 Forte.
591 5859 724 5906 nan.
1394 5863 1398 5866 ·

1597 369 1800 427 LIBER
1837 371 2216 436 SECUNDUS.

1989 497 2092 558 tor,
2115 501 2169 548 et
2183 495 2249 550 ab
2269 498 2411 554 omni
2437 514 2598 572 opere
2612 505 2752 562 malo
2768 523 2826 565 se
2846 510 3137 581 abstinens,
3157 533 3265 577 non
3287 527 3556 584 mendaci-

1986 592 2066 640 ter
2082 587 2369 646 diceretur.
2393 595 2518 651 llaec
2539 600 2678 655 enim
2704 603 2771 659 de
2791 605 2880 660 illo
2901 607 3060 663 verba
3097 622 3218 667 sunt
3261 614 3356 670 Dei
3385 634 3398 670 :
3427 618 3555 675 Ani-

1983 693 2065 732 mo
2088 679 2344 737 advenisti
2373 685 2390 717 ¹
2417 685 2470 740 in
2491 705 2703 758 puerum
2731 711 2896 750 meum
2945 697 3044 754 Job
3067 701 3094 754 ?
3134 701 3254 759 Non
3302 708 3434 762 enim
3486 721 3558 766 est

1981 769 2058 826 illi
2079 773 2228 829 homo
2255 777 2435 834 similis
2457 797 2606 850 super
2631 794 2847 855 terram,
2876 792 2982 846 sine
3008 796 3226 866 querela,
3245 799 3436 868 justus,
3482 818 3559 858 ue-

1979 880 2068 920 rus
2098 865 2194 921 Dei
2219 867 2400 937 cultor,
2432 871 2684 930 abstinens
2709 895 2763 932 se
2787 880 2848 934 ab
2877 887 3014 938 omni
3041 903 3190 958 opere
3222 865 3355 946 malo
3410 865 3552 968 (Job

1983 969 2021 1018 ι,
2049 956 2128 1026 8).
2159 957 2352 1016 Primis
2368 963 2544 1019 verbis
2567 981 2632 1022 ex
2661 966 2934 1026 hominum
2988 956 3082 1046 qui
3121 990 3244 1036 sunt
3297 983 3352 1038 in
3408 956 3549 1043 terra

1978 1051 2376 1142 comparatione
2402 1053 2664 1112 laudatur.
2725 1059 2954 1118 Proinde
2995 1070 3240 1128 omnibus
3289 1075 3378 1143 qui
3427 1085 3553 1134 tunc

1979 1130 2032 1186 in
2063 1141 2200 1189 terra
2219 1134 2348 1206 justi
2374 1154 2493 1196 esse
2524 1151 2829 1213 potuerunt,
2887 1151 3203 1206 excellebat.
3259 1130 3375 1212 Non
3425 1130 3553 1232 ergo

1980 1222 2099 1294 ipse
2121 1239 2400 1298 propterea
2444 1234 2646 1290 nullum
2697 1250 2970 1307 peccatum
3017 1245 3234 1299 omnino
3277 1222 3516 1306 habebal
3533 1293 3550 1318 ,

1975 1318 2097 1388 quia
2131 1320 2181 1374 in
2205 1323 2440 1392 profectu
2457 1325 2677 1395 justitiae
2703 1339 2928 1388 crctcros
2946 1337 3201 1392 anteibat.
3233 1339 3433 1397 Deinde
3449 1344 3550 1398 ad-

1968 1406 2209 1482 iungitur
2230 1455 2244 1481 ,
2277 1415 2384 1470 sine
2406 1418 2610 1488 querela
2629 1462 2644 1486 ,
2677 1421 2745 1477 de
2770 1426 2922 1494 cujus
2944 1427 3048 1481 vita
3077 1445 3235 1484 nemo
3257 1434 3400 1501 juste
3426 1451 3550 1506 que-

1970 1513 2210 1558 teretur:
2231 1505 2422 1574 justus,
2455 1509 2543 1580 qui
2575 1520 2716 1567 tanta
2745 1529 2955 1572 morum
3004 1520 3266 1588 probitate
3311 1524 3550 1594 profece-

1969 1601 2072 1658 rat,
2097 1603 2154 1648 ut
2186 1598 2362 1652 nullus
2386 1600 2432 1653 ei
2466 1611 2609 1657 esset
2650 1607 2941 1675 aequandus
2967 1626 2984 1662 :
3016 1626 3160 1666 verus
3192 1611 3292 1666 Dei
3340 1618 3504 1671 cultor
3530 1658 3545 1685 ,

1967 1684 2162 1755 quippe
2195 1689 2355 1744 etiam
2383 1705 2598 1747 suorum
2652 1708 2988 1764 peccatorum
3027 1716 3186 1756 verax
3230 1684 3548 1778 humilisque

1967 1776 2242 1833 confessor
2270 1796 2284 1832 :
2310 1779 2565 1838 abstinens
2584 1800 2636 1838 se
2660 1785 2722 1838 ab
2761 1790 2898 1842 omni
2939 1806 3088 1860 opere
3129 1794 3264 1848 malo
3286 1836 3300 1860 ,
3352 1776 3547 1855 mirum

1965 1867 2009 1920 si
2024 1869 2091 1923 ab
2114 1871 2257 1926 omni
2279 1874 2439 1928 etiam
2467 1877 2630 1932 verbo
2656 1887 2711 1934 et
2735 1881 2968 1952 cogitatu
2987 1886 3146 1940 malo.
3175 1887 3414 1955 Quantus
3429 1893 3548 1962 qui-

1963 1961 2084 2020 dem
2105 1963 2204 2020 Job
2227 1965 2381 2022 fuerit
2408 1973 2712 2040 ignoramus
2745 1975 2876 2030 :sed
2909 1979 3372 2051 novimusjustum
3395 2026 3411 2051 ,
3443 1961 3543 2042 no-

1961 2057 2134 2112 vimus
2161 2060 2399 2116 etiamin
2435 2065 2766 2133 perferendis
2815 2068 3094 2126 horrendis
3148 2073 3543 2134 tribulationum

1963 2149 2342 2206 tentationibus
2364 2169 2633 2225 magnum;
2661 2159 2908 2214 novimus
2929 2177 3034 2218 non
3064 2175 3278 2234 propter
3303 2177 3538 2238 peccata,

1960 2239 2054 2294 sed
2082 2253 2298 2313 propter
2314 2244 2432 2314 ejus
2455 2245 2922 2304 demonstrandam
2945 2252 3202 2320 justitiam
3227 2255 3315 2310 illa
3357 2259 3537 2314 omnia

1959 2331 2124 2388 tuisse
2148 2349 2480 2404 perpessum.
2517 2338 2898 2412 Verumtamen
2925 2344 3039 2401 haec
3064 2348 3225 2404 verba
3274 2351 3467 2420 quibus
3509 2367 3542 2408 a

1960 2422 2184 2480 Domino
2202 2427 2464 2495 laudatur,
2493 2442 2708 2500 possent
2737 2435 2896 2490 etiam
2917 2435 2986 2491 de
3012 2437 3104 2492 illo
3130 2437 3255 2508 dici,
3285 2441 3376 2511 qui
3405 2457 3542 2498 con-

1958 2513 2256 2572 delectatur
2275 2519 2380 2590 legi
2410 2522 2500 2576 Dei
2527 2523 2819 2579 secundum
2868 2527 3175 2583 interiorem
3231 2531 3498 2589 hominem
3521 2575 3538 2602 ,

1955 2610 2100 2665 videt
2125 2621 2302 2668 autem
2329 2615 2486 2669 aliam
2514 2616 2686 2688 legem
2713 2617 2768 2673 in
2797 2619 3054 2676 membris
3078 2623 3188 2678 suis
3233 2641 3537 2698 repugnan-

1957 2709 2064 2758 tem
2092 2704 2193 2775 legi
2226 2707 2419 2761 mentis
2437 2724 2548 2763 suae
2568 2713 2895 2779 :prteserlim
2921 2713 3044 2783 quia
3071 2715 3219 2783 dicit,
3249 2715 3370 2772 Non
3403 2721 3540 2790 quod

1955 2795 2068 2850 volo
2095 2797 2228 2868 facio
2250 2796 2459 2866 bonum;
2488 2799 2577 2854 sed
2603 2800 2740 2871 quod
2785 2803 2870 2857 odi
2911 2803 3134 2872 malum,
3174 2807 3270 2862 hoc
3310 2825 3428 2879 ago.
3479 2810 3542 2867 Si

1955 2894 2122 2939 autem
2144 2887 2278 2956 quod
2298 2888 2383 2941 odi
2404 2890 2615 2958 malum,
2647 2891 2742 2946 hoc
2765 2893 2920 2964 facio,
2941 2895 3048 2964 iam
3078 2912 3177 2950 non
3221 2913 3312 2968 ego
3357 2916 3540 2969 operor

1953 2975 2103 3040 illud,
2131 2977 2220 3032 sed
2241 2979 2376 3049 quod
2397 2980 2586 3035 habitat
2629 2983 2683 3036 in
2721 2999 2800 3036 me
2835 2996 3110 3054 peccatum.
3163 2986 3303 3044 Ecce
3349 2998 3404 3044 et
3441 2989 3541 3046 iste

1954 3070 2575 3128 secunduminteriorem
2605 3073 2875 3130 hominem
2907 3077 3114 3133 alienus
3151 3089 3234 3134 est
3280 3080 3347 3136 ab
3393 3082 3540 3137 omni

1956 3175 2120 3231 opere
2137 3163 2300 3226 malo,
2320 3163 2444 3234 quia
2463 3165 2590 3218 illud
2618 3181 2726 3220 non
2753 3177 3008 3236 operatur
3036 3169 3170 3238 ipse,
3200 3169 3292 3225 sed
3317 3171 3458 3242 quod
3484 3172 3538 3226 in

1953 3268 2115 3320 carne
2139 3254 2257 3324 ejus
2289 3255 2492 3310 habitat
2518 3257 2714 3312 malum
2750 3268 2840 3314 :et
2867 3268 3043 3314 tamen
3065 3275 3185 3316 cum
3215 3262 3342 3317 illud
3363 3263 3535 3332 ipsum

1955 3344 2098 3414 quod
2122 3345 2524 3401 condclectatur
2553 3347 2656 3419 legi
2681 3349 2796 3412 Dei,
2828 3365 2933 3404 non
2963 3349 3285 3408 habeat'uisi
3314 3369 3378 3409 ex
3419 3370 3541 3425 gra-

1955 3435 2024 3490 tia
2053 3437 2166 3503 Dei,
2191 3437 2366 3494 adhuc
2391 3439 2726 3496 liberationis
2751 3441 2993 3513 indigens
3033 3445 3246 3512 clamat,
3268 3445 3426 3502 Miser
3444 3465 3534 3520 ego

1952 3527 2124 3591 homo,
2145 3529 2255 3599 quis
2285 3546 2362 3584 me
2390 3529 2616 3585 liberabit
2643 3531 2705 3586 de
2731 3548 2940 3603 corpore
2962 3535 3136 3590 mortis
3163 3536 3313 3606 hujus
3336 3538 3363 3593 2
3400 3536 3536 3593 Gra-

1952 3619 2023 3672 tia
2044 3617 2141 3673 Dei
2162 3637 2251 3687 per
2271 3619 2304 3675 J
2311 3637 2450 3676 esum
2467 3621 2726 3679 Christum
2761 3622 3036 3680 Dominum
3061 3635 3287 3682 nostrum
3337 3626 3358 3701 (
3380 3629 3533 3686 Rom.

1949 3725 2047 3778 vu,
2075 3711 2286 3782 15-25).

2019 3801 2248 3860 CAPUT
2274 3802 2413 3870 XIII,
2437 3833 2508 3845 —
2531 3805 2619 3860 18.
2651 3804 2886 3879 Perfecta
2922 3808 3129 3878 justitia
3166 3809 3390 3865 humana
3432 3813 3532 3866 im-

1951 3896 2173 3967 perfecta
2197 3907 2289 3950 est.
2321 3897 2456 3952 Sunt
2482 3912 2610 3968 ergo
2632 3898 2686 3952 in
2710 3908 2848 3954 terra
2871 3899 3020 3970 justi,
3054 3902 3393 3974 suntmagni,
3423 3903 3533 3959 for-

1951 3995 2056 4054 tes,
2087 3987 2400 4057 prudentes,
2427 3989 2782 4057 contiuentes,
2804 3991 3084 4060 patientes,
3111 3993 3200 4062 pii,
3227 3993 3532 4050 misericor-

1948 4077 2064 4146 des,
2086 4081 2397 4150 temporalia
2443 4081 2578 4136 mala
2609 4084 2787 4136 omnia
2827 4092 3043 4153 propter
3067 4085 3329 4154 justitiam
3376 4103 3533 4158 sequo

1949 4170 2128 4224 animo
2157 4171 2464 4226 tolerantes.
2515 4171 2620 4227 Sed
2649 4173 2694 4228 si
2728 4189 2911 4228 verum
2934 4183 3035 4240 est,
3064 4177 3172 4230 imo
3197 4178 3321 4248 quia
3347 4194 3531 4236 verum

1947 4269 2047 4323 est,
2073 4260 2136 4317 Si
2159 4261 2436 4317 dixerimus
2463 4265 2582 4334 quia
2604 4275 2864 4334 peccatum
2889 4283 2990 4320 non
3015 4267 3274 4335 habemus,
3322 4286 3413 4324 nos
3452 4271 3531 4341 ip.

1947 4371 2030 4409 sos
2052 4355 2329 4426 decipimus
2376 4356 2394 4427 (
2419 4355 2436 4409 l
2465 4355 2626 4413 Joan.
2657 4372 2694 4423 ι,
2726 4356 2826 4430 8);
2851 4367 2924 4424 et,
2959 4357 3080 4414 Non
3089 4360 3456 4430 justi/icabitur
3478 4363 3530 4416 in

1947 4456 2214 4517 conspectu
2238 4455 2325 4502 tuo
2351 4447 2516 4502 ontnis
2540 4448 2705 4503 vivens
2734 4447 2920 4520 (Psal.
2948 4465 3108 4518 exul,
3139 4451 3210 4522 2)
3235 4467 3248 4504 :
3278 4467 3382 4507 non
3408 4462 3531 4507 sunt

1948 4535 2065 4590 sine
2101 4543 2354 4605 peccato;
2383 4549 2482 4591 nec
2509 4537 2787 4608 quisquam
2832 4554 3015 4593 eorum
3072 4550 3178 4594 tam
3219 4551 3530 4612 arroganter

1949 4626 2162 4694 insanit,
2194 4636 2252 4683 ut
2277 4645 2382 4685 non
2408 4630 2510 4684 sibi
2553 4645 2650 4702 pro
2676 4631 2788 4686 suis
2823 4631 3298 4704 qualibuscumque
3339 4649 3530 4704 pecca-

1949 4719 2017 4774 tis
2042 4719 2308 4774 dominica
2333 4721 2575 4775 oratione
2605 4736 2738 4789 opus
2768 4735 2888 4776 esse
2913 4723 3221 4778 arbitretur.

2020 4809 2106 4866 l9.
2128 4809 2260 4865 Nam
2287 4809 2355 4865 de
2381 4810 2636 4866 Zacharia
2667 4820 2721 4867 et
2749 4812 3038 4880 Elisabeth,
3069 4815 3159 4884 qui
3207 4815 3360 4872 nobis
3387 4829 3530 4886 saepe

1948 4903 2002 4958 in
2032 4902 2192 4973 hujus
2217 4903 2528 4974 quaestionis
2557 4903 3002 4973 disputationibus
3029 4905 3372 4976 objiciuntur,
3403 4907 3529 4977 quid

1947 4997 2204 5062 dicamus,
2235 4996 2337 5051 nisi
2366 4995 2507 5066 quod
2539 4996 2818 5052 evidenter
2835 4997 3108 5069 Scriptura
3141 5007 3380 5064 testatur,
3399 5000 3532 5056 emi-

1946 5089 2090 5145 nenti
2114 5088 2318 5159 justitia
2341 5087 2504 5144 fuisse
2549 5088 2862 5144 Zachariam
2904 5091 2955 5144 in
2987 5091 3316 5163 principibus
3347 5106 3531 5147 sacer-

1945 5180 2127 5236 dotum
2148 5179 2214 5234 ad
2237 5179 2509 5236 otl'erenda
2541 5180 2746 5236 Veteris
2767 5175 3095 5237 Testamenti
3119 5183 3380 5241 sacriﬁcia
3412 5200 3534 5255 per-

1947 5271 2248 5328 tinentium.
2273 5271 2523 5342 Legimus
2563 5281 2742 5328 autem
2775 5273 2828 5328 in
2858 5273 3094 5344 Epistola
3145 5293 3264 5348 quae
3311 5277 3381 5332 ad
3425 5277 3528 5332 lle-

1948 5365 2120 5420 bra-os
2149 5365 2396 5420 scribitur
2417 5366 2460 5431 ⁸,
2486 5364 2628 5435 quod
2663 5367 3025 5423 testimonium
3079 5367 3134 5424 in
3183 5369 3324 5426 libro
3373 5384 3530 5438 supe-

1949 5457 2092 5512 riore
2111 5455 2221 5526 jam
2253 5456 2403 5526 posui
2428 5455 2648 5525 (Supra,
2682 5457 2770 5512 lib.
2805 5459 2855 5526 t,
2887 5476 2940 5514 η.
2983 5457 3093 5534 50),
3151 5461 3322 5515 solum
3371 5459 3530 5514 Chri-

1948 5558 2086 5604 stum
2117 5564 2236 5604 esse
2259 5547 2546 5618 principem
2579 5549 2916 5605 sacerdotum
2937 5591 2950 5616 ,
2999 5552 3089 5622 qui
3145 5565 3252 5606 non
3302 5549 3528 5608 haberet

1949 5640 2341 5704 necessitatem,
2373 5639 2508 5694 sicut
2531 5639 2604 5694 illi
2631 5641 2720 5710 qui
2743 5640 3080 5696 sacerdotum
3107 5641 3372 5713 principes
3391 5641 3528 5698 dice-

2012 5737 2046 5803 ι,
2065 5739 2117 5782 In
2137 5733 2299 5792 editis,
2321 5741 2406 5803 _.4n
2425 5743 2520 5782 non
2547 5730 2817 5803 .advefliilt'.
2853 5739 2910 5803 at
2947 5733 2997 5782 in
3019 5740 3144 5796 uss,
3166 5731 3336 5786 Animo
3351 5733 3527 5803 adsere

1950 5794 2237 5864 .Qrtece
2260 5791 2623 5864 est,_proseches
2654 5793 2700 5843 te
2720 5793 2914 5864 dignata
2931 5805 3036 5845 sou.

2019 5859 2042 5893 ⁸
2070 5859 2143 5912 sic
2161 5864 2268 5912 Mss.
2293 5854 2413 5930 aditi
2424 5868 2560 5922 vero,
