4074 6550
538 527 752 591 bantur,
783 515 1101 579 sacriﬁcium
1124 528 1226 585 pro
1250 511 1362 565 suis
1391 506 1618 578 primum
1665 497 1859 591 oﬁ‘erre
1883 488 2112 591 peccatis

540 582 796 691 quotidie,
818 610 1011 668 deinde
1035 582 1145 678 pro-
1159 601 1356 674 populi.
1386 597 1562 653 Talem
1590 593 1724 649 enim
1768 585 1971 642 decebat
1991 625 2007 651 ,
2036 582 2119 685 in—

485 717 488 737 ῖ
540 673 673 784 quit,
909 718 999 757 nos
1029 673 1307 770 principem
1344 689 1662 749 sacerdotum
1685 727 1700 753 ,
1733 683 1934 784 justum
1963 717 1980 745 ,
2013 673 2121 784 sine

542 764 757 868 malitia,
786 764 1257 857 incomminamnt,
1280 792 1571 857 separatum
1594 797 1628 833 α
1651 771 2015 851 peccatoribus,
2035 764 2117 820 al-

543 898 720 951 tiorem
741 866 775 945 a
793 888 930 944 coctis
956 890 1145 957 factum
1162 925 1177 952 ,
1208 896 1310 935 non
1336 877 1596 932 habentem
1643 866 1990 942 quotidianam
2032 872 2122 957 nc-

542 948 842 1049 cessitatem,
873 948 1003 1034 sicut
1032 948 1283 1047 principes
1310 967 1645 1028 sacerdotum,
1908 968 1998 1049 pro

544 1075 759 1150 peccatis
781 1041 1089 1141 sacriﬁcium
1107 1041 1290 1132 offerre
1318 1060 1504 1129 (Hebr.
1531 1072 1624 1121 vn,
1651 1052 1743 1117 26,
1771 1048 1889 1117 27).
1938 1045 1993 1100 in

545 1135 879 1225 sacerdotum
905 1135 1130 1219 numero
1148 1155 1432 1213 Zacharias
1452 1195 1467 1221 ,
1499 1153 1555 1205 in
1600 1150 1702 1203 hoc
1741 1144 1968 1199 Phinees
1997 1177 2013 1204 ,
2070 1135 2123 1188 in

548 1409 651 1514 quo
668 1409 1042 1513 visci-antiqui
1064 1442 1240 1489 tamen
1267 1428 1533 1483 habebam
1554 1420 1926 1478 necessitatem
1949 1409 2121 1468 sacri-

553 1502 729 1589 licium
754 1502 999 1602 primitus
1021 1539 1122 1597 pro
1143 1521 1254 1579 suis
1281 1519 1475 1575 offerre
1496 1512 1747 1586 peccatis,
1767 1507 1882 1564 solo
1903 1502 2124 1561 Christo

547 1598 829 1690 existente,
855 1622 1006 1692 cujus
1035 1615 1242 1673 venturi
1271 1613 1491 1684 ﬁguram
1523 1606 1823 1680 gestabant,
1845 1600 1936 1672 qui
1982 1598 2124 1652 hanc

551 1689 934 1776 necessitatem
972 1708 1220 1768 sacerdos
1281 1697 1764 1761 incontaminabilis
1813 1709 1922 1749 non
1967 1689 2130 1746 habe-

548 1821 649 1869 ret.

738 1898 877 1970 Quid
901 1904 1078 1951 autem
1103 1892 1173 1948 de
1198 1887 1457 1945 Zacharia
1483 1891 1537 1941 et
1556 1879 1826 1940 Elisabcth
1868 1871 2132 1970 laudabile
2157 1858 2170 1875 ’

551 1963 881 2056 dictumwest,
912 1986 1055 2060 quod
1072 1999 1178 2041 non
1203 1983 1259 2038 in
1284 1996 1349 2037 eo
1374 1972 1884 2048 comprehendatur,
1906 1965 2045 2038 quod
2066 1963 2133 2019 de

551 2104 612 2143 se
637 2084 941 2156 Apostolus,
965 2094 1085 2136 cum
1114 2078 1168 2132 in
1196 2074 1469 2131 Christum
1513 2068 1749 2125 nondum
1773 2059 2128 2156 credidisset,

552 2147 821 2250 [nofcssus
847 2172 950 2230 est?
979 2171 1119 2226 Dixit
1145 2168 1288 2224 enim
1315 2180 1372 2220 se
1397 2160 1670 2219 secundum!
1683 2154 1938 2230 justitiam
1955 2147 2133 2222 quain

553 2244 663 2342 lege
687 2278 780 2335 est,
805 2269 959 2339 fuisse
986 2267 1095 2319 sine
1118 2260 1324 2335 querela
1351 2273 1367 2311 ε
1396 2257 1497 2310 hoc
1522 2262 1576 2309 et
1595 2251 1661 2307 de
1689 2250 1795 2303 illis
1827 2247 1904 2301 ita
1925 2244 2130 2313 legitur,

554 2340 719 2420 Erant
745 2372 912 2417 autem
935 2358 1079 2412 ambo
1093 2355 1224 2429 justi
1241 2362 1358 2408 ante
1386 2350 1567 2414 Deum,
1600 2344 1884 2399 incedentes
1935 2340 1985 2392 in
2023 2350 2133 2389 oln-

553 2457 697 2512 nibus
720 2453 973 2509 mandatis
1000 2461 1044 2505 et
1059 2425 1509 2522 justiﬁcationibas
1537 2437 1745 2493 Domini
1787 2433 1894 2487 sine
1934 2425 2137 2500 querela

554 2549 703 2621 (Lac.
724 2564 765 2616 ι,
787 2546 866 2617 6).
894 2544 1028 2613 Quia
1041 2554 1169 2613 ergo
1195 2534 1447 2610 quidquid
1466 2532 1545 2588 eis
1574 2522 2000 2596 illeratjustitire,
2029 2533 2137 2574 non

558 2620 675 2699 erat
702 2639 768 2696 ad
785 2638 1031 2695 homines
1063 2633 1407 2696 simulatum,
1450 2625 1574 2681 ideo
1607 2623 1807 2679 dictum
1855 2624 1940 2673 est
1965 2658 1982 2684 ,
2025 2620 2140 2668 ante

558 2732 743 2788 Deum.
769 2728 923 2800 Quod
944 2734 1124 2783 autem
1148 2723 1215 2780 de
1240 2718 1498 2778 Zacharia
1516 2723 1573 2773 et
1615 2713 1733 2783 ejus
1759 2709 1987 2800 conjuge
2012 2704 2141 2800 scri-

557 2833 706 2897 ptum
723 2793 826 2889 est,
853 2822 908 2875 in
936 2816 1164 2874 omnibus
1192 2810 1442 2868 mandatis
1467 2818 1514 2863 et
1531 2796 1990 2879 justi/icationibus
2033 2793 2140 2897 Dp-

558 2886 685 2972 ἱπεηί
709 2931 728 2970 :
756 2886 968 2968 liocille
992 2906 1223 2965 breviter
1249 2903 1403 2969 dixit,
1429 2901 1485 2954 in
1511 2898 1636 2968 lege.
1686 2894 1803 2950 Non
1852 2891 1996 2948 enim
2036 2886 2141 2941 alia

559 3012 645 3068 lex
672 3007 770 3076 illi,
799 3005 902 3061 alia
930 3001 1046 3060 istis
1068 2999 1166 3056 fuit
1191 3004 1316 3053 ante
1332 2991 1714 3063 Evangelium;
1768 2985 1864 3042 scd
1908 2996 2012 3037 una
2057 2987 2141 3033 at—

562 3116 668 3177 que
696 3073 904 3167 eadem,
924 3109 1084 3167 quam
1103 3091 1330 3163 legimus
1362 3100 1458 3158 per
1483 3083 1706 3156 Moysen
1746 3078 1926 3134 datam
1974 3073 2143 3177 patri-

559 3165 662 3252 bus
688 3165 897 3257 eorum,
926 3165 1220 3246 secundum
1242 3195 1401 3253 quam
1428 3178 1589 3235 etiam
1633 3170 1884 3230 sacerdos
1910 3173 2028 3225 erat
2044 3165 2146 3220 Za-

563 3285 800 3354 charias,
821 3289 875 3338 et
895 3280 1011 3336 vice
1032 3291 1128 3334 sua
1157 3270 1511 3332 sacriﬁcabat.
1537 3268 1605 3323 Et
1620 3272 1799 3321 tamen
1823 3257 2142 3354 Apostolus,

563 3381 652 3453 qui
683 3347 846 3435 simili
868 3383 995 3431 tunc
1009 3368 1214 3445 justitia
1244 3362 1500 3440 praeditus
1527 3360 1647 3427 fuit,
1682 3355 1941 3453 sequitur,
1968 3357 2029 3407 et
2062 3347 2147 3404 di-

562 3443 679 3529 cit:
709 3469 835 3539 Quae
854 3464 978 3521 mihi
1015 3443 1163 3518 lucra
1198 3458 1405 3530 fuerunt
1433 3495 1449 3522 ,
1491 3454 1600 3509 hac
1642 3456 1847 3522 propter
1891 3443 2148 3539 Christum

563 3532 753 3620 damna
781 3575 888 3616 esse
914 3554 1040 3612 duxi
1064 3566 1084 3609 τ
1108 3559 1448 3608 uerumtamen
1496 3552 1541 3601 et
1584 3541 1801 3598 arbitror
1842 3536 2012 3593 omnia
2051 3532 2148 3587 da-

564 3672 740 3712 mnum
767 3666 874 3708 esse
895 3656 1101 3721 propter
1124 3643 1420 3699 eminentem
1454 3636 1712 3693 scientiam
1750 3627 1958 3686 Domini
1994 3622 2150 3681 nostri

565 3748 691 3803 Jcsu
714 3718 918 3809 Christi,
942 3718 1148 3813 propter
1165 3750 1313 3806 quem
1332 3730 1501 3785 omnia
1527 3742 1630 3782 non
1658 3724 1823 3781 solum
1855 3718 2152 3775 detrimenta

567 3836 778 3901 credidi,
809 3807 980 3890 verum
999 3807 1150 3885 etiam
1167 3835 1391 3883 stercora
1409 3818 1691 3878 existimavi
1716 3830 1821 3871 esse
1842 3855 1857 3880 ,
1897 3819 1954 3867 ut
2002 3807 2154 3865 Chri-

567 3942 700 3989 stum
728 3924 1063 3999 lucrifaciam,
1093 3928 1142 3976 et
1165 3918 1392 3975 inveniar
1412 3913 1570 3970 inillo
1605 3926 1708 3967 non
1754 3907 1944 3962 habens
1988 3914 2153 3957 meam

571 4024 815 4089 iustitiam
839 3994 1159 4089 quaexlege
1176 4020 1269 4077 est,
1299 4008 1388 4065 sed
1438 4021 1551 4062 eam
1593 4017 1709 4076 qute
1752 4008 1825 4056 est
1871 4013 1963 4071 per
2001 3994 2154 4066 ﬁdem

570 4116 778 4181 Christi,
801 4126 914 4185 qua:
932 4117 1004 4165 est
1031 4123 1094 4162 ea:
1118 4104 1248 4172 Deo,
1268 4101 1524 4175 justitiam
1564 4098 1619 4153 in
1658 4096 1760 4167 ﬁde
1788 4134 1805 4164 ,
1853 4092 1920 4147 ad
1968 4105 2154 4161 cogno-

569 4209 810 4269 scendum
834 4221 948 4263 eum
969 4212 1015 4259 et
1038 4201 1270 4257 virtutem
1290 4191 1666 4251 resurrectionis
1693 4190 1801 4260 ejus
1836 4194 1882 4241 et
1922 4198 2152 4239 commu-

569 4304 867 4362 nicationem
888 4294 1135 4373 passionis
1158 4293 1288 4362 ejus,
1307 4289 1649 4360 conformatus
1695 4280 1848 4335 morti
1886 4276 2050 4349 ipsius
2074 4317 2090 4343 ,
2111 4278 2155 4332 si

571 4412 669 4470 quo
716 4392 867 4448 modo
914 4399 1176 4445 occurram
1212 4383 1267 4436 in
1334 4376 1747 4434 resurrectionem
1815 4379 2151 4425 mortuorum.

570 4452 801 4539 'i‘antum
827 4486 955 4547 ergo
982 4472 1140 4542 longe
1164 4472 1266 4534 est,
1286 4472 1345 4520 ut
1368 4470 1587 4534 prapter
1624 4458 1714 4513 illa
1740 4455 1903 4512 verba
1944 4452 2152 4509 Zacha-

570 4576 708 4634 riam
733 4583 789 4629 et
816 4545 1090 4627 Elisabeth
1110 4561 1392 4620 credamus
1417 4556 1535 4614 sine
1561 4551 1671 4610 ullo
1709 4557 1933 4623 peccato
1978 4545 2157 4619 perfe-

572 4676 713 4725 ctam
747 4662 1001 4721 habuisse
1040 4654 1334 4732 justitiam,
1385 4658 1444 4706 ut
1486 4662 1589 4705 nec
1627 4647 1801 4718 ipsum
1845 4640 2157 4732 Apostolum

573 4758 814 4833 ejusdem
841 4729 1053 4823 regulae-
1069 4745 1375 4816 summitate
1403 4741 1724 4797 arbitremur
1766 4734 1933 4792 fuisse
1981 4729 2159 4804 perfe-

573 4824 741 4918 ctum,
760 4862 867 4904 non
883 4844 1059 4901 solum
1088 4841 1143 4895 in
1165 4838 1253 4894 illa
1276 4836 1411 4907 legis
1431 4830 1635 4904 iustitia
1660 4871 1675 4897 ,
1719 4843 1880 4900 quam
1930 4824 2158 4881 similem

574 4944 692 5001 istis
716 4915 918 5004 habuit,
943 4947 1101 5008 quam
1129 4932 1269 4987 inter
1285 4927 1479 4985 damna
1502 4932 1558 4979 et
1586 4930 1824 4978 stercora
1854 4918 2073 4987 deputat
2103 4915 2157 4970 in

575 5006 978 5110 comparatione
1002 5019 1440 5083 eminentissima:
1472 5013 1693 5088 justitim
1721 5055 1737 5085 ,
1782 5025 1902 5083 quae
1949 5009 2004 5065 in
2053 5006 2158 5063 ﬁde

577 5100 775 5185 Christi
804 5130 887 5184 est
904 5137 921 5189 ;
941 5130 1132 5176 verum
1155 5113 1314 5171 etiam
1344 5109 1399 5166 in
1440 5110 1556 5182 ipso
1584 5118 1795 5179 quoque
1824 5100 2115 5173 Evangelia
2139 5142 2155 5169 ,

577 5222 666 5280 ubi
687 5227 743 5276 et
766 5215 897 5272 tanti
920 5209 1261 5285 Apostolatus
1284 5203 1479 5262 meruit
1500 5198 1850 5274 principatum
1881 5212 1895 5249 :
1925 5193 2063 5267 quod
2080 5192 2162 5249 di-

579 5330 702 5372 cere
728 5325 833 5366 non
862 5305 1138 5371 auderem,
1166 5300 1267 5356 nisi
1292 5298 1342 5355 ei
1371 5310 1477 5352 non
1529 5291 1749 5350 credere
1799 5288 1949 5347 nefas
2000 5287 2162 5344 duce-

577 5423 714 5465 rem.
747 5399 847 5461 Ubi
875 5399 1037 5455 etiam
1057 5392 1315 5465 sequitur,
1346 5398 1399 5446 et
1418 5384 1699 5458 adjungit:
1731 5382 1848 5439 Non
1896 5381 2015 5454 quia
2044 5383 2162 5452 jam

580 5495 892 5568 acceperim,
934 5497 1021 5546 aut
1038 5491 1150 5559 jam
1180 5488 1429 5556 perfectus
1478 5480 1605 5543 sim;
1651 5491 1831 5547 sequor
1870 5486 2068 5530 autem,
2118 5472 2163 5525 si

584 5565 1005 5661 comprehendam
1031 5580 1073 5649 ⁸,
1094 5579 1147 5632 in
1170 5592 1269 5648 quo
1301 5583 1348 5629 et
1373 5572 1718 5645 apprehensus
1738 5585 1852 5625 sum
1879 5567 1933 5622 in
1959 5565 2159 5623 Christo

645 5746 665 5776 ι
682 5749 731 5792 ιη
756 5741 919 5801 editis.
940 5735 987 5791 εδ
1005 5747 1101 5802 quo
1116 5732 1262 5802 modo
1278 5730 1693 5802 ρωηρτειιςηψ·
1709 5729 1872 5802 Aie!“
1894 5724 2163 5802 WW9,

583 5818 611 5854 a
636 5787 1004 5864 mussante,
1019 5787 1193 5864 usque
1215 5798 1266 5845 in
1299 5787 1457 5864 latinis
1474 5787 2028 5864 ηίίιιιίδςοὼθίριιέίωε
2051 5787 2162 5841 Vni.

583 5876 709 5937 gata:
727 5857 961 5918 versiohis
974 5857 1236 5928 reperitur,
1256 5869 1420 5922 natiue
1443 5859 1491 5907 in
1507 5857 1692 5919 graecis.

1175 400 1264 456 DE
1302 385 1757 456 PECCATORUM
1794 374 2081 453 MERITISI
2107 372 2196 430 ET
2234 371 2658 440 REMiSSlONE,
2698 373 2757 431 S.
2798 370 3163 430 AUGUSTINI

3701 364 3816 423 CM

2223 485 2369 542 Iesu.
2394 485 2620 553 Fratres,
2643 504 2735 559 ego
2755 503 2834 541 me
2852 489 3018 557 ipsum
3037 503 3138 541 non
3166 484 3387 540 arbitror
3432 484 3818 555 apprehendis-

2223 598 2276 637 se
2296 597 2314 636 :
2334 598 2489 635 unum
2513 591 2698 646 autem,
2723 597 2835 651 qua:
2854 589 2986 635 retro
3013 577 3216 646 oblitus,
3240 579 3294 633 in
3318 593 3376 632 ea
3401 593 3516 650 ques
3532 587 3650 632 ante
3680 583 3810 632 sunt

2225 681 2468 740 extentus,
2500 673 2771 727 secundum
2795 672 3122 725 intentionem
3146 684 3344 741 sequor,
3371 668 3440 722 ad
3469 669 3693 740 palmam
3728 684 3819 722 suo

2225 782 2395 837 perna
2419 766 2690 820 vocationis
2708 763 2827 833 Dei,
2851 766 2904 819 in
2927 763 3128 819 Christo
3154 763 3298 818 Iesu.
3329 763 3444 833 ipse
3473 777 3532 817 se
3577 762 3815 817 conﬁtc-

2225 866 2313 913 tur
2337 856 2575 913 nondum
2603 857 2889 926 accepisse,
2944 855 3182 911 nendum
3235 869 3355 911 esse
3393 852 3692 926 perfectum
3745 866 3815 907 ca

2228 950 2554 1021 plenitudine
2577 949 2817 1019 justitise,
2839 963 2999 1019 quam
3026 946 3245 1017 adipisci
3265 945 3447 1001 dilexit
3474 946 3525 999 in
3555 943 3817 1011 Christo;

2228 1042 2324 1099 sed
2339 1042 2513 1097 adhuc
2538 1040 2827 1096 secundum
2852 1039 3200 1097 intentionem
3223 1037 3408 1108 sequi,
3457 1043 3513 1091 et
3540 1035 3817 1106 prmterita

2230 1135 2630 1190 obliviscentem
2660 1134 2713 1187 in
2729 1148 2792 1188 ca
2824 1147 2948 1202 qua:
2978 1140 3102 1186 ante
3153 1138 3277 1184 sunt
3323 1127 3537 1184 extendi
3571 1146 3584 1180 :
3624 1135 3685 1181 ut
3714 1139 3824 1182 no-

2231 1228 2463 1281 verimus
2487 1225 2645 1279 etiam
2675 1223 2741 1277 ad
2764 1223 2935 1293 ipsum
2966 1222 3237 1292 pertinere
3258 1220 3385 1275 illud
3427 1216 3569 1288 quod
3618 1216 3716 1283 ait,
3744 1211 3826 1272 Et

2229 1321 2273 1374 si
2300 1321 2515 1375 exterior
2541 1318 2690 1372 homo
2720 1325 2886 1372 noster
2910 1316 3272 1386 corrumpitur,
3295 1313 3383 1368 sed
3427 1312 3634 1367 interior
3662 1326 3825 1364 reno-

2229 1422 2377 1468 vatur
2396 1411 2458 1466 de
2476 1413 2555 1466 die
2574 1411 2627 1465 in
2651 1410 2783 1465 diem
2810 1408 2892 1483 (ll
2916 1409 3032 1464 Cor.
3063 1423 3136 1475 tv,
3163 1407 3252 1477 16)
3282 1423 3296 1459 :
3327 1405 3571 1477 quamvis
3586 1403 3699 1474 jam
3730 1417 3826 1457 es—

2231 1515 2316 1563 set
2340 1506 2601 1577 periectus
2614 1504 2808 1569 viator,
2838 1502 2944 1575 etsi
2972 1500 3206 1555 nondum
3241 1507 3360 1553 erat
3394 1496 3559 1567 ipsius
3603 1494 3827 1550 itineris

2233 1597 2560 1669 perfectione
2577 1603 2880 1666 perventur.
2900 1591 3140 1663 Denique
3180 1589 3316 1646 tales
3361 1589 3476 1643 vult
3527 1601 3713 1643 sectim
3766 1586 3827 1641 in

2234 1691 2337 1747 isto
2364 1704 2521 1745 cursu
2548 1687 2771 1744 comites
2791 1699 3001 1757 rapere,
3037 1682 3230 1755 quibus
3251 1679 3504 1736 continuo
3542 1676 3828 1749 subiungit

2233 1790 2287 1838 et
2309 1782 2474 1839 dicit:
2509 1781 2762 1850 Quotquot
2781 1793 2901 1848 ergo
2924 1775 3175 1846 perfecti,
3224 1772 3320 1826 hoc
3345 1771 3644 1841 sapiamus;
3688 1778 3741 1823 et
3782 1768 3829 1824 si

2234 1875 2359 1946 quid
2381 1874 2528 1928 aliter
2552 1871 2749 1944 sapitis,
2780 1870 2874 1946 hoc
2915 1884 3112 1940 quoque
3146 1866 3287 1922 Deus
3312 1864 3450 1921 vobis
3496 1863 3735 1919 reuelabit
3760 1863 3785 1896 ⁸
3810 1879 3829 1917 :

2235 1944 2576 2023 uerumtamen
2609 2006 2625 2031 ,
2651 1966 2703 2019 in
2722 1944 2856 2035 quod
2905 1960 3217 2035 pervenimus
3243 1999 3261 2028 ,
3297 1958 3354 2013 in
3394 1973 3453 2013 eo
3503 1956 3831 2012 ambulemus

2239 2063 2508 2138 (Philipp.
2546 2075 2637 2127 ni,
2667 2057 2857 2131 5-16).
2895 2055 3199 2111 Ambulatio
3253 2052 3374 2121 ista,
3425 2066 3531 2106 non
3578 2049 3836 2120 corporis

2240 2157 2483 2229 pedibus,
2507 2154 2601 2209 sed
2628 2153 2821 2208 mentis
2842 2149 3119 2206 aﬁ‘ectibus
3138 2154 3192 2202 et
3211 2147 3335 2201 vitae
3388 2143 3629 2200 moribus
3675 2141 3832 2213 geri-

2240 2258 2347 2315 tur,
2376 2256 2435 2302 ut
2463 2246 2669 2317 possint
2691 2256 2811 2299 esse
2833 2241 3052 2313 perfecti
3077 2238 3299 2310 justitise
3331 2249 3696 2308 possessores,
3730 2232 3832 2304 qui

2240 2351 2389 2398 recto
2417 2341 2608 2395 itinere
2633 2337 2791 2393 ﬁdei'
2818 2335 2885 2391 de
2910 2334 2996 2390 die
3026 2334 3077 2387 in
3114 2332 3252 2387 diem
3282 2330 3334 2385 in
3357 2344 3452 2385 sua
3477 2326 3839 2384 renovatione

2240 2433 2598 2505 proﬁcientes,
2617 2430 2730 2501 jam
2749 2426 2972 2500 perfecti
2998 2423 3125 2480 facti
3151 2431 3277 2479 sunt
3324 2420 3563 2493 ejusdem
3601 2417 3837 2490 iustitia:

2242 2526 2496 2582 viatores.

2311 2614 2538 2675 CAPUT
2553 2611 2845 2671 XlV.——2!
2859 2653 2872 2669 .
2889 2611 2979 2667 Sic
2998 2611 3176 2681 itaque
3201 2621 3407 2675 omnes,
3429 2605 3753 2677 quicumque
3774 2604 3838 2658 in

2244 2710 2345 2765 hac
2367 2710 2473 2763 vita
2501 2706 2801 2763 divinarum
2827 2703 3220 2773 Scripturarum
3254 2698 3575 2756 testimoniis
3600 2696 3655 2752 in
3686 2695 3839 2751 bona

2243 2802 2519 2859 voluntate
2543 2808 2701 2870 atque
2727 2797 2933 2853 actibus
2953 2795 3171 2867 iustitiae
3190 2792 3461 2865 praedicati
3486 2798 3629 2855 sunt,
3643 2798 3701 2845 et
3717 2790 3844 2859 qui-

2245 2910 2474 2967 cumque
2493 2895 2625 2950 tales
2641 2893 2725 2947 vel
2742 2899 2864 2963 post
2877 2905 2971 2946 eos
2986 2889 3219 2955 fuerunt,
3235 2885 3478 2958 quamvis
3500 2898 3606 2939 non
3623 2882 3841 2940 eisdem

2248 2988 2566 3046 testimoniis
2602 2984 2872 3058 praedicati
2911 2992 3069 3054 atque
3113 2979 3340 3047 laudati,
3380 2978 3467 3034 vel
3494 2990 3634 3032 nunc
3660 2990 3844 3048 usque

2248 3083 2405 3139 etiam
2429 3087 2573 3147 sunt,
2596 3078 2683 3133 vel
2703 3085 2886 3148 postea
2905 3088 3119 3146 quoque
3144 3070 3304 3127 futuri
3328 3079 3453 3126 sunt
3472 3085 3495 3137 ς-
3513 3082 3701 3124 omnes
3722 3082 3849 3121 ma-

2247 3176 2358 3248 gni,
2384 3187 2571 3231 omnes
2590 3169 2740 3241 justi,
2768 3181 2957 3224 omnes
2974 3165 3237 3222 veraciter
3256 3159 3548 3217 laudabiles
3566 3167 3713 3225 sunt,
3736 3155 3847 3214 sed

2250 3267 2367 3324 sine
2390 3271 2606 3337 peccato
2624 3261 2803 3331 aliquo
2825 3272 2934 3314 non
2964 3265 3089 3314 sunt
3114 3271 3130 3310 :
3160 3254 3410 3326 quoniam
3435 3249 3841 3321 Scripturarum

2252 3358 2590 3423 testimoniis,
2642 3354 2833 3426 quibus
2878 3350 2947 3406 de
2992 3348 3207 3404 illorum
3257 3344 3501 3401 laudibus
3542 3340 3844 3404 credimus,

2252 3453 2356 3509 hoc
2380 3451 2539 3508 etiam
2566 3447 2856 3511 credimus,
2888 3458 2994 3499 non
3025 3439 3306 3514 iustiﬁcari
3329 3438 3384 3493 in
3410 3442 3699 3507 conspectu
3730 3432 3839 3489 Dei

2253 3558 2466 3600 omnem
2493 3540 2758 3596 viventem
2787 3555 2801 3604 ;
2832 3535 2953 3592 ideo
2975 3533 3171 3605 rogari,
3201 3545 3270 3586 ne
3306 3530 3471 3586 intret
3494 3527 3548 3585 in
3575 3526 3846 3598 judicium

2252 3651 2376 3693 cum
2406 3634 2575 3690 servis
2602 3632 2749 3697 suis;
2778 3639 2832 3686 et
2849 3643 2955 3684 non
2971 3633 3174 3682 tantum
3193 3621 3565 3679 universallter
3588 3619 3850 3677 ﬁdelibus

2255 3728 2523 3794 omnibus,
2547 3739 2736 3783 verum
2765 3723 2923 3779 etiam
2940 3718 3164 3792 singulis
3193 3731 3315 3773 esse
3335 3717 3629 3771 orationem
3650 3713 3843 3769 domi-

2255 3822 2432 3879 nicam
2450 3817 2824 3879 necessariam,
2843 3827 3003 3886 quam
3030 3809 3247 3867 tradidit
3271 3807 3547 3879 discipulis
3571 3806 3703 3862 suis.

2325 3911 2552 3970 CAPUT
2574 3906 2876 3967 XV.——22.
2898 3903 3124 3976 Objectio
3147 3901 3562 3973 Pelagianorum.
3585 3897 3857 3971 Perfectio

2256 4005 2535 4064 secundum
2575 4001 2834 4075 quiddam.
2880 3996 3146 4068 Perfectus
3172 3996 3226 4049 in
3244 3993 3449 4066 justitia
3476 4000 3606 4047 recte
3631 3991 3851 4059 dicitur,

2257 4103 2343 4174 qui
2369 4100 2586 4155 multum
2631 4097 2684 4151 in
2723 4111 2783 4152 ea
2811 4093 3041 4166 profecit.
3068 4121 3140 4134 —
3167 4091 3233 4147 At
3278 4089 3412 4145 enim
3462 4086 3709 4141 Dominus
3748 4085 3855 4152 ait,

2264 4211 2285 4246 ς
2311 4192 2486 4247 Estote
2511 4190 2736 4262 perfecti,
2762 4188 2889 4244 sicut
2913 4196 2961 4242 et
2991 4184 3148 4240 Pater
3170 4190 3331 4238 vester
3355 4179 3564 4236 ctelestis
3594 4179 3860 4249 perfectus

2260 4296 2331 4342 est
2357 4302 2377 4338 ι
2409 4283 2622 4357 (Matth.
2642 4298 2697 4349 v,
2727 4281 2854 4353 48);
2887 4279 3022 4351 quod
3045 4294 3147 4333 non
3172 4274 3480 4349 praciperet,
3508 4271 3774 4342 inquiunt,
3805 4269 3860 4323 si

2259 4380 2407 4436 sciret
2430 4376 2543 4447 ﬁeri
2566 4391 2666 4431 non
2688 4389 2837 4446 posse
2858 4371 2992 4443 quod
3013 4369 3260 4443 prtecipit.
3288 4366 3401 4422 Non
3426 4378 3568 4420 nunc
3585 4361 3860 4433 quaeritur

2259 4480 2439 4529 utrum
2461 4468 2577 4524 ﬁeri
2602 4467 2793 4539 possit,
2815 4465 2861 4521 si
2885 4466 3040 4519 istam
3067 4459 3447 4534 perfectionem
3474 4455 3541 4511 ad
3570 4455 3673 4509 hoc
3697 4453 3859 4509 acci-

2260 4565 2430 4636 piunt,
2463 4570 2521 4616 ut
2546 4561 2662 4616 sine
2691 4558 2801 4614 ullo
2827 4557 2896 4611 sit
2919 4556 3142 4626 quisque
3162 4558 3400 4624 peccato,
3428 4563 3550 4605 cum
3570 4546 3709 4602 hanc
3738 4546 3861 4615 agit

2260 4656 2425 4711 vitam
2445 4671 2460 4721 ;
2478 4653 2589 4725 jam
2607 4651 2750 4708 enim
2776 4661 2935 4721 supra
2962 4643 3356 4716 respondimus,
3380 4654 3541 4713 posse
3565 4637 3678 4694 ﬁeri
3705 4654 3721 4692 :
3752 4638 3862 4692 sed

2256 4758 2439 4807 utrum
2465 4747 2656 4819 aliquis
2698 4743 2876 4809 faciat,
2920 4740 3023 4796 hoc
3061 4753 3204 4794 nunc
3229 4735 3538 4809 quaerimus.
3563 4732 3859 4789 Neminem

2263 4852 2441 4900 autem
2460 4855 2579 4897 esse
2598 4836 2689 4909 qui
2714 4842 2915 4892 tantum
2943 4830 3090 4895 velit,
3120 4837 3375 4901 quantum
3396 4841 3483 4882 res
3507 4825 3689 4895 exigit,
3720 4834 3864 4879 ante

2264 4935 2643 5011 praecognitum
2658 4940 2760 4995 est,
2778 4924 3344 4996 sicutScripturarum,
3365 4936 3486 4994 qua:
3512 4934 3671 4992 supra
3698 4934 3861 4976 com-

2263 5025 2577 5093 memoravi,
2624 5020 2925 5079 testimonia
2946 5026 3091 5076 tanta
3116 5016 3405 5074 declarant.
3430 5015 3496 5071 Et
3515 5022 3690 5069 tamen
3722 5028 3859 5067 cum

2264 5120 2459 5178 dicitur
2481 5117 2735 5189 cujusque
2766 5111 3041 5183 perfectio,
3088 5125 3191 5181 qua
3243 5109 3295 5163 in
3331 5123 3392 5163 re
3415 5106 3624 5163 dicatur
3650 5104 3859 5160 viden~

2265 5214 2393 5271 dum
2418 5220 2520 5269 est.
2550 5208 2683 5265 Nam
2714 5221 2779 5263 ex
2829 5204 3083 5275 Apostolo
3114 5199 3473 5258 testimonium
3518 5198 3679 5268 paulo
3718 5205 3857 5250 ante

2266 5305 2440 5379 posui,
2467 5301 2557 5360 ubi
2574 5317 2632 5358 se
2658 5301 2850 5355 fatetur
2876 5297 2930 5352 in
2956 5294 3266 5365 acceptione
3276 5291 3496 5364 iustitia:
3515 5304 3673 5361 quam
3703 5287 3858 5343 desi-

2264 5398 2437 5464 derat,
2466 5393 2701 5452 nendum
2730 5405 2849 5447 esse
2890 5387 3177 5461 perfectum
3207 5403 3224 5453 ;
3257 5392 3312 5441 ct
3360 5392 3534 5438 tamen
3587 5381 3853 5437 continuo

2268 5489 2416 5557 diclt,
2469 5490 2725 5556 Quotquot
2774 5499 2892 5554 ergo
2940 5481 3165 5553 perfecti,
3214 5478 3307 5532 hoc
3354 5475 3663 5545 sapiamus:
3700 5473 3849 5543 quod

2270 5592 2550 5652 utrumque
2577 5593 2684 5633 non
2715 5576 2934 5643 diceret,
2965 5574 3069 5629 nisi
3093 5573 3150 5629 in
3176 5571 3281 5627 alia
3306 5566 3649 5641 reperiemus
3676 5573 3845 5629 esset,

2335 5781 2349 5809 ¹
2387 5787 2436 5828 in
2460 5784 2585 5837 Mss,
2611 5771 2848 5824 teletam.

2334 5843 2355 5873 ²
2389 5822 2826 5903 {pumilione—them
2849 5834 2910 5885 ab
2926 5831 3148 5883 omnibus
3167 5827 3415 5881 Gallicanis
