4074 6542
563 359 666 420 167

563 490 723 550 quem
754 471 922 544 diligit
947 468 1185 538 corripit,
1209 475 1263 522 et
1292 463 1522 534 ﬂagellat
1549 473 1760 514 omnem
1794 455 1958 508 ﬁlium
1988 465 2148 522 quem

567 547 755 637 recipit
785 564 973 639 (Prov.
1003 577 1057 616 nt
1079 601 1092 622 ,
1127 558 1192 612 l2
1215 599 1228 621 ,
1254 567 1299 609 et
1320 553 1476 608 Hebr.
1511 569 1582 606 xu
1606 592 1621 616 ,
1650 549 1738 619 6).
1771 547 1923 602 Nulla
1973 553 2150 595 autem

569 635 838 721 vindicta,
870 655 1012 710 nulla
1042 650 1308 719 correptio
1331 689 1345 712 ,
1389 646 1586 701 nullum
1630 643 1721 696 Dei
1749 639 2015 710 flagellum
2053 635 2150 690 de-

570 753 725 808 betur
763 749 862 804 nisi
901 753 1116 816 peucato
1140 784 1154 806 ,
1185 749 1410 810 excepto
1441 738 1533 793 illo
1559 736 1648 806 qui
1678 737 1729 788 in
1761 731 1966 801 ﬂagella
1999 743 2152 798 para-
2181 745 2184 749 ·

571 853 655 899 tns
676 850 774 906 est,
809 847 862 892 ut
884 835 1216 906 experiretur
1236 831 1412 885 omnia
1437 826 1729 884 secundum
1753 820 2152 876 similitudinem

570 939 684 993 sine
709 941 957 1004 peccato,
981 939 1036 984 ut
1059 935 1203 984 esset
1231 933 1446 982 sanctus
1478 930 1778 976 sanctorum
1801 914 2052 970 sacerdos
2075 912 2156 965 in-

574 1027 860 1096 terpellans
904 1022 1062 1078 etiam
1109 1035 1205 1090 pro
1253 1016 1482 1078 sanctis,
1537 1012 1625 1083 qui
1681 1027 1786 1064 non
1831 1004 2156 1062 mendaciter

571 1119 728 1175 etiam
760 1117 828 1172 de
856 1131 914 1170 se
940 1113 1164 1184 quisque
1205 1110 1387 1164 dicunt
1407 1149 1420 1174 ,
1454 1105 1660 1159 Dimitte
1697 1101 1840 1155 nobis
1865 1097 2030 1152 debita
2066 1111 2158 1148 no-

571 1222 697 1278 stra,
724 1211 852 1264 sicut
880 1217 925 1261 et
952 1223 1044 1260 nos
1073 1203 1370 1257 dimittimus
1399 1196 1702 1252 debitoribus
1739 1195 1918 1248 nostris
1945 1187 2153 1262 (Matth.

570 1301 772 1376 v1.12).
792 1299 946 1357 Unde
965 1307 1018 1353 et
1039 1297 1136 1367 ipsi
1155 1295 1243 1364 qui
1270 1301 1454 1348 contra
1474 1289 1588 1343 [nec
1605 1287 1892 1356 disputant,
1916 1297 2035 1336 cum
2054 1279 2160 1332 sint

573 1405 716 1452 casta
733 1371 862 1460 vita,
889 1389 1231 1457 moribusque
1259 1381 1568 1444 laudabiles,
1587 1395 1684 1432 nec
1705 1376 1943 1430 dubitent
1961 1371 2156 1436 facere,

573 1488 715 1560 quod
763 1485 837 1540 illi
876 1481 1024 1539 diviti
1055 1494 1150 1554 pro
1189 1473 1560 1544 consequenda
1593 1471 1697 1524 vita
1743 1477 1939 1523 reterna
1978 1463 2159 1520 Ct'lllSi-

575 1580 704 1636 lium
747 1572 1074 1646 requirenti,
1108 1586 1226 1626 cum
1259 1584 1317 1624 se
1354 1563 1718 1635 respondisset
1743 1561 1848 1630 jam
1882 1557 2057 1612 omnia
2084 1555 2160 1608 Ie.-

575 1673 654 1743 gis
680 1667 981 1738 implevisse
1011 1662 1276 1723 mandata,
1311 1657 1566 1730 praecepit
1594 1653 1850 1708 Dominus
1877 1692 1892 1716 ,
1926 1648 1972 1703 si
2001 1647 2160 1702 vellet

577 1742 696 1820 esse
723 1760 1006 1834 perfectus,
1040 1757 1294 1826 venderet
1318 1751 1496 1807 omnia
1526 1765 1644 1820 qua:
1659 1745 1900 1829 habebat
1927 1754 1981 1798 et
2014 1742 2164 1796 daret

579 1821 898 1926 pauperibus
923 1894 938 1918 ,
969 1821 1380 1915 thesaurumque
1408 1821 1719 1898 transferret
1745 1838 1796 1892 in
1823 1837 2016 1891 ccelum
2053 1831 2162 1904 (Id.

577 1945 930 2014 x1x,20,2l)
968 1961 981 1997 :
1031 1954 1188 1996 nemo
1235 1947 1412 1992 tamen
1451 1948 1637 1989 eorum
1687 1929 1847 1984 audet
1888 1927 2065 1982 dicere
2107 1939 2166 1978 se

578 2053 698 2094 esse
717 2037 834 2091 sine
861 2041 1096 2104 peccato.
1130 2029 1314 2096 Quod,
1337 2027 1476 2081 sicut
1514 2022 1781 2080 credimus
1803 2063 1818 2088 ,
1849 2035 1952 2074 non
1992 2015 2168 2072 fallaci

578 2130 757 2184 animo
781 2127 964 2182 dicunt
993 2142 1007 2178 :
1037 2125 1278 2178 siautem
1309 2117 1655 2178 mentiuntur,
1679 2129 1744 2168 eo
1767 2113 1882 2184 ipso
1910 2109 2170 2180 incipiunt

577 2220 663 2274 vel
692 2233 888 2287 augere
911 2259 927 2283 ,
956 2215 1038 2269 vel
1062 2214 1257 2268 habere
1285 2218 1580 2281 peccatum.

648 2309 874 2367 CAPUT
908 2306 1066 2362 XVII.
1087 2335 1157 2346 -—
1176 2303 1268 2358 26.
1295 2301 1462 2356 Tertia
1491 2299 1721 2370 qurestio,
1744 2312 1834 2350 cur
1860 2309 2004 2348 nemo
2032 2293 2096 2348 sit
2117 2291 2171 2345 in

581 2405 676 2460 hac
699 2405 800 2458 vita
829 2403 934 2456 sine
961 2408 1184 2472 peccato.
1215 2397 1331 2452 Jam
1358 2409 1487 2465 ergo
1513 2391 1654 2462 quod
1685 2391 1804 2444 loco
1829 2388 1988 2444 tertio
2020 2383 2171 2455 posui

581 2497 874 2553 videamus.
903 2493 1036 2548 Cum
1059 2534 1072 2557 ,
1102 2491 1433 2546 voluntatem
1466 2485 1752 2540 humanam
1778 2483 1794 2513 ⁸
1825 2479 1992 2551 gratia
2022 2476 2173 2545 adju-

581 2598 743 2644 vante
786 2586 996 2648 divina,
1046 2584 1160 2638 sine
1189 2590 1408 2653 peccato
1437 2578 1488 2631 in
1519 2577 1620 2630 hac
1650 2574 1754 2628 vita
1801 2571 1968 2643 possit
2012 2567 2172 2623 homo

583 2696 736 2744 esse.
783 2694 880 2734 cur
922 2693 1028 2732 non
1065 2675 1170 2740 sit,
1221 2686 1432 2744 possem
1465 2667 1713 2723 facillime
1741 2680 1803 2719 ac
1830 2663 2172 2717 veracissime

582 2771 926 2844 respondere,
961 2768 1084 2840 quia
1115 2765 1358 2820 homines
1384 2762 1571 2816 nolunt
1596 2777 1608 2813 :
1635 2757 1730 2813 sed
1754 2757 1798 2810 si
1827 2771 1894 2810 ex
1919 2769 2005 2808 me
2027 2767 2175 2823 qure-

583 2865 718 2920 ritur
739 2905 753 2929 ,
785 2878 949 2933 quare
993 2860 1207 2921 nolunt,
1241 2856 1380 2910 imus
1423 2853 1475 2908 in
1506 2853 1742 2921 longum.
1791 2846 2174 2902 Verumtamen

585 2956 747 3012 etiam
793 2954 896 3010 hoc
923 2953 1038 3008 sine
1083 2947 1393 3021 prtejudicio
1423 2938 1776 3014 diligentioris
1819 2933 2177 3008 inquisitionis

583 3048 821 3106 breviter
863 3046 1056 3102 dicam.
1103 3041 1300 3098 Nolunt
1329 3037 1574 3093 homines
1604 3034 1781 3088 facere
1806 3030 1949 3102 quod
1972 3028 2175 3099 justum

585 3152 704 3209 est,
736 3143 850 3197 sive
875 3139 996 3209 quia
1034 3138 1163 3193 latet
1189 3151 1256 3190 an
1291 3133 1493 3205 justum
1519 3129 1623 3196 sit,
1655 3127 1767 3182 sive
1794 3124 1918 3197 quia
1945 3138 2051 3176 non
2077 3120 2175 3176 de-

585 3239 766 3296 lectat.
806 3235 980 3291 Tanto
1024 3231 1166 3288 enim
1205 3213 1440 3299 quidque
1480 3220 1850 3280 vehementius
1889 3217 2134 3272 volumus
2158 3257 2174 3284 ,

589 3337 788 3402 quanto
815 3325 1015 3382 certius
1039 3337 1198 3394 quam
1235 3320 1432 3374 bonum
1467 3313 1539 3372 sit
1565 3313 1840 3378 novimus,
1887 3323 2057 3379 eoque
2080 3308 2178 3372 de-

589 3401 850 3479 lectamur
873 3415 1166 3474 ardentius.
1195 3410 1495 3483 Ignorantia
1525 3409 1683 3480 igitur
1707 3415 1762 3462 et
1791 3403 2072 3459 infirmitas
2103 3401 2180 3455 vi-

593 3518 665 3573 tia
691 3523 814 3572 sunt
833 3555 846 3578 ,
878 3528 996 3584 qua:
1022 3509 1320 3580 impediunt
1351 3506 1677 3562 voluntatem
1709 3518 1778 3556 ne
1809 3507 2084 3555 moveatur
2111 3494 2180 3552 ad

592 3607 889 3666 faciendum
916 3618 1053 3674 opus
1081 3603 1275 3657 bonum
1297 3642 1314 3668 ,
1343 3599 1424 3654 vel
1450 3597 1518 3653 ab
1551 3611 1714 3667 opere
1742 3594 1882 3648 malo
1909 3591 2179 3646 abstinen-

595 3701 741 3757 dum.
771 3698 840 3754 Ut
863 3705 1040 3751 autem
1070 3694 1367 3749 innotescat
1389 3687 1532 3761 quod
1561 3686 1794 3750 latebat,
1827 3693 1878 3738 et
1905 3697 2067 3736 suave
2091 3679 2189 3734 ﬁat

593 3792 736 3866 quod
759 3806 867 3846 non
893 3786 1227 3851 delectabat,
1271 3783 1456 3856 gratiae
1483 3782 1576 3836 Dei
1603 3791 1684 3836 est
1705 3822 1720 3846 ,
1753 3793 1870 3849 quae
1908 3775 2181 3830 hominum

593 3864 806 3956 adjuvat
833 3881 1132 3937 voluntates
1164 3896 1176 3932 :
1211 3893 1311 3947 qua
1341 3884 1398 3930 ut
1440 3887 1550 3929 non
1579 3871 1934 3942 adjuventur,
1969 3867 2020 3920 in
2053 3864 2184 3934 ipsis

592 3977 774 4033 itidem
801 3989 960 4032 causa
981 3981 1062 4028 est
1083 4011 1099 4038 ,
1131 3985 1237 4024 non
1267 3968 1320 4022 in
1352 3967 1461 4022 Deo
1482 4007 1496 4030 ,
1527 3965 1640 4019 sive
1663 3959 1952 4016 damnandi
1980 3957 2187 4028 praede-

593 4067 774 4126 stinati
803 4066 910 4120 sint
949 4071 1168 4134 prapter
1194 4058 1527 4130 iniquitatem
1558 4052 1863 4123 superbiai;
1895 4051 2010 4104 sive
2049 4063 2186 4102 con-

597 4171 675 4218 tra
703 4162 872 4231 ipsam
902 4172 1051 4212 suam
1077 4152 1382 4224 superbiam
1407 4145 1679 4220 judicandi
1703 4154 1756 4200 et
1786 4141 2096 4207 erudiendi,
2140 4139 2186 4195 si

599 4251 691 4306 lilii
715 4251 821 4304 sint
841 4244 1220 4302 misericordiae
1239 4244 1283 4295 ⁸.
1317 4240 1470 4297 Unde
1498 4239 1758 4295 Jeremias
1778 4251 1898 4292 cum
1925 4234 2183 4298 dixisset,

599 4342 742 4409 Scio,
775 4338 1014 4405 Domine,
1047 4337 1166 4408 quia
1193 4350 1294 4388 non
1323 4341 1394 4387 est
1417 4333 1468 4386 in
1495 4329 1694 4384 homine
1719 4329 1798 4382 via
1823 4327 1950 4397 ejus.
1979 4341 2068 4379 nec
2095 4324 2189 4379 viri

599 4443 739 4490 estut
757 4432 974 4488 ambulet
992 4439 1037 4485 et
1053 4429 1238 4500 dirigat
1256 4443 1454 4500 gressus
1469 4441 1611 4490 suos;
1626 4423 1879 4478 continuo
1894 4419 2184 4489 subjunxit,

601 4528 810 4600 Corripe
836 4541 948 4592 me,
974 4523 1225 4587 Domine;
1251 4530 1590 4576 uerumtamen
1609 4517 1659 4570 in
1675 4514 1894 4586 judicio,
1921 4523 1966 4567 et
1992 4529 2094 4566 non
2135 4512 2188 4566 in

601 4623 774 4696 furore
798 4631 883 4676 tuo
911 4617 1120 4694 (Jerem.
1147 4633 1181 4672 x
1204 4659 1219 4684 ,
1241 4614 1344 4680 25,
1367 4613 1480 4684 2b).
1512 4611 1784 4681 Tanquam
1811 4607 2044 4672 diceret,
2065 4605 2190 4662 Scio

603 4716 668 4772 ad
695 4714 1088 4783 correptiouem
1114 4725 1287 4764 meam
1317 4707 1604 4778 pertinere,
1635 4704 1774 4775 quod
1804 4701 1981 4758 minus
2010 4700 2105 4754 abs
2137 4706 2190 4755 te

603 4808 852 4878 adjuvor,
883 4815 945 4861 ut
972 4803 1208 4874 perfecte
1232 4801 1528 4872 dirigantur
1555 4813 1769 4869 gressus
1796 4797 1900 4852 mei
1935 4814 1947 4850 :
1979 4810 2189 4850 verum-

607 4911 782 4955 tamen
816 4897 916 4952 hoc
939 4897 1111 4966 ipsum
1142 4893 1251 4948 noli
1279 4893 1357 4946 sic
1386 4907 1593 4946 mecum
1631 4904 1789 4960 agere
1809 4930 1824 4954 ,
1857 4897 2104 4956 tanquam
2133 4884 2188 4939 in

605 4993 786 5050 furore
815 5007 922 5062 quo
960 4991 1168 5060 iniquos
1211 4987 1463 5044 damnare
1506 4984 1769 5051 statuisti,
1813 4982 1905 5038 sed
1937 4991 2188 5050 tanquam

607 5089 658 5143 in
686 5087 917 5157 judicio,
946 5099 1052 5156 quo
1077 5083 1237 5138 doces
1277 5090 1395 5137 tuos
1421 5097 1525 5136 non
1553 5078 1850 5150 superbire.
1885 5075 2037 5144 Unde
2063 5074 2188 5130 alibi

607 5177 801 5233 dicitur
823 5216 839 5244 ,
873 5175 940 5229 Et
973 5173 1172 5246 judicia
1202 5182 1288 5226 tua
1315 5171 1624 5244 adjuvabunt
1653 5185 1731 5222 me
1761 5166 1780 5240 (
1805 5163 1948 5221 Psat.
1981 5181 2145 5220 cxvnt
2171 5207 2186 5232 ,

611 5271 710 5326 175
733 5269 772 5338 ).

672 5404 690 5436 ⁸
725 5403 842 5454 Editt
864 5399 1116 5452 auferendi
1138 5413 1271 5460 casu,
1295 5397 1530 5449 voluntate
1552 5393 1778 5460 fiumina.
1802 5395 2190 5460 castigantur-ex

608 5465 961 5528 manuscriptis,
987 5465 1070 5528 qui
1094 5454 1270 5526 magno
1303 5473 1550 5512 consensu
1571 5459 1732 5508 ferunt
1753 5493 1767 5520 ,
1787 5455 2075 5507 voluntatem
2095 5454 2182 5506 ltu-

609 5540 818 5578 manum.

708 5575 716 5577 ‘
728 5575 934 5662 eum
949 5584 1318 5662 esseteos"!
1332 5597 1504 5656 οιηηθξ
1522 5575 1744 5662 Gallica“
1767 5591 1874 5662 “is:
1893 5579 2192 5656 "ai’em’j'"

612 5648 828 5712 dicundi,
843 5657 895 5700 ut
909 5643 1088 5712 eruditi
1109 5645 1201 5712 filii
1219 5645 1314 5698 sint
1335 5643 1704 5712 misericordias.
1725 5644 1816 5712 sed
1831 5643 1973 5712 alteri
1985 5707 1996 5712 _
2008 5643 2188 5712 tamen,

611 5726 721 5776 qua.
737 5705 1232 5776 omhiumieditionum
1257 5709 1559 5776 superiorum
1579 5715 1672 5766 est,
1692 5705 1887 5776 lectioni
1909 5705 2193 5776 astipulantur

612 5767 912 5849 Fulgentius,
935 5773 1058 5849 libro
1082 5767 1602 5849 iiriauioiad'h‘ton-imum
1621 5803 1634 5827 ,
1666 5781 1782 5849 cap.
1800 5769 1900 5844 28ὀ
1915 5767 2064 5844 quem
2089 5767 2194 5842 Ful-

612 5832 765 5902 εβηὶἱί
781 5832 937 5902 locmn
960 5848 1054 5902 non
1076 5832 1344 5902 innexa-Isis
1365 5841 1584 5892 tantum,
1603 5832 1691 5902 sed
1717 5833 1865 5902 etiam
1889 5832 1942 5881 in
1959 5833 2192 5896 antiquisp

612 5893 735 5961 iuno
754 5899 1032 5953 Corbeiensi
1050 5897 1214 5951 codice
1237 5896 1501 5963 diligenter
1523 5893 1896 5964 exploravimus.

1167 348 1254 407 DE
1282 338 1742 404 PECCATORUM
1779 330 2059 394 MERITIS
2097 328 2186 386 ET
2226 323 2652 393 REMISSIONE,
2693 321 2754 380 S.
2795 318 3165 379 AUGUSTINI

3737 316 3839 378 £68

2322 443 2412 498 27.
2445 441 2650 497 Nullius
2687 439 2913 510 proinde
2954 438 3123 507 culpae
3152 435 3398 492 humanae
3428 435 3482 492 in
3506 435 3678 492 Deum
3703 436 3843 492 rete-

2253 551 2342 592 ras
2369 551 2606 590 causam.
2655 533 2912 586 Vitiorum
2946 546 3172 601 namque
3209 530 3445 584 omnium
3488 531 3845 586 humanorum

2253 645 2413 685 causa
2437 628 2682 698 superbia
2708 635 2808 680 est.
2843 625 2923 680 Ad
2951 625 3087 678 hanc
3111 623 3530 678 convincendum
3555 631 3718 695 atque
3747 641 3846 682 au-

2255 721 2526 776 ferendam
2558 718 2677 773 talis
2707 717 2966 772 medicina
2993 716 3204 770 ctelitus
3228 715 3372 770 venit
3397 732 3410 768 :
3433 714 3498 768 ad
3529 717 3728 770 elatum
3751 715 3850 772 ho-

2255 815 2452 868 minem
2498 827 2591 882 per
2629 810 2964 880 superbiam,
3016 809 3155 864 Deus
3200 809 3415 863 humilis
3443 807 3724 864 descendit
3752 827 3850 882 per

2237 903 2674 970 _miserieordiam
2695 943 2710 968 ,
2741 901 2967 972 gratiam
2996 901 3197 956 claram
3225 899 3667 972 manifestamque
3695 918 3854 958 com-

2258 995 2518 1051 mendans
2550 995 2600 1047 in
2629 995 2744 1064 ipso
2785 993 3032 1058 homine,
3065 1008 3222 1062 quem
3262 999 3406 1046 tanta
3437 1007 3544 1062 pra:
3574 993 3854 1066 participi-

2258 1089 2358 1144 bus
2399 1087 2509 1142 suis
2547 1087 2808 1141 charitate
2846 1085 3098 1157 suscepit.
3127 1085 3311 1154 Neque
3351 1084 3496 1139 enim
3539 1096 3595 1140 et
3625 1086 3742 1156 ipse
3785 1089 3856 1142 ita

2259 1179 2440 1237 Verbo
2471 1180 2560 1234 Dei
2591 1179 2908 1248 conjunclus
2927 1219 2941 1245 ,
2973 1189 3028 1232 ut
3058 1178 3170 1248 ipsa
3201 1178 3574 1247 conjunctione
3605 1193 3746 1234 unus
3793 1179 3857 1233 Ii-

2260 1275 2362 1330 lius
2392 1275 2484 1329 Dei
2515 1281 2570 1328 et
2597 1272 2736 1328 idem
2767 1272 2882 1343 ipse
2908 1286 3044 1326 unus
3071 1271 3208 1326 ﬁlius
3233 1271 3466 1326 hominis
3492 1272 3682 1343 ﬁeret,
3715 1289 3858 1343 pra:-

2261 1366 2574 1423 cedentibus
2596 1381 2706 1420 suze
2728 1365 3015 1419 voluntatis
3043 1365 3247 1420 meritis
3275 1363 3420 1420 fecit.
3451 1364 3628 1422 Unum
3655 1367 3860 1438 quippe

2263 1459 2409 1541 illum
2441 1473 2562 1514 esse
2589 1457 2870 1527 Oportebat
2901 1475 2916 1512 :
2949 1465 3131 1512 essent
3158 1465 3336 1511 autem
3369 1464 3424 1512 et
3451 1457 3592 1524 duo,
3624 1467 3681 1514 et
3709 1467 3846 1528 tres,

2263 1561 2316 1608 et
2349 1551 2560 1621 plures,
2593 1550 2638 1604 si
2669 1549 2770 1603 hoc
2802 1549 2914 1604 fieri
2945 1557 3158 1620 posset,
3195 1563 3300 1602 non
3333 1554 3428 1619 per
3456 1549 3548 1605 Dei
3578 1551 3863 1621 proprium

2265 1643 2486 1706 donum,
2509 1640 2602 1695 sed
2631 1655 2724 1710 per
2751 1639 2982 1694 hominis
3003 1639 3230 1694 liberum
3257 1639 3556 1694 arbitrium.
3592 1641 3708 1696 Hoc
3731 1657 3866 1714 ergo

2267 1737 2536 1806 praecipue
2561 1731 2984 1799 commendatur,
3003 1731 3104 1788 hoc
3130 1733 3182 1786 in
3211 1733 3487 1802 sapientiae
3509 1741 3672 1804 atque
3688 1735 3868 1789 scien-

2267 1827 2354 1880 tiae
2386 1825 2650 1880 thesauris
2680 1824 2731 1878 in
2759 1823 2975 1878 Christo
3003 1823 3348 1892 absconditis,
3379 1834 3636 1896 quantum
3668 1825 3865 1882 existi-

2268 1933 2418 1972 mare
2443 1916 2636 1980 audeo,
2662 1915 2926 1986 praecipue
2953 1915 3178 1970 docetur
3208 1924 3262 1970 et
3286 1915 3529 1972 discitur.
3560 1915 3686 1972 Ideo
3713 1917 3869 1988 quis-

2269 2025 2372 2080 que
2395 2017 2635 2062 nostrum
2660 2005 2859 2060 bonutn
2885 2020 3020 2074 opus
3044 2007 3318 2076 suscipere
3339 2049 3354 2075 ,
3383 2022 3543 2079 agere
3563 2049 3579 2077 ,
3602 2008 3831 2080 implere
3851 2053 3869 2079 ,

2271 2117 2412 2157 nunc
2460 2102 2596 2168 scit,
2631 2116 2772 2155 nunc
2801 2101 3008 2168 nescit,
3039 2115 3183 2154 nunc
3211 2099 3542 2168 delectatur,
3587 2117 3734 2158 nunc
3759 2119 3874 2159 non

2270 2193 2604 2259 delectatur,
2638 2182 2940 2247 ut'noverit
2966 2207 3070 2245 non
3099 2207 3210 2245 sua:
3236 2191 3500 2248 facultatis
3520 2233 3534 2257 ,
3566 2193 3663 2248 sed
3697 2194 3874 2250 divini

2271 2285 2510 2340 muneris
2536 2299 2656 2339 esse
2682 2283 2764 2338 vel
2793 2283 2934 2353 quod
2973 2283 3110 2350 scit,
3141 2285 3223 2339 vel
3253 2284 3398 2356 quod
3435 2285 3731 2342 delectatur
3763 2305 3777 2342 :
3811 2303 3878 2346 ac

2271 2379 2352 2433 sic
2372 2377 2440 2431 ab
2481 2375 2728 2430 elationis
2753 2375 2983 2430 vanitate
3011 2383 3263 2442 sanetur,
3296 2384 3349 2431 et
3377 2377 3512 2432 sciat
3549 2393 3711 2450 quam
3741 2395 3876 2436 vere

2274 2485 2382 2525 non
2410 2469 2478 2523 de
2507 2478 2647 2523 terra
2684 2469 2806 2533 ista,
2839 2467 2936 2522 sed
2965 2467 3312 2537 Spiritualiter
3336 2466 3536 2523 dictum
3561 2469 3652 2538 sit,
3683 2469 3876 2524 Domi-

2276 2580 2371 2618 nus
2400 2562 2537 2616 dabit
2561 2562 2877 2628 suavitatem,
2896 2569 2942 2614 et
2965 2569 3100 2614 terra
3119 2569 3292 2616 nostra
3316 2560 3455 2614 dabit
3482 2561 3704 2631 fructum
3724 2545 3880 2618 suum

2276 2657 2448 2732 (Psat.
2481 2672 2674 2710 Lxxxtv
2693 2697 2710 2724 ,
2741 2656 2850 2726 l5).
2883 2655 3056 2710 Tanto
3081 2665 3260 2712 autem
3289 2655 3458 2726 magis
3483 2655 3715 2712 delectat
3737 2673 3879 2728 opus

2276 2747 2474 2804 bonum
2496 2789 2512 2809 ,
2543 2756 2742 2818 quanto
2771 2747 2938 2818 magis
2979 2745 3217 2816 diligitur
3246 2747 3387 2802 Deus
3417 2765 3685 2804 summum
3715 2759 3882 2822 atque

2276 2839 2710 2896 incommutabile
2738 2839 2957 2906 bonum,
2981 2847 3036 2894 et
3055 2847 3244 2894 auctor
3271 2838 3743 2914 qualiumcumque
3776 2842 3878 2898 bo-

2277 2949 2469 2988 norum
2515 2933 2774 2987 omnium.
2809 2930 2881 2988 Ut
2923 2939 3100 2986 autem
3148 2929 3398 3002 diligatur
3427 2932 3602 3000 Deus,
3647 2933 3882 2990 charitas

2278 3025 2398 3096 ejus
2442 3024 2632 3093 di/Tusa
2675 3034 2748 3080 est
2790 3025 2846 3080 in
2890 3025 3124 3080 cordibus
3169 3025 3356 3082 nostris
3381 3067 3398 3094 ,
3447 3041 3554 3081 non
3598 3041 3698 3096 per
3737 3043 3880 3096 nos,

2281 3117 2378 3174 sed
2425 3135 2514 3191 per
2544 3117 2793 3190 Spiritum
2821 3126 3048 3172 sanctum
3093 3119 3178 3190 qui
3206 3117 3356 3173 datus
3383 3127 3459 3174 est
3485 3118 3627 3174 nobis
3675 3117 3882 3192 (Rom.

2282 3209 2489 3282 v,5).

2353 3302 2579 3360 CAPUT
2626 3303 2812 3361 XVIII.
2843 3333 2915 3346 —-
2941 3304 3032 3360 28.
3078 3303 3320 3360 Voluntas
3368 3305 3501 3360 bona
3528 3321 3559 3359 a
3585 3303 3721 3361 Deo.
3770 3305 3887 3363 Sed

2279 3396 2526 3453 laborant
2565 3396 2810 3453 homines
2840 3398 3084 3454 invenire
3113 3399 3168 3453 in
3199 3407 3384 3454 nostra
3414 3399 3686 3455 voluntate
3706 3443 3720 3467 ,
3750 3401 3888 3472 quid

2281 3489 2408 3545 boni
2435 3491 2506 3545 sit
2534 3500 2794 3555 nostrum.
2823 3491 2965 3563 quod
2993 3491 3148 3546 nobis
3173 3507 3276 3547 non
3299 3493 3368 3547 sit
3387 3507 3456 3548 ex
3475 3493 3586 3548 Deo
3617 3509 3632 3547 :
3665 3502 3722 3548 et
3743 3511 3889 3565 quo-

2281 3582 2446 3638 modo
2467 3583 2695 3639 inveniri
2722 3583 2888 3654 possit
2912 3585 3116 3653 ignoro.
3147 3583 3385 3654 Excepto
3405 3585 3546 3640 enim
3568 3585 3712 3656 quod
3738 3589 3890 3656 Apo-

2283 3673 2453 3728 stolus
2480 3673 2554 3727 ait
2573 3715 2589 3740 ,
2622 3688 2742 3728 cum
2772 3673 2840 3729 de
2865 3673 3022 3729 bonis
3047 3673 3322 3728 hominum
3364 3675 3704 3745 loqueretur,
3745 3677 3892 3743 Quid

2284 3765 2418 3820 enim
2446 3763 2595 3819 habes
2633 3765 2769 3836 quod
2795 3782 2897 3820 non
2922 3766 3200 3836 accepisti?
3231 3765 3292 3821 Si
3320 3775 3488 3820 autem
3512 3776 3559 3822 et
3598 3769 3892 3838 accepisti,

2283 3857 2405 3928 qttid
2428 3855 2664 3928 gloriaris
2682 3899 2698 3924 ,
2729 3858 2874 3928 quasi
2900 3874 3000 3911 non
3021 3858 3274 3927 acceperis
3304 3857 3347 3930 (Ι
3373 3856 3493 3914 Cor.
3525 3875 3576 3914 tv
3597 3901 3612 3926 ,
3647 3859 3742 3930 7)?
3764 3859 3891 3931 Ipsa

2285 3948 2444 4003 etiam
2471 3948 2623 4011 ratio,
2655 3963 2773 4018 quae
2801 3947 2869 4003 de
2894 3949 2961 4003 iis
2987 3949 3146 4004 rebus
3175 3963 3205 4002 a
3238 3949 3432 4004 talibus
3459 3949 3643 4020 quales
3667 3965 3890 4020 sumus,

2287 4037 2408 4093 iniri
2437 4046 2635 4109 potest,
2655 4037 2945 4108 quemlibet
2970 4047 3210 4093 n0strum
3239 4047 3566 4108 quaerentem
3593 4039 3895 4098 vehemen-

2287 4137 2369 4186 ter
2395 4137 2676 4200 angustat,
2709 4144 2775 4184 ne
2800 4129 2877 4184 sic
2901 4128 3252 4184 defendamus
3275 4130 3498 4200 gratiam
3518 4171 3535 4198 ,
3565 4139 3621 4185 ut
3651 4131 3896 4189 liberum

2287 4223 2564 4280 arbitrium
2595 4222 2810 4278 auferre
2851 4223 3160 4288 videamur;
3189 4239 3374 4278 rursus
3398 4265 3412 4290 ,
3451 4240 3520 4279 ne
3546 4204 3777 4280 liberum
3808 4227 3898 4283 sic

2289 4330 2590 4371 asseramus
2609 4314 2911 4381 arbitrium,
2933 4323 2990 4369 ut
3013 4315 3243 4386 superba
3270 4315 3544 4386 impietate
3569 4315 3768 4388 ingrati
3791 4316 3897 4374 Dei

2288 4409 2471 4480 gratia:
2497 4408 2818 4478 judicemur.

2359 4500 2448 4556 29.
2482 4499 2720 4571 Namque
2751 4498 2880 4554 illud
2906 4499 3146 4568 Apostoli
3177 4497 3317 4571 quod
3343 4501 3784 4570 commemoravi,
3810 4503 3900 4560 sic

2289 4593 2578 4651 defendere
2602 4593 2816 4665 quidam
2844 4595 3150 4661 voluerunt,
3178 4602 3238 4650 ut
3260 4594 3521 4659 dicerent,
3546 4612 3566 4645 ε
3591 4595 3713 4650 ideo
3729 4596 3902 4667 quid-

2296 4707 2317 4742 ι
2363 4689 2488 4760 quid
2516 4688 2675 4742 etiam
2717 4687 2871 4742 bona:
2898 4687 3186 4742 voluntatis
3210 4686 3370 4743 habet
3411 4686 3608 4755 homo,
3642 4688 3755 4760 Deo
3786 4690 3899 4746 tri-

2296 4798 2317 4832 ι
2363 4779 2633 4836 buendum
2660 4794 2800 4845 esse,
2833 4779 2955 4850 quia
2987 4779 3168 4834 ethoc
3195 4779 3248 4834 in
3281 4779 3372 4834 illo
3393 4788 3514 4836 esse
3544 4795 3649 4836 non
3677 4755 3897 4852 posset,

2296 4890 2317 4924 ι
2364 4872 2406 4927 si
2438 4871 2598 4926 homo
2620 4871 2732 4940 ipse
2766 4886 2869 4924 non
2897 4879 3042 4926 esset
3066 4887 3080 4924 :
3112 4887 3233 4926 cum
3259 4888 3387 4926 vero
3414 4882 3471 4926 ut
3493 4873 3562 4926 sit
3583 4873 3787 4944 aliquid
3809 4884 3904 4930 at-

2297 4982 2318 5017 ι
2363 4979 2467 5035 que
2492 4973 2548 5018 ut
2578 4964 2739 5017 homo
2769 4964 2872 5030 sit,
2900 4978 3006 5017 non
3055 4964 3246 5020 habeat
3273 4965 3373 5020 nisi
3402 4981 3430 5020 a
3467 4965 3573 5021 Deo
3593 5009 3606 5032 ,
3637 4981 3736 5021 cur
3781 4984 3902 5024 non

2298 5075 2318 5110 ι
2363 5057 2565 5112 auctori
2595 5057 2702 5111 Deo
2724 5057 2987 5112 tribuatur
3010 5057 3172 5113 etiam
3201 5057 3454 5128 quidquid
3486 5057 3537 5112 in
3569 5059 3658 5113 illo
3677 5068 3764 5113 est
3795 5060 3905 5114 bo.

2297 5167 2318 5203 ι
2364 5166 2446 5205 ure
2475 5149 2780 5216 voluntatis,
2797 5150 2941 5220 quod
2973 5165 3080 5204 non
3107 5160 3270 5214 esset,
3291 5151 3393 5206 nisi
3421 5159 3564 5206 esset
3590 5151 3641 5204 in
3670 5167 3782 5220 quo
3805 5167 3908 5210 cs—

2298 5260 2318 5294 (
2364 5241 2484 5298 set?
2521 5260 2542 5296 ι
2575 5241 2680 5297 Sed
2712 5241 2815 5298 hoc
2842 5240 3002 5295 modo
3029 5241 3188 5296 etiam
3219 5241 3346 5297 illud
3383 5242 3486 5297 dici
3526 5250 3736 5312 potest,
3773 5260 3906 5300 ma-

2293 5332 2397 5388 lam
2427 5349 2636 5404 quoque
2660 5333 2987 5388 voluntatem
3005 5333 3116 5388 Deo
3141 5333 3344 5388 auctori
3369 5333 3740 5388 tribuendam:
3765 5336 3907 5405 quia

2295 5424 2540 5495 nec,ipsa
2581 5439 2700 5480 esse
2743 5432 2924 5494 possm
2952 5423 3003 5478 in
3046 5424 3295 5490 homine,
3327 5425 3424 5479 nisi
3471 5425 3628 5479 homo
3653 5436 3805 5480 esset
3841 5428 3906 5482 in

2293 5533 2400 5588 quo
2443 5525 2620 5582 esset;
2661 5524 2720 5572 ut
2761 5523 2940 5570 autem
2989 5515 3150 5570 homo
3195 5515 3298 5582 sit,
3348 5515 3489 5570 Deus
3535 5524 3720 5571 auctor
3766 5527 3905 5575 est:

2294 5609 2366 5665 ita
2395 5619 2450 5665 et
2474 5609 2590 5678 cjus
2634 5608 2790 5664 mala:
2829 5608 3155 5676 voluntatis,
3184 5625 3303 5680 quae
3334 5609 3434 5664 nisi
3477 5609 3750 5666 hominem
3794 5613 3908 5669 ha-

2295 5703 2441 5758 beret
2469 5703 2556 5758 ubi
2580 5707 2758 5768 esset,
2792 5715 2910 5758 esse
2939 5701 3161 5757 omnino
3185 5717 3291 5758 non
3321 5702 3540 5775 posset’
3560 5744 3576 5770 ,
3609 5701 3755 5774 quod
3791 5719 3907 5761 ne-

2293 5801 2373 5858 fas
2401 5809 2485 5856 est
2515 5798 2714 5873 dicere.

2367 5897 2384 5931 ¹
2418 5901 2548 5956 Lov.,
2569 5892 2639 5950 ita
2658 5897 2702 5944 et
2718 5890 2823 5956 ejus
2850 5890 3028 5949 malam
3057 5890 3368 5959 voluntatem,
3395 5906 3504 5959 quia
3534 5891 3628 5948 nisi
3647 5893 3912 5953 [tantum
