4074 6564
279 386 387 446 169

347 504 441 560 30.
462 501 834 570 Quapmpter
860 497 974 554 nisi
999 495 1331 554 obtineamus
1346 533 1361 560 ,
1381 506 1486 546 non
1514 489 1685 546 solum
1709 490 1898 545 volun-

273 599 404 654 tatis
433 591 722 650 arbitrium
747 632 767 658 ,
807 590 966 662 quod
993 590 1102 645 huc
1144 598 1299 658 atque
1331 585 1451 640 illuc
1482 582 1702 638 liberum
1730 579 1897 637 ﬂecti-

271 697 396 754 tur,
436 695 600 756 atque
655 682 718 737 in
771 682 864 738 eis
911 680 1248 738 naturalibus
1292 675 1441 732 bonis
1477 683 1593 741 est,
1623 672 1812 744 quibus
1841 681 1894 728 et

266 781 399 836 male
426 778 500 833 uti
533 775 735 831 malus
767 783 984 846 potest,
1027 773 1121 830 sed
1147 773 1300 829 etiam
1328 769 1643 824 voluntatem
1675 767 1888 834 bonam,

259 889 372 943 quae
390 872 501 941 jam
544 869 602 923 in
632 869 732 923 eis
767 868 942 926 bonis
970 875 1091 934 est,
1122 878 1341 936 quorum
1371 877 1486 916 esse
1515 875 1636 916 usus
1655 875 1760 916 non
1795 876 1892 930 po-

259 975 355 1020 test
380 961 586 1027 malus,
621 959 748 1014 nisi
773 976 851 1016 ex
883 960 1002 1014 Deo
1037 957 1192 1014 nobis
1224 970 1338 1011 esse
1358 969 1458 1008 non
1489 967 1641 1023 posse
1660 994 1674 1019 ,
1707 953 1888 1008 nescio

257 1051 731 1126 quemadmodum
763 1039 1141 1107 defendamus
1165 1045 1300 1117 quod
1337 1044 1530 1099 dictum
1573 1051 1657 1100 est
1697 1061 1709 1096 :
1751 1043 1888 1109 Quid

260 1150 384 1206 enim
413 1145 566 1200 habes
593 1144 767 1213 quod
803 1161 915 1197 non
945 1139 1236 1211 accepisti?
1274 1137 1401 1193 Nam
1443 1135 1489 1191 si
1528 1134 1678 1190 nobis
1719 1136 1884 1191 libera

259 1240 484 1312 quaxlatn
517 1236 814 1291 voluntas
847 1253 921 1291 ex
949 1235 1062 1289 Deo
1089 1243 1204 1300 est,
1232 1247 1346 1302 qua:
1376 1229 1546 1285 adlmc
1569 1239 1740 1300 potest
1765 1242 1884 1282 esse

253 1333 329 1387 vel
366 1333 503 1386 bona
535 1328 632 1383 vel
669 1329 841 1382 mala
867 1346 884 1395 ;
920 1328 1062 1382 bona
1093 1343 1218 1382 vero
1241 1327 1476 1382 voluntas
1496 1340 1560 1380 ex
1582 1321 1733 1378 nobis
1753 1329 1836 1376 est
1865 1339 1879 1377 :

249 1425 427 1478 melius
461 1431 555 1486 est
578 1420 642 1474 id
683 1419 855 1491 quod
897 1435 932 1474 a
970 1419 1154 1486 nobis,
1185 1434 1340 1489 quam
1379 1415 1515 1489 quod
1541 1414 1607 1469 ab
1643 1414 1732 1468 illo
1775 1421 1876 1468 est.

245 1517 386 1588 Quod
414 1517 460 1571 si
487 1515 936 1572 absurdissime
963 1513 1178 1580 dicitur,
1208 1521 1410 1584 oportet
1429 1511 1688 1567 fateantur
1715 1509 1877 1564 etiam

243 1611 430 1665 bertam
457 1609 847 1664 voluntatem
892 1621 997 1661 nos
1026 1605 1274 1660 divinitus
1303 1604 1535 1674 adipisci.
1564 1605 1873 1673 Quanquam

245 1703 478 1755 voluntas
525 1699 762 1754 mirum
799 1699 852 1751 si
887 1705 1067 1768 potest
1103 1697 1157 1752 in
1195 1696 1368 1752 medio
1396 1694 1621 1766 quodam
1648 1697 1716 1749 ita
1740 1709 1870 1748 con-

245 1797 429 1850 sistere
450 1836 467 1860 ,
493 1801 550 1846 ut
579 1805 706 1846 nec
734 1789 899 1845 bona
932 1804 1035 1844 nec
1063 1787 1201 1842 mala
1230 1788 1314 1842 sit.
1339 1785 1596 1841 Autenim
1615 1784 1871 1855 justitiam

245 1886 503 1957 diligimus
523 1926 540 1952 ,
571 1893 636 1938 et
673 1882 843 1937 bona
885 1888 1012 1947 est;
1040 1887 1097 1935 et
1119 1879 1166 1934 si
1197 1878 1360 1949 magis
1383 1877 1672 1948 diligimus,
1705 1876 1870 1946 magis

243 1982 381 2037 bona
407 1998 423 2042 ;
453 1980 496 2035 si
520 1979 722 2033 minus
747 2017 768 2043 ,
807 1975 1002 2030 minus
1030 1973 1171 2028 bona
1193 1981 1272 2028 est
1303 1989 1316 2027 :
1347 1981 1436 2026 aut
1457 1971 1500 2026 si
1521 1970 1736 2026 omnino
1759 1986 1866 2025 non

243 2073 541 2145 diligimus,
596 2085 721 2125 non
770 2068 931 2123 bona
961 2073 1065 2121 est.
1109 2064 1234 2133 Quis
1280 2079 1402 2121 vero
1443 2063 1642 2118 dubitet
1691 2061 1868 2118 dicere

236 2166 558 2219 voluntatem
615 2161 790 2216 nullo
856 2156 1026 2213 modo
1064 2155 1317 2226 justitiam
1373 2153 1709 2224 diligentem,
1757 2169 1863 2208 non

239 2257 397 2312 modo
423 2269 542 2312 esse
568 2254 796 2310 malam
820 2293 840 2319 ,
871 2249 973 2306 sed
999 2249 1159 2304 etiam
1189 2247 1468 2318 pessimam
1493 2245 1864 2302 voluntatem?

242 2349 302 2406 Si
338 2365 462 2420 ergo
489 2347 761 2402 voluntas
812 2351 917 2397 aut
958 2341 1100 2396 bona
1129 2350 1236 2408 est,
1278 2349 1367 2394 aut
1403 2341 1572 2406 mala,
1604 2347 1658 2393 et
1685 2340 1861 2410 utique

239 2443 431 2497 malam
454 2457 559 2495 non
585 2439 881 2493 habemus
923 2451 994 2489 ex
1029 2433 1140 2489 Deo
1167 2451 1182 2500 ;
1209 2441 1372 2488 restat
1397 2441 1450 2487 ut
1470 2433 1658 2488 bonam
1686 2433 1862 2487 volun-

234 2541 393 2589 tatem
423 2532 742 2587 habeamus
769 2544 844 2583 ex
870 2526 990 2581 Deo
1018 2543 1030 2578 :
1061 2525 1292 2596 alioquin
1315 2523 1492 2580 nescio
1511 2564 1527 2591 ,
1555 2539 1672 2578 cum
1703 2524 1770 2578 ab
1793 2539 1859 2580 eo

232 2624 592 2692 iustificamur
617 2662 635 2688 ,
665 2635 784 2691 quo
814 2618 927 2672 alio
960 2631 1185 2671 munere
1212 2614 1374 2686 ipsius
1397 2615 1624 2686 gaudere
1658 2615 1856 2672 debea-

235 2733 386 2773 mus.
410 2715 485 2770 Et
509 2716 649 2769 hinc
687 2712 954 2782 scriptum
997 2707 1228 2762 arbitror
1251 2749 1264 2773 ,
1304 2705 1526 2761 Paratur
1551 2709 1778 2762 voluntas
1824 2727 1856 2762 α

238 2807 474 2863 Domino
504 2805 718 2878 (Prov.
747 2819 842 2858 vnt
863 2845 875 2868 ,
903 2798 1010 2872 35)
1046 2817 1062 2866 ;
1091 2807 1144 2854 et
1173 2799 1224 2854 in
1259 2799 1479 2855 Psalmis
1503 2839 1518 2866 ,
1553 2799 1600 2854 Α
1636 2799 1854 2856 Domino

231 2916 454 2974 gressus
480 2897 717 2952 homini:
758 2895 1046 2964 dirigentur
1069 2933 1084 2959 ,
1125 2900 1172 2945 et
1201 2891 1329 2945 viam
1367 2891 1473 2962 ejus
1510 2892 1635 2947 volet
1665 2891 1851 2966 (Psal.

231 3010 417 3049 xxxvi
437 3037 452 3061 ,
494 2992 594 3062 25)
626 3007 644 3056 ;
675 2998 736 3044 et
762 2987 912 3059 quod
935 2985 1223 3056 Apostolus
1249 2985 1352 3054 ait,
1374 2984 1509 3040 Deus
1525 2995 1594 3041 est
1617 2987 1746 3042 enim
1768 2989 1856 3061 qui

229 3097 482 3158 Operatio
506 3086 557 3137 in
582 3083 734 3137 vobis
753 3089 810 3135 et
841 3077 978 3134 velle
995 3089 1042 3132 et
1069 3077 1295 3148 operari,
1324 3093 1414 3148 pro
1444 3076 1573 3132 bona
1605 3078 1856 3135 uoluntate

222 3179 492 3251 (Piri/ipp.
522 3194 584 3242 ιι,
612 3178 638 3231 ί
649 3178 690 3232 5
702 3175 748 3246 ).

289 3273 384 3328 31.
426 3270 713 3341 Quocirca
741 3264 1014 3338 quoniam
1038 3261 1178 3335 quod
1208 3277 1238 3316 a
1266 3262 1370 3319 Deo
1385 3278 1482 3319 nos
1517 3265 1802 3323 avertimus
1831 3309 1850 3337 ,

213 3377 461 3424 nostrum
483 3374 572 3421 est
591 3406 609 3430 ,
646 3372 710 3418 et
735 3362 869 3416 hmc
896 3367 985 3414 est
1005 3357 1246 3412 voluntas
1264 3357 1398 3413 mala
1429 3375 1444 3425 ;
1471 3359 1610 3430 quod
1641 3377 1766 3418 vero
1784 3362 1852 3419 ad

212 3461 381 3516 Deum
411 3475 513 3515 nos
540 3454 950 3513 convertimus
975 3493 991 3517 ,
1021 3450 1123 3505 nisi
1150 3450 1264 3520 ipso
1289 3451 1552 3508 excitante
1575 3461 1734 3524 atque
1760 3454 1853 3510 ad-

206 3557 427 3626 iuvante
474 3566 590 3606 non
635 3558 961 3620 possumus
989 3585 1004 3611 ,
1045 3552 1101 3597 et
1133 3541 1247 3597 haec
1273 3549 1355 3599 est
1396 3543 1637 3600 voluntas
1665 3546 1803 3602 bona
1833 3566 1847 3604 :

209 3645 331 3716 quid
357 3644 643 3700 habemus
674 3637 838 3710 quod
861 3651 975 3691 non
1001 3635 1340 3704 accepimus?
1364 3633 1417 3692 Si
1449 3644 1622 3693 autem
1643 3642 1850 3712 accepi-

206 3754 354 3804 mus,
381 3735 519 3808 quid
553 3733 912 3806 gloriamur,
937 3726 1092 3798 quasi
1113 3740 1218 3781 non
1243 3727 1636 3796 acceperimus?
1657 3730 1735 3786 Ac
1755 3747 1854 3802 per

208 3829 328 3893 hoc,
355 3840 415 3883 ut
433 3828 530 3899 qui
549 3824 864 3898 gloriatur,
885 3821 940 3874 in
966 3819 1187 3873 Domino
1206 3817 1442 3889 glorietur
1463 3819 1507 3890 (Ι
1535 3819 1649 3876 Cor.
1671 3838 1710 3892 ι,
1733 3823 1848 3895 31),

206 3922 398 3994 quibus
426 3921 539 3976 hoc
569 3919 742 3973 Deus
769 3913 991 3969 donare
1037 3909 1294 3976 voluerit,
1334 3912 1448 3981 ejus
1475 3911 1850 3972 misericordiae

205 4027 322 4083 est,
352 4032 466 4071 non
497 4011 703 4069 meriti
740 4008 974 4064 illorum
1009 4022 1023 4060 :
1053 4003 1240 4074 quibus
1265 4013 1439 4059 autem
1460 4005 1719 4074 noluerit,
1758 4024 1852 4066 vc-

204 4113 380 4170 ritatis
406 4120 522 4168 est.
558 4107 593 4164 J
600 4115 736 4161 usta
772 4116 1016 4172 namque
1047 4098 1411 4169 peccatoribus
1436 4113 1588 4169 paena
1608 4099 1848 4173 debetur,

207 4209 470 4278 quoniam
523 4195 971 4257 misericordiam
1011 4204 1057 4248 et
1103 4191 1353 4247 ueritatem
1401 4192 1563 4264 diligit
1605 4193 1852 4253 Dominus

206 4300 350 4358 Deus
377 4300 398 4372 (
425 4299 589 4353 Psal.
643 4306 870 4349 Lxxxm
897 4331 914 4358 ,
959 4285 1111 4361 12);
1154 4295 1206 4343 et
1229 4287 1566 4344 misericordia
1603 4299 1647 4345 et
1673 4293 1853 4347 veritas

208 4402 558 4452 occurrerunt
582 4389 690 4446 sibi
728 4383 932 4460 (Psal.
962 4396 1204 4450 Lxxxw,
1233 4381 1292 4436 11
1315 4379 1333 4453 )
1358 4397 1373 4448 ;
1403 4388 1455 4438 et
1488 4384 1730 4440 universae
1760 4386 1854 4443 uiae

205 4488 435 4544 Domini
477 4477 872 4539 misericordia
911 4485 959 4528 et
999 4470 1391 4543 veritas(Psal.
1423 4489 1582 4544 χειν,
1616 4475 1742 4550 10).
1790 4478 1853 4533 Et

209 4583 339 4654 quis
374 4579 625 4650 explicet
668 4586 847 4644 quam
879 4567 1072 4624 crebro
1099 4565 1211 4619 haec
1249 4564 1353 4620 duo
1378 4566 1649 4637 conjuncta
1676 4568 1850 4625 divina

207 4675 503 4746 Scriptura
533 4667 960 4726 commemoret
983 4656 1320 4728 ?Aliquando
1344 4657 1500 4712 etiam
1528 4661 1738 4715 mutatis
1759 4677 1854 4716 no-

210 4768 467 4825 minibus
490 4805 507 4831 ,
542 4770 610 4817 ut
657 4755 842 4830 gratia
873 4769 972 4823 pro
1010 4749 1371 4807 misericordia
1401 4760 1625 4820 ponatur
1653 4770 1668 4808 :
1715 4755 1854 4812 unde

215 4872 301 4917 est
319 4903 338 4926 ,
365 4857 444 4913 Et
466 4856 708 4910 uidimus
728 4848 960 4923 gloriam
982 4846 1093 4917 ejus
1112 4886 1126 4913 ,
1158 4842 1369 4915 gloriam
1399 4854 1632 4916 tanquam
1667 4845 1854 4920 Unige-

213 4960 310 5012 niti
357 4974 391 5009 α
433 4954 607 5009 Patre
628 4992 644 5016 ,
696 4949 916 5019 plenum
942 4940 1113 5014 gratia
1149 4948 1195 4994 et
1218 4939 1418 4993 veritate
1445 4937 1626 5013 (Joan.
1653 4958 1692 5010 ι,
1721 4943 1787 4999 Η
1807 4941 1850 5014 ).

217 5047 541 5122 Aliquando
574 5059 681 5116 pro
732 5037 968 5094 veritate
990 5032 1250 5104 judicium
1291 5048 1304 5086 :
1337 5032 1472 5087 sicut
1499 5043 1614 5100 est,
1648 5034 1852 5091 Miseri-

217 5144 464 5198 tordiam
487 5149 535 5194 et
545 5134 826 5212 judicium
847 5128 1068 5184 cantabo
1093 5125 1217 5194 tibi,
1241 5122 1454 5179 Domine
1473 5123 1494 5198 (
1515 5123 1659 5180 Psal.
1683 5142 1734 5194 c,
1771 5127 1848 5200 1).

217 5281 428 5332 habere!
459 5271 822 5338 ῡισυοβδεειρ
1488 5294 1504 5321 υ
1527 5258 1592 5338 9‘!
1612 5265 1856 5338 φφςρτειη

223 5321 562 5393 gres}?
570 5321 919 5398 referendum
944 5323 1119 5396 Ultima
1153 5321 1506 5398 istbaic'verba,_
1521 5323 1586 5372 ad
1599 5329 1857 5398 auctorem

228 5377 391 5455 ἦ
404 5377 1244 5462 Ξτέέἶέἇᾷὦὴξὲιριξῃιίωυὲ,
1257 5377 1587 5462 ι’ςγοεεωιωο
1597 5385 1677 5462 illa
1690 5384 1855 5462 lectio-

226 5445 1348 5524 ἔὲῗεῑαῖῑεξὰξώιιιωβεόιωωίξυβξψίέἐν
1374 5453 1498 5524 Reae
1511 5453 1676 5524 ιξυοηθῖ
1697 5454 1823 5524 (εδδεέ
1836 5461 1855 5500 -'

263 5504 925 5589 Ηειῖιῖἆὲιῖιίἷὲἰέέέίηιιιε
939 5514 1006 5589 ίέὶ
1015 5504 1505 5589 99‘Ei§_AK"_-'E'235_‘.9,
1521 5511 1856 5589 οιΡξιΞΡιιὲῐΡξλς

225 5546 387 5594 qm
401 5546 607 5589 qum“,
630 5546 925 5594 φνσιυμυο
941 5546 995 5584 ,ν
1021 5546 1168 5560 πη..
1182 5546 1356 5557 ...μων
1377 5546 1427 5559 ν.
1449 5546 1505 5581 ...⁸
1521 5546 1742 5592 causa...
1759 5546 1856 5559 ..η-

227 5590 502 5652 ascriptis
521 5585 802 5640 οοάίειικιεν
830 5590 862 5628 θ
886 5574 1084 5652 (ΙΨΞΞἙΕ
1113 5569 1856 5652 ¹²Ξ¹ΕίῗέἓΕ⁰Ῐ¹¹ΞίΞ¹ΗῑΡ9ῗὶῃη¹9ίέ

227 5633 855 5712 ωιεαιαιιε“”“’τ’ῖ,”βέὲνετέηι
895 5633 1105 5712 569995
1131 5633 1857 5712 ﬁimsasseseiuftesum

231 5695 535 5770 337:3;
551 5695 911 5770 ardva-actorem
1121 5695 1554 5770 esse'refcrendttnt.
1575 5703 1623 5770 tn
1642 5697 1854 5770 editione

234 5755 449 5842 "quam
377 5755 420 5763 ν’
445 5755 901 5841 “malitiam
946 5758 1094 5842 ’δὲέν
1417 5763 1595 5842 ιλιαρι
1619 5757 1854 5842 ridet?

240 5817 806 5891 Μ’ὦῖὡῖἔῶἰδ,
834 5836 958 5892 qui?
1115 5817 1347 5871 hominem
1367 5817 1558 5872 haberet
1597 5817 1680 5872 ubi
1712 5817 1852 5886 esset,
1883 5831 1896 5843 '

241 5916 354 5958 esse
370 5901 549 5957 atatim
565 5912 666 5953 non
687 5897 881 5962 posset-

684 5982 943 6046 Smc'r.
996 5969 1273 6034 Aueos'r.
1315 5967 1396 6031 X.

1611 366 1810 425 LIBER
1844 359 2219 426 SECUNDUS.

2913 443 2917 448 .
3484 372 3589 440 i'lo

2077 489 2164 546 52.
2195 490 2368 557 Quare
2407 502 2584 550 autem
2627 497 2746 554 illos
2769 488 2898 555 velit
2925 507 3238 556 convertere
3262 541 3278 568 ,
3323 498 3444 556 illos
3481 518 3584 572 pro

2004 583 2283 640 aversione
2325 587 2515 656 punire
2561 606 2574 643 ε
2621 607 2922 663 quanquam
2968 600 3024 649 et
3074 593 3128 648 in
3171 592 3434 650 beneficio
3480 596 3582 648 tri-

2006 674 2218 732 buendo
2247 692 2402 732 nemo
2426 677 2568 749 juste
2598 683 2955 751 reprehendat
2978 685 3377 741 misericordem
3403 726 3418 752 ,
3451 687 3584 742 etin

2000 767 2230 823 vindicta
2247 771 2562 840 exercenda,
2587 789 2744 828 nemo
2759 774 2901 844 juste
2914 778 3275 848 reprehendat
3298 794 3541 835 veracem
3559 797 3580 848 ;

1998 860 2136 914 sicut
2183 861 2234 914 in
2287 862 2390 915 illis
2436 865 2756 934 evangelicis
2817 851 3101 937 operariis,
3164 871 3280 926 aliis
3331 871 3579 941 placitam

1996 952 2296 1008 tnercedem
2325 953 2665 1022 reddentem,
2698 957 2818 1012 aliis
2842 960 3000 1014 etiam
3034 977 3135 1016 non
3166 963 3416 1034 placitam
3466 964 3579 1018 lar-

1992 1046 2224 1116 gientem
2267 1046 2474 1118 (Matth.
2519 1065 2620 1116 xx,
2674 1049 2741 1118 9,
2788 1049 2915 1124 10),
2969 1053 3146 1107 nullus
3197 1055 3342 1124 juste
3389 1056 3581 1126 culpa-

1991 1137 2183 1194 verit:
2225 1139 2503 1195 consilium
2557 1149 2735 1197 tamen
2792 1144 3096 1200 occultioris
3142 1144 3361 1214 justitia:
3409 1163 3576 1217 penes

1989 1232 2162 1303 ipsum
2191 1243 2293 1288 est.

2057 1322 2281 1380 CAPUT
2312 1324 2451 1380 XIX.
2477 1356 2548 1366 -——
2573 1323 2678 1381 Per
2704 1328 2920 1399 gratiam
2941 1337 2988 1382 et
3016 1329 3235 1400 cognitio
3262 1329 3380 1384 boni
3407 1340 3454 1386 et
3480 1332 3573 1384 tle-

1985 1415 2202 1470 lectatio.
2226 1415 2333 1471 Nos
2357 1425 2612 1487 quantum
2639 1433 2954 1474 concessum
2979 1427 3062 1474 est
3084 1421 3388 1490 sapiamus;
3415 1430 3469 1476 et
3490 1422 3578 1476 in-

1985 1509 2314 1580 telligamus,
2363 1511 2407 1566 si
2455 1527 2776 1582 possumus,
2826 1513 3109 1568 Dominum
3155 1514 3323 1569 Deum
3368 1515 3570 1569 bonum

1981 1599 2101 1656 ideo
2147 1602 2305 1657 etiam
2354 1604 2551 1658 sanctis
2607 1605 2716 1659 suis
2761 1603 2985 1674 alicujus
3029 1606 3205 1674 operis
3253 1604 3385 1674 justi
3416 1605 3434 1637 ⁸
3461 1604 3567 1659 ali-

1979 1693 2191 1763 quando
2211 1710 2316 1749 non
2341 1696 2574 1751 tribuere
2597 1696 2682 1752 vel
2707 1704 2909 1751 certam
2938 1698 3238 1765 scientiam,
3266 1697 3350 1753 vel
3377 1697 3564 1753 victri-

1976 1797 2093 1839 cem
2121 1784 2530 1842 delectationem
2546 1829 2561 1855 ,
2590 1793 2648 1842 ut
2666 1796 2994 1859 cognoscant
3016 1804 3122 1844 non
3144 1805 3173 1843 a
3200 1803 3259 1844 se
3279 1789 3409 1859 ipsis
3426 1831 3442 1858 ,
3466 1787 3567 1845 sed

1975 1876 2042 1930 ab
2083 1875 2172 1932 illo
2215 1877 2314 1932 sibi
2360 1893 2481 1935 esse
2529 1879 2738 1948 lucem,
2781 1894 2884 1952 qua
2928 1879 3296 1935 illuminentur
3326 1878 3565 1935 tenebrze

1973 1984 2160 2024 eorum
2185 2011 2200 2037 ,
2250 1979 2304 2026 et
2344 1972 2661 2028 suavitatem
2700 1985 2805 2044 qua
2834 1971 2924 2028 det
2952 1971 3182 2028 fructum
3227 1986 3382 2027 suum
3412 1978 3561 2026 terra

1971 2075 2176 2116 eorum.

2041 2155 2129 2208 53.
2161 2153 2295 2208 Cum
2324 2163 2502 2211 autem
2545 2155 2612 2212 ab
2657 2156 2750 2212 illo
2775 2157 2916 2213 illius
2943 2157 3265 2228 adjutorium
3290 2157 3556 2228 depreca-

1967 2259 2088 2299 mur
2110 2244 2177 2299 ad
2205 2244 2502 2301 faciendam
2545 2243 3034 2320 perﬁciendamque
3075 2248 3367 2318 justitiam,
3419 2246 3550 2318 quid

1965 2339 2108 2394 aliud
2134 2339 2504 2409 deprecamur,
2545 2355 2704 2411 quam
2731 2348 2789 2395 ut
2813 2341 3015 2411 aperiat
3059 2340 3199 2411 quod
3236 2339 3466 2406 latebat,
3502 2348 3558 2394 et

1965 2447 2128 2488 suave
2158 2433 2316 2488 faciat
2336 2434 2476 2504 quod
2511 2449 2620 2489 non
2646 2434 2979 2491 delectabat?
2999 2436 3120 2506 quia
3152 2443 3206 2490 et
3243 2425 3346 2488 hoc
3373 2432 3555 2489 abillo

1963 2539 2084 2580 esse
2112 2524 2507 2594 deprecandum
2528 2565 2544 2593 ,
2573 2525 2690 2596 ejus
2709 2530 2878 2596 gratia
2908 2526 3213 2590 didicimus,
3243 2524 3369 2580 dum
3390 2532 3556 2580 antea

1961 2615 2184 2682 lateret;
2217 2616 2334 2686 ejus
2374 2617 2544 2687 gratia
2579 2615 2883 2683 dileximus,
2910 2615 3036 2671 dum
3064 2627 3222 2672 antea
3258 2630 3370 2671 non
3397 2614 3553 2671 dele-

1961 2719 2131 2766 c1aret
2159 2728 2172 2764 :
2204 2720 2255 2764 ut
2275 2711 2360 2781 qui
2379 2711 2650 2784 gloriatur,
2671 2727 2779 2766 non
2809 2709 2863 2766 in
2891 2727 2967 2778 se,
2995 2711 3089 2768 sed
3117 2711 3171 2765 in
3195 2709 3417 2765 Domino
3437 2710 3554 2780 glo-

1959 2803 2135 2857 rielur.
2150 2802 2348 2858 Extolli
2368 2803 2562 2874 quippe
2588 2803 2641 2858 in
2667 2803 2994 2875 superbiam,
3014 2802 3245 2874 propriae
3261 2801 3552 2858 voluntatis

1959 2905 2041 2952 est
2068 2895 2341 2952 hominum
2363 2939 2377 2964 ,
2419 2913 2528 2952 non
2573 2898 2752 2968 Operis
2779 2897 2875 2952 Dei
2919 2915 2932 2951 :
2974 2913 3149 2968 neque
3174 2896 3317 2952 enim
3346 2895 3410 2950 ad
3441 2895 3548 2952 hoc

1959 3004 2054 3046 eos
2081 2991 2353 3060 compellit
2381 3001 2472 3045 aut
2491 2991 2710 3062 adjuvat
2733 2991 2893 3046 Deus.
2922 2989 3185 3046 Praecedit
3214 3005 3341 3061 ergo
3357 2991 3412 3046 in
3439 3005 3542 3046 vo-

1957 3078 2162 3138 luntate
2185 3081 2418 3137 hominis
2442 3083 2708 3154 appetitus
2725 3083 2940 3154 quidam
2973 3083 3200 3154 propria:
3226 3082 3506 3154 potestatis
3527 3123 3547 3154 ,

1957 3181 2017 3228 ut
2041 3173 2132 3228 fiat
2161 3173 2471 3230 inobediens
2499 3189 2594 3245 per
2620 3174 2946 3245 superbiam.
2979 3174 3077 3230 llic
3110 3184 3286 3230 autem
3333 3175 3548 3245 appeti-

1955 3272 2044 3322 tus
2066 3265 2226 3321 etiam
2275 3268 2296 3298 ³
2341 3267 2384 3321 si
2435 3283 2539 3321 non
2571 3277 2748 3335 esset,
2790 3267 2922 3321 nihil
2959 3267 3243 3323 molestum
3288 3276 3460 3334 esset;
3492 3272 3550 3322 et

1956 3372 2077 3414 cum
2098 3357 2202 3414 hoc
2229 3357 2398 3413 voluit
2428 3359 2609 3428 homo,
2637 3361 2754 3414 sine
2779 3357 3088 3414 difficultate
3116 3359 3378 3415 noluisset
3405 3375 3420 3411 :
3452 3374 3546 3414 se-

1956 3459 2135 3506 cutum
2163 3459 2246 3504 est
2271 3459 2446 3504 autem
2477 3466 2543 3506 ex
2564 3449 2740 3505 debita
2757 3450 2898 3522 justa
2927 3466 3082 3518 pmna
3110 3451 3212 3506 tale
3244 3451 3448 3518 vitium,
3483 3457 3544 3506 ut

1952 3541 2062 3614 jam
2087 3541 2366 3598 molestum
2394 3552 2534 3598 esset
2555 3543 2771 3599 obedire
2796 3544 3037 3614 justitiae.
3057 3543 3211 3610 Quod
3233 3543 3418 3599 vitium
3441 3543 3548 3599 nisi

1954 3637 2241 3708 adjuvante
2269 3639 2437 3709 gratia
2474 3647 2777 3708 superetur,
2808 3637 2876 3693 ad
2898 3637 3162 3708 justitiam
3209 3654 3366 3693 nemo
3409 3652 3547 3694 con-

1953 3732 2214 3800 vertitur;
2247 3730 2348 3785 nisi
2387 3738 2642 3800 Operante
2671 3730 2838 3800 gratia
2867 3739 3101 3795 sanetur,
3146 3729 3365 3799 justitia:
3411 3744 3548 3799 pace

1955 3837 2115 3878 nemo
2141 3821 2452 3894 perfruitur.
2487 3821 2648 3892 Cujus
2683 3831 2860 3875 autem
2905 3821 3072 3892 gratia
3118 3820 3354 3875 vincitur
3375 3828 3430 3875 et
3457 3835 3549 3875 sa-

1955 3923 2131 3979 natur,
2157 3914 2260 3968 nisi
2287 3913 2426 3968 illius
2454 3913 2537 3967 cui
2566 3911 2781 3977 dicitur,
2812 3911 3054 3966 Converte
3075 3929 3168 3966 nos
3187 3953 3202 3979 ,
3244 3910 3385 3966 Deus
3405 3912 3548 3966 sani-

1957 4014 2115 4059 tatum
2155 4015 2463 4069 nostrarum,
2495 4015 2540 4058 et
2564 4015 2728 4058 averte
2753 4004 2883 4057 irmn
2929 4013 3071 4058 tuam
3112 4021 3145 4058 α
3179 4002 3321 4058 nobis
3370 4001 3543 4076 (Psal.

1957 4114 2170 4165 Lxxxtv,
2195 4099 2285 4170 5)?
2310 4098 2461 4166 Quod
2479 4107 2533 4153 et
2557 4100 2600 4152 si
2631 4097 2776 4163 facit,
2809 4097 3175 4153 misericordia
3207 4097 3353 4164 facit,
3375 4106 3433 4151 ut
3459 4096 3544 4152 di-

1956 4201 2126 4256 catur,
2157 4189 2279 4244 Non
2305 4191 2577 4244 secundum
2601 4199 2805 4260 peccata
2833 4198 3004 4242 nostra
3030 4189 3148 4262 fecit
3179 4189 3321 4243 nobis
3343 4229 3356 4255 ,
3386 4203 3548 4257 neque

1956 4283 2232 4339 secundum
2259 4283 2547 4353 iniquitates
2577 4291 2776 4336 nostras
2819 4280 3048 4336 retribuit
3073 4281 3214 4336 nobis
3236 4279 3409 4352 (Ptol.
3436 4294 3546 4346 cn,

1957 4374 2071 4446 10).
2117 4375 2181 4428 Ει
2220 4373 2411 4445 quibus
2439 4389 2545 4428 non
2579 4373 2741 4441 facit,
2768 4371 2970 4444 judicio
2999 4388 3103 4427 non
3137 4371 3280 4428 facit.
3312 4372 3382 4426 Et
3423 4371 3547 4442 quis

1958 4465 2099 4521 dicet
2127 4465 2234 4532 illi,
2280 4464 2416 4533 Quid
2439 4462 2648 4529 fecisti,
2697 4464 2781 4518 cui
2812 4464 3178 4518 misericordia
3209 4472 3264 4518 et
3285 4462 3549 4533 judicium

1959 4559 2043 4630 pia
2068 4567 2372 4614 sanctorum
2403 4566 2582 4612 mente
2612 4556 2890 4611 cantatur?
2912 4556 3114 4611 Idcirco
3140 4556 3300 4611 etiam
3332 4565 3548 4612 sanctos

1958 4661 2012 4706 et
2039 4649 2222 4704 fideles
2253 4663 2376 4704 suos
2405 4649 2456 4702 in
2483 4648 2748 4718 aliquibus
2778 4647 2920 4701 vitiis
2967 4647 3170 4703 tardius
3198 4657 3380 4715 sanat,
3411 4657 3468 4702 ut
3493 4647 3551 4704 in

1957 4743 2042 4799 bis
2067 4759 2160 4799 eos
2184 4743 2359 4797 minus
2383 4758 2539 4813 quant
2571 4741 2854 4812 implenda:
2884 4759 2948 4796 ex
2973 4741 3117 4796 omni
3151 4751 3300 4811 parte
3325 4741 3550 4812 justitite

1958 4837 2174 4906 sufﬁcit,
2207 4836 2438 4892 delectet
2465 4836 2699 4901 bonum,
2731 4835 2844 4890 sive
2887 4851 3005 4889 cum
3055 4835 3222 4902 latet,
3267 4835 3380 4890 sive
3425 4850 3549 4891 cum
3597 4835 3603 4863 ³

1958 4932 2118 4988 etiam
2148 4927 2486 4986 manifestum
2514 4939 2600 4984 est
2631 4947 2643 4982 :
2678 4936 2733 4982 ut
2774 4937 3029 4998 quantum
3058 4927 3287 4997 pertinet
3312 4926 3378 4981 ad
3406 4926 3550 4983 inte-
3593 4955 3595 4958 -

1959 5024 2244 5096 gerrimam
2270 5021 2509 5092 regulam
2538 5019 2775 5074 veritatis
2818 5019 2968 5087 ejus,
3003 5033 3108 5072 non
3133 5016 3452 5086 justificetur
3495 5018 3551 5074 in

1959 5124 2249 5186 conspectu
2279 5113 2394 5184 ejus
2419 5112 2594 5168 omnis
2622 5111 2827 5166 vivens.
2857 5109 2966 5165 Nec
2996 5109 3047 5165 in
3076 5125 3141 5165 eo
3170 5109 3286 5180 ipso
3314 5111 3425 5165 vult
3451 5125 3550 5166 nos

1960 5207 2290 5265 damnabiles
2336 5220 2482 5269 esse,
2530 5205 2625 5260 sed
2671 5203 2934 5269 humiles,
2967 5203 3349 5258 commendans
3394 5204 3551 5260 nobis

1960 5300 2203 5358 eamdem
2246 5299 2473 5369 gratiam
2521 5312 2719 5352 suam:
2764 5312 2830 5351 ne
2861 5295 3166 5351 facilitatem
3209 5297 3263 5351 in
3300 5295 3567 5360 omnibus

1961 5393 2208 5458 assecuti,
2238 5402 2479 5447 nostrum
2510 5399 2758 5461 putemus
2805 5405 2925 5445 esse
2969 5389 3111 5461 quod
3160 5390 3274 5460 ejus
3304 5396 3420 5454 est;
3454 5386 3552 5458 qui

1961 5501 2113 5544 error
2135 5485 2359 5541 multum
2386 5493 2468 5542 est
2496 5483 2740 5554 religioni
2771 5482 3060 5555 pietatique
3087 5483 3407 5538 contrarius.
3437 5479 3551 5537 Nec

1963 5579 2083 5636 ideo
2111 5589 2287 5636 tamen
2314 5579 2368 5634 in
2396 5577 2600 5634 eisdem
2629 5577 2773 5633 vitiis
2796 5577 2949 5634 nobis
2978 5572 3396 5646 permanendum
3425 5587 3548 5631 esse

2025 5763 2041 5793 ι
2077 5761 2195 5811 Editi
2215 5796 2230 5821 ,
2245 5758 2502 5824 justitiam.
2526 5761 2825 5824 castigantur
2842 5758 3024 5811 auxilio
3054 5765 3136 5809 Ms.
3161 5757 3371 5814 Vaticani
3400 5755 3554 5811 uniti!

1961 5832 2014 5876 et
2034 5825 2416 5888 Cygirannensis.

2025 5890 2046 5920 ⁸
2066 5883 2128 5938 ’ὦ
2164 5895 2268 5940 Mss.
2295 5885 2538 5939 nonnullis
2553 5886 2716 5951 deest,
2738 5883 2900 5938 etiam.

3074 5974 3294 6050 ι’ΞίΞᾷ
