4074 6580
569 387 683 501 ἰιι

578 560 969 626 existimemus,
1000 555 1095 615 sed
1115 553 1370 611 adversus
1391 551 1560 623 ipsam
1582 548 1812 605 maxime
1833 543 2158 617 superbiam,

577 668 802 731 propter
825 670 982 727 quam
1004 655 1056 710 in
1077 652 1155 709 eis
1184 649 1550 717 humiliantur,
1571 655 1627 703 et
1652 658 1750 700 nos
1772 640 2054 714 vigilanter
2077 652 2168 693 co-

577 730 793 816 nemur,
819 760 873 806 et
901 749 1073 819 ipsum
1097 745 1452 818 deprecemur
1478 741 1747 806 ardenter,
1781 735 1939 792 simul
1969 730 2168 789 intelli-

579 851 773 913 gentes
795 849 851 896 et
869 838 1010 911 quod
1036 838 1114 895 sic
1133 852 1413 905 conamur,
1438 844 1493 892 et
1507 831 1649 908 quod
1681 831 1757 886 sic
1778 829 2129 899 deprecamur
2149 864 2165 890 ,

578 932 726 990 dono
742 931 882 988 illius
905 946 1003 989 nos
1022 932 1221 997 habere
1240 948 1257 988 :
1276 939 1333 986 ut
1346 930 1401 986 in
1420 927 1670 986 omnibus
1688 939 1791 981 non
1804 922 1870 977 ad
1887 936 1984 976 nos
1999 916 2171 989 respi-

579 1028 806 1091 cientes.
837 1027 932 1084 sed
958 1041 1171 1084 sursum
1194 1041 1288 1083 cor
1311 1025 1591 1089 habentes,
1614 1020 1840 1078 Domino
1858 1017 1968 1073 Deo
1984 1025 2168 1071 nostro

573 1118 777 1188 gratias
802 1134 1020 1191 agamus
1042 1159 1055 1184 ,
1083 1126 1281 1175 etcum
1303 1117 1614 1189 gloriamur,
1660 1114 1712 1169 in
1742 1112 1832 1167 illo
1855 1109 2163 1182 gloriemur.

656 1210 741 1265 CA
750 1209 882 1267 PUT
894 1208 1092 1266 XX.—
1106 1211 1195 1266 54.
1210 1210 1292 1264 Ad
1302 1219 1534 1281 quartam
1544 1208 1867 1280 qumtionem
1879 1200 2163 1275 respondet,

576 1301 803 1371 nullum,
832 1310 1038 1374 excepto
1062 1301 1284 1370 Christo,
1314 1302 1489 1375 fuisse,
1511 1299 1591 1356 vel
1618 1315 1722 1355 esse
1748 1314 1914 1369 posse,
1944 1295 2032 1367 qui
2053 1293 2169 1349 nu!—

577 1396 686 1450 lum
717 1394 898 1451 habeat
925 1406 1203 1467 peccatum.
1232 1394 1491 1463 Quartum
1516 1392 1630 1464 jam
1679 1391 1806 1447 illud
1832 1397 2029 1456 restat,
2062 1402 2167 1458 quo

578 1488 833 1558 explicito
864 1488 882 1521 ⁸
908 1497 1167 1560 quantum
1188 1488 1402 1558 adjuvat
1431 1485 1691 1542 Dominus
1708 1526 1724 1554 ,
1756 1496 1934 1540 sermo
1959 1494 2169 1552 quoque

575 1579 683 1636 iste
706 1590 814 1636 tam
837 1579 1072 1650 prolixus
1099 1578 1310 1636 tandem
1332 1578 1617 1634 terminum
1640 1585 1845 1642 sumat,
1870 1583 2053 1629 utrum
2078 1570 2169 1643 qui

574 1672 800 1731 omnino
815 1687 1084 1743 nunquam
1101 1673 1263 1728 ullum
1276 1681 1552 1746 peccatum
1567 1670 1809 1728 habuerit
1824 1668 2169 1723 habiturusve

576 1764 672 1831 sit,
692 1778 798 1820 non
817 1763 991 1821 solum
1016 1766 1295 1837 quisquam
1311 1774 1558 1822 natorum
1574 1764 1850 1820 hominum
1870 1762 1958 1828 sit,
1982 1774 2167 1816 verum

575 1856 742 1915 etiam
768 1858 1001 1930 potuerit
1025 1857 1313 1931 aliquando
1336 1871 1478 1925 esse,
1513 1856 1597 1914 vel
1625 1856 1809 1928 possit.
1844 1854 1997 1909 llunc
2024 1866 2170 1923 pror-

574 1965 674 2007 sus
696 1949 799 2007 nisi
828 1966 994 2007 unum
1015 1950 1368 2008 mediatorem
1391 1949 1491 2007 Dei
1510 1959 1565 2007 et
1590 1948 1867 2006 hominum
1894 1945 2167 2003 hominem

576 2041 848 2097 Christum
879 2041 1062 2099 Jesum
1083 2082 1099 2109 ,
1130 2042 1335 2110 nullum
1358 2043 1443 2097 vel
1468 2056 1587 2098 esse
1606 2084 1620 2108 ,
1652 2039 1738 2096 vel
1766 2038 1949 2103 fuisse,
1978 2038 2063 2094 vel
2088 2039 2169 2093 fu-

568 2140 755 2190 turum
781 2149 923 2204 esse,
950 2136 1311 2193 certissimum
1341 2144 1443 2194 est.
1486 2133 1640 2191 Unde
1672 2132 1785 2205 jam
1815 2132 1981 2187 multa
2024 2129 2167 2187 dixi-

568 2239 696 2282 mus
724 2224 793 2282 de
821 2226 1095 2298 Baptismo
1123 2226 1493 2299 parvulorum,
1526 2225 1616 2296 qui
1640 2225 1687 2280 si
1723 2223 1930 2278 nullum
1976 2237 2167 2293 pecca-

572 2324 689 2372 tum
716 2316 935 2387 habent,
966 2333 1074 2375 non
1100 2317 1273 2374 solum
1308 2327 1433 2373 sunt
1471 2317 1718 2371 homines
1753 2313 2169 2370 innumerabiles

568 2409 692 2467 sine
716 2419 972 2482 peccato;
1013 2426 1195 2467 verum
1233 2410 1394 2467 etiam
1423 2408 1675 2478 fuerunt,
1703 2416 1759 2464 et
1791 2415 1967 2463 erunt.
1998 2406 2168 2463 Porro

570 2499 620 2556 si
648 2500 912 2558 veraciter
938 2501 1072 2558 illud
1113 2501 1385 2568 constitit,
1436 2499 1576 2557 unde
1621 2498 1858 2555 secundo
1909 2498 2028 2554 loco
2056 2496 2169 2569 egi-

569 2604 717 2661 mus,
741 2590 1011 2650 neminem
1041 2607 1163 2649 esse
1189 2593 1307 2647 sine
1331 2599 1551 2663 peccato
1591 2589 1819 2662 (Supra,
1867 2605 1960 2644 nn.
1989 2588 2044 2657 8,
2070 2586 2165 2664 9);

573 2684 819 2758 profecto
844 2701 946 2743 nec
967 2686 1170 2757 parvuli
1196 2686 1314 2742 sine
1343 2694 1563 2758 peccato
1589 2692 1732 2741 sunt.
1764 2682 1843 2738 Ex
1872 2698 1979 2754 quo
2001 2681 2170 2738 conﬁ-

570 2781 734 2847 citur,
764 2781 866 2837 etsi
909 2780 1190 2853 quisquam
1221 2780 1274 2835 in
1303 2779 1403 2836 hac
1429 2780 1534 2835 vita
1588 2793 1709 2834 esse
1750 2776 2046 2847 potuisset,
2077 2774 2170 2847 qui

572 2875 774 2932 virtute
812 2874 885 2930 ita
930 2874 1301 2947 perﬁceretur,
1342 2884 1399 2929 ut
1434 2873 1502 2928 ad
1530 2880 1730 2929 tantam
1777 2868 2169 2941 plenitudinem

571 2966 793 3040 iustitia:
822 2967 1159 3039 perveniret,
1191 2982 1293 3039 qua
1321 2967 1523 3022 nullum
1549 2965 1769 3021 haberet
1794 2965 2015 3020 omnino
2046 2978 2170 3037 pec-

570 3068 750 3114 eatum
771 3101 788 3127 ,
812 3057 976 3115 fuisse
1006 3068 1183 3116 tamen
1214 3074 1338 3117 eum
1361 3066 1518 3115 antea
1553 3066 1917 3130 peccatorem,
1946 3055 2087 3112 unde
2114 3054 2170 3112 in

574 3146 738 3210 istam
770 3152 1060 3209 novitatem
1086 3153 1210 3209 vita:
1237 3155 1259 3186 ⁸
1286 3159 1708 3219 converteretur,
1732 3165 1838 3206 non
1865 3164 1988 3207 esse
2013 3149 2169 3205 dubi-

549 3232 821 3304 tandum.
853 3246 1065 3305 Etenim
1094 3246 1147 3302 in
1177 3247 1413 3303 secundo
1441 3247 1532 3302 illo
1560 3246 1681 3302 loco
1712 3245 1854 3301 aliud
1886 3243 2167 3316 quaereba-

569 3348 686 3407 tur,
715 3338 861 3396 aliud
886 3339 942 3395 in
968 3339 1071 3395 hoc
1094 3348 1286 3410 quarto
1320 3339 1653 3411 prepositum
1678 3347 1779 3393 est.
1809 3336 1939 3391 Nam
1965 3336 2020 3392 in
2042 3334 2132 3391 illo
2150 3377 2164 3403 ,

569 3440 756 3489 mrum
778 3431 974 3504 aliquis
999 3433 1054 3489 in
1080 3432 1181 3489 hac
1202 3433 1313 3489 vita
1339 3433 1405 3489 ad
1448 3430 1767 3505 perfectam,
1795 3447 1915 3503 quae
1946 3446 2169 3502 prorsus

569 3523 692 3582 sine
718 3522 830 3581 ullo
859 3534 1080 3597 peccato
1120 3534 1233 3592 est,
1270 3525 1433 3581 vitam
1481 3526 1784 3596 perveniret
1822 3540 1919 3595 per
1942 3525 2167 3596 gratiam

566 3612 707 3684 Del,
748 3613 925 3671 studio
959 3613 1287 3684 voluntatis,
1318 3614 1423 3683 hoc
1464 3615 1841 3687 requirebatur
1871 3614 1892 3647 ³
1921 3633 1935 3670 :
1964 3615 2019 3670 in
2066 3614 2170 3670 hoc

567 3716 752 3765 autem
772 3714 985 3779 quarto,
1012 3715 1187 3763 utrum
1217 3717 1361 3764 esset
1384 3708 1436 3763 in
1464 3707 1584 3763 ﬁliis
1606 3706 1905 3775 hominum,
1931 3708 2015 3763 vel
2040 3722 2163 3763 esse

568 3797 857 3871 potuisset,
884 3807 977 3857 aut
1004 3808 1187 3871 posset
1211 3798 1256 3868 ‘,
1298 3800 1388 3870 qui
1417 3815 1522 3855 non
1558 3816 1625 3856 ex
1655 3807 1876 3871 peccato
1906 3800 1972 3855 ad
1997 3799 2160 3870 justi-

566 3888 703 3947 tiam
724 3889 1167 3963 perfectissimam
1193 3891 1519 3963 perveniret,
1542 3890 1636 3947 sed
1664 3890 1811 3946 nullo
1830 3891 2050 3946 omnino
2077 3907 2169 3947 ua-

577 3997 743 4056 quam
771 3991 990 4054 peccato
1017 3992 1162 4041 esset
1183 3983 1494 4051 obstrictus,
1539 3983 1642 4039 hoc
1667 3985 1939 4054 quaeritur.
1968 3982 2093 4041 [deo
2121 3983 2169 4040 si

578 4078 672 4137 illa
699 4093 825 4136 vera
853 4086 1008 4143 sunt,
1039 4093 1161 4150 qua:
1196 4086 1307 4132 tam
1332 4078 1497 4133 multa
1542 4077 1613 4134 de
1641 4076 1874 4148 parvulis
1901 4076 2131 4133 diximus
2150 4119 2164 4145 ,

573 4184 681 4227 nec
721 4180 805 4226 est
843 4171 899 4226 in
931 4170 1053 4226 ﬁliis
1091 4168 1370 4225 hominum
1412 4170 1728 4242 quisquam,
1760 4184 1862 4228 nec
1884 4169 1983 4225 fuit
2006 4213 2021 4239 ,
2068 4186 2169 4228 nec

570 4262 699 4330 erit,
729 4271 954 4333 excepto
983 4276 1091 4318 uno
1118 4260 1435 4331 Mediatore,
1465 4261 1519 4317 in
1543 4276 1651 4333 quo
1678 4262 1835 4318 nobis
1859 4262 2167 4336 propitiatio

544 4363 632 4432 pet
654 4355 966 4426 justiﬁcatio
992 4355 1168 4427 posita
1193 4364 1308 4421 est,
1338 4370 1437 4429 per
1473 4370 1635 4427 quam
1663 4355 1828 4414 ﬁnitis
1872 4356 2167 4416 inimicitiis

564 4457 910 4522 peccatorum
936 4447 1353 4505 reconciliamur
1380 4447 1511 4503 Deo.
1539 4446 1658 4504 Non
1681 4447 1857 4520 itaque
1877 4448 1945 4504 ab
1964 4464 2025 4505 re
2050 4460 2130 4506 est
2146 4491 2162 4518 ,

567 4551 830 4614 quantum
883 4543 1135 4615 pnesenti
1176 4556 1352 4599 causa
1394 4538 1641 4599 sufﬁcere
1671 4540 1903 4610 videtur,
1951 4542 2018 4599 ah
2047 4542 2164 4613 ipso

567 4635 792 4695 exordio
812 4635 1027 4707 generis
1052 4634 1270 4691 humani
1298 4648 1466 4706 pauca
1508 4643 1753 4704 repetere
1774 4675 1789 4699 ,
1834 4633 2026 4704 quibus
2063 4633 2162 4689 ad-

567 4740 759 4782 versus
781 4726 1060 4797 quaedam,
1089 4740 1209 4797 quae
1252 4740 1472 4782 movere
1507 4733 1759 4796 possunt,
1790 4724 2017 4796 legentis
2042 4723 2161 4780 ani-

564 4831 690 4876 mus
710 4815 1045 4873 iuformetur.

547 4938 557 4965 ι
643 4908 869 4966 CAPUT
919 4907 1061 4964 XXI.
1102 4936 1177 4950 —
1213 4907 1303 4965 35.
1345 4905 1512 4961 Adam
1549 4894 1599 4962 et
1650 4903 1760 4961 Eva
1814 4921 1833 4961 :
1881 4905 2163 4963 obedientia

569 5004 764 5061 homini
815 5003 1129 5059 uehementer
1175 5000 1527 5056 commendata
1561 5016 1594 5054 a
1631 4998 1759 5055 Deo.
1806 4998 2160 5072 Posteaquam

566 5098 651 5156 illi
708 5097 866 5169 primi
914 5094 1191 5161 homines,
1244 5094 1326 5149 vir
1386 5107 1527 5150 unus
1576 5092 1787 5159 Adam,
1840 5100 1895 5148 et
1948 5105 2013 5148 ex
2068 5092 2161 5149 illo

568 5188 684 5245 Eva
714 5203 851 5245 uxor
873 5187 1025 5260 ejus,
1056 5194 1277 5258 accepto
1323 5184 1417 5241 Dei
1463 5195 1732 5256 prtecepto
1771 5199 1990 5242 servare
2031 5184 2163 5242 obe-

565 5281 826 5339 dientiam
854 5279 1172 5347 noluerunt,
1209 5278 1356 5351 justa
1396 5292 1492 5336 eos
1532 5292 1693 5351 paena
1733 5292 1796 5335 ac
1822 5276 2002 5335 debita
2031 5292 2161 5335 con-

541 5360 753 5437 :secuta
797 5384 897 5431 est.
932 5372 1024 5431 Sic
1056 5372 1198 5430 enim
1238 5372 1598 5431 comminatus
1627 5373 1812 5445 fuerat
1859 5371 2156 5443 Dominus,

541 5456 711 5545 ,quod
739 5485 806 5529 ea
829 5468 917 5527 die
940 5482 1044 5542 qua
1070 5468 1293 5525 vetitum
1311 5466 1490 5526 cibum
1512 5465 1767 5536 ederent,
1790 5476 1963 5524 morte
1984 5482 2160 5525 more.

627 5700 656 5795 ἔ
682 5692 1686 5821 tamaswaasastaeéasa
1705 5756 2058 5821 masne.
2077 5791 2084 5797 .

633 5822 655 5855 ⁸
682 5814 813 5887 Lor.)
837 5814 995 5887 stadio
1013 5817 1280 5881 natiuitatis,
1305 5815 1674 5884 requirebatur;
1695 5814 1881 5882 deleto,
1904 5814 2013 5885 hoc,
2026 5820 2156 5887 quod

562 5880 824 5940 hectoris
845 5883 982 5934 libris
998 5888 1176 5934 exstat.
1268 5880 1273 5881 ⁷
1373 5880 1383 5884 ⁷
1654 5880 1664 5884 ’
1722 5905 1728 5911 -

626 5943 649 5978 ⁸
679 5952 784 5997 Mss.
802 5948 1027 5999 omittunt
1044 5978 1061 6006 ,
1082 5950 1165 5995 aut
1182 5952 1354 6008 posset.

1215 434 1307 493 DE
1342 424 1805 491 PECCATORUM
1843 420 2120 483 MERITIS
2282 416 2708 490 REMTSSIONE,
2750 423 2807 480 S.
2850 416 3222 481 AUGUSTINI

2211 4525 2237 4539 \

3774 427 3873 486 ΠΩ

2280 548 2486 595 rentur.
2526 534 2757 596 Proinde
2800 543 2922 613 quia
2969 540 3153 598 utendi
3195 541 3262 597 ad
3305 557 3481 599 eseam
3530 545 3679 601 omni
3726 544 3870 615 ligno

2276 632 2419 705 quod
2447 634 2499 689 in
2530 636 2776 705 paradiso
2803 646 2937 704 erat,
2969 646 3284 708 acceperant
3313 647 3654 709 potestatem,
3681 638 3737 694 in
3762 657 3867 712 quo

2277 726 2437 783 etiam
2481 726 2682 801 lignum
2711 731 2832 785 vita:
2864 733 3199 802 plantaverat
3237 732 3412 800 Deus;
3456 735 3535 790 ah-
3563 734 3655 791 illo
3685 745 3867 792 autem

2264 819 2393 874 solo
2412 836 2505 876 eos
2529 821 2896 892 prohibuerat,
2921 823 3060 895 quod
3087 825 3374 896 appellavit
3396 826 3634 882 scientiae
3662 826 3791 883 boni
3819 837 3871 885 et

2276 912 2403 968 mali
2432 913 2579 986 (Gen.
2608 933 2680 982 ιι,
2713 915 2767 981 9,
2802 916 2867 973 16
2891 958 2905 983 ,
2940 918 3030 989 17)
3052 960 3065 983 ,
3098 933 3204 990 quo
3230 917 3869 990 nominesigniﬁcaretur

2276 1006 2620 1075 experientia:
2642 1008 3047 1079 consequentia,
3077 1017 3131 1066 et
3159 1009 3283 1081 quid
3311 1009 3438 1066 boni
3467 1011 3734 1067 custodita
3756 1054 3773 1080 ,
3818 1022 3867 1068 et

2276 1097 2405 1168 quid
2448 1099 2573 1155 mali
2601 1111 2782 1158 essent
2812 1111 3144 1173 transgressa
3191 1103 3551 1173 prohibitione
3596 1105 3815 1159 sensuri
3853 1122 3865 1158 :

2275 1200 2424 1248 recte
2467 1192 2707 1263 profecto
2760 1194 3128 1267 intelliguntur
3167 1204 3290 1252 ante
3335 1195 3627 1267 malignam
3669 1195 3871 1252 diaboli

2276 1287 2677 1356 persuasionem
2702 1287 3023 1345 abstinuisse
3053 1289 3173 1345 cibo
3199 1291 3380 1357 vetito,
3408 1298 3569 1361 atque
3591 1291 3673 1345 usi
3701 1288 3873 1346 fuisse

2277 1379 2551 1435 concessis
2570 1422 2583 1445 ,
2614 1397 2678 1436 ac
2720 1396 2815 1451 per
2856 1381 2957 1437 hoc
2986 1391 3040 1438 et
3069 1384 3311 1451 caeteris,
3343 1392 3400 1439 et
3428 1384 3699 1455 praecipue
3726 1384 3870 1455 ligno

2276 1470 2420 1526 vitae.
2439 1470 2575 1540 Quid
2597 1472 2738 1529 enim
2756 1473 3059 1543 absurdius,
3089 1490 3248 1545 quam
3271 1483 3328 1530 ut
3347 1471 3636 1531 credantur
3661 1492 3730 1532 ex
3753 1477 3873 1533 aliis

2277 1564 2557 1621 arboribus
2582 1566 2831 1623 alimenta
2861 1568 3185 1638 sumpsisse,
3217 1585 3322 1625 non
3366 1577 3545 1626 autem
3591 1569 3759 1626 etiam
3807 1585 3870 1627 ex

2275 1659 2369 1717 illo
2392 1658 2535 1732 quod
2565 1669 2620 1715 et
2660 1661 2905 1717 similiter
2940 1662 3262 1733 permissum
3302 1664 3510 1732 fuerat,
3541 1674 3598 1719 et
3639 1663 3872 1720 utilitate

2275 1751 2545 1824 praecipua
2582 1768 2680 1824 per
2704 1764 2921 1810 aetatum
2963 1754 3133 1812 labem
3166 1756 3359 1811 mutari
3390 1755 3429 1824 ',
3472 1755 3727 1827 quamvis
3754 1758 3871 1813 ani—

2274 1846 2435 1902 malia
2465 1861 2714 1918 corpora,
2745 1856 2907 1920 atque
2936 1849 2988 1903 in
3032 1858 3259 1906 mortem
3290 1859 3625 1907 veterascere
3655 1865 3768 1906 non
3794 1851 3868 1906 si-

2274 1937 2466 2008 nebat,
2496 1939 2736 1997 tribuens
2778 1941 2881 1997 hoc
2911 1943 3121 2013 corpori
3165 1943 3396 1998 humano
3421 1943 3488 1999 de
3513 1959 3613 1999 suo
3642 1956 3875 2013 corpore

2273 2032 2633 2102 beneﬁcium,
2679 2044 2734 2091 et
2779 2035 3003 2106 mystica
3057 2036 3446 2107 signiﬁcatione
3486 2035 3874 2092 demonstrans

2275 2125 2403 2196 quid
2431 2142 2529 2198 per
2552 2126 2891 2198 sapientiam,
2923 2126 3075 2199 cujus
3107 2127 3327 2199 ﬁguram
3363 2129 3627 2200 gestabat,
3658 2125 3877 2184 confer-

2273 2227 2424 2276 retur
2448 2218 2643 2274 animze
2667 2218 2950 2285 rationali,
2979 2228 3037 2275 ut
3065 2220 3318 2276 alimento
3339 2219 3456 2291 ejus
3483 2220 3754 2276 viviﬁeata
3782 2236 3877 2278 nc-

2276 2326 2547 2383 quaquam
2587 2311 2640 2366 in
2667 2310 2842 2367 labem
2889 2321 3226 2384 mortemque
3250 2311 3502 2384 nequitia:
3527 2308 3873 2368 verteretur?

2274 2404 2463 2462 Merito
2492 2404 2636 2462 enim
2681 2404 2750 2461 de
2788 2405 2877 2460 illa
2910 2404 3125 2471 dicitur,
3171 2404 3390 2478 Liguum
3429 2408 3543 2461 riae
3566 2416 3640 2460 est
3669 2406 3873 2478 (ιηιριε-

2274 2499 2523 2557 ctentibus
2562 2515 2672 2554 eam
2718 2496 2899 2571 (Prov.
2951 2513 3042 2565 ιιι,
3096 2495 3206 2570 l8).
3252 2496 3403 2554 Siettt
3451 2497 3783 2554 htec'arbor
3820 2497 3876 2554 in

2274 2590 2574 2662 corporali,
2604 2590 2681 2645 sic
2710 2587 2800 2644 illa
2828 2590 2880 2644 in
2911 2589 3172 2660 spirituali
3213 2590 3460 2660 paradiso
3507 2608 3520 2645 :
3568 2591 3671 2647 ista
3717 2600 3876 2647 exte-

2273 2682 2455 2750 rioris,
2488 2682 2575 2737 illa
2605 2681 2876 2738 interioris
2906 2681 3137 2737 hominis
3164 2683 3410 2738 sensibus
3445 2684 3694 2754 praebens
3718 2683 3873 2755 vigo-

2274 2790 2413 2841 rem,
2462 2773 2732 2856 sine'ulla
2780 2775 2834 2829 in
2881 2774 3117 2831 deterius
3152 2775 3409 2846 temporis
3449 2778 3877 2834 commutatione

2274 2869 2513 2926 vitalem.
2535 2867 2851 2926 Serviebant
2880 2867 3043 2940 igitur
3065 2866 3191 2937 Deo,
3226 2869 3576 2926 vehementer
3599 2870 3705 2926 sibi
3733 2886 3878 2929 οοω·

2275 2963 2526 3021 mandata
2575 2964 2772 3035 pietate
2815 2963 3164 3032 obedientire,
3196 2979 3298 3034 qua
3343 2979 3447 3020 una
3477 2964 3672 3021 colitur
3705 2966 3874 3022 Deus.

2276 3057 2407 3128 Quae
2425 3074 2520 3130 per
2548 3074 2607 3114 se
2629 3059 2743 3130 ipsa
2773 3067 2969 3130 quanta
2982 3059 3080 3125 sit,
3104 3073 3371 3129 quantque
3401 3059 3513 3114 sola
3540 3058 3781 3116 sufﬁciat
3807 3059 3876 3117 ad

2275 3151 2529 3209 tuendam
2559 3152 2871 3208 rationalem
2917 3151 3019 3209 sub
3067 3153 3327 3210 Creatore
3371 3163 3709 3223 creaturam,
3762 3170 3877 3213 non

2274 3246 2451 3317 potuit
2475 3247 2821 3303 excellentius
2850 3247 3085 3302 intimari
3108 3288 3123 3314 ,
3164 3263 3323 3319 quam
3355 3257 3414 3304 ut
3450 3263 3479 3302 a
3519 3248 3660 3321 ligno
3687 3248 3877 3321 prohi-

2272 3332 2533 3394 berentur
2563 3354 2670 3394 non
2716 3338 2877 3394 malo.
2911 3338 3064 3394 Absit
3093 3339 3235 3396 enim
3266 3352 3323 3396 ut
3350 3340 3613 3396 bonorum
3643 3340 3878 3400 Creator

2278 3431 2371 3503 qui
2401 3429 2525 3487 fecit
2551 3432 2728 3488 omnia
2746 3474 2761 3500 ,
2791 3442 2836 3487 et
2865 3448 2976 3487 ecce
3006 3435 3137 3488 bona
3164 3433 3311 3489 rulae
3341 3432 3495 3503 (Gen.
3522 3450 3565 3500 I,
3589 3432 3707 3506 51),
3740 3436 3878 3492 mali

2274 3523 2476 3595 aliquid
2506 3525 2558 3579 in
2591 3524 2734 3581 illius
2776 3526 2937 3582 etiam
2967 3527 3265 3597 corporalis
3307 3528 3541 3598 paradisi
3587 3528 3878 3587 fertilitate

2275 3615 2563 3687 plantaret.
2593 3617 2696 3675 Sed
2724 3627 2783 3676 ut
2811 3619 3188 3676 ostenderetur
3218 3620 3443 3690 homini,
3471 3621 3554 3677 cui
3584 3633 3733 3679 esset
3771 3623 3879 3679 sub

2274 3708 2367 3763 tali
2396 3708 2622 3766 Domino
2651 3710 2929 3767 utilissima
2959 3713 3191 3768 servitus
3210 3753 3224 3777 ,
3247 3696 3504 3785 quantum
3533 3724 3677 3771 esset
3701 3715 3879 3777 solius

2275 3799 2594 3858 obedientiae
2622 3801 2843 3870 bonmn,
2878 3819 3041 3875 quam
3072 3803 3242 3861 solam
3266 3804 3334 3861 de
3358 3803 3560 3863 famulo
3589 3817 3874 3880 exegerat,

2273 3894 2360 3949 cui
2388 3893 2607 3952 obedire
2638 3911 2743 3951 non
2772 3904 2991 3967 propter
3020 3897 3189 3967 ipsius
3208 3896 3570 3965 dominatum,
3603 3899 3700 3956 sed
3748 3914 3880 3970 pro-

2273 3995 2395 4059 pter
2420 3987 2707 4045 servientis
2740 3988 2771 4021 "
2821 3989 3103 4046 utilitatem
3152 3991 3331 4063 potius
3357 3993 3671 4064 expediret;
3701 3992 3775 4049 ab
3808 4011 3879 4051 eo

2272 4077 2419 4151 ligno
2458 4090 2585 4136 sunt
2623 4079 2903 4152 prohibiti,
2931 4097 3039 4154 quo
3064 4083 3109 4140 si
3137 4094 3414 4143 uterentur
3440 4100 3546 4143 non
3571 4086 3876 4160 prohibiti,

2272 4173 2407 4229 nihil
2460 4174 2586 4230 mali
2634 4174 2851 4231 omnino
2898 4186 3207 4248 paterentur
3256 4196 3271 4233 :
3316 4188 3375 4236 ut
3417 4180 3558 4252 quod
3610 4181 3703 4237 illo
3749 4194 3882 4255 post

2272 4264 2689 4339 prohibitionem
2735 4280 2945 4326 utentes
2985 4272 3124 4340 passi
3166 4282 3323 4340 sunt,
3374 4274 3502 4329 satis
3541 4273 3882 4347 intelligere-

2272 4364 2361 4412 tur
2385 4357 2529 4429 quod
2559 4359 2638 4414 eis
2669 4358 2770 4415 hoc
2800 4375 2904 4415 non
2934 4361 3174 4417 intulerit
3200 4362 3362 4419 arbor
3386 4364 3506 4420 cibo
3547 4364 3711 4422 noxio
3743 4381 3880 4438 per-

2270 4448 2473 4505 niciosa
2493 4490 2509 4516 ,
2542 4449 2636 4505 sed
2665 4459 2870 4508 tantum
2898 4450 3207 4509 obedientia
3235 4454 3451 4510 violata.

2340 4543 2571 4602 CAPUT
2611 4544 2779 4602 XXII.
2820 4576 2893 4588 —
2948 4548 3036 4604 56.
3088 4546 3267 4605 Statua
3312 4548 3528 4607 hominis
3574 4561 3693 4606 ante
3746 4570 3878 4624 pec-

2268 4651 2459 4698 catam.
2518 4640 2667 4698 Hanc
2724 4658 2851 4714 ergo
2912 4643 3223 4715 priusquam
3293 4643 3618 4713 violassent,
3686 4647 3877 4718 place.

2266 4734 2397 4791 bant
2435 4736 2580 4803 Deo,
2610 4745 2665 4792 et
2704 4736 2947 4808 placebat
2972 4738 3050 4793 eis
3090 4738 3265 4804 Deus;
3296 4749 3353 4796 et
3395 4741 3639 4811 quamvis
3665 4756 3876 4814 corpus

2266 4831 2499 4888 animale
2524 4841 2834 4904 gestarent,
2867 4832 2997 4887 nihil
3027 4832 3343 4892 inobediens
3370 4836 3421 4894 in
3449 4836 3539 4892 illo
3574 4835 3876 4896 adversum

2265 4942 2325 4983 se
2349 4926 2553 4983 moveri
2576 4926 2895 4983 sentiebant.
2921 4922 3173 4985 Faciebat
3196 4928 3393 5001 quippe
3419 4930 3520 4986 hoc
3542 4929 3676 4988 ordo
3696 4930 3876 5005 justi-

2267 5020 2376 5087 ﬁm,
2404 5027 2465 5081 ut
2487 5021 2611 5092 quia
2640 5035 2827 5077 eorum
2857 5024 3031 5079 anima
3058 5020 3317 5079 famulum
3349 5038 3544 5096 corpus
3569 5009 3876 5085 a'Domino

2264 5123 2586 5184 acceperat,
2631 5112 2770 5169 sicut
2820 5113 2936 5187 ipsa
2979 5114 3155 5173 eidem
3196 5114 3424 5174 Domino
3476 5132 3613 5183 suo,
3656 5119 3734 5174 ita
3786 5121 3875 5179 illi

2263 5220 2460 5276 corpus
2486 5208 2601 5279 ejus
2630 5205 2907 5276 obediret,
2937 5216 3098 5279 atque
3142 5209 3422 5266 exhiberet
3445 5211 3567 5265 vitae
3609 5209 3687 5265 illi
3726 5225 3875 5270 con-

2260 5294 2454 5373 gruum
2486 5300 2603 5357 sine
2630 5300 2741 5358 ulla
2779 5302 3083 5359 resistentia
3124 5302 3457 5359 famulatum.
3488 5302 3624 5359 Hinc
3649 5312 3707 5359 et
3732 5307 3873 5366 nudi

2261 5402 2439 5462 erant,
2470 5403 2526 5451 et
2553 5410 2660 5449 non
2686 5394 3169 5452 confundebantur.
3195 5396 3440 5452 Animam
3471 5398 3670 5468 quippe
3702 5405 3877 5455 ratio-

2262 5488 2441 5545 nalem
2492 5487 2719 5544 naturali
2778 5488 3103 5546 verecundia
3160 5503 3302 5544 nunc
3350 5488 3549 5561 pudet,
3609 5492 3757 5562 quod
3814 5494 3872 5549 in

2258 5596 2446 5664 carne,
2476 5583 2531 5639 in
2556 5582 2708 5654 cujus
2733 5582 3043 5640 servitutem
3068 5581 3158 5655 jus
3180 5582 3456 5654 potestatis
3479 5584 3693 5655 accepit
3711 5626 3729 5648 ,
3761 5594 3877 5643 ue-

2260 5676 2374 5734 scio
2401 5691 2506 5748 qua
2528 5675 2837 5733 inﬁrmitate
2862 5673 3075 5733 efﬁcere
3107 5690 3215 5731 non
3242 5684 3437 5746 potest,
3471 5684 3528 5731 ut
3552 5690 3610 5732 se
3635 5677 3877 5735 nolente

2323 5885 2342 5914 ι
2377 5878 2484 5931 Sola
2503 5878 2652 5930 editio
2681 5884 2813 5944 Lov.,
2832 5891 2918 5944 per
2955 5881 3149 5944 amatam
3176 5875 3365 5944 lapsam
3380 5874 3581 5944 puttari.

2323 5944 2346 5976 ³
2376 5949 2427 5994 ιιι
2465 5938 2806 6006 manuscriptis
2829 5938 2909 5993 vel
2942 5946 3049 6002 est,
3075 5938 3288 6005 clientis;
3313 5938 3427 6003 vel,
3449 5938 3638 5993 amatr.
