3984 6586
390 796 415 1001 ἴ

480 455 586 514 175

480 567 784 644 cipiendum
810 563 1104 630 mundavit,
1131 571 1224 618 aut
1246 558 1585 631 suscipiendo
1615 557 1909 614 mandavit.
1942 556 2067 614 Ideo

483 661 755 734 Virginem
773 666 1021 724 matrem,
1043 668 1151 709 non
1167 654 1289 724 lege
1315 654 1492 708 carnis
1512 652 1739 722 peccati,
1759 650 1813 705 id
1840 657 1943 717 est,
1964 664 2069 704 non

388 768 404 821 1
479 751 924 826 concupiscentiae
956 746 1183 804 carnalis
1227 755 1376 802 motu
1402 745 1789 815 concipientem
1819 784 1833 809 ,
1865 742 1959 798 sed
1986 742 2071 812 pia

480 846 587 903 ﬁde
613 846 632 878 ⁸
662 852 901 899 sanctum
928 854 1149 912 germen
1169 838 1224 894 in
1248 852 1307 894 se
1328 837 1441 894 ﬁeri
1471 845 1884 908 promerentem,
1912 850 2071 905 quam

481 940 705 1010 eligeret
747 934 1024 1003 creavit’,
1054 934 1124 990 de
1168 949 1271 1005 qua
1313 942 1587 989 crearetur
1632 931 1808 1003 elegit.
1860 929 2070 998 Quanto

480 1032 651 1102 magis
676 1045 804 1100 ergo
843 1044 971 1084 caro
997 1028 1202 1099 peccati
1237 1026 1554 1098 baptizauda
1585 1034 1667 1081 est
1694 1033 1912 1095 propter
1940 1039 2069 1079 eva-

416 1110 417 1113 “
478 1122 714 1179 dendum
741 1123 761 1153 ³
787 1121 1082 1191 judicium,
1129 1119 1175 1174 si
1222 1117 1489 1189 baptizata
1518 1127 1601 1172 est
1642 1132 1766 1172 caro
1795 1118 1911 1171 sine
1943 1130 2069 1186 pec-

475 1224 599 1272 cato
628 1223 849 1285 propter
879 1211 1189 1267 imitationis
1217 1209 1556 1280 exemplum?

550 1304 781 1363 CAPUT
816 1303 986 1360 XXV.
1010 1332 1080 1345 -—-
1105 1302 1194 1359 39.
1222 1301 1447 1373 Objectio
1470 1299 1885 1373 Pelagianorum.
1910 1298 2065 1368 Quod

477 1406 656 1454 autem
704 1411 864 1466 supra
894 1395 1269 1466 respondimus
1303 1392 1559 1448 adversus
1600 1407 1694 1447 eos
1729 1392 1818 1462 qui
1847 1391 2067 1457 dicunt,

478 1490 544 1547 Si
571 1498 807 1563 peccator
831 1490 1001 1562 genuit
1038 1498 1384 1557 peccatorem,
1423 1487 1599 1557 justus
1638 1502 1833 1558 quoque
1866 1486 2071 1557 justum

474 1582 680 1653 gignere
717 1580 886 1635 debuit
922 1578 1141 1652 (Supra,
1174 1596 1227 1633 η.
1256 1576 1345 1650 11)
1370 1593 1384 1630 :
1421 1577 1522 1634 hoc
1549 1578 1711 1633 etiam
1737 1576 1821 1632 bis
1844 1592 2068 1646 respon-

475 1673 694 1739 demus,
732 1671 820 1742 qui
847 1670 1066 1739 dicunt,
1106 1670 1176 1726 de
1200 1670 1417 1743 homine
1446 1670 1712 1739 baptizato
1743 1677 1927 1723 natum
1953 1667 2067 1738 jam

475 1766 625 1819 velut
663 1763 991 1834 baptizatum
1016 1763 1198 1818 haberi
1229 1762 1499 1818 debuisse.
1535 1761 1637 1816 Cur
1665 1763 1798 1816 enim
1822 1778 1953 1827 non,
1983 1761 2068 1814 in-

476 1857 668 1928 quiunt
687 1898 701 1922 ,
732 1856 786 1910 in
813 1855 995 1911 lumbis
1024 1850 1182 1926 patris
1206 1856 1285 1910 sui
1314 1856 1478 1927 potuit
1504 1855 1783 1924 baptizari,
1811 1855 1855 1909 si
1884 1870 2067 1908 secunv

478 1950 600 2004 dum
635 1950 916 2022 Epistolam
941 1966 1053 2022 qua:
1075 1950 1145 2003 ad
1184 1948 1426 2005 Hebraeos
1454 1951 1645 2021 scripta
1672 1959 1772 2017 est,
1801 1951 1854 2004 in
1888 1949 2070 2005 lumbis

476 2042 695 2096 Abralue
720 2042 844 2096 Levi
870 2042 1030 2113 potuit
1068 2042 1306 2107 decimari
1347 2040 1539 2114 (Hebr.
1582 2058 1684 2108 Vit,
1720 2041 1776 2107 9,
1804 2041 1927 2113 10)?
1955 2041 2070 2097 Hoc

474 2135 566 2203 qui
607 2133 813 2200 dicunt,
841 2133 1120 2189 attendant
1148 2150 1252 2189 non
1281 2145 1563 2204 propterea
1594 2135 1721 2189 Levi
1751 2143 1930 2205 postea
1960 2150 2065 2190 non

471 2206 639 2279 fuisse
663 2224 1006 2292 decimatum,
1034 2225 1160 2295 quia
1182 2225 1292 2296 jam
1320 2224 1494 2280 fuerat
1519 2225 1812 2281 decimatus
1848 2226 1901 2281 in
1925 2226 2068 2281 lum-

472 2317 557 2373 bis
587 2317 849 2384 Abrahac;
879 2317 975 2374 sed
1016 2318 1140 2389 quia
1188 2319 1267 2374 sic
1294 2319 1571 2374 ordinatus
1609 2329 1693 2375 est
1736 2320 1940 2376 honore
1982 2335 2069 2375 sa-

471 2413 714 2478 cerdotii,
739 2422 799 2468 ut
817 2413 1087 2484 acciperet
1105 2413 1362 2480 decimas,
1381 2428 1487 2468 non
1505 2414 1773 2485 praeberet
1796 2431 1810 2468 :
1833 2414 2067 2484 alioquin

471 2520 572 2561 nec
595 2506 773 2561 caueri
806 2503 1003 2561 fratres
1025 2505 1166 2575 ejus,
1191 2506 1279 2576 qui
1304 2505 1355 2560 ei
1381 2505 1710 2575 praebebant,
1736 2505 2069 2562 decimaren-

470 2604 578 2666 tur,
601 2598 725 2669 quia
752 2606 806 2653 et
831 2597 931 2666 ipsi
952 2596 1008 2652 in
1034 2596 1229 2653 lumbis
1247 2596 1480 2652 Abraha:
1496 2612 1526 2652 a
1548 2597 1939 2655 Melchisedech
1953 2597 2067 2670 jam

470 2686 685 2743 fuerant
708 2688 977 2747 decimati.

543 2778 634 2834 40.
665 2777 772 2835 Sed
810 2794 883 2834 ne
915 2779 1038 2850 quis
1074 2778 1259 2851 dicat,
1310 2788 1591 2850 propterea
1639 2787 1785 2836 recte
1831 2780 2069 2850 potuisse

470 2870 701 2927 Abrahae
733 2870 873 2927 ﬁlios
900 2871 1177 2938 decimari,
1207 2873 1577 2944 quamvisjam
1605 2872 1831 2929 fuissent
1855 2874 1909 2929 in
1932 2874 2070 2929 lum-

470 2961 556 3019 bis
583 2964 753 3036 patris
779 2963 865 3019 sui
888 2963 1138 3020 decimati
1159 3005 1176 3032 ,
1204 2965 1326 3035 quia
1355 2963 1639 3021 dccimatio
1671 2966 1790 3021 talis
1814 2981 1904 3023 res
1927 2974 2063 3035 erat,

469 3070 589 3126 quae
614 3055 671 3111 in
695 3069 1019 3128 unoquoque
1044 3054 1264 3112 homine
1287 3070 1431 3127 saepe
1460 3056 1631 3112 fuerat
1646 3055 1940 3123 facienda‘,
1962 3058 2068 3113 sic-

470 3157 530 3203 ut
549 3148 803 3205 lsraelita:
824 3150 982 3205 annis
1002 3148 1251 3205 omnibus
1268 3191 1284 3217 ,
1310 3149 1418 3205 imo
1435 3165 1504 3206 ex
1524 3149 1780 3207 fructibus
1819 3151 2065 3207 omnibus

374 3245 381 3251 '
467 3240 705 3297 decimas
731 3250 843 3297 tota
867 3241 975 3298 vita
1004 3256 1100 3298 sua
1124 3241 1341 3297 crebras
1362 3242 1539 3297 solent
1564 3242 1804 3312 praabere
1831 3240 2062 3309 Levitis;

468 3332 801 3406 Baptismum
832 3340 1010 3389 autem
1037 3334 1141 3389 tale
1164 3343 1558 3390 sacramentum
1586 3349 1706 3390 esse
1730 3334 1871 3405 quod
1895 3334 2064 3391 semel

468 3423 645 3491 datur,
676 3430 731 3481 et
752 3424 799 3480 si
827 3425 936 3496 jam
962 3424 1066 3481 hoc
1088 3434 1371 3496 acceperat
1397 3424 1654 3496 quisque,
1683 3442 1806 3481 cum
1832 3427 1884 3480 in
1913 3435 2063 3498 patre

467 3531 567 3573 suo
596 3523 772 3583 esset,
821 3516 1035 3573 nonnisi
1078 3516 1401 3587 baptizatum
1449 3517 1612 3573 fuisse
1665 3516 2061 3589 deputandum,

464 3624 587 3666 cum
619 3610 689 3666 de
722 3610 816 3666 illo
841 3611 929 3681 qui
954 3609 1254 3681 baptizatus
1279 3610 1451 3666 luerat
1477 3616 1803 3682 gigneretur.
1833 3610 1933 3678 Qui
1962 3611 2063 3667 hoc

464 3701 597 3758 dicit
628 3701 718 3774 (ne
761 3701 854 3757 diu
892 3699 1213 3775 disputem),
1261 3701 1723 3758 circumcisionem
1770 3703 2058 3773 respiciat,

464 3809 588 3864 qua:
618 3793 788 3850 semel
813 3792 993 3860 ﬁebat,
1024 3802 1080 3850 et
1099 3801 1283 3851 tamen
1303 3793 1357 3849 in
1378 3794 1601 3866 singulis
1626 3795 1933 3866 singillatim
1962 3795 2059 3852 ﬁe-

463 3885 577 3941 bat.
602 3883 751 3942 Sicut
778 3901 905 3956 ergo
931 3894 1175 3958 tempore
1212 3886 1356 3943 illius
1381 3888 1701 3944 sacramenti
1731 3887 1800 3944 de
1826 3889 2058 3945 circum-

469 3976 582 4031 ciso
602 3977 693 4046 qui
724 3986 1056 4045 nasceretur,
1069 3977 1533 4034 circumcidendus
1557 3979 1652 4035 fuit
1676 3997 1689 4033 :
1716 3980 1798 4036 sie
1823 3996 1965 4038 nunc
1990 3980 2059 4037 de

462 4067 735 4140 baptizato
763 4070 852 4140 qui
877 4079 1035 4126 natus
1059 4069 1236 4138 fuerit,
1265 4071 1613 4141 baptizandus
1637 4081 1739 4128 est.

531 4161 622 4218 41.
651 4163 722 4216 At
744 4161 887 4216 enim
912 4161 1203 4232 Apostolus
1227 4162 1329 4225 ait,
1362 4161 1489 4234 Eilii
1514 4164 1664 4218 uestri
1701 4165 1948 4221 immundi
1974 4183 2056 4223 es-

461 4261 590 4316 sent,
614 4268 750 4306 nunc
783 4261 951 4307 autem
975 4254 1140 4308 sancti
1165 4262 1285 4308 sunt
1313 4253 1361 4321 (l
1384 4254 1504 4309 Cor.
1542 4270 1647 4322 vn,
1681 4254 1772 4328 Ui)
1799 4274 1813 4311 :
1845 4266 1891 4312 et
1918 4258 2052 4326 ideo,

462 4336 726 4415 inquiunt,
751 4345 982 4414 ﬁdelium
1007 4345 1105 4416 ﬁlii
1117 4345 1235 4417 jam
1261 4344 1509 4417 baptizari
1534 4346 1741 4402 minime
1759 4348 2053 4405 debuerunt.

461 4435 625 4493 Miror
650 4436 753 4493 hoc
782 4437 982 4505 dicere,
1016 4438 1109 4509 qui
1137 4447 1332 4509 negant
1357 4448 1634 4510 peccatum
1661 4454 1726 4495 ex
1753 4439 1925 4497 Adam
1946 4442 2056 4497 ori-

457 4530 707 4601 ginaliter
731 4531 889 4586 trahi.
918 4531 975 4587 Si
1013 4532 1157 4587 enim
1196 4531 1334 4589 hanc
1355 4533 1595 4603 Apostoli
1625 4535 1945 4590 sententiam
1974 4540 2054 4592 sic

457 4623 759 4693 accipiunt,
802 4631 862 4678 ut
890 4623 1111 4679 credant
1133 4622 1202 4679 de
1230 4623 1476 4681 fidelibus
1513 4626 1873 4683 sanctiﬁcatos
1910 4628 2053 4685 ﬁlios

456 4715 629 4780 nasci,
661 4730 757 4768 cur
781 4730 877 4771 cos
906 4716 1066 4770 etiam
1111 4718 1211 4788 ipsi
1241 4717 1497 4787 baptizari
1522 4730 1775 4790 oportere
1817 4737 1925 4777 non
1950 4723 2053 4779 du-

457 4803 663 4858 bitant?
702 4804 808 4860 Cur
834 4805 1064 4876 denique
1102 4807 1292 4862 nolunt
1317 4808 1471 4864 fateri
1497 4810 1567 4866 de
1604 4822 1826 4883 parente
1862 4829 2051 4885 pecca-

457 4904 575 4950 tore
600 4895 813 4965 aliquod
836 4905 1110 4965 pcccatum
1133 4898 1463 4969 originaliter
1490 4902 1649 4968 trahi,
1691 4903 1737 4959 si
1766 4904 1834 4961 de
1860 4916 2047 4965 sancto

455 4986 634 5057 aliqua
674 4987 928 5043 sanctitas
956 4987 1215 5044 imbitur?
1262 4989 1330 5045 Et
1353 5001 1537 5048 contra
1562 5003 1799 5050 nostram
1830 4997 2043 5069 quidem

453 5094 564 5134 non
583 5088 673 5136 ost
695 5080 1081 5151 assertionem,
1113 5083 1321 5140 etiamsi
1351 5100 1416 5141 ex
1448 5085 1693 5143 ﬁdelibus
1720 5092 1890 5147 sancti
1912 5108 2044 5164 pro-

452 5180 735 5242 pagantur,
764 5173 906 5244 quod
929 5189 1024 5231 eos
1054 5174 1300 5246 dicimus,
1329 5178 1373 5233 si
1402 5195 1519 5261 non~
1538 5180 1890 5254 baptizantur,
1916 5202 2043 5258 per-

449 5278 577 5335 gere
606 5264 658 5319 in
685 5264 1105 5337 damnationem,
1126 5269 1319 5340 quibus
1344 5279 1398 5326 et
1419 5271 1518 5342 ipsi
1538 5288 1761 5345 regnum
1782 5278 2040 5338 caelorum

447 5357 831 5427 intercludunt,
860 5361 1102 5430 quamvis
1145 5378 1240 5419 eos
1285 5363 1465 5421 dicant
1503 5383 1608 5422 non
1647 5368 1846 5428 habere
1874 5374 2038 5433 ullum

444 5449 532 5506 vel
557 5450 856 5523 proprium,
884 5451 970 5507 vel
997 5452 1256 5525 originale
1296 5465 1595 5527 peccatum.
1629 5462 1735 5518 Aut
1773 5464 1819 5519 si
1849 5465 1928 5521 eis
1955 5467 2037 5524 in-

508 5610 1127 5679 flnMss.,sedipsa/id_e.

507 5672 529 5745 ξ
561 5681 664 5745 Ain.
689 5672 860 5745 ett-Ir,
884 5672 1032 5741 quam
1050 5675 1259 5745 elegerat
1275 5681 1471 5733 creavit.

508 5733 529 5798 ξ
560 5733 749 5798 Aliquot
767 5733 1268 5798 Mss.,'evacum'ittan.

504 5792 527 5824 ⁵
961 5814 1241 5876 imoquoque
1272 5818 1398 5856 arma
1422 5808 1583 5871 [iterat
1599 5811 1859 5876 faciatda;
1877 5816 2029 5868 omis-

439 5865 684 5942 10,3335
699 5861 1565 5942 qpod‘czet‘eriquoquenpraetercunt
1588 5861 1611 5924 τ’
1626 5861 1822 5928 etim};
1836 5861 2027 5942 prore}:

434 5915 679 5981 [luctibus
690 5956 706 5984 ,
716 5915 913 5977 "habent
929 5915 1128 5994 omnes,
1141 5915 1206 5983 ἑὼ

1117 448 1206 503 DE
1243 441 1707 503 PECCATORUM
1747 440 2027 499 MERITIS
2064 439 2153 496 ET
2186 437 2612 508 REMISSIONE,
2653 439 2711 496 S.
2753 437 3121 497 AUGUSTINI

3662 437 3771 497 176

2174 555 2393 626 dignum
2430 555 2657 623 videtur,
2688 565 2747 611 ut
2771 556 2939 612 sancti
2965 555 3326 634 .damnentur,
3369 553 3639 626 quomodo
3685 564 3773 613 cst

2174 649 2390 721 dignum
2412 659 2469 705 ut
2495 666 2526 704 a
2552 666 2716 722 regno
2742 651 2834 705 Dei
2863 649 3032 705 sancti
3053 648 3404 720 separentur?
3432 648 3563 703 lllud
3589 648 3772 719 potius

2175 743 2484 809 attendant,
2534 743 2800 814 quomodo
2826 758 2933 798 non
2963 742 3031 799 de
3060 741 3431 815 peccatoribus
3459 742 3773 813 parentibus

2176 834 2418 890 trahatur
2459 835 2674 906 aliquod
2705 846 2979 906 peccatum
3001 877 3017 901 ,
3048 836 3094 891 si
3132 835 3200 891 de
3223 835 3423 891 sanctis
3448 835 3622 906 aliqua
3649 850 3777 890 san-

2174 926 2331 982 ctitas
2356 927 2582 982 trahitur
2610 938 2663 982 et
2685 926 3019 982 immunditia
3045 926 3112 983 de
3134 926 3443 982 immundis.
3470 925 3777 998 Utrumque

2174 1017 2317 1074 enim
2345 1017 2499 1087 dixit,
2531 1019 2622 1089 qui
2651 1018 2815 1086 dixit,
2841 1018 3079 1090 Alioquin
3109 1018 3207 1088 ﬁlii
3234 1019 3386 1073 vestri
3413 1018 3666 1074 immundi
3695 1037 3777 1075 es-

2173 1121 2314 1178 sent,
2347 1129 2479 1166 nunc
2522 1122 2688 1168 autem
2718 1114 2880 1167 sancti
2921 1123 3059 1168 sunt.
3110 1113 3391 1183 Explicent
3434 1114 3594 1168 etiam
3633 1130 3777 1184 quo-

2175 1204 2335 1260 modo
2356 1204 2553 1273 justum
2578 1206 2666 1272 sit,
2700 1215 2761 1260 ut
2784 1207 2953 1261 sancti
2980 1223 3046 1261 ex
3076 1206 3323 1261 ﬁdelibus
3344 1215 3398 1262 et
3421 1207 3683 1263 immundi
3707 1224 3777 1263 ex

2174 1295 2478 1352 inﬁdelibus
2506 1298 2635 1364 nati,
2673 1299 2870 1367 pariter
2901 1308 3076 1354 tamen
3098 1339 3113 1365 ,
3161 1298 3209 1353 si
3233 1298 3486 1369 baptizati
3520 1315 3626 1356 non
3659 1300 3778 1356 iuc—

2173 1388 2302 1455 rint,
2328 1404 2548 1459 regnum
2580 1388 2674 1444 Dei
2700 1405 2804 1444 non
2838 1390 3214 1460 permittantur
3234 1391 3452 1447 intrare.
3476 1389 3616 1461 Quid
3641 1408 3776 1464 ergo

2172 1480 2280 1536 illis
2302 1482 2401 1536 ista
2423 1483 2677 1538 sanctitas
2701 1483 2954 1554 prodest?
2977 1483 3111 1538 Nam
3141 1483 3451 1540 si-damnari
3477 1484 3776 1542 faterentur

2174 1573 2474 1630 immundos
2503 1591 2568 1631 ex
2601 1574 2902 1631 inﬁdelibus
2932 1584 3086 1631 natos
3110 1576 3152 1643 ί,
3183 1585 3398 1632 sanctos
3421 1585 3602 1633 autem
3630 1577 3775 1633 ﬁlios

2175 1666 2411 1730 ﬁdelium
2455 1668 2507 1722 in
2551 1669 2643 1722 Dei
2682 1668 2896 1739 quidem
2923 1683 3149 1740 regnum
3179 1670 3380 1724 intrare
3417 1683 3527 1725 non
3571 1683 3771 1741 posse,

2174 1761 2276 1817 nisi
2304 1760 2502 1818 fuerint
2525 1762 2797 1832 baptizati,
2822 1778 2929 1817 non
2957 1770 3135 1818 tamen
3156 1761 3424 1832 damnari,
3447 1763 3568 1834 quia
3598 1764 3775 1819 sancti

2172 1860 2319 1920 sunt,
2351 1862 2493 1908 esset
2517 1852 2923 1924 qualiscumque
2947 1852 3220 1910 distinctio
3245 1872 3259 1908 :
3287 1868 3431 1909 nunc
3454 1869 3583 1910 vero
3612 1863 3774 1911 natos

2172 1941 2241 1998 de
2269 1943 2468 1999 sanctis
2491 1954 2728 2012 sanctos,
2756 1953 2810 1999 et
2833 1944 2901 2000 de
2928 1945 3217 2001 immundis
3245 1945 3570 2015 immundos,
3588 1962 3775 2019 mqua-

2173 2036 2295 2092 liter
2311 2037 2514 2107 dicunt,
2539 2048 2596 2093 et
2620 2038 2744 2106 quia
2780 2047 3057 2110 peccatum
3093 2054 3200 2096 non
3232 2039 3462 2109 habent,
3512 2057 3619 2098 non
3672 2042 3773 2097 da-

2173 2128 2366 2194 mnari,
2402 2138 2460 2184 et
2486 2130 2607 2200 quia
2647 2129 2974 2201 Baptismum
3001 2147 3107 2187 non
3147 2130 3372 2201 habent,
3401 2149 3433 2189 a
3475 2134 3572 2190 Dei
3602 2150 3774 2206 regno

2173 2221 2430 2291 separari.
2459 2221 2609 2278 Hauc
2637 2222 3017 2279 a'hsurditatem
3049 2225 3171 2280 talia
3200 2224 3409 2297 ingenia
3451 2241 3556 2282 non
3584 2226 3775 2284 videre

2172 2316 2294 2386 quis
2321 2314 2541 2371 credat?

2244 2409 2333 2463 42.
2360 2407 2569 2465 Nostraa
2598 2419 2772 2466 autem
2791 2453 2806 2479 ,
2841 2411 2949 2466 imo
2980 2411 3147 2482 ipsius
3174 2412 3415 2484 Apostoli
3455 2413 3768 2481 sententias,

2173 2505 2261 2576 qui
2299 2504 2461 2571 dixit,
2490 2503 2576 2560 Ea:
2602 2522 2702 2560 uno
2741 2523 2911 2560 omnes
2939 2506 3007 2560 ad
3034 2506 3535 2573 condemnationem;
3568 2516 3624 2563 et
3642 2549 3657 2574 ,
3690 2507 3775 2562 Ex

2172 2618 2275 2656 uno
2310 2617 2480 2656 omnes
2508 2600 2575 2654 ad
2598 2600 3017 2672 justiﬁcationem
3045 2601 3163 2656 vita:
3205 2600 3394 2674 (Rom.
3427 2617 3477 2668 ν,
3516 2600 3605 2669 16,
3643 2601 3769 2672 18)ε

2173 2707 2332 2764 quam
2360 2706 2466 2747 non
2492 2692 2562 2746 sit
2587 2692 2916 2747 contrarium
2948 2692 3050 2748 hoc
3091 2692 3232 2763 quod
3273 2692 3379 2760 ait,
3423 2708 3547 2748 cum
3573 2692 3641 2748 de
3666 2694 3774 2751 alia

2172 2801 2233 2841 re
2251 2794 2451 2857 ageret,
2485 2785 2722 2857 Alioquin
2751 2786 2847 2856 ﬁlii
2874 2785 3021 2841 vestri
3040 2784 3291 2840 immundi
3313 2795 3497 2856 essent,
3520 2802 3658 2841 nunc
3685 2802 3773 2839 cup

2174 2887 2273 2932 tem
2297 2878 2457 2933 sancti
2481 2888 2619 2945 sunt,
2649 2878 2919 2947 paululum
2947 2878 3182 2934 attende.

2242 2971 2468 3027 CAPUT
2496 2971 2686 3027 XXVI.
2702 3003 2771 3012 —
2788 2972 3136 3043 Sanctiﬁcatio
3160 2972 3432 3043 multiplex
3458 2972 3771 3029 Sacramen-

2172 3076 2276 3122 tum
2296 3067 2787 3123 catechumenorum.
2805 3067 2922 3123 Non
2942 3067 3100 3123 unius
3125 3067 3269 3137 modi
3287 3066 3767 3124 estsanctilicatio:

2171 3175 2298 3215 nam
2337 3168 2394 3216 et
2439 3160 2854 3216 catechumenos
2879 3160 3172 3216 secundum
3216 3161 3501 3232 quemdam
3547 3161 3769 3219 modum

2171 3268 2327 3309 suum
2368 3269 2463 3323 per
2488 3254 2700 3325 signum
2730 3253 2928 3310 Christi
2954 3262 3009 3309 et
3044 3254 3339 3311 orationem
3368 3270 3560 3310 manus
3590 3254 3767 3325 impo-

2170 3346 2377 3402 sitionis
2402 3347 2424 3379 ³
2452 3354 2580 3417 puto
2606 3346 2926 3402 sanctiﬁcari
2952 3365 2965 3401 :
2997 3357 3053 3402 et
3077 3345 3220 3417 quod
3250 3346 3538 3417 accipiunt,
3571 3361 3786 3418 quam-

2170 3438 2249 3493 vis
2291 3453 2397 3494 non
2437 3439 2507 3494 sit
2543 3455 2739 3510 corpus
2777 3439 3005 3507 Christi,
3050 3448 3293 3496 sanctum
3332 3449 3416 3496 est
3450 3450 3670 3510 tamen,
3722 3448 3788 3499 et.

2168 3530 2406 3586 sanctius
2445 3546 2604 3601 quam
2650 3531 2754 3587 cibi
2798 3531 2991 3603 quibus
3031 3532 3245 3600 alimur,
3286 3531 3539 3603 quoniam
3589 3548 3786 3589 sacra-

2169 3631 2410 3679 mentum
2435 3633 2517 3680 est
2540 3622 2640 3697 (a).
2676 3624 2877 3681 Verum
2901 3635 2955 3682 et
2989 3625 3133 3696 ipsos
3158 3626 3326 3695 cibos,
3358 3626 3554 3699 quibus
3580 3627 3649 3682 ad
3677 3643 3787 3686 nc-

2169 3717 2476 3773 cessitatem
2504 3718 2868 3775 sustentanda:
2886 3718 3043 3789 hujus
3068 3719 3189 3774 vita:
3216 3719 3428 3787 alimur,
3446 3719 3788 3779 sanctilicari

2166 3808 2308 3866 idem
2337 3811 2611 3881 apostolus
2643 3810 2812 3879 dixit,
2854 3826 2952 3882 per
2976 3811 3199 3868 verbum
3245 3812 3341 3868 Dei
3383 3823 3438 3868 et
3464 3814 3785 3870 orationem

2166 3901 2211 3974 (l
2235 3900 2369 3957 Tim.
2401 3919 2471 3969 iv,
2503 3904 2585 3976 5),
2611 3920 2715 3975 qua
2742 3919 2959 3961 oramus
2978 3948 2992 3973 ,
3022 3906 3202 3977 utique
3229 3916 3416 3962 nostra
3441 3908 3788 3978 corpuscula

2163 3992 2437 4050 refecturi.
2460 3993 2609 4051 Sicut
2632 4010 2761 4067 ergo
2786 3997 2886 4052 ista
2909 3997 3151 4053 ciborum
3178 3999 3531 4055 sanctiﬁcatio
3555 4016 3667 4055 non
3692 4000 3791 4058 ef-

2163 4085 2274 4141 ﬁcit
2304 4095 2361 4142 ut
2387 4088 2529 4158 quod
2558 4089 2612 4144 in
2650 4103 2712 4145 os
2742 4089 3048 4156 intraverit,
3094 4107 3199 4147 non
3232 4092 3284 4147 in
3316 4101 3560 4149 ventrem
3602 4094 3789 4152 vadat

2161 4186 2217 4235 et
2235 4180 2287 4235 in
2305 4195 2575 4237 secessum
2597 4184 2871 4241 emittatur
2890 4201 2987 4256 per
3006 4187 3427 4258 corruptionem,
3448 4205 3553 4261 qua
3576 4192 3787 4249 omnia

2162 4280 2375 4329 terrena
2403 4274 2705 4344 solvuntur,
2738 4277 2878 4333 unde
2903 4287 2959 4334 et
2994 4279 3063 4334 ad
3101 4280 3257 4335 aliam
3292 4297 3470 4337 escam
3499 4299 3622 4354 qua:
3652 4301 3790 4343 non

2159 4367 2539 4436 corrumpitur,
2570 4384 2672 4423 nos
2695 4368 2957 4427 Dominus
2980 4373 3300 4429 exhortatur
3319 4373 3495 4445 (Joan.
3518 4392 3595 4444 vr,
3623 4377 3731 4450 27)
3766 4398 3788 4435 :

2160 4456 2232 4513 ita
2260 4458 2613 4516 sanctiﬁcatio
2637 4464 3029 4532 catechumeni,
3055 4466 3098 4522 si
3122 4483 3228 4522 non
3251 4467 3408 4524 fuerit
3428 4469 3788 4542 baptizatus,

2158 4563 2264 4604 non
2288 4550 2338 4605 ei
2366 4550 2508 4607 valet
2534 4552 2600 4607 ad
2629 4553 2931 4610 intrandum
2962 4557 3015 4613 in
3061 4574 3281 4631 regnum
3322 4561 3586 4617 caelorum
3607 4605 3622 4630 ,
3666 4575 3796 4622 aut

2156 4641 2223 4697 ad
2254 4652 2592 4713 peccatorum
2632 4649 3025 4706 remissionem.
3054 4653 3133 4707 Ac
3171 4669 3269 4723 per
3293 4652 3395 4710 hoc
3420 4664 3471 4710 et
3501 4656 3591 4710 illa
3625 4672 3797 4715 san-

2155 4733 2424 4804 ctiﬁcatio,
2455 4738 2841 4812 cujuscumque
2883 4743 3028 4798 modi
3053 4746 3143 4813 sit,
3175 4761 3332 4817 quam
3364 4748 3419 4803 in
3449 4747 3574 4804 ﬁliis
3615 4750 3797 4809 ﬁde-

2154 4823 2282 4880 lium
2320 4842 2440 4883 esse
2464 4828 2598 4883 dixit
2622 4830 2945 4903 Apostolus,
2976 4834 3042 4890 ad
3084 4836 3239 4892 istam
3265 4836 3332 4894 de
3371 4838 3647 4910 Baptismo
3710 4854 3809 4903 et

2152 4916 2221 4973 de
2248 4918 2453 4989 peccati
2474 4922 2683 4993 origine
2708 4924 2794 4980 vel
2820 4927 3136 4984 remissione
3155 4931 3503 5002 quaestionem
3524 4936 3807 4996 omnino

2150 5024 2257 5066 non
2286 5012 2536 5081 pertinet.
2563 5012 2693 5069 Nam
2720 5024 2774 5071 et
2796 5017 3053 5090 conjuges
3074 5020 3319 5079 inﬁdeles
3344 5023 3395 5078 in
3422 5025 3800 5096 conjugibus

2150 5100 2398 5161 ﬁdelibus
2427 5107 2753 5165 sanctiﬁcari
2788 5108 2917 5166 dicit
2956 5126 3023 5168 eo
3062 5113 3180 5184 ipso
3216 5115 3435 5173 locoita
3477 5117 3741 5189 loquens
3779 5143 3803 5182 :

2146 5321 2235 5436 ml.
2253 5329 2305 5374 tn
2334 5325 2558 5377 omnibus
2570 5323 2682 5378 fere
2701 5332 3039 5395 manuscriptis
3068 5332 3240 5423 deest,
3264 5348 3330 5388 ea:
3347 5334 3632 5403 infidelibus
3663 5355 3812 5397 na-

2141 5421 2571 5561 ;Remigianus
2608 5459 2727 5517 iis,
2776 5462 2823 5507 et
2860 5455 3125 5510 orationem
3162 5465 3212 5511 et
3257 5475 3431 5516 ntamts
3469 5462 3821 5530 impositas.

2205 5546 2292 5654 (‘33.
2300 5574 2615 5654 castrisue
2634 5578 2971 5654 οὲιθεξδυιειθηί
2999 5592 3361 5654 ,ωαειηβιιιιιω
3394 5586 3526 5654 salis.
3553 5603 3661 5654 una
3698 5595 3827 5650 de

2138 5644 2205 5713 ες
2214 5638 2614 5713 -ίῖἕὲἒὶίὲρρηςὲἓίί
2651 5641 3378 5713 εξπιέιίεείιέεὲηδίε.,ιει“ιὶί,ςειηοιι
3396 5651 3446 5702 5-
3469 5638 3526 5700 id'
3542 5638 3831 5713 ιέίιί-Ξιιῖὗ

2138 5699 2431 5773 augustinqu
2453 5699 2501 5748 in
2515 5699 2648 5773 ‘l_ib_ro
2665 5702 2730 5773 de
2747 5699 3101 5773 autecbizandis
3123 5699 3360 5773 ltudibus,
3383 5699 3433 5763 n.
3466 5699 3556 5772 5t),

2138 5760 2683 5841 Ξὲηὲξξξπξκεερςέιεξιηοι
2705 5767 2937 5841 speciem
2974 5760 3828 5841 benediquopé'sinciabamé

2135 5825 2221 5882 qui
2238 5825 2386 5870 etiam
2409 5825 2534 5873 libro
2559 5825 2579 5874 1
2606 5825 2982 5902 Confessio-num,
3005 5844 3108 5907 cap.
3136 5835 3210 5897 11,
3236 5836 3301 5886 de
3316 5825 3407 5888 suo
3428 5825 3586 5902 ipsius

2135 5882 2674 5967 cbgmetiatuloquelns,
2706 5895 2791 5967 itit
2820 5896 3045 5967 snguahar
3061 5910 3218 5961 1311],!
3248 5900 3334 5963 ait,
3364 5901 3545 5966 (signo
3575 5909 3837 5967 erm

2143 5911 2428 5955 υιιψιιυιιιιιυ
2452 5911 2466 5932 ι
2535 5911 2674 5959 unus,
2706 5911 2790 5964 tl.”
2820 5911 2859 5940 SI
2899 5911 3045 5943 natiat‘
3061 5911 3218 5961 1311],!
3248 5911 3334 5963 an,
3364 5912 3545 5966 «signo
3575 5914 3632 5954 οι·

2143 5959 2168 5992 ι
2190 5957 2313 6010 ejus,
2339 5953 2391 5997 et
2413 5911 2674 6002 conﬁtebar
2697 5965 2805 6016 ejus
2830 5911 2952 6006 stac.
2978 5972 3001 6003 »
