3984 6512
488 453 592 510 I79

486 567 686 630 cialiter
707 566 822 636 lege
843 557 1048 635 peccati
1075 562 1278 610 meatum
1306 549 1423 619 ejus
1448 545 1580 602 solvi
1601 559 1696 614 per
1723 541 1948 613 gratiam
1973 539 2074 594 Sa-

489 634 774 719 cramenti.
791 634 940 712 Sicut
963 649 1106 706 enim
1129 645 1268 700 facta
1297 649 1350 698 et
1372 641 1514 696 dicta
1541 647 1594 693 et
1613 636 1840 707 cogitata
1868 634 2070 704 iniqua,

489 761 746 824 quantum
773 746 840 801 ad
867 745 1014 814 ipsos
1051 747 1230 792 motus
1257 734 1418 790 animi
1457 739 1510 787 ct
1537 729 1778 799 corporis
1805 727 2036 796 pertinet
2055 765 2072 790 ,

485 816 599 917 jam
631 837 1006 913 praeterierunt
1021 838 1075 887 et
1096 843 1204 884 non
1223 835 1379 891 sunt;
1412 824 1489 879 eis
1517 829 1695 878 tamen
1715 816 2002 890 praeteritis
2024 821 2080 870 et

489 910 600 994 non
631 910 742 990 tum
769 926 1124 986 existentibus
1149 927 1330 977 reatus
1354 931 1544 974 eorum
1581 921 1795 976 manet,
1825 910 1924 966 nisi
1951 923 2079 978 pec-

497 1037 740 1085 catorum
781 1019 1096 1078 remissione
1125 1014 1364 1070 solvatur
1393 1027 1407 1064 :
1436 1009 1515 1064 sic
1537 1013 1722 1062 contra
1756 1003 1808 1058 in
1851 1002 1950 1056 hac
1973 1015 2083 1056 non

488 1123 599 1194 jam
625 1115 916 1189 praeterita,
945 1110 1042 1168 sed
1068 1107 1242 1166 adhuc
1275 1109 1528 1160 manente
1555 1099 1672 1168 lege
1693 1095 2082 1164 concupiscen-

493 1186 604 1280 liae,
627 1186 820 1267 reatus
847 1206 965 1276 ejus
992 1201 1235 1266 solvitur,
1266 1203 1322 1253 et
1355 1209 1464 1250 non
1491 1193 1624 1256 erit,
1654 1205 1772 1246 cum
1802 1187 1862 1242 ﬁt
1905 1187 1958 1242 in
1984 1186 2086 1242 Ba-

491 1308 694 1380 ptismo
715 1303 872 1375 plena
899 1297 1146 1355 remissio
1171 1298 1532 1364 peccatorum.
1572 1285 1813 1353 Denique
1837 1281 1882 1336 si
1910 1279 2085 1338 conti-

495 1373 606 1457 nuo
631 1373 990 1466 consequatur
1011 1389 1080 1446 ab
1109 1388 1210 1442 hac
1232 1385 1339 1440 vita
1362 1377 1644 1450 emigratio
1663 1419 1678 1444 ,
1706 1390 1812 1430 non
1841 1373 1944 1428 erit
1967 1385 2086 1428 om-

499 1493 626 1548 nino
660 1463 1122 1562 quodbbnoxium
1149 1477 1422 1538 hominem
1449 1479 1649 1536 teneat,
1695 1468 1882 1524 solutis
1910 1463 2088 1522 omni-

496 1589 600 1644 bus
627 1601 746 1658 quae
765 1581 1035 1639 tenebant.
1055 1575 1206 1631 Sicut
1229 1585 1358 1641 ergo
1387 1582 1496 1622 non
1519 1573 1602 1621 est
1628 1563 1844 1628 mirum,
1873 1565 2092 1628 praeter-

499 1654 697 1737 itorum
733 1676 1020 1738 dictorum,
1066 1666 1352 1729 factorum,
1395 1667 1558 1729 atque
1587 1654 1940 1726 cogitatorum
1969 1662 2090 1704 rea-

499 1781 613 1829 tum
655 1781 872 1824 manere
895 1771 1020 1820 ante
1049 1765 1390 1831 peccatorum
1417 1749 1790 1807 remissionem
1815 1761 1826 1797 :
1861 1742 1940 1796 sic
1961 1754 2092 1795 con-

500 1875 584 1922 tra
614 1879 722 1920 non
747 1861 912 1918 debet
933 1870 1056 1914 esse
1083 1853 1278 1908 mirum
1301 1889 1316 1915 ,
1359 1843 1625 1910 manentis
1649 1833 2095 1906 concupiscentiae

500 1965 712 2014 reatum
741 1951 1014 2025 praeterire
1037 1951 1162 2017 post
1182 1947 1526 2015 peccatorum
1553 1931 1950 1989 remissionem.

575 2024 804 2108 CAPUT
842 2040 1208 2101 XXIX—47.
1241 2034 1429 2091 Omnes
1455 2024 1802 2102 prwdestinati
1828 2039 1916 2095 per
1941 2034 2100 2074 unum

503 2141 834 2197 mediatorem
874 2133 1130 2191 Christum
1165 2136 1214 2183 et
1253 2141 1345 2198 per
1381 2137 1538 2178 unam
1578 2115 1902 2184 eamdemque
1949 2110 2099 2179 ﬁdem

504 2233 784 2290 salvantur.
815 2224 1158 2280 Paronlorum
1181 2233 1380 2290 quoque
1413 2213 1634 2278 salvator
1661 2207 1913 2262 Christus.
1953 2201 2104 2260 Chri-

505 2335 616 2384 stus
643 2323 794 2381 etiam
821 2321 994 2392 infans
1019 2312 1311 2387 ignorantia
1333 2307 1499 2362 caruit
1533 2312 1580 2359 et
1598 2301 1756 2356 animi
1783 2297 2100 2366 inﬁrmitate.

509 2419 642 2488 Quae
669 2430 792 2472 cum
819 2414 890 2468 ita
915 2411 1044 2476 sint,
1071 2422 1138 2464 ex
1162 2419 1270 2476 quo
1293 2415 1394 2471 per
1417 2411 1582 2454 unum
1609 2392 1880 2450 hominem
1912 2401 2105 2458 pecca-

509 2521 626 2581 tum
679 2506 896 2566 intravit
945 2505 1002 2560 in
1055 2500 1199 2554 hunc
1249 2492 1531 2556 mundum,
1583 2495 1638 2543 et
1683 2499 1775 2555 per
1831 2489 2106 2552 peccatum

509 2575 684 2672 mors,
711 2609 768 2658 et
795 2601 868 2656 ita
893 2599 947 2654 in
977 2608 1164 2652 omnes
1200 2589 1448 2645 homines
1479 2578 1784 2654 pertransiit
1825 2575 1846 2650 (
1871 2577 2024 2630 Rom.
2049 2589 2105 2641 v,

513 2697 645 2770 12),
669 2665 848 2764 usque
895 2689 948 2742 in
979 2687 1140 2742 linem
1185 2678 1416 2754 carnalis
1458 2673 1615 2743 hujus
1651 2665 2016 2742 generationis
2054 2669 2112 2718 et

515 2765 882 2857 corruptibilis
901 2779 1105 2843 saeculi,
1127 2774 1279 2846 cujus
1303 2769 1398 2826 ﬁlii
1417 2771 1674 2857 generant
1693 2771 1746 2857 et
1765 2765 2107 2857 generantur,

515 2880 668 2938 nullo
681 2849 950 2934 existente
989 2868 1205 2925 homine
1237 2863 1308 2920 de
1341 2875 1446 2932 quo
1483 2859 1538 2913 in
1567 2856 1669 2911 hac
1691 2853 1798 2908 vita
1823 2849 2113 2906 constituto

519 2971 787 3029 veraciter
811 2965 916 3022 dici
938 2959 1124 3032 possit,
1151 2954 1294 3029 quod
1315 2953 1518 3009 nullum
1543 2947 1740 3002 habeat
1759 2942 1976 2999 omnino
1989 2953 2115 3010 pee-

517 3075 700 3124 catum
718 3102 734 3130 ,
761 3066 986 3130 excepto
1010 3068 1119 3110 uno
1150 3047 1444 3106 Mediatore
1461 3083 1479 3112 ,
1509 3040 1602 3114 qui
1627 3053 1724 3094 nos
1750 3033 1991 3094 Creatori
2015 3042 2117 3088 no-

521 3167 639 3215 stro
679 3125 778 3228 per
803 3125 1178 3208 remissionem
1219 3137 1532 3197 reconciliat
1569 3138 1946 3204 peccatorum:
1973 3125 2115 3183 idem

525 3251 642 3322 ipse
667 3221 928 3302 Cominus
955 3245 1138 3297 noster
1178 3235 1320 3290 hanc
1345 3245 1494 3286 suam
1533 3225 1800 3282 medelam
1841 3221 2001 3277 nullis
2027 3235 2120 3291 ge-

527 3312 676 3399 neris
694 3335 914 3394 humani
935 3328 1262 3401 temporibus
1281 3331 1406 3380 ante
1423 3320 1670 3376 ultimum
1693 3317 1926 3372 futurum
1945 3312 2121 3367 adhuc

525 3431 784 3507 judicium
812 3423 1098 3497 denegavit
1133 3421 1246 3485 eis,
1275 3429 1408 3488 quos
1449 3429 1545 3507 per
1579 3407 1933 3467 certissimam
1979 3418 2118 3475 ρι-ω-

527 3502 808 3582 scientiam
835 3527 890 3576 et
926 3516 1160 3573 futuram
1193 3505 1598 3566 beneﬁcentiam
1615 3505 1636 3536 '
1662 3515 1844 3556 secum
1869 3502 2121 3568 regnatu-

529 3632 620 3675 ros
644 3617 700 3673 in
719 3613 880 3670 vitam
899 3601 1304 3681 praedestinavit
1319 3609 1596 3654 aeternam.
1623 3592 1864 3661 Namque
1893 3595 2016 3642 ante
2035 3599 2123 3640 na-

531 3711 792 3769 tivitatem
810 3704 988 3763 carnis
1009 3696 1478 3762 inﬁrmitatemque
1507 3684 1773 3760 passionis
1790 3691 1846 3738 et
1869 3681 2122 3736 virtutem

529 3799 939 3865 resurrectionis
975 3811 1118 3862 suae,
1152 3803 1338 3848 earum
1366 3797 1544 3842 rerum
1571 3781 1866 3836 futurarum
1897 3775 2002 3832 ﬁde
2029 3787 2126 3830 eos

532 3900 622 3973 qui
653 3907 778 3954 tunc
806 3893 1054 3955 fuerant,
1091 3879 1408 3942 inlormabat
1444 3875 1512 3931 ad
1543 3871 1909 3930 hmreditatem
1937 3865 2125 3968 salutis

534 3956 784 4055 internae;
821 3995 1047 4056 quarum
1073 3989 1251 4032 rerum
1291 3967 1634 4042 praesentium
1681 3962 1786 4017 ﬁde
1823 3956 2128 4014 informavit

535 4097 632 4140 eos
657 4079 748 4151 qui
772 4051 900 4133 cuin
927 4075 1244 4145 gererentur
1267 4063 1524 4127 aderant,
1558 4064 1720 4126 atque
1752 4051 1960 4122 impleri
1989 4065 2130 4120 pra:-

535 4139 990 4230 dictalcernebant
1007 4179 1021 4229 ;
1042 4171 1268 4232 quarum
1283 4154 1442 4210 etiam
1465 4147 1856 4220 praeteritarum
1881 4141 1986 4196 lide
2000 4141 2021 4172 ³
2038 4139 2131 4210 qui

536 4273 725 4337 postea
743 4258 983 4321 fuerunt,
1005 4261 1060 4309 et
1079 4265 1181 4307 nos
1201 4249 1366 4318 ipsos,
1389 4251 1444 4300 et
1465 4241 1558 4313 qui
1581 4237 1775 4294 deinde
1800 4234 1962 4291 futuri
1983 4241 2130 4302 sunt,

539 4330 835 4412 informare
863 4361 969 4403 non
999 4348 1192 4401 cessat.
1233 4337 1350 4397 Una
1376 4349 1504 4406 ergo
1531 4330 1666 4386 ﬁdes
1693 4336 1778 4384 est
1805 4341 1924 4399 quae
1945 4339 2132 4382 omnes

541 4447 719 4508 salvos
764 4443 908 4510 facit,
940 4440 1032 4512 qui
1059 4453 1126 4495 ex
1167 4429 1371 4491 carnali
1409 4425 1754 4502 generatione
1789 4421 2134 4494 spiritualiter

539 4543 898 4600 renascuntur
911 4511 973 4602 ’,γ
991 4529 1272 4588 terminata
1297 4524 1352 4578 in
1375 4535 1442 4578 eo
1471 4519 1560 4589 qui
1588 4517 1732 4572 venit
1751 4529 1848 4585 pro
1875 4513 2028 4568 nobis
2049 4511 2136 4582 ju.

543 4632 710 4691 dicari
729 4637 786 4686 et
813 4626 974 4692 mori,
997 4621 1162 4696 judex
1180 4618 1424 4675 vivorum
1449 4621 1504 4670 et
1521 4617 1877 4666 mortuorum.
1905 4606 2012 4662 Sed
2039 4605 2136 4660 hu-

541 4726 632 4796 jus
672 4720 834 4778 unius
877 4716 1000 4772 ﬁdei
1041 4727 1142 4785 pro
1184 4705 1584 4782 signiﬁcationis
1621 4701 2014 4774 opportunitate
2041 4713 2136 4769 per

545 4817 696 4874 varia
724 4824 964 4884 tempora
987 4811 1317 4864 sacramenta
1345 4801 1546 4856 variata
1563 4805 1707 4854 sunt.

617 4907 709 4965 18.
757 4904 910 4960 ldcm
965 4901 1082 4971 ipse
1129 4897 1307 4967 itaque
1359 4893 1601 4948 Salvator
1655 4897 1740 4945 est
1793 4885 2134 4958 parvulorum

549 5011 712 5074 atque
764 4999 1028 5069 majorum
1058 5035 1073 5062 ,
1122 4991 1190 5047 de
1235 5003 1342 5061 quo
1383 4986 1632 5043 dixerunt
1689 4979 1915 5051 Angeli,
1973 4977 2138 5031 Natus

551 5069 786 5154 est—uobis
814 5091 966 5148 hodie
987 5086 1211 5144 salvator
1245 5082 1412 5156 (Luc.
1455 5095 1492 5136 ιι
1513 5123 1527 5147 ,
1559 5074 1663 5150 ll)
1691 5094 1702 5129 :
1733 5083 1790 5132 et
1829 5073 1895 5128 de
1923 5086 2031 5142 quo
2059 5069 2140 5124 di-

552 5199 698 5248 ctum
737 5197 821 5246 est
854 5185 923 5242 ad
959 5182 1216 5254 virginem
1258 5177 1512 5241 Mariam,
1563 5167 1776 5225 Vocabis
1811 5181 1992 5221 nomen
2029 5163 2141 5233 ejus

552 5283 772 5345 Iesum;
825 5279 934 5350 ipse
977 5276 1109 5330 enim
1156 5270 1352 5326 salvum
1402 5266 1554 5338 faciet
1610 5260 1854 5333 populum
1905 5271 2052 5310 suum
2109 5257 2142 5309 α

557 5373 775 5448 peccatis
809 5386 984 5428 eorum
1004 5365 1218 5438 (Matth.
1249 5379 1288 5431 ι,
1316 5359 1410 5431 21)
1446 5378 1460 5414 :
1492 5355 1580 5412 ubi
1601 5360 1784 5422 aperte
1807 5350 2142 5404 demonstra-

561 5441 672 5524 tum
693 5475 810 5535 est,
850 5479 973 5521 eum
1002 5461 1106 5518 hoc
1131 5456 1370 5518 nomine,
1403 5465 1510 5522 quo
1532 5445 1826 5518 appellatus
1855 5451 1937 5498 est
1965 5441 2138 5508 Jesus,

627 5583 646 5614 ι
663 5578 804 5638 aditi.
817 5583 864 5630 et
1974 5565 2148 5641 22223

1431 5612 1630 5688 nelgici,
1652 5625 1698 5672 et
1719 5619 1934 5684 futuram
1971 5612 2146 5679 beneﬁ-

627 5695 1396 5842 vgiie't’emrietmgiim
1431 5747 1550 5817 ﬁde.
1587 5745 1752 5806 Abest,
1775 5754 1959 5802 rerum,
1997 5753 2026 5789 a
2049 5751 2150 5790 ma-

565 5833 843 5894 nuscriptis.
1524 5873 1536 5886 .
1560 5871 1574 5884 θ

632 5895 654 5927 ³
677 5899 744 5944 tta
775 5893 826 5942 in
855 5888 1082 5941 omnibus
1119 5889 1226 5934 Mss.
1277 5887 1334 5944 At
1371 5879 1426 5944 in
1459 5873 1605 5944 editis
1635 5869 1932 5944 legebatur,
1965 5878 2062 5944 qu'tr
2086 5875 2153 5944 etc

566 5928 758 6008 carnali
777 5928 1109 6018 ‘Zeiiéfdz'ﬁe
1119 5928 1226 5998 “ﬁ
1262 5928 1562 6011 spiritualcm
1615 5928 1924 5985 ren'asccndo’
1965 5928 2154 5980 saltuu-

563 6021 672 6072 tur.

1175 435 1265 491 DE
1303 426 1767 488 PECCATORUM
1809 421 2088 482 ﬁERlTlS
2125 419 2214 478 ΕΤ
2255 416 2681 484 RLMiSSlU‘NE,
2722 417 2780 472 S.
2822 415 3186 474 AUGUSTINI

3657 415 3758 476 180

2183 544 2402 606 propter
2439 535 2666 592 salutem
2701 550 2858 606 quam
2890 533 3042 590 nobis
3084 532 3302 600 tribuit,
3341 532 3632 597 nominari;
3671 534 3760 590 Je-

2183 641 2275 684 sus
2311 629 2537 700 quippe,
2587 627 2752 682 latine
2795 626 3040 682 Salvator
3077 635 3177 681 est.
3219 625 3350 694 Quis
3376 632 3460 680 est
3499 625 3654 694 igitur
3671 629 3760 699 qui

2184 720 2378 776 audeat
2412 720 2591 776 dicere
2615 719 2898 776 Dominum
2931 716 3198 773 Christum
3235 727 3436 774 tantum
3479 717 3765 786 majoribus

2187 827 2294 868 non
2315 811 2477 870 etiam
2503 811 2736 881 parvulis
2755 824 2875 867 esse
2901 809 3124 866 Jesum‘l
3149 809 3238 880 qui
3263 808 3410 865 venit
3429 808 3482 864 in
3511 808 3758 880 similitu-

2188 901 2313 958 dine
2342 902 2520 958 carnis
2557 902 2781 973 peccati,
2829 909 2890 956 ut
2915 909 3198 958 evacuaret
3225 914 3419 969 corpus
3437 899 3642 970 peccati
3665 942 3680 966 ,
3719 900 3769 956 in

2189 1009 2296 1066 quo
2337 994 2706 1056 inﬁrmissimo
2739 994 2874 1052 nulli
2902 993 3021 1050 usui
3063 993 3314 1063 congruis
3340 991 3428 1048 vel
3459 991 3662 1046 idoneis
3689 992 3770 1046 in-

2191 1087 2462 1148 fantilibus
2487 1087 2766 1154 membris,
2788 1087 2966 1150 anima
2995 1085 3272 1144 rationalis
3303 1083 3594 1140 miserabili
3631 1084 3773 1152 igne.

2191 1184 2364 1239 rantia
2407 1189 2786 1252 praegravatur.
2832 1179 3001 1249 Quam
3045 1180 3201 1250 plane
3244 1177 3596 1250 ignorantiam
3635 1176 3774 1232 nullo

2194 1275 2354 1332 modo
2395 1272 2715 1332 crediderim
2741 1271 2907 1332 fuisse
2942 1271 2994 1328 in
3023 1269 3227 1338 infante
3245 1270 3372 1337 illo,
3420 1269 3474 1326 in
3511 1283 3620 1338 quo
3649 1267 3777 1324 Ver-

2193 1367 2318 1422 bum
2361 1379 2488 1420 caro
2536 1363 2731 1438 factum
2762 1371 2874 1428 est,
2925 1370 2984 1416 ut
3031 1360 3298 1417 habitaret
3345 1359 3400 1414 in
3445 1359 3634 1424 nobis,
3684 1375 3780 1418 nec

2196 1460 2342 1516 illam
2389 1455 2556 1528 ipsius
2598 1455 2762 1514 animi
2807 1453 3172 1516 inﬁrmitatem
3209 1454 3264 1507 in
3303 1451 3522 1514 Christo
3567 1453 3780 1522 parvulo

2197 1551 2388 1608 fuerim
2423 1549 2722 1619 suspicatus
2745 1587 2760 1614 ,
2807 1562 2968 1618 quam
3007 1545 3251 1606 videmus
3295 1544 3347 1600 in
3375 1543 3634 1614 parvulis.
3684 1541 3785 1598 Per

2197 1645 2336 1700 hanc
2364 1642 2508 1698 enim
2533 1641 2692 1700 etiam
2714 1683 2728 1706 ,
2766 1655 2888 1704 cum
2915 1639 3146 1698 motibus
3189 1635 3647 1692 irrationabilibus
3673 1649 3784 1704 per-

2201 1735 2514 1806 turbantur,
2547 1733 2691 1788 nulla
2733 1733 2975 1798 ratione,
3023 1730 3168 1788 nullo
3195 1727 3451 1801 imperio,
3481 1726 3576 1782 sed
3601 1725 3786 1782 dolore

2199 1831 2482 1902 aliquando
2503 1830 2592 1890 vel
2617 1829 2818 1886 doloris
2851 1837 3059 1886 terrore
3079 1827 3399 1886 cohibentur
3431 1843 3448 1882 :
3480 1834 3540 1882 ut
3567 1826 3788 1883 omnino

2201 1923 2383 1980 videas
2429 1925 2570 1980 illius
2621 1920 2996 1980 inobedientiae
3048 1920 3218 1988 ﬁlios,
3271 1935 3392 1992 quae
3441 1927 3694 1976 movetur
3739 1918 3790 1976 in

2203 2018 2460 2074 membris
2487 2031 2787 2088 repugnans
2807 2015 2913 2086 legi
2942 2014 3140 2070 mentis
3157 2054 3174 2080 ,
3219 2013 3320 2070 nec
3339 2028 3462 2070 cum
3489 2012 3606 2068 vult
3635 2012 3789 2078 ratio,

2204 2109 2533 2181 conquiescit
2567 2127 2579 2163 :
2603 2125 2788 2178 verum
2817 2117 2874 2164 et
2901 2109 3016 2178 ipsa
3041 2121 3185 2179 saepe
3206 2106 3292 2161 vel
3320 2105 3510 2162 dolore
3529 2104 3789 2176 corporis,

2208 2211 2458 2273 tanquam
2509 2199 2810 2271 vapulando
2857 2199 3254 2270 compescitur,
3301 2197 3390 2254 vel
3429 2196 3792 2268 pavescendo,

2208 2296 2292 2352 vel
2324 2295 2414 2350 tali
2434 2294 2613 2365 aliquo
2637 2293 2800 2350 animi
2825 2301 2994 2357 motu,
3023 2307 3130 2348 non
3153 2300 3334 2348 tamen
3355 2291 3630 2346 voluntate
3663 2304 3794 2360 prte-

2211 2387 2441 2458 cipiente
2473 2385 2864 2456 comprimitur.
2893 2383 2998 2440 Sed
3023 2383 3148 2455 quia
3177 2384 3230 2438 in
3251 2397 3318 2440 eo
3343 2391 3462 2438 erat
3501 2380 3795 2437 similitudo

2212 2483 2390 2540 carnis
2422 2481 2660 2552 peccati,
2709 2481 3029 2540 mutationes
3057 2487 3272 2534 actamm
3299 2477 3508 2548 perpeti
3539 2475 3714 2530 voluit
3735 2473 3798 2530 ab

2215 2578 2329 2646 ipsa
2361 2589 2588 2631 exorsus
2627 2571 2850 2627 infantia
2871 2611 2888 2638 ,
2921 2579 2982 2626 ut
3013 2570 3080 2626 ad
3107 2579 3338 2628 mortem
3369 2567 3611 2623 videatur
3641 2566 3800 2624 etiam

2215 2664 2546 2722 senescendo
2573 2663 2664 2718 illa
2689 2678 2815 2720 caro
2841 2661 3121 2732 pervenire
3145 2659 3386 2731 potuisse
3404 2702 3419 2728 ,
3467 2658 3572 2714 nisi
3591 2657 3802 2728 juvenis

2218 2759 2406 2818 fuisset
2447 2759 2674 2816 occisus.
2719 2756 2852 2825 Quae
2900 2765 3076 2811 tamen
3117 2767 3266 2810 mors
3302 2752 3356 2808 in
3399 2766 3561 2808 carne
3603 2750 3804 2821 peccati

2219 2850 2597 2910 inohedientite
2625 2850 2644 2882 ι
2673 2848 2852 2904 debita
2877 2846 3133 2914 redditur,
3157 2845 3214 2900 in
3256 2843 3602 2900 similitudine
3625 2850 3804 2898 autem

2219 2944 2399 3002 carnis
2423 2941 2630 3012 peccati
2654 2939 2973 2996 obedientim
3016 2938 3288 2994 voluntate
3316 2945 3566 3007 suscepta
3595 2943 3705 2992 est.
3733 2933 3806 2992 Ad

2219 3053 2340 3095 eam
2375 3036 2571 3108 quippe
2606 3034 2778 3090 iturus
2807 3047 3032 3102 eamque
3055 3044 3345 3103 passurus,
3393 3029 3494 3088 hoc
3525 3028 3600 3084 ait
3629 3046 3646 3082 :
3683 3025 3808 3082 Ecce

2221 3129 2352 3186 uenit
2389 3128 2620 3199 princeps
2667 3124 2844 3180 mundi
2885 3123 3066 3194 hujus,
3109 3122 3239 3178 etin
3266 3137 3346 3176 me
3377 3119 3507 3176 nihil
3545 3119 3806 3174 inueniet:

2221 3225 2312 3282 sed
2343 3233 2396 3279 ut
2428 3223 2590 3277 sciant
2633 3236 2806 3276 omnes
2831 3219 2950 3292 quia
2985 3217 3290 3272 uoluntatem
3316 3213 3490 3270 Patris
3515 3214 3612 3268 mei
3645 3212 3800 3283 facio,

2223 3320 2430 3390 surgite,
2445 3331 2618 3370 eamus
2627 3309 3050 3386 hinc(Joan.1tv,
3065 3307 3154 3376 '50,
3167 3309 3279 3382 51).
3296 3307 3390 3364 His
3401 3306 3554 3362 dictis
3571 3303 3808 3375 perrexit

2225 3410 2290 3466 ad
2305 3409 2586 3466 indebitam
2599 3403 3023 3472 mortem,lactus
3033 3402 3290 3458 obediens
3299 3414 3468 3471 usque
3479 3398 3550 3454 ad
3557 3406 3810 3454 mortem.

2297 3521 2522 3579 CAPUT
2551 3517 2888 3575 XXX—49.
2909 3515 3198 3586 Respondet
3216 3515 3284 3567 ad
3311 3513 3638 3585 objectionem
3665 3509 3814 3564 Pela-

2227 3619 2513 3689 gianorum.
2557 3613 2892 3683 Quapropter
2913 3609 2990 3664 illi
3017 3609 3106 3679 qui
3128 3607 3312 3663 dicunt
3328 3646 3344 3672 ,
3387 3605 3448 3660 Si
3473 3603 3624 3674 primi
3651 3601 3817 3657 homi-

2229 3711 2308 3765 nis
2346 3715 2547 3781 peccato
2587 3705 2782 3777 factum
2811 3710 2882 3757 est
2911 3709 2967 3755 ut
2995 3713 3304 3755 moreremur
3323 3739 3338 3766 ,
3384 3695 3572 3751 Christi
3599 3695 3820 3748 aduentu

2231 3803 2370 3870 fieret
2395 3809 2448 3854 ut
2491 3796 2747 3852 credentes
2782 3795 2837 3848 in
2863 3809 2976 3848 eum
3022 3807 3126 3846 non
3153 3803 3498 3852 moraremur;
3543 3794 3598 3842 et
3619 3785 3822 3841 addunt

2231 3894 2382 3968 quasi
2411 3893 2705 3956 rationem,
2737 3888 2975 3943 dicentes
2997 3927 3012 3952 ,
3045 3882 3225 3955 Neque
3253 3883 3386 3936 enim
3417 3879 3823 3952 prmaricatoris

2234 3985 2561 4058 transgressio
2607 3981 2721 4053 plus
2769 3977 2912 4034 nobis
2959 3978 3132 4032 nocuit
3155 4017 3169 4041 ,
3215 3992 3368 4048 quam
3411 3975 3704 4030 incarnatio
3751 3973 3823 4028 uel

2232 4079 2512 4149 redemptio
2559 4075 2752 4148 profuit
2779 4072 3066 4130 Saluatoris
3095 4087 3114 4127 :
3143 4085 3239 4128 cur
3263 4085 3370 4126 non
3399 4069 3576 4140 potius
3605 4069 3718 4124 hoc
3747 4073 3826 4122 at-

2235 4176 2478 4240 tendunt,
2507 4173 2610 4228 hoc
2633 4169 2872 4236 audiunt,
2907 4167 3008 4223 hoc
3032 4165 3148 4221 sine
3175 4163 3550 4219 dubitatione'
3566 4161 3824 4228 credunt,

2235 4267 2378 4340 quod
2403 4264 2686 4336 Apostolus
2707 4262 2824 4317 sine
2843 4257 3186 4330 ambiguitate
3207 4256 3415 4311 locutus
3439 4263 3540 4321 est,
3571 4253 3828 4324 Quiaper

2238 4360 2490 4414 hominem
2511 4373 2648 4411 mors
2665 4397 2680 4422 ,
2708 4362 2755 4408 et
2784 4368 2874 4425 per
2902 4350 3153 4405 hominem
3171 4348 3466 4404 resurrectio
3487 4355 3830 4402 mortuorum.

2239 4449 2384 4507 Sicut
2410 4447 2543 4503 enim
2566 4448 2620 4501 in
2645 4445 2814 4501 Adam
2837 4457 3010 4498 omnes
3035 4441 3351 4504 moriuntur,
3378 4437 3450 4492 sic
3478 4445 3522 4492 et
3543 4438 3600 4492 in
3621 4437 3829 4492 Christo

2239 4561 2410 4599 omnes
2439 4541 2821 4608 viviﬁcabuntur
2849 4536 2890 4610 (l
2922 4535 3039 4592 Cor.
3071 4551 3161 4603 xv,
3194 4534 3286 4602 21,
3314 4531 3446 4604 22)?
3471 4531 3658 4602 Neque
3688 4532 3832 4588 enim

2239 4633 2454 4692 aliunde
2479 4676 2494 4700 ,
2535 4647 2696 4704 quam
2742 4629 2810 4686 de
2854 4627 3095 4698 corporis
3147 4624 3544 4682 resurrectione
3589 4623 3830 4679 dicebat.

2241 4727 2492 4785 Omnium
2520 4721 2908 4796 ergocorporis
2937 4726 3161 4774 mortem
3191 4717 3385 4772 factam
3413 4730 3508 4786 per
3537 4729 3708 4770 unum
3735 4714 3835 4770 ho-

2243 4823 2443 4876 minem
2469 4817 2636 4884 dixit,
2681 4823 2738 4871 et
2763 4813 3002 4870 omnium
3029 4810 3270 4882 corporis
3297 4807 3750 4866 resurrectionem
3779 4806 3836 4862 in

2243 4913 2406 4968 vitam
2458 4918 2711 4964 aeternam
2759 4921 2855 4977 per
2899 4917 3064 4961 unum
3110 4900 3379 4957 Christum
3429 4899 3658 4956 futuram
3715 4911 3841 4953 esse

2245 5003 2506 5076 promisit.
2525 4997 2805 5070 Quomodo
2824 5011 2952 5068 ergo
2968 4996 3082 5068 plus
3097 4993 3240 5048 nobis
3261 4993 3432 5048 nocuit
3445 4992 3532 5046 ille
3550 4989 3836 5062 peccando,

2245 5112 2400 5167 quam
2443 5096 2536 5149 iste
2575 5091 2767 5164 profuit
2807 5088 3134 5155 redimendo;
3171 5103 3294 5142 cum
3337 5101 3432 5156 per
3467 5084 3610 5140 illius
3637 5097 3840 5154 pecca-

2249 5197 2360 5242 tum
2392 5183 2756 5256 temporaliter
2781 5181 3092 5246 moriamur,
3123 5193 3217 5249 per
3239 5177 3392 5233 istius
3419 5183 3598 5234 autem
3625 5173 3842 5231 redem-

2247 5280 2486 5351 ptionem
2527 5291 2634 5332 non
2675 5275 2743 5330 ad
2787 5271 3132 5342 temporalem
3172 5269 3332 5324 vitam
3359 5310 3375 5336 ,
3407 5267 3504 5324 sed
3541 5267 3612 5324 ad
3641 5282 3844 5338 perpe-

2251 5383 2393 5427 tuam
2439 5367 2818 5440 resurgamus?
2863 5364 3113 5420 Nostrum
3153 5377 3283 5434 ergo
3323 5377 3520 5433 corpus
3563 5370 3844 5416 mortuum

2252 5471 2335 5522 est
2373 5471 2588 5535 propter
2629 5465 2906 5531 peccatum
2931 5498 2946 5524 ,
2997 5455 3192 5512 Christi
3231 5464 3411 5511 autem
3439 5468 3636 5525 corpus
3662 5455 3848 5510 solum

2255 5565 2522 5613 mortuum
2571 5557 2654 5608 est
2697 5551 2814 5606 sine
2855 5557 3108 5620 peccato;
3162 5556 3224 5603 ut
3264 5546 3386 5603 fuso
3427 5547 3686 5618 sanguine
3725 5547 3853 5601 sine
3897 5551 3906 5576 ’-

2255 5649 2448 5720 culpa,
2501 5643 2740 5702 omnium
2786 5641 3058 5714 culparum
3100 5638 3455 5712 chirographa
3501 5637 3854 5706 delerentur,

2256 5741 2445 5813 quibus
2471 5738 2741 5794 debitores
2764 5735 2852 5806 qui
2879 5735 2934 5790 in
2961 5749 3080 5790 eum
3111 5733 3354 5803 credunt,
3381 5748 3414 5790 a
3439 5731 3656 5790 diabolo
3677 5741 3852 5790 antea

2324 5902 2338 5932 ι
2366 5897 2554 5960 Aliquot
2573 5901 2702 5960 M_ss.,
2726 5903 2852 5960 nunc
2871 5887 3219 5960 inolvedientite.

2327 5967 2346 5994 ι
2373 5969 2421 6012 lu
2442 5952 2566 6022 t'tss.,
2585 5957 2687 6010 sine
2711 5952 3068 6024 disceptatione.
