3984 6530
292 371 390 439 ω

298 489 614 556 tenduntur.
651 481 726 538 Et
763 480 901 540 ideo
923 523 941 550 ,
975 479 1080 536 Hic
1115 487 1190 534 est
1210 520 1224 545 ,
1252 477 1355 541 ait,
1385 472 1595 545 sanguis
1615 489 1776 538 metu,
1805 471 1892 542 qui

302 603 390 660 pro
405 580 562 638 multis
578 573 886 645 claudatur
901 575 956 630 in
973 571 1318 630 remissionem
1333 575 1653 641 peccatorum
1673 562 1888 638 (Matth.

302 693 456 740 nu,
483 671 592 742 98).

365 763 576 826 CAPUT
624 759 832 823 XXXI.
866 791 941 802 —
985 757 1076 818 50.
1106 756 1207 814 Cur
1248 771 1352 810 nou
1387 751 1546 809 simul
1581 767 1670 824 per
1705 748 1893 821 Bapti-
1923 826 1931 834 '

299 877 448 923 suum
471 873 588 914 cum
619 853 849 926 peccatis
873 869 1014 908 mors
1035 850 1185 906 etiam
1212 848 1327 920 ipsa
1355 845 1636 901 abolentur.
1675 842 1896 898 Poterat

302 963 464 1014 eumn
499 949 666 1008 etiam
689 947 802 1002 hoc
842 945 1054 1002 donare
1087 939 1426 998 credentibus
1451 978 1468 1005 ,
1513 944 1574 992 ut
1607 949 1710 992 nec
1733 932 1891 989 istius

307 1045 670 1120 experirentur
715 1039 970 1112 corporis
1013 1045 1244 1094 mortem
1274 1051 1289 1090 :
1318 1030 1414 1088 sed
1443 1031 1488 1088 si
1516 1029 1622 1086 hoc
1651 1028 1892 1092 fecisset,

309 1139 442 1200 cani
461 1133 709 1210 quaedam
729 1132 969 1190 felicitas
995 1129 1283 1188 adderetur
1304 1166 1320 1192 ,
1351 1125 1688 1179 minueretur
1715 1128 1892 1176 autem

307 1233 420 1290 ﬁdei
455 1228 736 1288 fortitudo.
781 1226 876 1284 Sic
912 1225 1062 1284 enim
1105 1222 1351 1278 homines
1381 1225 1607 1276 mortem
1640 1215 1796 1271 istam
1829 1213 1895 1266 ti-

306 1337 461 1394 ment.
501 1332 562 1380 nt
590 1337 700 1378 non
731 1318 984 1379 ohaliud
1021 1317 1204 1378 felices
1231 1313 1473 1370 dicerent
1501 1324 1619 1368 esse
1643 1306 1898 1365 Christia-

306 1433 417 1485 nos,
443 1415 548 1472 nisi
567 1413 716 1486 quod
742 1411 885 1472 mori
909 1409 1132 1468 omnino
1155 1421 1262 1462 non
1290 1409 1531 1476 possent.
1565 1403 1644 1457 Ac
1671 1415 1766 1471 per
1792 1398 1896 1452 hoc

305 1524 455 1566 nemo
491 1514 718 1578 propter
747 1503 896 1563 illam
923 1501 1086 1560 vitam
1107 1541 1124 1566 ,
1171 1511 1288 1568 quae
1315 1503 1435 1568 post
1477 1494 1634 1549 istam
1659 1497 1894 1548 mortem

304 1602 456 1658 beata
478 1599 658 1656 futura
696 1603 786 1652 est
809 1637 826 1663 ,
874 1609 973 1668 per
1007 1593 1262 1650 virtutem
1301 1587 1460 1644 etiam
1487 1579 1896 1656 contemnendas

307 1693 478 1765 ipsius
501 1689 692 1750 mortis
717 1687 796 1753 ad
816 1685 1018 1744 Christi
1043 1681 1265 1756 gratiam
1297 1679 1610 1743 festinaret;
1651 1673 1744 1730 sed
1777 1686 1900 1765 pro-

310 1763 429 1859 pter
452 1780 833 1842 removendam
871 1777 1063 1836 mortis
1090 1773 1388 1830 molestiam
1417 1767 1696 1825 delicatius
1721 1763 1900 1859 crede-

307 1855 458 1936 retur
493 1878 550 1936 in
583 1874 881 1932 Christum.
928 1869 1058 1928 Plus
1084 1881 1213 1940 ergo
1241 1864 1423 1938 gratiae
1463 1859 1744 1932 praestitit,
1778 1855 1900 1927 plus

311 1941 550 2028 ﬁdelibm
591 1968 708 2024 suis
750 1966 872 2023 sine
917 1961 1250 2020 dubitatione
1289 1954 1528 2012 donavit.
1577 1949 1714 2020 Quid
1755 1949 1900 2004 enim

305 2077 552 2136 magnum
575 2067 697 2124 erat
717 2099 736 2128 ,
780 2053 1014 2118 videndo
1039 2067 1148 2122 non
1175 2048 1309 2110 mori
1349 2061 1442 2102 eos
1479 2043 1569 2118 qui
1594 2041 1897 2107 crederent,

301 2156 520 2216 ccedere
535 2170 597 2215 se
625 2168 738 2210 non
761 2145 1128 2219 moriturum?
1153 2143 1359 2215 Quanto
1380 2147 1462 2196 est
1481 2137 1676 2208 majus,
1701 2141 1901 2206 quanto

301 2251 494 2310 Ionius
512 2291 526 2315 ,
557 2219 764 2320 quanto
787 2239 1143 2306 laudabilius,
1172 2238 1242 2294 ita
1268 2233 1493 2293 credere
1513 2275 1528 2300 ,
1557 2239 1618 2286 ut
1637 2243 1697 2284 se
1721 2233 1904 2320 speret

629 2340 754 2399 sine
791 2337 901 2396 ﬁne
940 2329 1248 2390 victurum?
1289 2327 1528 2398 Denique
1551 2321 1658 2378 hoc
1684 2319 1904 2390 quibus-

295 2436 506 2501 datnin
553 2434 663 2488 ﬁne
704 2429 1004 2500 largietur,
1051 2433 1110 2479 ut
1150 2428 1378 2477 mortem
1425 2419 1581 2472 istam
1617 2410 1900 2482 repentina

291 2525 724 2584 commutatione
769 2535 882 2576 non
925 2516 1163 2574 sentiant
1189 2512 1300 2584 (a),
1345 2508 1437 2565 sed
1465 2505 1624 2564 simul
1663 2517 1783 2558 cum
1809 2516 1900 2556 re-

291 2619 650 2694 snrgentibus
694 2614 976 2687 rapiantur
1014 2610 1067 2665 in
1098 2607 1324 2664 nubibus
1353 2595 1808 2694 obviarn_C_hristo
1847 2597 1900 2651 in

295 2691 436 2778 aera
457 2753 477 2776 ,
513 2719 573 2766 et
595 2709 677 2764 sic
701 2719 911 2777 semper
936 2717 1062 2758 cum
1093 2698 1317 2754 Domino
1341 2696 1522 2750 vivant
1549 2691 1590 2766 (l
1619 2691 1796 2745 Thess.
1824 2702 1902 2754 tv,

298 2805 431 2880 16).
481 2803 556 2859 Et
589 2809 736 2858 recte
764 2800 895 2867 illis,
947 2795 1074 2869 quia
1115 2809 1219 2849 non
1250 2797 1408 2848 erunt
1450 2788 1560 2859 jam
1586 2785 1788 2880 posteri
1815 2782 1907 2854 qui

294 2877 534 2970 propter
559 2894 664 2950 hoc
691 2891 930 2958 credant,
961 2903 1070 2943 non
1101 2883 1367 2958 sperando
1392 2881 1532 2954 quod
1561 2894 1665 2934 non
1695 2877 1903 2942 vident,

297 2969 408 3048 sed
447 2986 677 3046 amando
716 2982 860 3056 quod
886 2981 1093 3038 vident.
1137 2977 1266 3048 Quze
1309 2975 1438 3030 ﬁdes
1483 2980 1565 3030 est
1605 2969 1816 3027 enervis
1853 2975 1909 3024 et

294 3085 536 3150 debilis,
576 3096 680 3137 nec
725 3077 863 3134 ﬁdes
909 3075 1134 3132 omnino
1171 3068 1428 3134 dicenda,
1475 3061 1906 3138 quandoquidem

289 3150 531 3236 ﬁde-sita
558 3172 784 3230 deﬁnita
809 3179 896 3225 est
927 3185 942 3225 :
973 3166 1132 3221 Fides
1174 3172 1246 3219 est
1285 3159 1599 3232 spcrantium
1627 3157 1644 3188 ¹
1676 3154 1909 3210 substan-

285 3269 406 3338 tia,
432 3265 683 3322 conuiuio
703 3279 881 3320 rerum
905 3275 1022 3333 qua
1050 3275 1153 3314 non
1182 3255 1433 3312 videntur.
1489 3249 1638 3308 Unde
1667 3249 1825 3304 etiam
1854 3245 1906 3301 in

1613 355 1822 414 LIBER
1858 353 2234 414 SECUNDUS.

3487 360 3594 418 48‘2

2008 467 2098 528 ille
2143 470 2234 542 qui
2277 469 2396 526 sine
2438 469 2549 526 ullo
2590 479 2813 545 peccato
2845 469 2933 528 vel
2974 470 3218 543 originali
3257 474 3338 530 vel
3373 477 3592 545 proprio

2003 562 2363 630 moriebatur,
2413 562 2577 632 dixit,
2621 564 2762 636 quod
2803 565 2962 637 paulo
2989 575 3115 622 ante
3151 569 3594 634 commemoravi,

2004 655 2138 712 Ecce
2161 657 2324 712 ueniet
2354 657 2589 728 princeps
2619 659 2830 727 mundi,
2857 659 2911 714 id
2935 666 3017 715 est
3034 701 3049 726 ,
3078 657 3338 725 diabolus,
3373 659 3463 731 qui
3490 675 3596 733 po-

2003 759 2249 808 testatem
2279 751 2511 808 habebat
2550 752 2768 817 mortis,
2801 762 2846 806 et
2872 753 2927 806 in
2965 769 3044 808 me
3085 751 3216 808 nihil
3245 753 3492 820 inveniet,
3540 753 3598 810 id

2003 854 2121 912 est,
2154 845 2396 918 peccati,
2443 853 2660 918 propter
2687 845 2829 916 quod
2867 845 3111 903 homines
3155 848 3289 903 mori
3326 845 3472 904 fecit.
3522 847 3594 904 Et

2004 939 2158 1011 quasi
2183 937 2453 994 diceretur
2471 939 2538 1004 ei,
2559 938 2736 1006 Quare
2763 953 2890 1010 ergo
2917 940 3190 995 moreris?
3221 939 3326 996 Sed
3345 949 3402 995 ut
3425 940 3594 996 sciant

2005 1049 2176 1088 omnes
2209 1075 2224 1100 ,
2257 1032 2448 1106 inquit,
2477 1032 2596 1102 quia
2617 1031 2922 1087 voluntatem
2953 1029 3128 1086 Patris
3152 1033 3250 1088 mei
3275 1033 3407 1104 facio
3428 1076 3444 1103 ,
3472 1051 3594 1088 sur-

2003 1124 2124 1196 gite,
2156 1140 2330 1180 eamus
2353 1124 2471 1178 hinc
2502 1139 2520 1178 :
2549 1123 2601 1178 id
2630 1131 2732 1191 est,
2774 1131 2833 1178 ut
2857 1122 3060 1178 moriar
3079 1139 3185 1178 non
3213 1123 3416 1194 habens
3438 1139 3596 1181 mor-

2006 1216 2074 1270 tis
2097 1230 2313 1272 causam
2340 1215 2407 1271 de
2433 1223 2656 1286 peccato
2684 1214 2784 1270 sub
2827 1223 3044 1270 auctore
3089 1215 3332 1286 peccati,
3384 1217 3478 1272 sed
3523 1216 3594 1273 de

2004 1307 2312 1364 obedientia
2339 1317 2392 1364 et
2431 1307 2636 1378 justitia
2665 1306 2834 1362 lactus
2867 1305 3126 1362 obediens
3153 1322 3320 1378 usque
3345 1307 3414 1362 ad
3435 1323 3592 1363 mor-

2004 1410 2133 1460 tem.
2167 1403 2236 1460 Et
2270 1403 2373 1459 hoc
2397 1419 2524 1476 ergo
2567 1403 2658 1458 illo
2691 1403 2996 1461 testimonio
3034 1403 3456 1460 demonstratum
3487 1411 3592 1474 est,

2005 1502 2062 1552 et
2099 1495 2244 1566 quod
2277 1495 2522 1552 timorem
2554 1495 2742 1551 mortis
2775 1495 2958 1554 ﬁdeles
2985 1495 3242 1564 vincunt,
3271 1495 3338 1551 ad
3367 1511 3596 1568 agonem

2005 1586 2174 1660 ipsius
2201 1586 2322 1643 ﬁdei
2353 1588 2624 1660 pertinere
2648 1629 2662 1654 ,
2690 1587 2782 1663 qui
2810 1587 3051 1658 profecto
3081 1588 3372 1656 defuisset,
3399 1586 3444 1645 si
3469 1604 3598 1646 mox

2005 1688 2152 1736 esset
2175 1679 2456 1735 credentes
2479 1679 2849 1736 immortalitas
2873 1687 3179 1736 consecuta.

2077 1772 2302 1829 CAPUT
2327 1771 2631 1828 XXXll.-—
2653 1773 2744 1830 52.
2761 1772 2864 1829 Cur
2887 1773 3116 1832 Christus
3141 1783 3252 1848 post
3273 1776 3598 1831 resurrectio-

2007 1881 2123 1920 nem
2171 1863 2495 1936 prtesentiam
2536 1882 2683 1921 suam
2730 1867 2922 1921 mundo
2971 1866 3286 1922 subduxerit.
3344 1867 3599 1936 Quamvis

2008 1956 2187 2028 itaque
2210 1956 2379 2014 multa
2409 1957 2668 2013 Dominus
2687 1957 2918 2018 visibilia
2944 1958 3200 2014 miracula
3220 1958 3422 2026 fecerit,
3455 1960 3601 2016 unde

2009 2049 2124 2122 ipsa
2155 2050 2288 2105 ﬁdes
2313 2051 2460 2107 velut
2486 2051 2802 2124 quibusdam
2834 2053 3142 2123 primordiis
3185 2051 3600 2130 lactescentibus

2008 2141 2364 2217 germinaret,
2411 2150 2468 2198 et
2510 2143 2563 2197 in
2605 2157 2758 2199 suum
2799 2143 2963 2199 robur
3004 2159 3074 2201 ex
3109 2145 3198 2202 illa
3236 2145 3597 2201 teneritudine

2013 2235 2338 2290 coalesceret
2369 2235 2539 2306 (tanto
2564 2245 2643 2290 est
2673 2237 2814 2291 enim
2838 2235 3042 2303 fortior,
3071 2246 3272 2308 quanto
3297 2239 3465 2311 magis
3485 2239 3602 2310 jam

2012 2324 2113 2383 ἰδίει
2141 2341 2245 2379 non
2272 2326 2484 2402 qtuerit)
2516 2343 2529 2380 :
2563 2335 2741 2382 tamen
2769 2325 2901 2383 illud
2941 2327 3083 2400 quod
3125 2329 3442 2399 promissum
3473 2345 3599 2402 spe-

2010 2431 2198 2472 ramus
2221 2459 2236 2485 ,
2289 2417 2627 2480 invisibiliter
2660 2419 2826 2474 voluit
2869 2420 3194 2490 exepectari,
3239 2429 3297 2477 ut
3331 2421 3508 2491 justus
3535 2437 3606 2480 ex

2012 2507 2119 2564 ﬁde
2137 2509 2342 2564 viveret
2361 2551 2375 2576 ,
2409 2509 2460 2564 in
2491 2518 2692 2566 tantum
2725 2519 2783 2566 ut
2808 2526 2906 2567 nec
2937 2513 3050 2582 ipse
3087 2512 3178 2586 qui
3217 2513 3304 2568 die
3331 2515 3486 2570 tertio
3507 2531 3596 2572 re-

2011 2601 2263 2670 surrexit,
2293 2601 2432 2657 iutcr
2457 2602 2702 2679 homines
2730 2617 2852 2663 esse
2876 2603 3125 2671 voluerit,
3151 2605 3246 2660 sed
3274 2604 3354 2662 eis
3381 2607 3608 2663 demonc

2013 2699 2181 2748 strato
2203 2693 2255 2746 in
2273 2708 2366 2748 sua
2389 2707 2549 2749 carne
2564 2695 2974 2756 resurrectionis
2993 2698 3261 2768 exemplo,
3282 2714 3420 2770 quos
3441 2698 3602 2770 lmjus

2010 2785 2089 2840 rei
2133 2792 2296 2840 testes
2326 2785 2524 2842 habere
2547 2784 2796 2857 dignatus
2824 2795 2940 2855 est,
2982 2788 3034 2842 in
3055 2787 3252 2844 coelum
3279 2790 3608 2859 ascenderit,

2011 2874 2220 2932 illorum
2261 2891 2472 2948 quoque
2501 2891 2559 2934 se
2580 2879 2748 2934 oculis
2777 2877 3026 2936 auferens
3047 2921 3064 2948 ,
3106 2880 3345 2954 nihilque
3380 2881 3487 2938 tale
3515 2899 3610 2940 cu-

2010 2967 2258 3040 jusquam
2304 2983 2488 3025 eorum
2515 2971 2660 3027 carni
2695 2971 2806 3042 jam
2834 2972 3077 3030 tribuens
3098 3015 3116 3043 ,
3161 2974 3320 3048 quale
3361 2974 3418 3031 in
3445 2991 3610 3033 carne

2014 3061 2227 3134 propria
2256 3060 2754 3132 demonstraverat;
2797 3073 2856 3120 ut
2880 3073 2936 3123 et
2964 3067 3064 3138 ipsi
3101 3081 3170 3124 ex
3199 3067 3301 3124 ﬁde
3332 3067 3596 3138 viverent,

2013 3153 2236 3226 ejusque
2271 3153 2522 3224 justitiae,
2569 3156 2622 3212 in
2652 3173 2756 3230 qua
2795 3173 2860 3214 ex
2900 3157 3006 3215 ﬁde
3043 3159 3282 3228 vivitur,
3327 3161 3611 3233 praemium

2013 3247 2158 3322 quod
2188 3259 2370 3320 postea
2397 3250 2501 3306 erit
2525 3251 2752 3320 visibile,
2780 3268 2923 3308 nunc
2948 3253 3157 3310 interim
3181 3270 3276 3324 per
3296 3256 3614 3328 patientiam

281 3360 504 3427 eadem,
531 3358 622 3416 ubi
653 3365 710 3414 et
739 3355 846 3412 hoc
871 3354 1134 3424 scriptum
1160 3357 1260 3415 est,
1283 3347 1348 3402 ad
1367 3344 1624 3402 Hebrzeos
1645 3339 1902 3410 Epistola,

280 3434 420 3512 cum
455 3458 862 3523 consequenter
903 3450 1273 3502 enumerasset
1319 3438 1578 3514 quosdam
1605 3478 1622 3505 ,
1660 3435 1750 3507 qui
1797 3433 1910 3489 Deo

281 3545 402 3603 ﬁde
427 3545 756 3620 placuerunt
783 3559 799 3596 :
833 3536 1130 3596 Secundum
1153 3533 1322 3607 ﬁdem,
1353 3531 1546 3601 inquit,
1581 3535 1778 3620 mortus
1793 3531 1911 3578 sunt

283 3639 342 3694 hi
372 3654 572 3702 omnes,
600 3651 724 3691 cum
763 3650 870 3688 non
904 3630 1212 3702 accepissent
1239 3624 1618 3700 promissiones,
1647 3619 1735 3674 sed
1764 3619 1912 3689 longe

2015 3340 2354 3398 invisibiliter
2381 3351 2774 3418 exspectarent.
2807 3346 2887 3400 Ad
2916 3346 3059 3402 hunc
3095 3346 3421 3404 intellectum
3448 3349 3614 3405 credo

2016 3435 2182 3490 etiam
2231 3435 2360 3491 illud
2410 3450 2532 3493 esse
2573 3437 2950 3508 referendum,
3001 3440 3142 3515 quod
3191 3441 3264 3496 ait
3305 3440 3373 3496 de
3408 3440 3615 3512 Spiritu

2016 3537 2203 3584 sancto
2237 3547 2249 3584 :
2285 3527 2406 3585 Non
2441 3540 2603 3604 potest
2638 3533 2746 3606 ipse
2770 3534 2937 3590 venire
2959 3577 2974 3602 ,
3017 3535 3116 3589 nisi
3141 3553 3230 3610 ego
3258 3535 3450 3592 abiero.
3501 3537 3616 3594 Hoc

286 3747 384 3788 ous
412 3730 640 3786 ridentes
684 3736 734 3782 et
771 3724 1086 3789 salutantes,
1132 3730 1179 3774 et
1220 3718 1515 3789 conﬁtentes
1539 3712 1660 3786 quia
1689 3710 1912 3782 hospites

289 3835 343 3884 et
370 3821 632 3896 paegrini
653 3828 779 3877 sunt
802 3833 959 3888 super
989 3823 1194 3869 terram.
1236 3811 1306 3866 Et
1333 3808 1494 3880 paulo
1519 3813 1640 3878 post
1665 3803 1913 3860 eamdem

295 3917 432 3974 ﬁdei
459 3915 682 3976 laudem
725 3915 802 3970 ita
824 3908 1092 3969 conclusit
1115 3926 1130 3961 :
1157 3906 1223 3960 Et
1244 3919 1436 3970 omnes,
1465 3901 1652 3972 inquit,
1686 3898 1912 3954 testimo-

299 4011 450 4067 nium
490 4007 750 4066 consecuti
796 4021 888 4078 per
927 4002 1120 4074 ﬁdem,
1165 4016 1267 4055 non
1293 3996 1516 4052 tulerunt
1557 3992 1914 4065 promissioncs

303 4101 410 4159 Dei
437 4119 456 4158 :
483 4110 574 4174 pro
595 4099 747 4156 nobis
773 4097 909 4166 enim
938 4095 1153 4152 meliora
1179 4089 1522 4163 prociderunt,
1555 4101 1620 4140 ne
1644 4085 1753 4174 sine
1772 4081 1914 4137 nobis

309 4173 525 4268 perfecti
543 4194 917 4266 perﬁcerentur
945 4187 1131 4262 (Hebr.
1161 4199 1248 4252 ιι,
1278 4184 1302 4238 1
1327 4223 1343 4248 ,
1376 4181 1446 4238 15
1465 4221 1480 4244 ,
1509 4177 1599 4245 39,
1629 4173 1746 4250 40).
1789 4174 1917 4268 Haec

307 4288 433 4344 laus
455 4287 580 4345 ﬁdei
607 4301 724 4342 non
753 4292 936 4348 esset,
967 4293 1074 4341 nec
1103 4277 1320 4335 omnino
1345 4317 1360 4343 ,
1391 4281 1452 4329 ut
1471 4271 1580 4344 jam
1611 4269 1718 4324 dixi
1738 4309 1754 4336 ,
1784 4267 1918 4324 ﬁdes

311 4389 475 4446 esset,
505 4379 555 4438 si
580 4377 837 4448 homines
857 4375 910 4435 in
936 4371 1214 4433 credendo
1233 4367 1450 4442 praemia
1476 4363 1702 4422 visibilia
1728 4376 1922 4433 seque-

317 4480 540 4540 rentur,
587 4469 698 4529 hoc
725 4475 846 4534 est,
893 4466 938 4524 si
972 4462 1218 4528 ﬁdelibus
1259 4473 1464 4516 merces
1506 4453 1918 4510 immortalitatis

316 4564 375 4619 in
399 4563 502 4620 hoc
522 4561 726 4619 sreculo
751 4559 1091 4620 redderetur.

350 4641 356 4646 ’
391 4656 482 4712 5t.
511 4654 651 4710 Hinc
679 4663 732 4708 et
763 4652 879 4720 ipse
909 4649 1166 4709 Dominus
1201 4644 1338 4702 mori
1379 4643 1582 4709 voluit,
1609 4649 1697 4709 ut,
1728 4653 1920 4712 quem-

321 4749 610 4806 admodum
639 4745 710 4802 de
739 4745 833 4801 illo
857 4743 1116 4812 scriptum
1144 4749 1226 4798 est
1245 4780 1259 4806 ,
1297 4754 1387 4811 per
1413 4746 1625 4792 mortem
1661 4739 1923 4790 euacuaret

323 4857 440 4895 cum
477 4841 564 4912 qui
600 4845 904 4912 potestatem
927 4833 1141 4890 habebat
1168 4831 1380 4898 mortis,
1421 4829 1476 4884 id
1516 4838 1609 4894 est,
1642 4826 1920 4893 diabolum,

321 4943 374 4989 et
401 4932 639 4987 liberaret
670 4946 755 4984 cos
793 4928 880 5000 qui
926 4926 1106 4980 timore
1141 4923 1319 4977 mortis
1357 4937 1448 4992 per
1481 4927 1638 4974 totam
1668 4919 1822 4972 vitam
1849 4916 1926 4972 rei

321 5022 743 5080 conuerritutis
782 5018 895 5094 (Id.
923 5034 986 5086 ιι,
1020 5018 1089 5072 ll
1110 5057 1124 5082 ,
1156 5015 1268 5086 15).
1319 5013 1432 5069 Hoc
1463 5009 1768 5069 testimonio
1795 5009 1925 5066 satis

325 5121 492 5177 etiam
539 5117 675 5173 illud
715 5121 1088 5176 monstratur,
1136 5119 1192 5166 et
1229 5115 1457 5164 mortem
1502 5109 1656 5160 istam
1684 5101 1926 5174 corporis

328 5211 574 5284 principe
601 5218 762 5281 atque
787 5215 1010 5262 auctore
1039 5201 1249 5260 diabolo
1273 5243 1290 5268 ,
1328 5199 1435 5260 hoc
1460 5209 1545 5256 est
1563 5241 1578 5263 ,
1611 5213 1675 5253 ex
1709 5201 1927 5266 peccato

326 5303 593 5359 accidisse
616 5345 632 5368 ,
675 5297 815 5370 quod
844 5297 937 5352 ille
976 5293 1277 5366 persuasit;
1322 5306 1495 5362 neque
1520 5289 1662 5346 enim
1689 5287 1759 5343 ob
1783 5285 1927 5340 aliud

329 5401 652 5465 potestatem
673 5391 876 5457 habere
904 5388 1100 5448 mortis
1136 5385 1414 5446 verissime
1442 5383 1711 5439 diceretur
1743 5399 1754 5434 :
1789 5379 1932 5436 unde

398 5508 416 5537 ³
436 5511 542 5556 ων.
561 5539 577 5565 ,
610 5501 992 5568 sperandorum.
1022 5505 1082 5568 A_t_
1112 5506 1225 5568 Am:
1247 5495 1596 5568 Er._et_nostri.
1619 5493 1934 5568 manuscripti

329 5555 826 5626 mntérrhabent,
852 5559 1180 5630 spei-Man.
1197 5567 1289 5630 sic
1307 5559 1370 5608 ab
1387 5557 1666 5630 summitto
1683 5555 1873 5630 (gitti-tur
1881 5556 1935 5606 in

329 5615 551 5681 saeuo
562 5615 712 5682 ’πῐίῖι
961 5638 1034 5690 _n.
1061 5625 1106 5683 ι,
1133 5624 1246 5690 etin
1267 5615 1498 5690 metata
1507 5619 1597 5690 93,_
1616 5631 1668 5668 ιι.
1692 5615 1740 5666 2.
1771 5624 1936 5690 graneo

999 5677 1127 5759 cum
1159 5686 1222 5756 sit
1243 5685 1447 5734 verbum
1471 5677 1704 5738 medium,
1743 5680 1806 5730 ab
1828 5677 1936 5730 aliis

335 5747 481 5822 mire
496 5747 950 5822 accipiebagtr,'ab
967 5747 1080 5822 aliis
1095 5747 1297 5822 passive.
1364 5816 1375 5822 Δ
1426 5821 1433 5822 7
1481 5808 1492 5820 .

391 5804 777 5882 ζάίῖἷᾶἷὶἷιῖξέὶ
816 5804 1069 5872 Ιὶειινεειη
1095 5804 1198 5874 cap.
1219 5810 1306 5870 53;
1332 5816 1383 5860 et
1415 5808 1554 5872 epist.
1595 5805 1702 5866 195,
1735 5804 1796 5855 ad
1820 5812 1940 5855 Mer-

325 5894 537 5939 calorem.

2017 3622 2158 3678 enim
2187 3631 2302 3678 erat
2327 3621 2507 3680 dicere
2528 3665 2544 3691 ,
2594 3640 2700 3680 non
2729 3628 2974 3700 poteritis
2993 3628 3136 3700 justo
3163 3630 3341 3686 vivere
3379 3647 3445 3688 ex
3483 3631 3612 3698 ﬁde,

2016 3714 2158 3786 quod
2189 3714 2254 3770 de
2283 3729 2407 3772 meo
2432 3714 2575 3772 dono
2595 3759 2608 3783 ,
2656 3716 2708 3772 id
2737 3725 2852 3785 est,
2887 3718 2956 3774 de
2991 3719 3192 3790 Spiritu
3231 3732 3417 3780 sancto
3447 3723 3614 3780 habe-

2017 3805 2144 3862 bitis
2167 3849 2182 3875 ,
2227 3807 2328 3862 nisi
2351 3823 2380 3862 a
2406 3807 2598 3864 vestris
2625 3811 2790 3866 oculis
2817 3811 2920 3868 hoc
2941 3812 3082 3883 quod
3115 3813 3392 3870 intuemini
3427 3816 3611 3873 abstu-

2019 3897 2151 3965 lero,
2181 3908 2239 3953 ut
2266 3899 2611 3970 Spiritualiter
2640 3915 2734 3958 cor
2757 3909 2992 3960 vestrum
3024 3903 3306 3960 invisibilia
3343 3905 3614 3962 credendo

2021 3993 2284 4062 proticiat.
2338 3993 2486 4050 Hanc
2515 4009 2580 4049 ex
2610 3993 2713 4050 ﬁde
2732 3995 2994 4066 justitiam
3023 3995 3342 4068 identidem,
3388 3999 3618 4072 loquens

2021 4083 2087 4140 de
2120 4084 2321 4158 Spiritu
2349 4095 2534 4142 sancto
2554 4129 2570 4158 ,
2607 4087 2676 4142 ita
2709 4089 3050 4144 commendat
3081 4107 3095 4144 :
3129 4089 3262 4162 Ille,
3297 4091 3498 4166 inquit,
3528 4110 3617 4148 ar-

2021 4186 2139 4248 guet
2158 4177 2403 4252 mundum
2431 4179 2495 4234 de
2514 4190 2738 4250 peccato,
2762 4179 2826 4236 de
2849 4181 3086 4252 justitia,
3120 4192 3166 4237 et
3196 4183 3259 4237 de
3278 4183 3520 4264 judicio:
3551 4187 3618 4242 de

2023 4281 2226 4342 peccato
2246 4273 2448 4342 quidem
2466 4314 2483 4340 ,
2518 4274 2638 4345 quia
2664 4291 2765 4330 non
2791 4274 3115 4331 crediderunt
3147 4275 3200 4330 in
3238 4293 3350 4342 me;
3377 4276 3441 4332 de
3459 4278 3622 4349 justi-

2025 4368 2133 4436 tia,
2171 4368 2290 4441 quia
2329 4368 2400 4422 ad
2425 4367 2636 4426 Patrem
2672 4372 2800 4424 uado
2823 4411 2839 4436 ,
2885 4380 2934 4427 et
2970 4371 3086 4443 jam
3133 4387 3232 4426 non
3273 4371 3500 4428 videbitis
3539 4389 3622 4426 me

2025 4457 2203 4530 (Joan.
2234 4475 2346 4528 χιιι,
2377 4459 2554 4534 7-10).
2585 4459 2716 4542 Quae
2743 4471 2825 4531 est
2854 4462 2952 4520 ista
2972 4461 3174 4531 justitia
3195 4503 3210 4528 ,
3233 4478 3334 4535 qua
3364 4479 3485 4520 eum
3513 4479 3620 4520 non

2025 4551 2273 4608 viderent
2301 4553 2318 4584 ¹
2345 4592 2363 4620 ,
2409 4551 2512 4608 nisi
2539 4561 2598 4613 ut
2619 4551 2795 4630 justus,
2824 4570 2886 4608 ex
2917 4554 3018 4610 ﬁde
3049 4554 3292 4620 viveret,
3321 4564 3375 4610 et
3400 4570 3505 4610 non
3534 4571 3622 4612 re-

2028 4643 2318 4716 spicientes
2345 4659 2463 4715 quae
2494 4643 2770 4711 videntur,
2798 4642 2890 4700 sed
2916 4658 3036 4714 quae
3071 4658 3175 4700 non
3200 4644 3447 4702 videntur
3465 4689 3481 4715 ,
3513 4649 3624 4719 spi-

2026 4736 2134 4791 ritu
2157 4751 2220 4790 ex
2246 4735 2348 4790 ﬁde
2377 4751 2525 4806 spem
2553 4735 2774 4805 justitiae
2794 4736 3269 4808 exspectaremus?

2098 4823 2323 4880 CAPUT
2353 4823 3054 4898 XXXlIl.—55.Rcspondet
3073 4825 3144 4880 ad
3165 4825 3491 4899 objectionem
3511 4827 3618 4888 Pe-

2029 4917 2366 4989 lagianorum.
2409 4917 2507 4990 Qui
2541 4927 2714 4972 autem
2759 4917 2940 4974 dicunt
2971 4935 2986 4972 :
3019 4916 3081 4974 Si
3125 4929 3328 4988 peccato
3357 4938 3489 4976 mors
3516 4925 3616 4980 ista

2029 5010 2256 5081 corporis
2285 5009 2544 5064 accidisset
2565 5051 2580 5077 ,
2611 5027 2713 5064 non
2737 5010 2908 5082 utique
2934 5019 3046 5081 post
3069 5011 3412 5066 remissionem
3440 5029 3624 5083 pecca-

2031 5108 2218 5166 torum,
2245 5117 2401 5170 quaut
2426 5100 2738 5171 Redemptor
2758 5101 2898 5156 nobis
2923 5102 3112 5168 tribuit,
3141 5119 3450 5158 morerentur
3473 5120 3492 5160 :
3516 5120 3625 5162 non

2034 5193 2333 5264 intelligunt
2373 5191 2642 5264 quomodo
2668 5208 2754 5249 res
2780 5235 2796 5262 ,
2843 5210 3069 5268 quarum
3107 5202 3311 5251 reatum
3335 5237 3350 5262 ,
3397 5212 3463 5252 ne
3505 5206 3626 5266 post

2033 5284 2171 5341 hanc
2203 5286 2362 5343 vitam
2393 5285 2608 5350 obsint,
2639 5283 2780 5342 Deus
2800 5283 2988 5354 solvit,
3032 5295 3208 5342 tamen
3240 5301 3330 5342 eas
3355 5287 3419 5342 ad
3451 5296 3628 5342 certa-

2035 5394 2156 5434 men
2208 5377 2326 5433 ﬁdei
2370 5377 2496 5433 sinit
2537 5393 2784 5444 manere,
2837 5387 2895 5434 ut
2941 5395 3034 5452 per
3082 5380 3197 5435 illas
3235 5379 3546 5435 erudiuntur
3570 5388 3628 5436 et

2036 5481 2389 5526 exerceantur
2439 5469 2780 5544 proﬁcientes
2827 5471 2880 5526 in
2929 5487 3099 5544 agone
3139 5471 3377 5542 institue.
3437 5471 3628 5527 Posset

2041 5565 2182 5622 enim
2219 5574 2274 5620 et
2297 5563 2433 5619 alius
2462 5563 2565 5619 hoc
2595 5579 2699 5619 nou
2741 5565 3042 5636 intelligens
3069 5564 3248 5618 dicere
3274 5603 3288 5630 ,
3323 5563 3375 5617 Si
3408 5579 3521 5634 pro;
3546 5571 3628 5620 ιρι·

2041 5667 2316 5729 peccatum
2361 5656 2495 5712 dixit
2532 5656 2669 5712 Deus
2711 5657 2952 5724 homini,
3007 5655 3072 5710 In
3121 5656 3305 5718 sudore
3341 5657 3506 5712 vultus
3554 5658 3628 5711 uti

2043 5750 2156 5806 cdes
2184 5767 2364 5820 panem
2395 5759 2550 5816 tuum,
2583 5759 2627 5803 ct
2655 5750 2829 5819 spinas
2856 5759 2900 5803 et
2927 5750 3139 5805 tribulos
3161 5751 3316 5824 pariet
3345 5749 3432 5803 tibi
3457 5759 3584 5806 terra
3606 5767 3627 5808 :

2113 5869 2128 5900 ι
2147 5864 2452 5917 Corbetensis
2473 5872 2575 5929 Ms,
2602 5864 2836 5916 tuderunt.
