3984 6498
786 309 900 328 me.»
932 328 939 334 ‘

512 393 625 460 185

508 533 680 595 quare
705 524 762 578 et
784 524 906 591 post
941 513 1316 573 remissionem
1358 510 1509 595 labor
1548 510 1637 567 hic
1678 516 1997 580 permanet,
2049 514 2108 563 et

508 591 633 672 haec
657 612 791 669 dura
822 616 878 667 et
895 621 1082 679 aspera
1107 605 1248 677 parit
1279 591 1443 660 etiam
1471 610 1613 659 terra
1642 601 1924 659 ﬁdelium?
1970 599 2101 657 ltem

508 705 557 761 si
607 711 827 776 propter
868 705 1142 771 peccatum
1180 694 1381 751 dictum
1413 702 1497 769 est
1532 693 1775 760 mulieri,
1820 691 1888 747 In
1914 693 2103 765 gemitu

507 797 677 866 paries
703 791 859 863 (Gen.
899 805 980 857 ιιι,
1014 788 1105 858 19,
1133 786 1224 861 16)
1260 805 1277 845 :
1304 802 1402 843 cur
1419 787 1581 843 etiam
1611 793 1732 857 post
1754 792 2100 863 peccatorum

509 884 884 943 remissionem
923 881 1135 936 femina:
1165 878 1350 936 ﬁdeles
1383 876 1603 936 eosdem
1645 876 1861 933 dolores
1889 875 1942 931 in
1987 891 2083 947 par

504 975 754 1035 turiendo
800 974 1116 1048 patiuntur?
1159 974 1227 1031 Et
1256 984 1434 1029 tamen
1476 979 1689 1029 constat
1724 977 1944 1041 propter
1970 984 2099 1039 pec-

509 1072 712 1137 catum,
752 1067 896 1140 quod
921 1067 1267 1129 admiserant,
1296 1064 1420 1122 illos
1437 1080 1468 1119 a
1488 1062 1599 1119 Deo
1628 1063 1831 1135 primos
1856 1060 2100 1116 homines

506 1159 628 1217 haec
669 1158 887 1216 audisse
927 1168 1086 1231 atque
1113 1157 1377 1215 meruisse
1407 1173 1423 1211 :
1450 1169 1555 1212 nec
1586 1154 1790 1211 resistit
1813 1154 1896 1210 his
1922 1153 2099 1210 verbis

503 1251 673 1310 divini
699 1252 858 1321 libri,
906 1267 1025 1324 qua:
1047 1249 1201 1323 posui
1226 1249 1293 1305 de
1322 1249 1507 1306 labore
1543 1245 1776 1302 hominis
1806 1254 1862 1302 et
1889 1245 1957 1301 de
1977 1260 2100 1317 par-

504 1343 767 1402 turitione
803 1341 1066 1410 mulieris,
1096 1341 1201 1399 nisi
1229 1340 1319 1413 qui
1345 1353 1566 1411 prorsus
1590 1337 1796 1394 alienus
1822 1353 1855 1393 a
1881 1336 1986 1393 ﬁde
2009 1351 2098 1393 ca-

503 1438 707 1496 tholica
744 1436 946 1494 eisdem
973 1435 1188 1492 Litteris
1207 1433 1540 1490 adversatur.

575 1530 804 1589 CAPUT
823 1527 1067 1587 XXXIV.
1082 1527 1253 1585 —54.
1277 1524 1381 1583 Cur
1390 1525 1597 1582 remisso
1611 1531 1815 1597 peccato
1832 1539 1979 1594 paena
1998 1520 2096 1576 αα·-

504 1625 606 1680 huc
631 1623 883 1695 exigatur.
910 1620 1110 1676 Verum
1139 1619 1262 1691 quia
1289 1626 1346 1675 et
1373 1618 1508 1675 tales
1538 1632 1645 1673 non
1663 1616 1887 1683 desunt;
1909 1628 2100 1686 quem-

505 1714 798 1772 admodum
827 1714 906 1771 eis
934 1712 1034 1769 hac
1061 1711 1357 1783 quaestione
1386 1708 1660 1781 proposita
1683 1704 2093 1777 respondemus,

503 1807 767 1875 dicentes,
793 1813 917 1862 ante
941 1803 1312 1860 remissionem
1339 1816 1461 1858 esse
1497 1799 1588 1856 illa
1615 1798 1873 1870 supplicia
1903 1811 2095 1869 pecca-

502 1909 698 1967 torum,
729 1908 851 1971 post
879 1898 1249 1955 remissionem
1287 1905 1466 1953 autem
1495 1894 1786 1952 certamina
1829 1892 2096 1960 exercita-

497 1992 782 2062 tionesque
801 1990 1068 2060 justorum
1097 2006 1112 2044 :
1143 1989 1213 2044 ita
1238 1996 1295 2046 et
1317 1988 1423 2043 illis
1443 2002 1578 2059 quos
1608 1986 1676 2042 de
1702 1994 1874 2042 morte
1899 2000 2095 2056 corpo-

496 2082 577 2139 ris
605 2082 856 2138 similiter
882 2089 1084 2148 movet,
1132 2080 1465 2151 respondere
1503 2080 1782 2146 debemus,
1815 2086 1874 2134 ut
1898 2094 2013 2135 eam
2043 2087 2099 2135 et

494 2180 723 2243 peccato
751 2170 1013 2227 accidisse
1043 2170 1327 2238 fateamur,
1358 2180 1414 2227 et
1453 2180 1574 2243 post
1621 2180 1962 2241 peccatorum
2006 2187 2095 2228 re-

497 2264 833 2330 missionem,
855 2272 912 2319 ut
936 2278 1164 2335 magnus
1195 2265 1353 2320 timor
1379 2264 1496 2335 ejus
1526 2279 1554 2318 a
1586 2266 1991 2335 proficientibus
2006 2281 2096 2322 su-

496 2364 737 2425 peretur,
768 2354 835 2410 ad
874 2362 1146 2411 certamen
1188 2355 1345 2411 nobis
1387 2356 1631 2412 relictam
1660 2371 1781 2413 esse
1804 2373 1913 2413 non
1941 2357 2094 2413 dedi-

498 2462 749 2520 gnemur.
777 2446 834 2505 Si
882 2451 1027 2503 enim
1077 2464 1236 2519 parva
1278 2449 1449 2506 virtus
1490 2459 1634 2507 esset
1674 2450 1819 2519 ﬁdei,
1850 2467 1970 2523 qua:
2000 2467 2098 2524 per

498 2538 845 2595 dilectionem
892 2548 1166 2610 operatur,
1211 2541 1402 2597 mortis
1444 2550 1648 2598 metum
1699 2543 1937 2610 vincere,
1987 2560 2094 2600 non

501 2637 651 2686 esset
697 2638 846 2686 tanta
885 2640 1181 2703 martyrum
1224 2631 1426 2705 gloria,
1459 2648 1559 2690 nec
1583 2634 1844 2690 Dominus
1869 2635 2093 2705 diceret,

496 2723 756 2795 Majorem
783 2725 879 2778 hac
903 2724 1201 2780 charitatem
1231 2742 1374 2780 nemo
1402 2725 1569 2793 habet,
1597 2743 1750 2799 quam
1779 2737 1835 2783 ut
1865 2729 2090 2783 animam

495 2831 647 2871 suam
685 2826 842 2886 ponat
890 2833 984 2886 pro
1021 2816 1199 2871 amicis
1240 2818 1345 2871 suis
1375 2816 1554 2890 (Joan.
1583 2833 1679 2885 xv,
1714 2818 1827 2889 l3).
1859 2819 2012 2888 Quod
2038 2821 2094 2879 in

494 2906 737 2978 Epistola
784 2924 877 2964 sua
931 2908 1164 2966 Joannes
1221 2910 1294 2966 ita
1346 2910 1684 2977 dicit;Sicut
1734 2912 1824 2969 ille
1870 2914 2095 2969 animant

495 3017 645 3057 suam
672 3016 767 3073 pro
802 3001 946 3056 nobis
976 3003 1165 3072 posuit,
1196 3003 1268 3057 sic
1311 3012 1359 3058 et
1388 3020 1480 3058 nos
1518 3003 1755 3060 debemus
1778 3006 1976 3062 animas
2000 3024 2094 3078 pro

498 3092 739 3165 fratribus
784 3108 976 3165 ponere
1017 3092 1073 3167 (Ι
1097 3093 1254 3149 Joan.
1284 3110 1342 3150 ut
1362 3136 1378 3162 ,
1412 3095 1526 3169 l6).
1557 3094 1899 3169 Nequaquam
1931 3098 2095 3170 igitur

494 3185 756 3242 in'morte
788 3201 886 3256 pro
909 3184 1113 3256 justitia
1140 3186 1418 3243 subeunda
1444 3188 1532 3243 vel
1555 3191 1944 3245 contemnenda
1976 3190 2092 3245 lau-

498 3274 716 3332 daretur
752 3277 1020 3347 prtecipua
1045 3278 1320 3348 patientia,
1349 3279 1393 3335 si
1429 3281 1620 3335 mortis
1668 3295 1776 3336 non
1802 3291 1948 3338 esset
1976 3298 2092 3338 ma-

496 3383 603 3439 gna
641 3369 978 3440 multumque
1017 3371 1150 3426 dura
1196 3373 1465 3428 molestia.
1513 3372 1680 3443 Cujus
1725 3375 1970 3431 timorem
2000 3377 2091 3448 qui

496 3463 664 3519 vincit
688 3478 754 3520 ex
782 3461 908 3531 ﬁde,
938 3479 1187 3536 magnam
1216 3465 1386 3536 ipsius
1412 3464 1537 3521 ﬁdei
1568 3475 1843 3536 comparat
1864 3468 2090 3540 gloriam

492 3552 797 3625 justamque
839 3556 1165 3612 mercedem.
1201 3554 1355 3613 Unde
1404 3557 1708 3614 mirandum
1751 3575 1857 3615 non
1902 3569 2005 3630 est,
2036 3572 2093 3618 et

494 3654 724 3702 mortem
756 3647 996 3718 corporis
1038 3662 1148 3703 non
1192 3646 1360 3705 fuisse
1388 3657 1702 3706 eventuram
1732 3650 1958 3720 homini,
1986 3655 2090 3710 nisi

493 3738 863 3809 praecessisset
890 3747 1192 3810 peccatum,
1223 3741 1379 3812 cujus
1418 3742 1578 3797 etiam
1622 3742 1742 3819 talis
1768 3758 1926 3814 poena
1954 3761 2087 3802 con-

492 3838 839 3901 sequeretur;
888 3838 945 3888 et
991 3840 1113 3903 post
1157 3833 1532 3890 remissionem
1580 3845 1925 3908 peccatorum
1967 3854 2088 3895 eam

493 3920 745 3977 ﬁdelibus
773 3922 1010 3991 evenire,
1040 3931 1099 3978 ut
1124 3924 1178 3980 in
1208 3924 1323 3994 ejus
1351 3926 1547 3982 timore
1571 3926 1834 3984 vincendo
1863 3944 2088 3987 exerce-

492 4022 645 4069 retur
670 4013 926 4070 fortitudo
948 4014 1194 4086 justitiae.

564 4103 654 4160 55.
682 4104 823 4161 Caro
850 4106 993 4161 enim
1023 4121 1146 4177 quae
1171 4107 1348 4178 primo
1374 4106 1516 4164 facta
1556 4118 1658 4174 est,
1690 4125 1799 4167 non
1820 4119 1937 4168 erat
1960 4127 2085 4170 caro

488 4195 722 4266 peccati,
752 4197 806 4251 in
855 4211 957 4267 qua
1002 4197 1174 4252 noluit
1212 4197 1373 4254 homo
1422 4199 1560 4255 inter
1597 4200 1816 4257 delicias
1852 4204 2085 4274 paradisi

494 4300 717 4342 servare
757 4284 1043 4357 justitiam.
1070 4287 1226 4345 Unde
1272 4291 1457 4344 statuit
1501 4291 1663 4356 Deus,
1697 4302 1754 4348 ut
1800 4302 1922 4365 post
1967 4296 2083 4367 ejus

490 4387 770 4451 peccatum
821 4388 1112 4451 propagata
1158 4394 1286 4435 caro
1324 4383 1562 4452 peccati,
1608 4383 1677 4439 ad
1721 4386 2081 4457 recipiendam

484 4470 747 4541 justitiam
791 4470 1063 4528 laboribus
1106 4481 1161 4527 et
1204 4473 1465 4530 molestiis
1502 4476 1812 4533 eniteretur.
1855 4479 2082 4552 Propter

488 4562 594 4620 hoc
617 4564 776 4622 etiam
805 4565 872 4621 de
897 4565 1146 4637 paradiso
1173 4556 1427 4624 dimissus
1459 4568 1630 4625 Adam
1649 4572 1688 4637 ί,
1715 4581 1899 4627 contra
1930 4573 2080 4630 Eden

485 4655 771 4724 habitavit,
812 4660 866 4713 id
896 4669 998 4725 est,
1029 4670 1216 4717 contra
1251 4662 1435 4718 sedem
1461 4662 1771 4720 deliciarum
1798 4683 1811 4719 :
1835 4676 1894 4722 ut
1919 4668 2083 4741 signi-

489 4748 678 4804 ﬁcaret
714 4749 857 4821 quod
886 4750 937 4804 in
968 4751 1262 4819 laboribus,
1295 4754 1386 4823 qui
1412 4763 1537 4810 sunt
1564 4755 1774 4813 deliciis
1797 4762 2076 4826 contrarii,

488 4840 785 4898 erudienda
814 4851 958 4898 esset
1006 4858 1133 4899 caro
1178 4846 1404 4914 peccati,
1436 4862 1555 4917 quae
1600 4848 1653 4903 in
1699 4849 1906 4907 deliciis
1944 4853 2078 4909 obe—

486 4931 742 4989 dientiam
772 4948 877 4987 non
907 4935 1139 4990 servavit
1179 4944 1464 5006 antequam
1509 4948 1655 4996 esset
1690 4956 1817 4996 caro
1847 4947 2073 5013 peccati.

485 5024 637 5080 Sicut
663 5040 792 5097 ergo
833 5025 908 5081 illi
952 5026 1110 5097 primi
1151 5024 1395 5083 homines
1441 5040 1631 5100 postea
1653 5032 1797 5102 juste
1824 5036 2074 5105 vivendo,

483 5116 627 5172 unde
675 5118 869 5174 merito
914 5119 1210 5175 creduntur
1255 5136 1348 5191 per
1388 5121 1603 5179 Domini
1649 5127 1962 5198 sanguinem
2008 5131 2077 5187 ab

483 5217 727 5268 extremo
753 5212 1017 5284 supplicio
1039 5214 1272 5281 liberati,
1304 5230 1409 5272 non
1440 5224 1620 5274 tamen
1647 5220 1703 5274 in
1725 5220 1810 5276 illa
1830 5223 1935 5277 vita
1958 5240 2073 5282 me-

481 5310 709 5361 ruerunt
750 5303 817 5359 ad
864 5304 1168 5376 paradisum
1199 5308 1441 5364 revocari
1466 5326 1479 5364 :
1504 5310 1583 5366 sic
1608 5318 1666 5367 et
1692 5326 1819 5368 caro
1844 5318 2070 5386 peccati,
2142 5337 2145 5339 ’

479 5398 693 5454 etiamsi
722 5399 964 5456 remissis
1008 5401 1240 5471 peccatis
1280 5401 1442 5458 homo
1485 5403 1538 5458 in
1581 5418 1645 5460 ea
1678 5404 1822 5476 juste
1850 5408 2070 5476 vixerit,

479 5506 589 5547 non
613 5492 867 5548 continuo
889 5501 1127 5549 meretur
1146 5508 1264 5549 eam
1285 5504 1513 5551 mortem
1536 5510 1641 5552 non
1665 5500 1890 5568 perpeti,
1909 5517 2069 5571 quam

488 5586 644 5639 traxit
671 5584 739 5641 de
764 5584 1060 5657 propagine
1089 5587 1317 5657 peccati.

552 5674 643 5731 56.
672 5674 799 5732 Tale
825 5677 1023 5749 aliquid
1050 5677 1205 5733 nobis
1256 5679 1576 5737 insinuatum
1617 5692 1701 5740 est
1742 5684 1811 5741 de
1839 5688 2067 5758 patriar-

536 5827 706 5901 {Editt
730 5861 747 5892 ,
783 5830 846 5882 de
880 5827 1110 5894 paradiso
1151 5830 1333 5895 eiectus
1388 5831 1557 5887 Adam.
1613 5842 1669 5891 At
1716 5844 1855 5901 Mss,
1898 5842 2065 5895 dimis-

1153 368 1245 451 Diil
1281 390 1745 449 PECCATORUM
1782 386 2061 447 MERITIS
2100 386 2192 446 ET
2232 389 2661 460 REMISSIONE,
2703 393 2763 450 S.
2804 393 3178 452 AUGUSTINI

3679 399 3788 461 184

2211 507 2310 564 cha
2337 509 2499 566 David
2524 511 2579 567 in
2609 512 2748 569 libro
2770 512 3099 584 Regnorum,
3127 513 3192 568 ad
3217 528 3371 583 quem
3395 512 3652 586 propheta
3672 532 3799 577 cum

2211 601 2409 657 missus
2447 613 2607 670 esset,
2640 605 2800 677 eique
2842 612 3061 676 propter
3088 613 3369 675 peccatum
3397 608 3540 678 quod
3562 608 3800 675 admise‘

2211 701 2316 758 rat,
2342 702 2597 751 eventura
2638 695 2777 751 mala
2814 712 2881 751 ex
2926 695 3200 752 iracundia
3226 697 3321 753 Dei
3354 699 3796 771 comminaretur,

2209 783 2550 843 confessione
2577 788 2783 858 peccati
2802 787 3011 844 veniam
3043 788 3258 855 meruit,
3287 790 3645 861 respondente
3666 809 3797 864 pro-

2208 874 2367 946 pheta
2392 878 2536 949 quod
2567 880 2616 936 ei
2656 877 2910 952 ﬂagitium
2953 879 3267 951 facinusque
3310 882 3596 940 remissum
3619 884 3692 939 sit
3717 884 3797 959 (ll

2162 984 2177 1002 ο
2206 969 2336 1043 Reg.
2371 988 2468 1038 xu,
2499 972 2589 1046 15)
2627 990 2640 1029 :
2678 982 2734 1031 et
2782 983 2959 1031 tamen
3005 982 3293 1031 consecuta
3336 982 3463 1031 sunt
3498 992 3618 1048 qua:
3656 978 3800 1035 Deus

2207 1062 2380 1119 fuerat
2402 1066 2780 1136 comminatus,
2810 1075 2871 1123 ut
2898 1067 2978 1123 sic
3004 1065 3380 1123 humiliaretur
3407 1082 3437 1121 a
3464 1067 3593 1124 filio.
3618 1069 3798 1138 Quare

2205 1163 2260 1211 et
2307 1154 2396 1212 hic
2439 1172 2548 1213 non
2583 1157 2796 1227 dicitur,
2827 1158 2885 1215 Si
2932 1159 3074 1216 Deus
3113 1166 3334 1231 propter
3357 1168 3634 1231 peccatum
3662 1162 3795 1220 illud

2206 1246 2381 1304 fuerat
2415 1252 2793 1320 comminatus,
2822 1267 2919 1308 cur
2966 1251 3191 1308 dimisso
3234 1262 3455 1324 peccato
3495 1253 3638 1324 quod
3678 1264 3798 1311 erat

2203 1341 2437 1398 minatus
2459 1342 2734 1415 implevit?
2761 1344 2864 1400 nisi
2891 1344 3014 1416 quia
3039 1345 3363 1412 rectissime,
3391 1345 3437 1400 si
3471 1346 3669 1403 dictum
3690 1346 3799 1402 fue-

2203 1436 2297 1505 rit,
2327 1437 2740 1509 respondebitur
2766 1438 3137 1494 remissionem
3165 1438 3311 1493 illam
3342 1440 3545 1509 peccati
3574 1439 3792 1510 factam,

2203 1545 2273 1586 ne
2300 1530 2461 1586 homo
2481 1546 2516 1588 a
2539 1531 2879 1603 percipienda
2904 1533 3011 1586 vita
3040 1530 3391 1601 impediretur
3404 1540 3605 1587 aeterna
3625 1549 3640 1598 ;
3663 1533 3795 1588 sub-

2202 1629 2447 1679 secutum
2464 1638 2593 1679 vero
2613 1623 2756 1679 illius
2782 1623 3212 1679 comminationis
3236 1621 3510 1691 effectum,
3536 1630 3597 1678 ut
3623 1624 3798 1693 pietas

2205 1714 2435 1771 hominis
2479 1714 2535 1771 in
2571 1715 2661 1771 illa
2702 1714 2998 1772 humilitate
3026 1723 3377 1771 exerceretur
3401 1722 3564 1785 atque
3599 1714 3796 1784 proba-

2203 1819 2372 1867 retur.
2400 1808 2493 1868 Sic
2515 1818 2571 1866 ct
2612 1819 2841 1867 mortem
2887 1811 3129 1885 corporis
3168 1817 3225 1866 et
3264 1817 3484 1881 propter
3510 1816 3794 1881 peccatum

2201 1905 2344 1961 Deus
2368 1905 2571 1962 homini
2595 1905 2806 1974 inﬂixit,
2825 1912 2881 1962 et
2908 1913 3028 1976 post
3052 1913 3394 1976 peccatorum
3416 1903 3796 1960 remissionem

2201 2010 2424 2070 propter
2447 1998 2803 2055 exercendam
2825 1997 3087 2069 justitiam
3117 2012 3227 2053 non
3247 1996 3468 2053 ademit.

2271 2088 2498 2149 CAPUT
2517 2091 2729 2148 XXXV.
2744 2092 2915 2148 —57.
2941 2089 3064 2146 Non
3089 2089 3450 2146 declinandum
3476 2090 3533 2145 in
3557 2090 3797 2145 dextram

2200 2191 2288 2238 aut
2358 2182 2412 2238 in
2475 2184 2755 2239 sinistram.
2806 2183 3109 2239 Teneamus
3179 2197 3308 2254 ergo
3355 2180 3797 2238 indeclinabilem

2201 2274 2323 2331 ﬁdei
2349 2275 2764 2333 confessionem.
2795 2276 2954 2332 Solus
2978 2291 3116 2332 unus
3155 2282 3238 2332 est
3281 2275 3371 2347 qui
3413 2275 3535 2331 sine
3566 2286 3799 2347 peccato

2199 2375 2358 2423 natus
2383 2377 2466 2424 est
2491 2370 2546 2424 in
2574 2369 2924 2426 similitudine
2949 2370 3128 2426 carnis
3154 2369 3392 2441 peccati,
3422 2369 3540 2425 sine
3566 2378 3798 2440 peccato

2199 2462 2332 2517 vixit
2369 2463 2511 2518 inter
2553 2464 2727 2520 aliena
2771 2472 3012 2536 peccata,
3040 2464 3158 2521 sine
3183 2471 3407 2536 peccato
3434 2471 3682 2519 mortuus
3703 2473 3797 2520 est

2199 2563 2421 2628 propter
2458 2566 2640 2614 nostra
2675 2567 2912 2629 peccata.
2943 2557 3067 2613 Non
3106 2557 3412 2613 declinemus
3458 2558 3513 2613 in
3557 2557 3798 2613 dextram

2200 2656 2292 2702 aut
2323 2649 2379 2704 in
2413 2650 2692 2705 sinistram.
2726 2649 2783 2705 ln
2808 2649 3087 2707 dexteram
3117 2654 3260 2706 enim
3299 2648 3596 2714 declinare,
3620 2658 3703 2705 est
3733 2664 3798 2705 se

2200 2741 2375 2814 ipsum
2403 2742 2651 2814 decipere
2676 2744 2905 2801 dicendo
2924 2760 2984 2801 se
3001 2759 3119 2800 esse
3135 2744 3255 2800 sine
3288 2752 3510 2814 peccato
3535 2759 3550 2797 :
3574 2742 3628 2797 in
3654 2741 3798 2798 sini-

2199 2843 2365 2890 stram
2402 2844 2599 2902 autem,
2630 2852 2727 2908 per
2751 2837 2934 2893 nescio
2958 2852 3116 2908 quam
3150 2850 3453 2906 perversam
3483 2842 3540 2891 et
3563 2850 3795 2905 pravam

2199 2926 2538 2982 securitatem
2581 2942 2640 2984 se
2677 2936 2927 2999 tanquam
2970 2929 3185 3000 impune
3208 2927 3343 2984 dare
3371 2928 3624 2998 peccatis.
3669 2926 3798 2983 Viae

2198 3020 2340 3076 enim
2360 3037 2475 3093 qua:
2495 3038 2528 3075 a
2547 3022 2737 3077 dextris
2758 3031 2877 3078 sunt
2901 3023 3034 3077 novit
3062 3022 3331 3090 Dominus,
3365 3021 3456 3094 qui
3494 3021 3642 3077 solus
3667 3020 3799 3077 sine

2197 3121 2418 3182 peccato
2441 3122 2544 3179 est,
2577 3122 2631 3170 et
2651 3123 2832 3169 nostra
2854 3121 3030 3185 potest
3049 3113 3229 3170 delere
3257 3122 3510 3184 peccata;
3539 3127 3798 3185 perversa:

2196 3214 2365 3260 autem
2406 3214 2524 3260 sunt
2561 3221 2675 3276 qum
2712 3223 2745 3260 a
2782 3205 3001 3261 sinistris
3045 3204 3224 3279 (Prov.
3257 3220 3334 3272 tv,
3361 3203 3490 3275 27),
3536 3204 3797 3259 amicitia:

2196 3310 2319 3351 cum
2346 3298 2601 3367 peccatis.
2639 3297 2800 3354 Tales
2843 3298 3004 3353 etiam
3047 3298 3123 3352 illi
3147 3297 3334 3368 uiginti
3363 3312 3624 3352 annorum
3657 3295 3801 3352 ado-

2197 3388 2479 3444 lescentuli
2521 3388 2744 3460 ﬁguram
2792 3391 2917 3446 novi
2959 3390 3141 3462 populi
3189 3391 3588 3460 praemiserunt,
3614 3390 3703 3461 qui
3737 3389 3798 3446 in

2196 3486 2392 3534 terram
2433 3481 2806 3550 promissionis
2844 3482 3130 3546 intrarunt,
3160 3481 3249 3552 qui
3285 3495 3386 3536 nec
3423 3481 3478 3535 in
3506 3479 3798 3536 dexteram
3861 3470 3867 3476 ’

2166 3586 2295 3628 nec
2320 3572 2374 3627 in
2401 3572 2673 3629 sinistram
2712 3573 2840 3628 dicti
2874 3581 3000 3628 sunt
3037 3573 3336 3629 declinasse
3362 3571 3460 3644 (α).
3494 3572 3612 3628 Non
3638 3572 3797 3629 enim

2193 3664 2380 3735 viginti
2404 3678 2668 3721 annorum
2689 3675 2819 3722 actas
2839 3664 3197 3735 comparanda
3212 3672 3298 3720 est
3321 3665 3642 3721 innocentia:
3663 3681 3799 3737 par-

2191 3759 2440 3815 vulorum
2465 3777 2479 3814 :
2502 3757 2623 3826 sed,
2650 3760 2705 3815 ni
2731 3759 2908 3827 fallor,
2937 3758 3025 3815 hic
3062 3772 3316 3814 numerus
3359 3759 3647 3829 mysticum
3683 3760 3797 3815 ali-

2192 3850 2321 3922 quid
2340 3849 2624 3905 adumbrat
2649 3859 2706 3906 et
2731 3858 2969 3906 resonat.
3005 3848 3169 3905 Vetus
3198 3851 3343 3905 enim
3372 3849 3795 3907 Testamentum

2191 3943 2246 3997 in
2271 3941 2507 4013 quinque
2546 3942 2716 4015 Moysi
2756 3942 2908 3998 libris
2937 3941 3180 4010 excellit,
3206 3940 3414 3997 Novum
3441 3953 3620 4000 autem
3652 3960 3798 4015 qua-

2190 4044 2314 4090 tuor
2338 4034 2750 4106 Evangeliorum
2774 4035 3091 4090 auctoritate
3113 4033 3429 4109 przefulget;
3459 4037 3550 4107 qui
3568 4039 3794 4093 numeri

2187 4140 2287 4197 per
2329 4141 2389 4182 se
2435 4125 2771 4196 multiplicati
2812 4126 2881 4182 ad
2924 4128 3169 4183 vicenum
3206 4129 3562 4199 perveniunt:
3588 4139 3797 4200 quater

2188 4219 2333 4273 enim
2359 4219 2529 4289 quini,
2561 4219 2646 4274 vel
2673 4219 2958 4289 quinquies
2986 4221 3257 4291 quaterni,
3282 4221 3466 4292 viginti
3495 4229 3644 4276 sunt.
3677 4221 3797 4276 Ta-

2187 4307 2255 4363 lis
2300 4308 2546 4379 populus,
2578 4316 2637 4363 ut
2665 4309 2912 4380 praedixi,
2946 4309 3186 4365 eruditus
3225 4310 3278 4365 in
3317 4325 3484 4382 regno
3513 4311 3791 4368 malorum

2187 4414 2285 4470 per
2311 4399 2418 4455 duo
2446 4400 2809 4469 Testamenta,
2841 4400 3010 4458 Vetus
3028 4412 3083 4458 et
3104 4401 3329 4468 Novum,
3361 4418 3468 4459 non
3498 4402 3794 4461 declinans

2187 4493 2240 4546 in
2267 4483 2541 4549 dexteram
2564 4495 2792 4564 superba
2818 4496 3236 4566 praesumptione
3250 4495 3495 4567 justitire,
3516 4512 3702 4569 neque
3732 4499 3794 4554 in

2187 4583 2457 4640 sinistram
2483 4599 2671 4640 secura
2686 4585 3041 4642 delectatione
3062 4588 3327 4658 peccati‘,
3352 4588 3405 4643 ἰη
3431 4598 3628 4644 terram
3652 4606 3790 4661 pro-

2186 4674 2459 4730 missionis
2488 4675 2851 4732 intrabit:ubi
2876 4676 2987 4746 jam
3036 4687 3253 4748 peccata
3293 4680 3515 4735 ulterius
3545 4696 3648 4737 nec
3686 4698 3797 4736 uo-

2185 4766 2270 4822 bis
2292 4767 2539 4825 douanda
2563 4779 2830 4839 optemus,
2863 4785 2961 4826 nec
2999 4771 3052 4826 iu
3095 4774 3250 4828 nobis
3290 4773 3559 4846 punienda
3590 4776 3798 4831 timea-

2184 4875 2325 4928 mus,
2356 4861 2424 4917 ab
2451 4862 2544 4917 illo
2572 4861 2931 4933 Redemptore
2957 4864 3190 4932 liberati,
3223 4867 3313 4939 qui
3344 4884 3448 4925 non
3474 4870 3795 4926 venumda-

2183 4960 2269 5009 tus
2291 4955 2390 5009 sub
2417 4965 2658 5026 peccato,
2690 4956 2916 5013 redemit
2946 4958 3106 5015 Israel
3140 4961 3207 5016 ab
3237 4964 3485 5025 omnibus
3518 4964 3796 5034 iniquita-

2183 5045 2326 5103 tibus
2357 5047 2492 5118 ejus,
2534 5050 2647 5105 sive
2685 5052 2899 5122 propria
2931 5051 3247 5126 cujusquam
3266 5057 3287 5088 '
3309 5057 3413 5111 vita
3441 5059 3791 5126 commissis,

2188 5140 2301 5195 sive
2324 5141 2655 5212 originaliter
2676 5146 2878 5201 tractis.
3191 5212 3194 5216 ι

2251 5229 2476 5288 CAPUT
2497 5232 2904 5294 XXXVI.—58.
2923 5239 3004 5294 An
3024 5240 3196 5295 anima
3215 5257 3277 5298 ea:
3297 5242 3520 5298 traduce.
3544 5241 3611 5298 In
3626 5247 3798 5303 rebus

2175 5411 2512 5538 μεὶεὲαέιὶωηί
2545 5422 2768 5481 quatuor,
2803 5426 2856 5471 et
2878 5426 2984 5472 tres
3017 5420 3227 5474 Vaticani
3263 5422 3473 5486 codices,
3515 5423 3800 5483 dilectione

2241 5539 2567 5615 {snic‘omnes
2607 5539 3194 5615 Gallicapimanuscrjpti.
3230 5553 3287 5615 A_t
3322 5547 3471 5611 editi,
3512 5549 3801 5615 cujusque.

2173 5604 2269 5678 Eae
2280 5599 2583 5678 forteuvoce
2611 5604 2683 5654 uti
2721 5604 2888 5678 noluit_
2901 5599 3192 5678 Augustinus
3221 5612 3287 5660 ob
3319 5599 3489 5678 eorum
3519 5599 3800 5678 efﬁgia;

2171 5670 2257 5735 qui
2273 5670 2488 5735 propriae.
2505 5670 2634 5735 vitae
2656 5677 2853 5735 peccata
2875 5670 3275 5735 honiini‘cuique
3308 5674 3455 5724 etiam
3487 5674 3659 5727 infanti
3688 5670 3803 5728 tri;

2172 5722 2409 5796 buebant.
2439 5726 2555 5796 vide
2577 5722 2742 5796 supra,
2767 5728 2854 5780 lib.
2882 5733 3035 5796 t,_nn.
3060 5732 3137 5794 22,
3163 5722 3243 5796 δί,
3267 5722 3450 5793 65ξ64ζ

2235 5786 2307 5864 (α)
2330 5789 2598 5864 Αιξρξρξᾳεῐοο
2620 5786 2812 5864 videtur
2848 5786 3097 5845 in'locum
3119 5786 3252 5864 Sum:
3292 5786 3386 5858 xiv,
3428 5799 3511 5864 ubi
3543 5800 3808 5855 omnibus

2170 5856 2255 5918 qui
2278 5861 2305 5896 a
2330 5856 2660 5918 v_igiut_i_annis
2677 5861 2727 5918 et
2750 5867 2893 5917 supra
2912 5860 3155 5909 numerati
3172 5868 3302 5918 sunt,
3327 5856 3466 5911 morti
3492 5876 3540 5912 Ill
3563 5864 3804 5915 deserto

2170 5911 2410 5961 obeunda:
2433 5912 2648 5975 addictis,
2666 5911 2889 5967 decrevit
2908 5926 3038 5970 Deus
3056 5931 3265 5974 caeteros
3281 5911 3330 5973 in
3353 5911 3533 5975 terram
