3984 6508
262 421 362 481 185

274 535 506 603 σιωπὴ,
518 533 599 589 uti
626 533 946 608 Scriptura:
964 556 1069 596 non
1086 540 1345 614 adjuvant,
1364 541 1587 596 cavenda
1606 541 1879 615 iudicandi

285 632 537 690 (meritas.
569 626 877 701 Scriptura:
900 633 1065 689 clara:
1085 633 1139 687 in
1157 632 1236 688 his
1257 647 1370 704 qua:
1388 632 1458 687 ad
1480 630 1692 688 salutem
1714 649 1881 690 neces-

280 722 673 785 miasuutﬁon
685 715 837 780 enim
853 742 1054 798 parum
1069 728 1378 800 paginarum
1390 727 1687 784 divinarum
1703 740 1879 785 aucto-

276 820 417 876 ritati
450 818 770 890 veritatique
799 829 1110 887 cesserunt,
1134 821 1224 893 qui
1251 822 1352 877 etsi
1379 822 1666 878 noluerunt
1684 823 1878 903 litteris

275 914 386 969 suis
409 920 593 983 aperte
613 912 952 982 exprimere,
974 914 1210 985 parvulis
1234 914 1604 970 remissionem
1638 930 1878 971 necessa-

274 1007 408 1062 riam
436 1014 804 1076 peccatorum,
833 1004 1268 1077 redemptionem
1298 1015 1477 1062 tamen
1498 1008 1576 1062 eis
1596 1023 1731 1081 opus
1755 1023 1878 1065 esse

280 1100 504 1160 confessi
524 1109 670 1154 sunt.
691 1099 814 1154 Alio
826 1101 1029 1172 quippe
1043 1102 1226 1168 verbo,
1246 1101 1405 1157 etiam
1426 1102 1542 1174 ipso
1558 1103 1622 1158 de
1635 1102 1877 1159 christia-

279 1211 349 1249 na
367 1193 667 1250 eruditione
678 1193 1024 1266 deprompto,
1051 1194 1185 1251 nihil
1199 1195 1342 1250 aliud
1358 1197 1579 1252 omnino
1599 1197 1868 1254 dixerunt.

272 1287 382 1344 Nec
407 1286 763 1342 dubitandum
803 1296 888 1343 est
914 1290 933 1320 ι
967 1288 1053 1343 liis
1078 1288 1167 1359 qui
1211 1287 1391 1345 divina
1420 1290 1616 1362 scripta
1647 1291 1875 1347 ﬁdeliter

271 1382 491 1453 legunt,
543 1379 778 1435 ﬁdeliter
816 1379 1064 1447 audiunt,
1112 1379 1340 1435 ﬁdeliter
1381 1387 1586 1450 tenent,
1619 1382 1762 1453 quod
1805 1382 1874 1440 ab

270 1472 360 1528 illa
388 1486 555 1527 carne
580 1486 703 1541 quze
731 1471 883 1541 prius
913 1471 1442 1542 voluntate'peccati
1475 1473 1609 1527 facta
1636 1482 1719 1530 est
1746 1489 1872 1530 caro

267 1564 498 1633 peccati,
546 1562 809 1632 deinceps
860 1578 960 1634 per
1007 1563 1403 1621 successionem
1454 1572 1764 1623 transeunte
1816 1568 1868 1624 in

267 1670 460 1711 omnes
511 1654 912 1725 proscriptione
957 1654 1250 1725 iniquitatis
1297 1665 1350 1710 et
1389 1657 1577 1711 mortis
1622 1672 1748 1713 caro
1801 1660 1871 1715 sit

264 1755 560 1818 prepagata
604 1746 838 1815 peccati,
881 1753 1106 1816 excepta
1148 1761 1254 1801 una
1304 1746 1656 1803 similitudine
1689 1751 1869 1806 carnis

269 1837 495 1911 peccati,
523 1852 645 1908 qum
669 1844 854 1893 tamen
880 1852 989 1894 non
1011 1847 1177 1906 esset,
1202 1836 1307 1893 nisi
1332 1846 1476 1894 esset
1502 1847 1557 1896 et
1580 1854 1706 1896 caro
1734 1856 1865 1912 pec-

267 1932 399 1986 cati.

339 2022 431 2079 59.
455 2022 528 2078 De
546 2022 731 2078 anima
755 2036 909 2089 vero,
931 2030 1113 2078 utrum
1138 2031 1193 2080 et
1212 2023 1326 2095 ipsa
1353 2024 1546 2081 eodem
1571 2026 1733 2083 modo
1750 2043 1867 2099 pro-

259 2123 474 2189 pagata,
501 2124 657 2172 reatu
705 2116 803 2187 qui
844 2115 898 2172 ei
940 2114 1240 2172 dimittatur
1276 2118 1533 2175 obstricta
1560 2119 1630 2176 sit
1654 2120 1867 2192 (neque

258 2210 405 2265 enim
438 2223 734 2279 possumus
781 2207 987 2276 dicere,
1028 2210 1197 2265 solam
1235 2225 1451 2267 carnem
1498 2213 1728 2283 parvuli,
1756 2229 1863 2271 non

263 2303 428 2358 etiam
466 2301 701 2356 animam
752 2299 999 2372 indigere
1046 2300 1339 2359 Salvatoris
1386 2311 1443 2359 et
1487 2304 1865 2376 Redemptoris

257 2393 479 2459 auxilio,
510 2392 857 2464 alienamque
880 2392 950 2447 ab
970 2407 1031 2447 ea
1058 2408 1177 2449 esse
1199 2396 1490 2466 gratiarum
1518 2397 1727 2453 actione
1743 2414 1862 2469 qua:

251 2488 306 2544 in
340 2488 573 2543 Psalmis
600 2495 709 2554 est,
744 2486 836 2541 ubi
873 2486 1101 2558 legimus
1123 2496 1180 2544 et
1200 2487 1450 2557 dicimus,
1483 2488 1721 2559 Benedic,
1744 2494 1859 2548 aui-

248 2596 336 2634 ma
362 2596 497 2645 mea,
525 2577 844 2647 Dominum;
864 2587 914 2634 et
942 2579 1050 2633 noli
1072 2579 1296 2636 oblivisci
1318 2597 1490 2637 omnes
1510 2583 1861 2642 retributiones

247 2673 370 2735 eius
394 2688 414 2727 :
432 2672 520 2741 qui
539 2671 790 2742 propitius
815 2672 879 2742 ﬁt
901 2671 1136 2727 omnibus
1160 2673 1506 2745 iniquitatibus
1526 2677 1642 2743 tuis,
1675 2680 1762 2750 qui
1775 2696 1860 2735 sa-

251 2774 351 2819 nat
388 2781 567 2820 omnes
611 2766 875 2838 languor-5
914 2774 1053 2834 tuos,
1082 2767 1169 2839 qui
1206 2768 1407 2822 redimit
1448 2768 1513 2824 de
1539 2773 1861 2842 corruptione

237 2904 1770 3039 assesasses
1797 2916 1859 3029 ξιξ

1644 424 1846 483 LIBER
1881 422 2198 483 TERTIUS.

3340 346 3422 359 θοι*
3448 346 3461 354 α

1986 539 2140 595 vitam
2167 550 2304 597 tuam
2325 541 2495 617 [PsaL
2520 548 2590 605 Cll
2608 591 2621 617 ,
2639 551 2785 627 24])
2810 570 2910 611 :an
2936 558 3098 616 etiam
3124 576 3233 620 non
3261 580 3574 647 propagata,

1986 646 2053 687 eo
2075 633 2190 703 ipso
2225 650 2332 706 quo
2376 641 2523 711 carni
2561 646 3128 720 peecati‘aggravanda
3158 633 3574 737 miscetur:jani

1982 723 2153 796 ipsius
2198 731 2404 798 peccati
2447 736 2765 795 remissione
2807 751 2863 797 et
2901 758 2998 802 sua
3040 750 3411 826 redemptione
3439 723 3575 832 opus

1984 815 2197 886 habeat,
2231 821 2339 877 Deo
2381 839 2480 894 per
2517 841 2778 888 summam
2818 840 3206 906 praascientiam
3232 815 3256 879 ’³
3275 815 3570 924 judicatite,

1984 912 2074 981 qni
2123 915 2443 983 parvuli'ab
2496 920 2601 977 isto
2646 934 2797 983 reatu
2850 946 2956 987 non
3002 949 3310 997 mereantur
3345 945 3568 1019 absolvi,

1984 1106 2206 1168 egerunt
2242 1101 2325 1157 vel
2359 1102 2485 1160 boni
2512 1109 2597 1163 vel
2623 1111 2748 1167 mali
2776 1131 2789 1168 :
2814 1123 2868 1171 et
2896 1122 3167 1188 quomodo
3191 1101 3331 1182 beas
3359 1131 3569 1190 etiamsi

1981 1201 2089 1242 non
2113 1188 2183 1245 de
2207 1192 2426 1251 traduce
2460 1197 2668 1256 animas
2704 1214 2873 1272 creat,
2898 1216 3005 1265 non
3044 1212 3115 1268 sit
3155 1222 3332 1273 tamen
3378 1234 3565 1279 auctor

1981 1290 2161 1339 reatus
2189 1285 2447 1357 ejusdem,
2479 1302 2702 1365 propter
2720 1313 2880 1367 quem
2903 1303 3204 1376 redemptio
3234 1308 3568 1374 Saeramentl

1982 1379 2281 1433 necessaria
2308 1392 2390 1437 est
2414 1391 2467 1438 et
2487 1386 2680 1443 animae
2702 1394 2906 1460 parvuli
2922 1395 2944 1427 ³
2968 1412 2983 1450 :
3007 1412 3195 1470 magna
3216 1406 3441 1474 quaestio
3460 1417 3563 1478 est,

1978 1468 2245 1541 aliamque
2261 1472 2671 1545 disputationem
2694 1483 2983 1556 desiderat,
3000 1505 3067 1547 eo
3086 1468 3284 1562 tamen,
3308 1468 3564 1570 quantum

1977 1561 2230 1632 arbitror,
2253 1566 2618 1629 moderamine
2636 1584 3006 1652 temperatam,
3031 1574 3093 1640 ut
3108 1590 3275 1660 magis
3293 1561 3566 1664 inquisitio

1976 1662 2131 1706 cauta
2161 1653 2427 1723 laudetur,
2451 1676 2608 1732 quam
2648 1669 2976 1739 prmcipitata
3011 1653 3436 1746 reprehendat-ur
3471 1699 3555 1740 as-

1976 1742 2163 1798 sertio.
2189 1744 2288 1801 Ubi
2318 1750 2462 1805 enim
2503 1752 2570 1809 de
2599 1771 2660 1811 re
2686 1742 3413 1842 obscurissima—disputatur,
3453 1790 3559 1831 non

1974 1833 2347 1905 adjuvantibus
2372 1842 2674 1903 divinarum
2701 1849 3094 1923 Scripturarum
3117 1833 3278 1917 certis
3297 1865 3564 1939 elatisque

1972 1924 2338 1997 documentis,
2370 1935 2623 1995 cohibere
2651 1954 2711 1997 se
2736 1941 2897 2000 debet
2928 1945 3161 2006 humana
3187 1924 3558 2027 prmsumplio,

1971 2018 2107 2074 nihil
2131 2019 2334 2079 faciens
2352 2025 2405 2080 in
2423 2038 2630 2098 partem
2659 2033 2880 2091 alteram
2901 2018 3241 2100 declinando.
3264 2047 3332 2103 Et
3350 2048 3395 2103 si
3416 2018 3562 2108 enim

1972 2110 2245 2180 quodlibet
2272 2115 2485 2187 horum,
2515 2125 2965 2192 quemadmodum
2991 2131 3347 2193 demonstrari
3376 2149 3431 2196 et
3459 2156 3557 2198 ex-

1971 2200 2158 2271 plicari
2212 2207 2403 2275 possit,
2456 2210 2733 2281 ignorem;
2780 2218 2908 2273 illud
2964 2229 3142 2279 tamen
3191 2227 3372 2296 credo,
3413 2232 3560 2301 quod

1972 2294 2134 2349 ctiam
2165 2295 2290 2354 hinc
2317 2299 2618 2360 divinorum
2647 2307 2980 2380 eloquiorum
3007 2314 3302 2372 clarissima
3332 2325 3559 2380 auctori-

1971 2394 2052 2440 tas
2075 2397 2240 2456 esset,
2270 2391 2313 2446 si
2346 2392 2508 2450 homo
2536 2396 2588 2452 id
2612 2398 2729 2456 sine
2758 2401 3039 2474 diSpendio
3066 2410 3344 2476 promissa:
3369 2414 3557 2472 salutis

1970 2481 2217 2551 ignorare
2260 2501 2364 2541 non
2396 2500 2595 2558 posset.
2634 2493 2810 2550 Habes
2837 2497 3192 2567 elaboratum,
3217 2504 3418 2560 utinam
3451 2517 3557 2563 tam

1966 2576 2309 2632 commodum
2348 2596 2506 2650 quam
2551 2586 2837 2654 prolixum,
2867 2605 2965 2660 pro
3004 2594 3140 2650 meis
3170 2596 3370 2654 viribus
3398 2614 3554 2670 opus,

1966 2663 2122 2733 cujus
2144 2668 2503 2735 prolixitatem
2533 2672 2764 2733 fortasse
2793 2678 3159 2753 defenderem,
3186 2687 3289 2744 nisi
3321 2689 3372 2746 id
3399 2663 3556 2749 vere;

1966 2767 2058 2809 rer
2084 2754 2259 2814 facere
2286 2758 2630 2821 defendendo
2655 2768 2934 2836 prolixius.

2030 2953 2253 3039 LBelgici
2275 2963 2383 3009 Mss.
2405 2967 2459 3011 et.
2478 2962 2575 3013 duo
2592 2975 2655 3014 ex
2671 2963 2920 3019 Gallicanis
2938 3005 2953 3031 ,
2995 2983 3082 3035 per
3121 2985 3261 3027 suam
3296 2976 3558 3039 praeden-

237 3010 495 3017 __-__._-_
526 3010 627 3017 _.-_.
658 3010 940 3019 ---η-..ν
964 3010 995 3017 _
1017 3010 1155 3033 --οη
1180 3010 1273 3021 ..-ν
1298 3010 1360 3021 ..κ
1380 3010 1641 3025 “ne”...
1669 3010 1765 3029 ..ιν
1797 3010 1859 3029 ..α
1964 3010 2103 3066 ω.
2158 3010 2187 3018 ν
2418 3010 2453 3011 η
2488 3010 2493 3011 ν
2599 3010 2655 3014 -η
2679 3010 2919 3019 η---ν--η-
2938 3010 2953 3031 ,
2995 3010 3068 3035 ,αντ
3121 3010 3261 3027 σπι-η
3297 3010 3401 3039 νην

234 3028 499 3077 Sim.
2028 3077 2218 3162 :Etlliti.
2265 3082 2349 3147 qui
2392 3085 2730 3162 pumilorum:
2767 3098 3007 3162 Λυδίῃ,
3061 3095 3146 3159 qui
3195 3101 3401 3162 parvuli.

300 3129 319 3160 ι
352 3137 427 3162 Am
471 3135 529 3162 n-
575 3138 629 3162 nl
654 3139 753 3162 περ
822 3144 930 3162 noon
2132 3153 2298 3162 ....___--
2328 3153 2411 3162 ..μ
2494 3161 2500 3162 ,

300 3129 319 3160 ¹
344 3137 445 3178 Am.
470 3135 547 3179 Er.
575 3138 632 3181 et
654 3139 795 3192 Mss,
820 3144 950 3184 esse.
2031 3138 2053 3169 ⁸
2078 3129 2466 3207 Plerique—ima“,-
2487 3129 2851 3204 hi'c'és'iéi'ia'iiz
3195 3129 3385 3233 yparvultr'
3289 3129 3418 3226 mm”;
3438 3177 3555 3229 sup.

300 3191 473 3233 Ιεήίιί-
505 3190 763 3233 mm
806 3202 935 3233 'I‘rm
955 3202 1083 3233 Μαι-
1111 3194 1348 3233 Mbmlnlo
1966 3196 2050 3233 nln
2094 3210 2261 3233 ικυοιηρ
2304 3207 2421 3233 mlh:
2466 3213 2741 3233 “Munna-
2770 3221 2833 3233 η.
2864 3228 2981 3233 --μω
3012 3231 3029 3233 Α
3207 3221 3217 3233 .

290 3192 315 3223 ²
333 3191 475 3254 Editi,
505 3190 787 3258 volgatae.
806 3202 935 3246 Tres
955 3202 1088 3259 uss,
1111 3194 1366 3251 ubertate.

1974 3196 2069 3263 P10.
2093 3190 2451 3270 uariauit;
2466 3190 3173 3270 ιίέιξῖςξδῖῆὤνῶἱὺιῆἓηωηο
3197 3190 3254 3233 μμ

226 3988 547 4046 Cha-inium
597 3991 714 4060 filio
752 3990 1138 4058 MARCELLINO,
1178 3992 1516 4052 Aucusrmos
1567 3999 1854 4073 episcopus,

302 4098 483 4137 smus
501 4080 699 4139 Christi
709 4099 1073 4154 servorumque
1085 4083 1292 4152 Christi,
1313 4089 1365 4142 in
1379 4086 1597 4146 Domino
1616 4094 1854 4157 salutem.

306 4174 540 4231 CAPUT
580 4175 877 4233 PRIMUM.
918 4206 993 4216 —
1041 4177 1092 4232 1.
1132 4176 1373 4251 Pelagius
1424 4184 1736 4241 existimatus
1782 4189 1859 4243 vir

230 4278 471 4324 sumtu.
527 4268 666 4341 Ejus
708 4270 1049 4340 expositiones
1088 4270 1143 4325 in
1184 4269 1430 4327 Paulum.
1486 4275 1564 4332 De
1602 4279 1859 4348 quaestio—

234 4364 411 4419 nibus
457 4378 591 4436 quas
661 4363 796 4418 mibi
862 4378 1221 4436 proposueras
1254 4408 1269 4432 ,
1328 4375 1386 4422 ut
1442 4367 1509 4423 ad
1555 4377 1607 4426 te
1657 4371 1857 4441 aliquid

237 4457 547 4513 scriberem
576 4456 844 4513 adversus
869 4472 964 4513 eos
991 4458 1082 4529 qui
1108 4457 1291 4515 dicunt
1313 4458 1483 4515 Adam
1513 4461 1722 4517 etiamsi
1749 4478 1855 4520 non

238 4557 550 4619 peccasset,
596 4548 771 4605 fuisse
818 4549 1133 4605 moriturum
1158 4591 1175 4618 ,
1223 4565 1325 4606 nec
1365 4566 1430 4607 ex
1456 4552 1591 4623 ,eju‘s
1637 4564 1856 4624 peccato

236 4639 541 4711 quidquam
590 4639 663 4695 ad
713 4640 834 4710 ejus
878 4647 1122 4710 posteros
1168 4641 1511 4712 propagando
1559 4644 1853 4712 transisse,

240 4721 489 4789 maxime
516 4742 742 4805 propter
767 4733 1095 4803 Baptismum
1124 4734 1494 4804 parvulorum,
1520 4751 1679 4807 quem
1706 4752 1856 4793 more

237 4825 496 4898 piissimo
518 4833 683 4896 atque
708 4834 957 4880 materno
983 4826 1227 4881 universa
1255 4825 1556 4897 frequentat
1578 4828 1814 4886 Ecclesia
1835 4872 1850 4895 ,

236 4931 295 4975 et
320 4906 473 4995 quod
498 4919 550 4973 in
579 4918 683 4973 hac
712 4918 821 4971 vita
853 4916 987 4983 sint,
1039 4916 1257 4985 fuerint,
1303 4918 1572 4990 futurique
1615 4921 1722 4976 sint
1758 4922 1854 4978 lilii

236 5011 534 5067 hominum
574 5008 788 5064 nullum
836 5008 1094 5065 habentes
1130 5009 1348 5066 omnino
1386 5020 1699 5081 peccatum,
1741 5011 1854 5083 jam

234 5106 385 5161 duos
418 5104 664 5175 prolixos
706 5101 1043 5157 absolveram
1075 5102 1277 5159 libros:
1322 5105 1516 5174 quibus
1550 5105 1678 5160 mihi
1708 5106 1855 5162 visus

241 5211 393 5261 sum,
415 5210 524 5249 non
551 5192 777 5264 quidem
805 5192 1053 5248 omnibus
1083 5194 1321 5249 omnium
1352 5195 1651 5251 occurrisse
1680 5196 1731 5251 in
1755 5196 1855 5254 hac

235 5302 410 5343 causa
426 5288 660 5343 motibus
675 5286 1003 5353 animorum,
1018 5286 1159 5357 quod
1170 5287 1253 5343 vel
1270 5303 1298 5343 a
1314 5301 1424 5352 me,
1445 5289 1572 5344 vela
1588 5304 1852 5361 quoquam

239 5390 429 5435 utrum
452 5379 566 5435 ﬁeri
592 5380 772 5451 possit
797 5378 1008 5448 ignoro,
1038 5379 1143 5433 imo
1170 5378 1283 5435 ﬁeri
1308 5395 1415 5434 non
1444 5394 1600 5451 posse
1624 5397 1727 5437 non
1755 5382 1856 5439 du-

244 5474 405 5539 bito;
432 5471 525 5527 sed
563 5481 753 5529 tamen
793 5470 972 5542 egisse
1006 5469 1222 5542 aliquid,
1262 5485 1370 5543 quo
1407 5471 1475 5527 de
1505 5472 1587 5529 his
1624 5474 1785 5530 rebus
1821 5490 1854 5531 a

239 5564 540 5634 majoribus
571 5562 792 5618 tradita:
843 5559 968 5615 ﬁdei
1012 5560 1320 5618 defensores
1358 5569 1545 5618 contra
1589 5564 1853 5621 novitates

236 5670 439 5713 eorum
465 5654 556 5726 qui
584 5655 751 5710 aliter
777 5653 1043 5718 sentiunt,
1076 5667 1181 5707 non
1211 5654 1444 5709 inermes
1474 5670 1854 5726 usquequaque

242 5748 631 5803 consisterent.
659 5745 876 5800 Verum
905 5752 1024 5813 post
1049 5745 1393 5815 paucissimos
1424 5745 1538 5802 dies
1569 5746 1671 5818 legi
1700 5747 1853 5803 Pela-

244 5842 317 5912 gii
347 5841 590 5912 quzedam
620 5839 860 5907 scripta,
885 5835 982 5890 viri
1005 5845 1061 5891 ut
1084 5836 1237 5891 audio
1262 5839 1451 5904 sancti,
1477 5846 1532 5895 et
1556 5854 1661 5894 non
1689 5854 1853 5909 parvo

247 5942 504 6009 provectu
531 5928 852 5996 christiani,
894 5942 1011 6000 qua:
1049 5926 1104 5984 in
1145 5928 1290 5985 Pauli
1327 5931 1552 6001 apostoli
1597 5931 1851 6003 epistolas

1964 4013 2326 4083 expositiones
2367 4019 2713 4084 brevissimas
2756 4032 3094 4090 continerent
3124 4035 3203 4108 (a)
3241 4056 3256 4094 :
3294 4047 3452 4111 atque
3480 4041 3555 4099 ibi

1962 4107 2231 4175 comperi,
2253 4122 2377 4166 cum
2406 4112 2474 4169 ad
2507 4116 2654 4174 illum
2674 4122 2909 4180 venisset
2928 4125 3124 4196 locum,
3150 4107 3243 4186 ubi
3263 4107 3390 4188 dicit
3414 4133 3559 4204 Apo-

1962 4195 2151 4263 stolus,
2180 4215 2276 4279 per
2296 4218 2459 4260 unum
2479 4206 2746 4267 hominem
2768 4226 3046 4285 peccatum
3063 4195 3293 4279 intrasse
3315 4225 3368 4280 in
3391 4195 3551 4282 mun-

1963 4284 2110 4355 dum,
2129 4299 2183 4345 et
2202 4306 2299 4362 per
2313 4305 2587 4365 peccatum
2616 4314 3038 4381 mortem,atque
3064 4311 3137 4380 ita
3167 4314 3222 4370 in
3239 4329 3428 4372 omnes
3454 4317 3559 4373 ho-

1963 4378 2138 4436 mines
2156 4381 2329 4455 (Ram.
2354 4403 2413 4457 v,
2438 4390 2526 4464 12)
2555 4400 2928 4467 pertransisse,
2954 4378 3241 4471 quamdam
3261 4421 3447 4463 eorum
3467 4423 3559 4465 ar-

1961 4475 2413 4540 gumentationem
2427 4482 2517 4551 qui
2531 4497 2725 4556 negant
2744 4491 2998 4559 parvulos
3014 4503 3286 4563 peccatum
3303 4498 3561 4569 originale

1962 4572 2177 4635 gestare
2202 4584 2217 4622 :
2250 4584 2411 4639 quam
2443 4572 2612 4630 fateor
2638 4578 2690 4633 in
2720 4579 2826 4635 illis
2853 4590 2960 4638 tam
3004 4585 3177 4657 longis
3200 4588 3560 4649 voluminibus

1964 4656 2102 4712 meis
2128 4673 2236 4715 non
2265 4660 2470 4733 refelli,
2514 4668 2633 4736 quia
2678 4670 2731 4726 in
2773 4682 3006 4731 mentem
3037 4678 3414 4756 mibiomnino
3449 4700 3559 4743 non

1963 4758 2206 4820 venerat,
2232 4768 2554 4828 quemquam
2580 4776 2738 4831 posse
2767 4765 2893 4822 talia
2916 4770 3152 4840 cogitare
3175 4813 3190 4837 ,
3235 4774 3319 4829 vel
3356 4774 3558 4834 dicere.

1963 4841 2298 4917 Quapropter
2337 4853 2588 4920 quoniam
2616 4855 2691 4911 illi
2721 4859 2894 4928 operi,
2935 4861 3081 4931 quod
3113 4863 3226 4933 jam
3264 4875 3414 4924 certo
3454 4869 3561 4927 ﬁne

1964 4935 2355 5006 concluseram,
2399 4942 2531 4999 nihil
2578 4946 2776 5004 addere
2816 4951 2999 5019 volui;
3043 4962 3097 5009 et
3141 4954 3308 5026 ipsam
3355 4959 3558 5017 eisdem

1967 5030 2143 5086 verbis
2168 5034 2362 5104 quibus
2391 5051 2512 5092 eam
2542 5039 2667 5110 legi,
2694 5050 2748 5096 et
2777 5044 2903 5113 quid
2929 5046 3059 5101 mihi
3084 5058 3270 5105 contra
3291 5051 3557 5125 videatur,

1965 5120 2090 5179 huic
2117 5128 2357 5197 epistola:
2384 5129 2726 5190 inserendum
2757 5138 2961 5206 putavi.

2035 5217 2259 5278 CAPUT
2297 5223 2454 5279 ll.—
2481 5225 2536 5281 2.
2577 5226 2806 5300 Objectio
2851 5231 3074 5305 Pelagii.
3106 5233 3324 5292 Parvuli
3361 5238 3416 5294 in
3452 5256 3559 5295 rre-

1963 5311 2186 5368 dentium
2208 5324 2256 5370 et
2284 5317 2514 5388 ﬁdelium
2542 5338 2750 5378 numero
2779 5324 3026 5395 deputati.
3073 5328 3163 5386 Sic
3186 5345 3316 5402 ergo
3344 5332 3434 5387 illa
3470 5347 3560 5388 ars

1960 5410 2292 5475 gumentatio
2338 5413 2511 5483 posita
2549 5424 2632 5470 est
2675 5434 2691 5471 :
2726 5416 2798 5471 Hi
2849 5427 3038 5486 autem,
3070 5420 3260 5491 inquit,
3291 5423 3378 5491 qui
3421 5437 3548 5499 can-

1962 5507 2043 5552 tra
2089 5502 2348 5558 traducem
2401 5507 2592 5577 peccati
2644 5518 2791 5575 sunt,
2839 5512 2913 5564 ita
2948 5511 3092 5566 illam
3128 5512 3430 5584 impugnare
3469 5515 3551 5569 ui-

1962 5600 2171 5649 tuntur:
2191 5594 2254 5651 Si
2274 5596 2420 5665 Adae,
2449 5599 2713 5670 inquiunt,
2744 5610 3002 5673 peccatum
3029 5603 3181 5656 etiam
3209 5620 3311 5659 non
3339 5622 3555 5676 peccau-

2025 5758 2104 5833 (a)_
2115 5757 2294 5832 Pelagii
2316 5757 2582 5833 in
2593 5760 3099 5833 commentarioscitat
3107 5766 3337 5833 Mercator
3352 5761 3404 5811 in
3422 5769 3559 5833 Gom-

1961 5820 2355 5898 mdnitorio,'cap.
2375 5821 2425 5880 2,
2449 5830 2502 5871 et
2522 5824 2798 5898 sententias
2808 5820 2939 5895 illius
2958 5823 3139 5898 ibidem
3161 5826 3345 5898 profert
3361 5824 3554 5898 multas,

1959 5896 2070 5946 quas
2094 5883 2425 5947 totidemgfore
2449 5886 2613 5947 verbis
2635 5883 2864 5947 leguntur
2888 5887 2937 5935 in
2969 5883 3334 5939 Commentariis
3354 5883 3554 5943 nomine

1962 5944 2233 6007 Hieronymi
2259 5944 2379 5996 talso
2398 5946 2670 6006 [ublicatis
