  <div class='ocr_page' id='page_1' title='image "/cluster/home/n/w/nwhite01/storage/ocr_20150623/44-45/uva.x000217727/097.png"; bbox 0 0 3984 6552; ppageno 0'>
   <div class='ocr_carea' id='block_1_1' title="bbox 502 533 2088 618">
    <p class='ocr_par' dir='ltr' id='par_1_1' title="bbox 502 533 2088 618">
     <span class='ocr_line' id='line_1_1' title="bbox 502 533 2088 618; baseline -0.004 -24"><span class='ocrx_word' id='word_1_1' title='bbox 502 537 632 602; x_wconf 70' lang='grc' dir='ltr'><strong>εἱοω</strong></span> <span class='ocrx_word' id='word_1_2' title='bbox 657 537 846 604; x_wconf 83' lang='lat' dir='ltr'><strong>nocuit,</strong></span> <span class='ocrx_word' id='word_1_3' title='bbox 874 553 992 618; x_wconf 68' lang='lat' dir='ltr'><strong>ergo</strong></span> <span class='ocrx_word' id='word_1_4' title='bbox 1017 544 1066 595; x_wconf 88' lang='lat' dir='ltr'><strong>et</strong></span> <span class='ocrx_word' id='word_1_5' title='bbox 1088 533 1279 595; x_wconf 69' lang='lat' dir='ltr'><strong>Christi</strong></span> <span class='ocrx_word' id='word_1_6' title='bbox 1295 535 1499 606; x_wconf 73' lang='lat' dir='ltr'><strong>iustitia</strong></span> <span class='ocrx_word' id='word_1_7' title='bbox 1525 535 1674 590; x_wconf 87' lang='lat' dir='ltr'><strong>etiam</strong></span> <span class='ocrx_word' id='word_1_8' title='bbox 1701 549 1804 590; x_wconf 89' lang='lat' dir='ltr'><strong>non</strong></span> <span class='ocrx_word' id='word_1_9' title='bbox 1845 533 2088 590; x_wconf 82' lang='lat' dir='ltr'><strong>credenti-</strong></span> 
     </span>
    </p>
   </div>
   <div class='ocr_carea' id='block_1_2' title="bbox 507 627 2090 704">
    <p class='ocr_par' dir='ltr' id='par_1_2' title="bbox 507 627 2090 704">
     <span class='ocr_line' id='line_1_2' title="bbox 507 627 2090 704; baseline -0.004 -12"><span class='ocrx_word' id='word_1_10' title='bbox 507 627 598 700; x_wconf 71' lang='lat' dir='ltr'><strong>bus</strong></span> <span class='ocrx_word' id='word_1_11' title='bbox 639 633 880 704; x_wconf 79' lang='lat' dir='ltr'><strong>prodest;</strong></span> <span class='ocrx_word' id='word_1_12' title='bbox 925 631 1045 704; x_wconf 80' lang='lat' dir='ltr'><strong>quia</strong></span> <span class='ocrx_word' id='word_1_13' title='bbox 1086 629 1338 696; x_wconf 74' lang='lat' dir='ltr'><strong>similiter,</strong></span> <span class='ocrx_word' id='word_1_14' title='bbox 1389 629 1492 686; x_wconf 85' lang='lat' dir='ltr'><strong>imo</strong></span> <span class='ocrx_word' id='word_1_15' title='bbox 1543 639 1590 685; x_wconf 78' lang='lat' dir='ltr'><strong>et</strong></span> <span class='ocrx_word' id='word_1_16' title='bbox 1627 629 1788 701; x_wconf 81' lang='lat' dir='ltr'><strong>magis</strong></span> <span class='ocrx_word' id='word_1_17' title='bbox 1825 628 1948 684; x_wconf 84' lang='lat' dir='ltr'><strong>dicit</strong></span> <span class='ocrx_word' id='word_1_18' title='bbox 1999 645 2090 700; x_wconf 86' lang='lat' dir='ltr'><strong>per</strong></span> 
     </span>
    </p>
   </div>
   <div class='ocr_carea' id='block_1_3' title="bbox 501 721 2088 794">
    <p class='ocr_par' dir='ltr' id='par_1_3' title="bbox 501 721 2088 794">
     <span class='ocr_line' id='line_1_3' title="bbox 501 721 2088 794; baseline -0.007 -7"><span class='ocrx_word' id='word_1_19' title='bbox 501 741 658 787; x_wconf 69' lang='lat' dir='ltr'><strong>unum</strong></span> <span class='ocrx_word' id='word_1_20' title='bbox 675 723 880 791; x_wconf 80' lang='lat' dir='ltr'><strong>salvari,</strong></span> <span class='ocrx_word' id='word_1_21' title='bbox 901 739 1052 794; x_wconf 76' lang='lat' dir='ltr'><strong>quam</strong></span> <span class='ocrx_word' id='word_1_22' title='bbox 1069 738 1160 794; x_wconf 79' lang='lat' dir='ltr'><strong>per</strong></span> <span class='ocrx_word' id='word_1_23' title='bbox 1176 739 1334 783; x_wconf 85' lang='lat' dir='ltr'><strong>unum</strong></span> <span class='ocrx_word' id='word_1_24' title='bbox 1353 731 1469 778; x_wconf 87' lang='lat' dir='ltr'><strong>ante</strong></span> <span class='ocrx_word' id='word_1_25' title='bbox 1483 723 1754 794; x_wconf 83' lang='lat' dir='ltr'><strong>perierunt.</strong></span> <span class='ocrx_word' id='word_1_26' title='bbox 1779 721 1914 776; x_wconf 81' lang='lat' dir='ltr'><strong>Huic</strong></span> <span class='ocrx_word' id='word_1_27' title='bbox 1931 735 2088 794; x_wconf 78' lang='lat' dir='ltr'><strong>ergo,</strong></span> 
     </span>
    </p>
   </div>
   <div class='ocr_carea' id='block_1_4' title="bbox 501 812 2086 887">
    <p class='ocr_par' dir='ltr' id='par_1_4' title="bbox 501 812 2086 887">
     <span class='ocr_line' id='line_1_4' title="bbox 501 812 2086 887; baseline -0.003 -12"><span class='ocrx_word' id='word_1_28' title='bbox 501 823 560 875; x_wconf 83' lang='lat' dir='ltr'><strong>ut</strong></span> <span class='ocrx_word' id='word_1_29' title='bbox 599 817 708 874; x_wconf 80' lang='lat' dir='ltr'><strong>dixi</strong></span> <span class='ocrx_word' id='word_1_30' title='bbox 732 857 748 884; x_wconf 94' lang='lat'><strong>,</strong></span> <span class='ocrx_word' id='word_1_31' title='bbox 790 823 1104 887; x_wconf 84' lang='lat' dir='ltr'><strong>argumento</strong></span> <span class='ocrx_word' id='word_1_32' title='bbox 1130 815 1187 872; x_wconf 89' lang='lat' dir='ltr'><strong>in</strong></span> <span class='ocrx_word' id='word_1_33' title='bbox 1213 814 1320 872; x_wconf 86' lang='lat' dir='ltr'><strong>illis</strong></span> <span class='ocrx_word' id='word_1_34' title='bbox 1352 813 1558 876; x_wconf 86' lang='lat' dir='ltr'><strong>duobus</strong></span> <span class='ocrx_word' id='word_1_35' title='bbox 1589 815 1736 870; x_wconf 84' lang='lat' dir='ltr'><strong>libris</strong></span> <span class='ocrx_word' id='word_1_36' title='bbox 1763 827 1896 885; x_wconf 86' lang='lat' dir='ltr'><strong>quos</strong></span> <span class='ocrx_word' id='word_1_37' title='bbox 1921 812 1990 868; x_wconf 90' lang='lat' dir='ltr'><strong>ad</strong></span> <span class='ocrx_word' id='word_1_38' title='bbox 2031 821 2086 870; x_wconf 86' lang='lat' dir='ltr'><strong>te</strong></span> 
     </span>
    </p>
   </div>
   <div class='ocr_carea' id='block_1_5' title="bbox 498 903 2082 980">
    <p class='ocr_par' dir='ltr' id='par_1_5' title="bbox 498 903 2082 980">
     <span class='ocr_line' id='line_1_5' title="bbox 498 903 2082 980; baseline -0.003 -14"><span class='ocrx_word' id='word_1_39' title='bbox 498 907 709 980; x_wconf 84' lang='lat' dir='ltr'><strong>scripsi,</strong></span> <span class='ocrx_word' id='word_1_40' title='bbox 739 906 871 970; x_wconf 79' lang='lat' dir='ltr'><strong>nihil</strong></span> <span class='ocrx_word' id='word_1_41' title='bbox 896 907 1168 978; x_wconf 83' lang='lat' dir='ltr'><strong>respondi,</strong></span> <span class='ocrx_word' id='word_1_42' title='bbox 1193 921 1367 980; x_wconf 88' lang='lat' dir='ltr'><strong>neque</strong></span> <span class='ocrx_word' id='word_1_43' title='bbox 1396 905 1450 962; x_wconf 87' lang='lat' dir='ltr'><strong>id</strong></span> <span class='ocrx_word' id='word_1_44' title='bbox 1484 905 1615 964; x_wconf 83' lang='lat' dir='ltr'><strong>mihi</strong></span> <span class='ocrx_word' id='word_1_45' title='bbox 1651 919 1867 976; x_wconf 81' lang='lat' dir='ltr'><strong>prorsus</strong></span> <span class='ocrx_word' id='word_1_46' title='bbox 1895 903 2082 968; x_wconf 83' lang='lat' dir='ltr'><strong>redar-</strong></span> 
     </span>
    </p>
   </div>
   <div class='ocr_carea' id='block_1_6' title="bbox 497 994 2083 1087">
    <p class='ocr_par' dir='ltr' id='par_1_6' title="bbox 497 994 2083 1087">
     <span class='ocr_line' id='line_1_6' title="bbox 497 994 2083 1087; baseline 0 -33"><span class='ocrx_word' id='word_1_47' title='bbox 497 995 764 1087; x_wconf 81' lang='lat' dir='ltr'><strong>guendum</strong></span> <span class='ocrx_word' id='word_1_48' title='bbox 809 998 1081 1072; x_wconf 80' lang='lat' dir='ltr'><strong>proposui.</strong></span> <span class='ocrx_word' id='word_1_49' title='bbox 1112 997 1264 1056; x_wconf 82' lang='lat' dir='ltr'><strong>Nunc</strong></span> <span class='ocrx_word' id='word_1_50' title='bbox 1307 1012 1436 1072; x_wconf 81' lang='lat' dir='ltr'><strong>ergo</strong></span> <span class='ocrx_word' id='word_1_51' title='bbox 1472 996 1619 1070; x_wconf 85' lang='lat' dir='ltr'><strong>prius</strong></span> <span class='ocrx_word' id='word_1_52' title='bbox 1656 995 1786 1052; x_wconf 91' lang='lat' dir='ltr'><strong>illud</strong></span> <span class='ocrx_word' id='word_1_53' title='bbox 1825 994 2042 1054; x_wconf 90' lang='lat' dir='ltr'><strong>attende</strong></span> <span class='ocrx_word' id='word_1_54' title='bbox 2064 1037 2083 1064; x_wconf 89' lang='lat'><strong>,</strong></span> 
     </span>
    </p>
   </div>
   <div class='ocr_carea' id='block_1_7' title="bbox 497 1089 2088 1172">
    <p class='ocr_par' dir='ltr' id='par_1_7' title="bbox 497 1089 2088 1172">
     <span class='ocr_line' id='line_1_7' title="bbox 497 1089 2088 1172; baseline -0.001 -26"><span class='ocrx_word' id='word_1_55' title='bbox 497 1089 1078 1164; x_wconf 82' lang='lat' dir='ltr'><strong>quemadmodumcum</strong></span> <span class='ocrx_word' id='word_1_56' title='bbox 1096 1091 1299 1172; x_wconf 74' lang='lat' dir='ltr'><strong>dicunt,</strong></span> <span class='ocrx_word' id='word_1_57' title='bbox 1320 1089 1522 1148; x_wconf 76' lang='lat' dir='ltr'><strong>SiAdte</strong></span> <span class='ocrx_word' id='word_1_58' title='bbox 1539 1099 1800 1164; x_wconf 84' lang='lat' dir='ltr'><strong>peccatum</strong></span> <span class='ocrx_word' id='word_1_59' title='bbox 1819 1090 1967 1146; x_wconf 86' lang='lat' dir='ltr'><strong>etiam</strong></span> <span class='ocrx_word' id='word_1_60' title='bbox 1983 1105 2088 1145; x_wconf 86' lang='lat' dir='ltr'><strong>non</strong></span> 
     </span>
    </p>
   </div>
   <div class='ocr_carea' id='block_1_8' title="bbox 499 1181 2086 1257">
    <p class='ocr_par' dir='ltr' id='par_1_8' title="bbox 499 1181 2086 1257">
     <span class='ocr_line' id='line_1_8' title="bbox 499 1181 2086 1257; baseline -0.001 -17"><span class='ocrx_word' id='word_1_61' title='bbox 499 1185 816 1256; x_wconf 75' lang='lat' dir='ltr'><strong>peccantibus</strong></span> <span class='ocrx_word' id='word_1_62' title='bbox 835 1193 996 1256; x_wconf 78' lang='lat' dir='ltr'><strong>nocet,</strong></span> <span class='ocrx_word' id='word_1_63' title='bbox 1010 1193 1057 1240; x_wconf 89' lang='lat' dir='ltr'><strong>et</strong></span> <span class='ocrx_word' id='word_1_64' title='bbox 1072 1183 1257 1252; x_wconf 73' lang='lat' dir='ltr'><strong>Clu-isti</strong></span> <span class='ocrx_word' id='word_1_65' title='bbox 1267 1185 1470 1257; x_wconf 76' lang='lat' dir='ltr'><strong>justitia</strong></span> <span class='ocrx_word' id='word_1_66' title='bbox 1485 1184 1636 1243; x_wconf 83' lang='lat' dir='ltr'><strong>etiam</strong></span> <span class='ocrx_word' id='word_1_67' title='bbox 1651 1199 1752 1238; x_wconf 88' lang='lat' dir='ltr'><strong>non</strong></span> <span class='ocrx_word' id='word_1_68' title='bbox 1773 1181 2086 1240; x_wconf 79' lang='lat' dir='ltr'><strong>credentibus</strong></span> 
     </span>
    </p>
   </div>
   <div class='ocr_carea' id='block_1_9' title="bbox 497 1275 2082 1352">
    <p class='ocr_par' dir='ltr' id='par_1_9' title="bbox 497 1275 2082 1352">
     <span class='ocr_line' id='line_1_9' title="bbox 497 1275 2082 1352; baseline 0.001 -21"><span class='ocrx_word' id='word_1_69' title='bbox 497 1277 700 1352; x_wconf 71' lang='lat' dir='ltr'><strong>prodest</strong></span> <span class='ocrx_word' id='word_1_70' title='bbox 717 1319 734 1346; x_wconf 86' lang='lat'><strong>,</strong></span> <span class='ocrx_word' id='word_1_71' title='bbox 765 1277 1206 1346; x_wconf 74' lang='lat' dir='ltr'><strong>absurdissimum</strong></span> <span class='ocrx_word' id='word_1_72' title='bbox 1235 1278 1418 1349; x_wconf 90' lang='lat' dir='ltr'><strong>utique</strong></span> <span class='ocrx_word' id='word_1_73' title='bbox 1459 1286 1514 1338; x_wconf 88' lang='lat' dir='ltr'><strong>et</strong></span> <span class='ocrx_word' id='word_1_74' title='bbox 1553 1276 1896 1334; x_wconf 79' lang='lat' dir='ltr'><strong>falsissimum</strong></span> <span class='ocrx_word' id='word_1_75' title='bbox 1934 1275 2082 1348; x_wconf 80' lang='lat' dir='ltr'><strong>judi-</strong></span> 
     </span>
    </p>
   </div>
   <div class='ocr_carea' id='block_1_10' title="bbox 496 1369 2082 1440">
    <p class='ocr_par' dir='ltr' id='par_1_10' title="bbox 496 1369 2082 1440">
     <span class='ocr_line' id='line_1_10' title="bbox 496 1369 2082 1440; baseline -0.003 -11"><span class='ocrx_word' id='word_1_76' title='bbox 496 1378 641 1438; x_wconf 85' lang='lat' dir='ltr'><strong>cant,</strong></span> <span class='ocrx_word' id='word_1_77' title='bbox 667 1377 725 1426; x_wconf 91' lang='lat' dir='ltr'><strong>ut</strong></span> <span class='ocrx_word' id='word_1_78' title='bbox 748 1369 946 1428; x_wconf 89' lang='lat' dir='ltr'><strong>Christi</strong></span> <span class='ocrx_word' id='word_1_79' title='bbox 965 1369 1174 1440; x_wconf 77' lang='lat' dir='ltr'><strong>juStitia</strong></span> <span class='ocrx_word' id='word_1_80' title='bbox 1195 1371 1358 1429; x_wconf 86' lang='lat' dir='ltr'><strong>etiam</strong></span> <span class='ocrx_word' id='word_1_81' title='bbox 1381 1383 1488 1426; x_wconf 92' lang='lat' dir='ltr'><strong>non</strong></span> <span class='ocrx_word' id='word_1_82' title='bbox 1512 1369 1852 1428; x_wconf 73' lang='lat' dir='ltr'><strong>credentibus</strong></span> <span class='ocrx_word' id='word_1_83' title='bbox 1878 1369 2082 1440; x_wconf 83' lang='lat' dir='ltr'><strong>prosit;</strong></span> 
     </span>
    </p>
   </div>
   <div class='ocr_carea' id='block_1_11' title="bbox 495 1462 2084 1536">
    <p class='ocr_par' dir='ltr' id='par_1_11' title="bbox 495 1462 2084 1536">
     <span class='ocr_line' id='line_1_11' title="bbox 495 1462 2084 1536; baseline 0.001 -18"><span class='ocrx_word' id='word_1_84' title='bbox 495 1462 638 1520; x_wconf 89' lang='lat' dir='ltr'><strong>unde</strong></span> <span class='ocrx_word' id='word_1_85' title='bbox 658 1471 846 1535; x_wconf 82' lang='lat' dir='ltr'><strong>putant</strong></span> <span class='ocrx_word' id='word_1_86' title='bbox 865 1463 1077 1534; x_wconf 81' lang='lat' dir='ltr'><strong>conﬁci,</strong></span> <span class='ocrx_word' id='word_1_87' title='bbox 1105 1478 1205 1523; x_wconf 89' lang='lat' dir='ltr'><strong>nec</strong></span> <span class='ocrx_word' id='word_1_88' title='bbox 1233 1463 1391 1536; x_wconf 85' lang='lat' dir='ltr'><strong>primi</strong></span> <span class='ocrx_word' id='word_1_89' title='bbox 1411 1463 1644 1523; x_wconf 85' lang='lat' dir='ltr'><strong>hominis</strong></span> <span class='ocrx_word' id='word_1_90' title='bbox 1662 1472 1936 1535; x_wconf 86' lang='lat' dir='ltr'><strong>peccatum</strong></span> <span class='ocrx_word' id='word_1_91' title='bbox 1959 1478 2084 1534; x_wconf 80' lang='lat' dir='ltr'><strong>par—</strong></span> 
     </span>
    </p>
   </div>
   <div class='ocr_carea' id='block_1_12' title="bbox 497 1555 2086 1629">
    <p class='ocr_par' dir='ltr' id='par_1_12' title="bbox 497 1555 2086 1629">
     <span class='ocr_line' id='line_1_12' title="bbox 497 1555 2086 1629; baseline 0 -17"><span class='ocrx_word' id='word_1_92' title='bbox 497 1556 644 1614; x_wconf 88' lang='lat' dir='ltr'><strong>vulis</strong></span> <span class='ocrx_word' id='word_1_93' title='bbox 667 1573 774 1617; x_wconf 90' lang='lat' dir='ltr'><strong>non</strong></span> <span class='ocrx_word' id='word_1_94' title='bbox 806 1556 1146 1628; x_wconf 75' lang='lat' dir='ltr'><strong>peccantibus</strong></span> <span class='ocrx_word' id='word_1_95' title='bbox 1170 1571 1368 1616; x_wconf 86' lang='lat' dir='ltr'><strong>nocere</strong></span> <span class='ocrx_word' id='word_1_96' title='bbox 1395 1557 1652 1629; x_wconf 79' lang='lat' dir='ltr'><strong>potuisse,</strong></span> <span class='ocrx_word' id='word_1_97' title='bbox 1678 1559 1816 1619; x_wconf 86' lang='lat' dir='ltr'><strong>sicut</strong></span> <span class='ocrx_word' id='word_1_98' title='bbox 1847 1565 1904 1614; x_wconf 89' lang='lat' dir='ltr'><strong>et</strong></span> <span class='ocrx_word' id='word_1_99' title='bbox 1935 1555 2086 1612; x_wconf 86' lang='lat' dir='ltr'><strong>Chri-</strong></span> 
     </span>
    </p>
   </div>
   <div class='ocr_carea' id='block_1_13' title="bbox 495 1646 2083 1721">
    <p class='ocr_par' dir='ltr' id='par_1_13' title="bbox 495 1646 2083 1721">
     <span class='ocr_line' id='line_1_13' title="bbox 495 1646 2083 1721; baseline 0.002 -19"><span class='ocrx_word' id='word_1_100' title='bbox 495 1647 566 1703; x_wconf 89' lang='lat' dir='ltr'><strong>sti</strong></span> <span class='ocrx_word' id='word_1_101' title='bbox 582 1646 784 1720; x_wconf 76' lang='lat' dir='ltr'><strong>iustitia</strong></span> <span class='ocrx_word' id='word_1_102' title='bbox 811 1648 1070 1720; x_wconf 83' lang='lat' dir='ltr'><strong>prodesse</strong></span> <span class='ocrx_word' id='word_1_103' title='bbox 1099 1649 1220 1708; x_wconf 87' lang='lat' dir='ltr'><strong>ullis</strong></span> <span class='ocrx_word' id='word_1_104' title='bbox 1248 1663 1356 1706; x_wconf 91' lang='lat' dir='ltr'><strong>non</strong></span> <span class='ocrx_word' id='word_1_105' title='bbox 1385 1649 1724 1708; x_wconf 84' lang='lat' dir='ltr'><strong>credentibus</strong></span> <span class='ocrx_word' id='word_1_106' title='bbox 1751 1664 1862 1708; x_wconf 88' lang='lat' dir='ltr'><strong>non</strong></span> <span class='ocrx_word' id='word_1_107' title='bbox 1887 1658 2083 1721; x_wconf 79' lang='lat' dir='ltr'><strong>potest.</strong></span> 
     </span>
    </p>
   </div>
   <div class='ocr_carea' id='block_1_14' title="bbox 494 1739 2084 1816">
    <p class='ocr_par' dir='ltr' id='par_1_14' title="bbox 494 1739 2084 1816">
     <span class='ocr_line' id='line_1_14' title="bbox 494 1739 2084 1816; baseline 0 -18"><span class='ocrx_word' id='word_1_108' title='bbox 494 1739 686 1802; x_wconf 84' lang='lat' dir='ltr'><strong>Dicant</strong></span> <span class='ocrx_word' id='word_1_109' title='bbox 725 1741 938 1815; x_wconf 86' lang='lat' dir='ltr'><strong>itaque,</strong></span> <span class='ocrx_word' id='word_1_110' title='bbox 970 1741 1168 1802; x_wconf 77' lang='lat' dir='ltr'><strong>Christi</strong></span> <span class='ocrx_word' id='word_1_111' title='bbox 1207 1743 1414 1816; x_wconf 82' lang='lat' dir='ltr'><strong>justitia</strong></span> <span class='ocrx_word' id='word_1_112' title='bbox 1461 1742 1590 1815; x_wconf 89' lang='lat' dir='ltr'><strong>quid</strong></span> <span class='ocrx_word' id='word_1_113' title='bbox 1633 1743 1914 1814; x_wconf 82' lang='lat' dir='ltr'><strong>haptizatis</strong></span> <span class='ocrx_word' id='word_1_114' title='bbox 1961 1757 2084 1813; x_wconf 84' lang='lat' dir='ltr'><strong>par-</strong></span> 
     </span>
    </p>
   </div>
   <div class='ocr_carea' id='block_1_15' title="bbox 493 1835 2082 1912">
    <p class='ocr_par' dir='ltr' id='par_1_15' title="bbox 493 1835 2082 1912">
     <span class='ocr_line' id='line_1_15' title="bbox 493 1835 2082 1912; baseline -0.001 -16"><span class='ocrx_word' id='word_1_115' title='bbox 493 1835 631 1901; x_wconf 75' lang='lat' dir='ltr'><strong>vatis</strong></span> <span class='ocrx_word' id='word_1_116' title='bbox 675 1837 848 1908; x_wconf 80' lang='lat' dir='ltr'><strong>prosit</strong></span> <span class='ocrx_word' id='word_1_117' title='bbox 883 1853 896 1892; x_wconf 91' lang='lat'><strong>:</strong></span> <span class='ocrx_word' id='word_1_118' title='bbox 931 1836 1113 1897; x_wconf 87' lang='lat' dir='ltr'><strong>dicant</strong></span> <span class='ocrx_word' id='word_1_119' title='bbox 1152 1837 1372 1912; x_wconf 77' lang='lat' dir='ltr'><strong>omnino</strong></span> <span class='ocrx_word' id='word_1_120' title='bbox 1415 1839 1560 1912; x_wconf 83' lang='lat' dir='ltr'><strong>quod</strong></span> <span class='ocrx_word' id='word_1_121' title='bbox 1581 1839 1787 1896; x_wconf 86' lang='lat' dir='ltr'><strong>volunt.</strong></span> <span class='ocrx_word' id='word_1_122' title='bbox 1829 1836 2082 1894; x_wconf 85' lang='lat' dir='ltr'><strong>Profecto</strong></span> 
     </span>
    </p>
   </div>
   <div class='ocr_carea' id='block_1_16' title="bbox 495 1926 2086 2000">
    <p class='ocr_par' dir='ltr' id='par_1_16' title="bbox 495 1926 2086 2000">
     <span class='ocr_line' id='line_1_16' title="bbox 495 1926 2086 2000; baseline 0.002 -19"><span class='ocrx_word' id='word_1_123' title='bbox 495 1926 660 1995; x_wconf 84' lang='lat' dir='ltr'><strong>enim,</strong></span> <span class='ocrx_word' id='word_1_124' title='bbox 703 1927 752 1982; x_wconf 90' lang='lat' dir='ltr'><strong>si</strong></span> <span class='ocrx_word' id='word_1_125' title='bbox 799 1940 858 1986; x_wconf 83' lang='lat' dir='ltr'><strong>se</strong></span> <span class='ocrx_word' id='word_1_126' title='bbox 899 1926 1232 1990; x_wconf 85' lang='lat' dir='ltr'><strong>Christianos</strong></span> <span class='ocrx_word' id='word_1_127' title='bbox 1281 1944 1404 1994; x_wconf 83' lang='lat' dir='ltr'><strong>esse</strong></span> <span class='ocrx_word' id='word_1_128' title='bbox 1454 1931 1842 1996; x_wconf 82' lang='lat' dir='ltr'><strong>meminerunt,</strong></span> <span class='ocrx_word' id='word_1_129' title='bbox 1887 1927 2086 2000; x_wconf 86' lang='lat' dir='ltr'><strong>aliquid</strong></span> 
     </span>
    </p>
   </div>
   <div class='ocr_carea' id='block_1_17' title="bbox 494 2021 2088 2098">
    <p class='ocr_par' dir='ltr' id='par_1_17' title="bbox 494 2021 2088 2098">
     <span class='ocr_line' id='line_1_17' title="bbox 494 2021 2088 2098; baseline 0.001 -21"><span class='ocrx_word' id='word_1_130' title='bbox 494 2021 752 2096; x_wconf 82' lang='lat' dir='ltr'><strong>prodesse</strong></span> <span class='ocrx_word' id='word_1_131' title='bbox 771 2038 878 2089; x_wconf 79' lang='lat' dir='ltr'><strong>non</strong></span> <span class='ocrx_word' id='word_1_132' title='bbox 899 2023 1192 2096; x_wconf 73' lang='lat' dir='ltr'><strong>ambigunt.</strong></span> <span class='ocrx_word' id='word_1_133' title='bbox 1217 2023 1508 2094; x_wconf 79' lang='lat' dir='ltr'><strong>Quodlibet</strong></span> <span class='ocrx_word' id='word_1_134' title='bbox 1532 2025 1692 2098; x_wconf 86' lang='lat' dir='ltr'><strong>igitur</strong></span> <span class='ocrx_word' id='word_1_135' title='bbox 1711 2023 1900 2095; x_wconf 81' lang='lat' dir='ltr'><strong>prosit,</strong></span> <span class='ocrx_word' id='word_1_136' title='bbox 1921 2021 2088 2096; x_wconf 79' lang='lat' dir='ltr'><strong>prod-</strong></span> 
     </span>
    </p>
   </div>
   <div class='ocr_carea' id='block_1_18' title="bbox 493 2115 2086 2188">
    <p class='ocr_par' dir='ltr' id='par_1_18' title="bbox 493 2115 2086 2188">
     <span class='ocr_line' id='line_1_18' title="bbox 493 2115 2086 2188; baseline 0.004 -19"><span class='ocrx_word' id='word_1_137' title='bbox 493 2115 798 2186; x_wconf 72' lang='lat' dir='ltr'><strong>esse,sicut</strong></span> <span class='ocrx_word' id='word_1_138' title='bbox 821 2115 984 2173; x_wconf 79' lang='lat' dir='ltr'><strong>etiam</strong></span> <span class='ocrx_word' id='word_1_139' title='bbox 1009 2116 1112 2188; x_wconf 89' lang='lat' dir='ltr'><strong>ipsi</strong></span> <span class='ocrx_word' id='word_1_140' title='bbox 1137 2127 1410 2186; x_wconf 75' lang='lat' dir='ltr'><strong>asserunt,</strong></span> <span class='ocrx_word' id='word_1_141' title='bbox 1445 2133 1553 2174; x_wconf 84' lang='lat' dir='ltr'><strong>non</strong></span> <span class='ocrx_word' id='word_1_142' title='bbox 1590 2117 1932 2177; x_wconf 74' lang='lat' dir='ltr'><strong>credentibus</strong></span> <span class='ocrx_word' id='word_1_143' title='bbox 1977 2131 2086 2176; x_wconf 83' lang='lat' dir='ltr'><strong>non</strong></span> 
     </span>
    </p>
   </div>
   <div class='ocr_carea' id='block_1_19' title="bbox 493 2207 2086 2282">
    <p class='ocr_par' dir='ltr' id='par_1_19' title="bbox 493 2207 2086 2282">
     <span class='ocr_line' id='line_1_19' title="bbox 493 2207 2086 2282; baseline -0.001 -17"><span class='ocrx_word' id='word_1_144' title='bbox 493 2214 686 2279; x_wconf 68' lang='lat' dir='ltr'><strong>potest.</strong></span> <span class='ocrx_word' id='word_1_145' title='bbox 732 2207 882 2276; x_wconf 84' lang='lat' dir='ltr'><strong>Unde</strong></span> <span class='ocrx_word' id='word_1_146' title='bbox 923 2218 1190 2281; x_wconf 75' lang='lat' dir='ltr'><strong>coguntur</strong></span> <span class='ocrx_word' id='word_1_147' title='bbox 1231 2211 1485 2282; x_wconf 84' lang='lat' dir='ltr'><strong>parvulos</strong></span> <span class='ocrx_word' id='word_1_148' title='bbox 1527 2211 1826 2282; x_wconf 76' lang='lat' dir='ltr'><strong>baptizatos</strong></span> <span class='ocrx_word' id='word_1_149' title='bbox 1867 2211 1921 2269; x_wconf 85' lang='lat' dir='ltr'><strong>in</strong></span> <span class='ocrx_word' id='word_1_150' title='bbox 1960 2225 2086 2269; x_wconf 79' lang='lat' dir='ltr'><strong>cre-</strong></span> 
     </span>
    </p>
   </div>
   <div class='ocr_carea' id='block_1_20' title="bbox 493 2297 2085 2373">
    <p class='ocr_par' dir='ltr' id='par_1_20' title="bbox 493 2297 2085 2373">
     <span class='ocr_line' id='line_1_20' title="bbox 493 2297 2085 2373; baseline 0.005 -17"><span class='ocrx_word' id='word_1_151' title='bbox 493 2297 734 2358; x_wconf 82' lang='lat' dir='ltr'><strong>dentium</strong></span> <span class='ocrx_word' id='word_1_152' title='bbox 779 2315 1008 2368; x_wconf 81' lang='lat' dir='ltr'><strong>numero</strong></span> <span class='ocrx_word' id='word_1_153' title='bbox 1063 2301 1344 2373; x_wconf 77' lang='lat' dir='ltr'><strong>deputare;</strong></span> <span class='ocrx_word' id='word_1_154' title='bbox 1390 2310 1447 2360; x_wconf 91' lang='lat' dir='ltr'><strong>et</strong></span> <span class='ocrx_word' id='word_1_155' title='bbox 1491 2304 1794 2361; x_wconf 83' lang='lat' dir='ltr'><strong>auctoritati</strong></span> <span class='ocrx_word' id='word_1_156' title='bbox 1837 2311 2039 2364; x_wconf 65' lang='lat' dir='ltr'><strong>sanctae</strong></span> <span class='ocrx_word' id='word_1_157' title='bbox 2066 2303 2085 2336; x_wconf 72' lang='grc' dir='ltr'>ί</span> 
     </span>
    </p>
   </div>
   <div class='ocr_carea' id='block_1_21' title="bbox 505 2391 2086 2468">
    <p class='ocr_par' dir='ltr' id='par_1_21' title="bbox 505 2391 2086 2468">
     <span class='ocr_line' id='line_1_21' title="bbox 505 2391 2086 2468; baseline 0.004 -20"><span class='ocrx_word' id='word_1_158' title='bbox 505 2391 703 2464; x_wconf 80' lang='lat' dir='ltr'><strong>ubique</strong></span> <span class='ocrx_word' id='word_1_159' title='bbox 745 2394 998 2464; x_wconf 67' lang='lat' dir='ltr'><strong>Ecclesiae</strong></span> <span class='ocrx_word' id='word_1_160' title='bbox 1019 2396 1326 2460; x_wconf 81' lang='lat' dir='ltr'><strong>consentire</strong></span> <span class='ocrx_word' id='word_1_161' title='bbox 1347 2439 1365 2465; x_wconf 96' lang='lat'><strong>,</strong></span> <span class='ocrx_word' id='word_1_162' title='bbox 1410 2411 1529 2468; x_wconf 68' lang='lat' dir='ltr'><strong>quae</strong></span> <span class='ocrx_word' id='word_1_163' title='bbox 1570 2396 1808 2456; x_wconf 81' lang='lat' dir='ltr'><strong>ﬁdelium</strong></span> <span class='ocrx_word' id='word_1_164' title='bbox 1853 2411 1948 2456; x_wconf 86' lang='lat' dir='ltr'><strong>eos</strong></span> <span class='ocrx_word' id='word_1_165' title='bbox 1991 2411 2086 2454; x_wconf 87' lang='lat' dir='ltr'><strong>no-</strong></span> 
     </span>
    </p>
   </div>
   <div class='ocr_carea' id='block_1_22' title="bbox 494 2482 2084 2559">
    <p class='ocr_par' dir='ltr' id='par_1_22' title="bbox 494 2482 2084 2559">
     <span class='ocr_line' id='line_1_22' title="bbox 494 2482 2084 2559; baseline 0.003 -17"><span class='ocrx_word' id='word_1_166' title='bbox 494 2482 644 2542; x_wconf 84' lang='lat' dir='ltr'><strong>mine</strong></span> <span class='ocrx_word' id='word_1_167' title='bbox 685 2499 794 2552; x_wconf 76' lang='lat' dir='ltr'><strong>non</strong></span> <span class='ocrx_word' id='word_1_168' title='bbox 837 2494 1022 2553; x_wconf 82' lang='lat' dir='ltr'><strong>censet</strong></span> <span class='ocrx_word' id='word_1_169' title='bbox 1059 2487 1310 2559; x_wconf 82' lang='lat' dir='ltr'><strong>indignos</strong></span> <span class='ocrx_word' id='word_1_170' title='bbox 1333 2528 1349 2554; x_wconf 91' lang='lat'><strong>,</strong></span> <span class='ocrx_word' id='word_1_171' title='bbox 1395 2488 1588 2558; x_wconf 79' lang='lat' dir='ltr'><strong>quibus</strong></span> <span class='ocrx_word' id='word_1_172' title='bbox 1629 2488 1837 2558; x_wconf 78' lang='lat' dir='ltr'><strong>iustitia</strong></span> <span class='ocrx_word' id='word_1_173' title='bbox 1885 2486 2084 2546; x_wconf 76' lang='lat' dir='ltr'><strong>Christi</strong></span> 
     </span>
    </p>
   </div>
   <div class='ocr_carea' id='block_1_23' title="bbox 495 2575 2086 2649">
    <p class='ocr_par' dir='ltr' id='par_1_23' title="bbox 495 2575 2086 2649">
     <span class='ocr_line' id='line_1_23' title="bbox 495 2575 2086 2649; baseline 0.006 -18"><span class='ocrx_word' id='word_1_174' title='bbox 495 2575 656 2640; x_wconf 77' lang='lat' dir='ltr'><strong>etiam</strong></span> <span class='ocrx_word' id='word_1_175' title='bbox 685 2576 984 2643; x_wconf 67' lang='lat' dir='ltr'><strong>secundum</strong></span> <span class='ocrx_word' id='word_1_176' title='bbox 1011 2577 1144 2634; x_wconf 87' lang='lat' dir='ltr'><strong>istos</strong></span> <span class='ocrx_word' id='word_1_177' title='bbox 1186 2579 1442 2649; x_wconf 84' lang='lat' dir='ltr'><strong>prodesse</strong></span> <span class='ocrx_word' id='word_1_178' title='bbox 1483 2581 1698 2638; x_wconf 87' lang='lat' dir='ltr'><strong>nonnisi</strong></span> <span class='ocrx_word' id='word_1_179' title='bbox 1741 2581 2086 2642; x_wconf 71' lang='lat' dir='ltr'><strong>credentibus</strong></span> 
     </span>
    </p>
   </div>
   <div class='ocr_carea' id='block_1_24' title="bbox 495 2666 2087 2742">
    <p class='ocr_par' dir='ltr' id='par_1_24' title="bbox 495 2666 2087 2742">
     <span class='ocr_line' id='line_1_24' title="bbox 495 2666 2087 2742; baseline 0.008 -20"><span class='ocrx_word' id='word_1_180' title='bbox 495 2673 700 2736; x_wconf 82' lang='lat' dir='ltr'><strong>posset.</strong></span> <span class='ocrx_word' id='word_1_181' title='bbox 739 2666 891 2732; x_wconf 88' lang='lat' dir='ltr'><strong>Sicut</strong></span> <span class='ocrx_word' id='word_1_182' title='bbox 927 2683 1057 2740; x_wconf 84' lang='lat' dir='ltr'><strong>ergo</strong></span> <span class='ocrx_word' id='word_1_183' title='bbox 1097 2683 1286 2728; x_wconf 87' lang='lat' dir='ltr'><strong>eorum</strong></span> <span class='ocrx_word' id='word_1_184' title='bbox 1327 2685 1422 2741; x_wconf 88' lang='lat' dir='ltr'><strong>per</strong></span> <span class='ocrx_word' id='word_1_185' title='bbox 1449 2687 1584 2742; x_wconf 83' lang='lat' dir='ltr'><strong>quos</strong></span> <span class='ocrx_word' id='word_1_186' title='bbox 1611 2681 1984 2736; x_wconf 67' lang='lat' dir='ltr'><strong>renascuntur.</strong></span> <span class='ocrx_word' id='word_1_187' title='bbox 2007 2671 2087 2742; x_wconf 75' lang='lat' dir='ltr'><strong>itt-</strong></span> 
     </span>
    </p>
   </div>
   <div class='ocr_carea' id='block_1_25' title="bbox 495 2759 2082 2834">
    <p class='ocr_par' dir='ltr' id='par_1_25' title="bbox 495 2759 2082 2834">
     <span class='ocr_line' id='line_1_25' title="bbox 495 2759 2082 2834; baseline 0.005 -20"><span class='ocrx_word' id='word_1_188' title='bbox 495 2759 656 2816; x_wconf 69' lang='lat' dir='ltr'><strong>stitia:</strong></span> <span class='ocrx_word' id='word_1_189' title='bbox 681 2761 902 2832; x_wconf 87' lang='lat' dir='ltr'><strong>spiritus</strong></span> <span class='ocrx_word' id='word_1_190' title='bbox 929 2764 1284 2834; x_wconf 86' lang='lat' dir='ltr'><strong>responsione</strong></span> <span class='ocrx_word' id='word_1_191' title='bbox 1311 2778 1407 2834; x_wconf 81' lang='lat' dir='ltr'><strong>sua</strong></span> <span class='ocrx_word' id='word_1_192' title='bbox 1434 2764 1632 2834; x_wconf 74' lang='lat' dir='ltr'><strong>u-ajicit</strong></span> <span class='ocrx_word' id='word_1_193' title='bbox 1657 2765 1712 2820; x_wconf 76' lang='lat' dir='ltr'><strong>in</strong></span> <span class='ocrx_word' id='word_1_194' title='bbox 1749 2779 1846 2824; x_wconf 85' lang='lat' dir='ltr'><strong>eos</strong></span> <span class='ocrx_word' id='word_1_195' title='bbox 1887 2763 2082 2834; x_wconf 71' lang='lat' dir='ltr'><strong>ﬁdem,</strong></span> 
     </span>
    </p>
   </div>
   <div class='ocr_carea' id='block_1_26' title="bbox 494 2853 2083 2927">
    <p class='ocr_par' dir='ltr' id='par_1_26' title="bbox 494 2853 2083 2927">
     <span class='ocr_line' id='line_1_26' title="bbox 494 2853 2083 2927; baseline 0.004 -20"><span class='ocrx_word' id='word_1_196' title='bbox 494 2866 655 2922; x_wconf 91' lang='lat' dir='ltr'><strong>quam</strong></span> <span class='ocrx_word' id='word_1_197' title='bbox 682 2853 956 2910; x_wconf 78' lang='lat' dir='ltr'><strong>voluntate</strong></span> <span class='ocrx_word' id='word_1_198' title='bbox 985 2856 1199 2926; x_wconf 89' lang='lat' dir='ltr'><strong>propria</strong></span> <span class='ocrx_word' id='word_1_199' title='bbox 1226 2855 1461 2912; x_wconf 89' lang='lat' dir='ltr'><strong>nondum</strong></span> <span class='ocrx_word' id='word_1_200' title='bbox 1504 2856 1702 2913; x_wconf 89' lang='lat' dir='ltr'><strong>habere</strong></span> <span class='ocrx_word' id='word_1_201' title='bbox 1745 2866 2034 2927; x_wconf 87' lang='lat' dir='ltr'><strong>potuerunt</strong></span> <span class='ocrx_word' id='word_1_202' title='bbox 2067 2875 2083 2914; x_wconf 89' lang='lat'><strong>:</strong></span> 
     </span>
    </p>
   </div>
   <div class='ocr_carea' id='block_1_27' title="bbox 495 2943 2082 3022">
    <p class='ocr_par' dir='ltr' id='par_1_27' title="bbox 495 2943 2082 3022">
     <span class='ocr_line' id='line_1_27' title="bbox 495 2943 2082 3022; baseline -0.002 -13"><span class='ocrx_word' id='word_1_203' title='bbox 495 2943 578 3015; x_wconf 79' lang='lat' dir='ltr'><strong>sin</strong></span> <span class='ocrx_word' id='word_1_204' title='bbox 599 2959 792 3014; x_wconf 65' lang='lat' dir='ltr'><strong>eorum</strong></span> <span class='ocrx_word' id='word_1_205' title='bbox 814 2962 912 3020; x_wconf 73' lang='lat' dir='ltr'><strong>per</strong></span> <span class='ocrx_word' id='word_1_206' title='bbox 935 2963 1068 3020; x_wconf 82' lang='lat' dir='ltr'><strong>quos</strong></span> <span class='ocrx_word' id='word_1_207' title='bbox 1091 2958 1408 3019; x_wconf 79' lang='lat' dir='ltr'><strong>nascuntur,</strong></span> <span class='ocrx_word' id='word_1_208' title='bbox 1429 2965 1555 3008; x_wconf 82' lang='lat' dir='ltr'><strong>caro</strong></span> <span class='ocrx_word' id='word_1_209' title='bbox 1580 2951 1784 3022; x_wconf 82' lang='lat' dir='ltr'><strong>peccati</strong></span> <span class='ocrx_word' id='word_1_210' title='bbox 1809 2950 2005 3022; x_wconf 71' lang='lat' dir='ltr'><strong>trajieit</strong></span> <span class='ocrx_word' id='word_1_211' title='bbox 2028 2949 2082 3006; x_wconf 92' lang='lat' dir='ltr'><strong>in</strong></span> 
     </span>
    </p>
   </div>
   <div class='ocr_carea' id='block_1_28' title="bbox 493 3043 2082 3126">
    <p class='ocr_par' dir='ltr' id='par_1_28' title="bbox 493 3043 2082 3126">
     <span class='ocr_line' id='line_1_28' title="bbox 493 3043 2082 3126; baseline 0.003 -31"><span class='ocrx_word' id='word_1_212' title='bbox 493 3053 590 3096; x_wconf 87' lang='lat' dir='ltr'><strong>eos</strong></span> <span class='ocrx_word' id='word_1_213' title='bbox 618 3055 838 3109; x_wconf 80' lang='lat' dir='ltr'><strong>noxam,</strong></span> <span class='ocrx_word' id='word_1_214' title='bbox 866 3057 1024 3126; x_wconf 78' lang='lat' dir='ltr'><strong>quam</strong></span> <span class='ocrx_word' id='word_1_215' title='bbox 1049 3043 1286 3102; x_wconf 89' lang='lat' dir='ltr'><strong>nondum</strong></span> <span class='ocrx_word' id='word_1_216' title='bbox 1313 3045 1420 3100; x_wconf 86' lang='lat' dir='ltr'><strong>vita</strong></span> <span class='ocrx_word' id='word_1_217' title='bbox 1443 3046 1657 3118; x_wconf 88' lang='lat' dir='ltr'><strong>pr0pria</strong></span> <span class='ocrx_word' id='word_1_218' title='bbox 1683 3051 2082 3106; x_wconf 76' lang='lat' dir='ltr'><strong>contraxerunt.</strong></span> 
     </span>
    </p>
   </div>
   <div class='ocr_carea' id='block_1_29' title="bbox 493 3130 2086 3209">
    <p class='ocr_par' dir='ltr' id='par_1_29' title="bbox 493 3130 2086 3209">
     <span class='ocr_line' id='line_1_29' title="bbox 493 3130 2086 3209; baseline 0 -13"><span class='ocrx_word' id='word_1_219' title='bbox 493 3130 568 3206; x_wconf 60' lang='lat' dir='ltr'><strong>Et</strong></span> <span class='ocrx_word' id='word_1_220' title='bbox 601 3133 764 3209; x_wconf 76' lang='lat' dir='ltr'><strong>sicut.</strong></span> <span class='ocrx_word' id='word_1_221' title='bbox 781 3135 1040 3194; x_wconf 57' lang='lat' dir='ltr'><strong>cassita</strong></span> <span class='ocrx_word' id='word_1_222' title='bbox 1066 3137 1284 3208; x_wconf 83' lang='lat' dir='ltr'><strong>spiritus</strong></span> <span class='ocrx_word' id='word_1_223' title='bbox 1313 3138 1366 3194; x_wconf 88' lang='lat' dir='ltr'><strong>in</strong></span> <span class='ocrx_word' id='word_1_224' title='bbox 1395 3137 1609 3195; x_wconf 84' lang='lat' dir='ltr'><strong>Christo</strong></span> <span class='ocrx_word' id='word_1_225' title='bbox 1633 3147 1916 3209; x_wconf 80' lang='lat' dir='ltr'><strong>regenerat</strong></span> <span class='ocrx_word' id='word_1_226' title='bbox 1954 3137 2086 3196; x_wconf 80' lang='lat' dir='ltr'><strong>fide-</strong></span> 
     </span>
    </p>
   </div>
   <div class='ocr_carea' id='block_1_30' title="bbox 494 3221 2086 3301">
    <p class='ocr_par' dir='ltr' id='par_1_30' title="bbox 494 3221 2086 3301">
     <span class='ocr_line' id='line_1_30' title="bbox 494 3221 2086 3301; baseline 0.005 -23"><span class='ocrx_word' id='word_1_227' title='bbox 494 3221 596 3291; x_wconf 90' lang='lat' dir='ltr'><strong>les,</strong></span> <span class='ocrx_word' id='word_1_228' title='bbox 624 3223 703 3280; x_wconf 91' lang='lat' dir='ltr'><strong>sic</strong></span> <span class='ocrx_word' id='word_1_229' title='bbox 727 3239 822 3282; x_wconf 86' lang='lat' dir='ltr'><strong>eos</strong></span> <span class='ocrx_word' id='word_1_230' title='bbox 847 3240 1046 3297; x_wconf 73' lang='lat' dir='ltr'><strong>corpus</strong></span> <span class='ocrx_word' id='word_1_231' title='bbox 1071 3228 1264 3285; x_wconf 83' lang='lat' dir='ltr'><strong>mortis</strong></span> <span class='ocrx_word' id='word_1_232' title='bbox 1302 3229 1356 3284; x_wconf 78' lang='lat' dir='ltr'><strong>in</strong></span> <span class='ocrx_word' id='word_1_233' title='bbox 1385 3228 1556 3283; x_wconf 87' lang='lat' dir='ltr'><strong>Adam</strong></span> <span class='ocrx_word' id='word_1_234' title='bbox 1586 3238 1933 3300; x_wconf 81' lang='lat' dir='ltr'><strong>generaverat</strong></span> <span class='ocrx_word' id='word_1_235' title='bbox 1961 3245 2086 3301; x_wconf 80' lang='lat' dir='ltr'><strong>pec-</strong></span> 
     </span>
    </p>
   </div>
   <div class='ocr_carea' id='block_1_31' title="bbox 494 3319 2086 3393">
    <p class='ocr_par' dir='ltr' id='par_1_31' title="bbox 494 3319 2086 3393">
     <span class='ocr_line' id='line_1_31' title="bbox 494 3319 2086 3393; baseline 0.004 -21"><span class='ocrx_word' id='word_1_236' title='bbox 494 3329 746 3375; x_wconf 77' lang='lat' dir='ltr'><strong>eatores:</strong></span> <span class='ocrx_word' id='word_1_237' title='bbox 777 3319 864 3374; x_wconf 82' lang='lat' dir='ltr'><strong>illa</strong></span> <span class='ocrx_word' id='word_1_238' title='bbox 889 3322 1034 3376; x_wconf 81' lang='lat' dir='ltr'><strong>enim</strong></span> <span class='ocrx_word' id='word_1_239' title='bbox 1063 3321 1292 3377; x_wconf 81' lang='lat' dir='ltr'><strong>carnalis</strong></span> <span class='ocrx_word' id='word_1_240' title='bbox 1315 3321 1590 3393; x_wconf 76' lang='lat' dir='ltr'><strong>generatio</strong></span> <span class='ocrx_word' id='word_1_241' title='bbox 1633 3329 1736 3390; x_wconf 87' lang='lat' dir='ltr'><strong>est,</strong></span> <span class='ocrx_word' id='word_1_242' title='bbox 1785 3321 1901 3378; x_wconf 77' lang='lat' dir='ltr'><strong>haec</strong></span> <span class='ocrx_word' id='word_1_243' title='bbox 1927 3323 2086 3393; x_wconf 85' lang='lat' dir='ltr'><strong>spiri-</strong></span> 
     </span>
    </p>
   </div>
   <div class='ocr_carea' id='block_1_32' title="bbox 493 3408 2079 3494">
    <p class='ocr_par' dir='ltr' id='par_1_32' title="bbox 493 3408 2079 3494">
     <span class='ocr_line' id='line_1_32' title="bbox 493 3408 2079 3494; baseline 0.004 -30"><span class='ocrx_word' id='word_1_244' title='bbox 493 3408 654 3464; x_wconf 86' lang='lat' dir='ltr'><strong>tualis</strong></span> <span class='ocrx_word' id='word_1_245' title='bbox 699 3427 714 3466; x_wconf 90' lang='lat'><strong>:</strong></span> <span class='ocrx_word' id='word_1_246' title='bbox 751 3409 840 3466; x_wconf 88' lang='lat' dir='ltr'><strong>illa</strong></span> <span class='ocrx_word' id='word_1_247' title='bbox 883 3411 1008 3468; x_wconf 89' lang='lat' dir='ltr'><strong>facit</strong></span> <span class='ocrx_word' id='word_1_248' title='bbox 1052 3412 1192 3468; x_wconf 79' lang='lat' dir='ltr'><strong>ﬁlios</strong></span> <span class='ocrx_word' id='word_1_249' title='bbox 1236 3413 1436 3481; x_wconf 88' lang='lat' dir='ltr'><strong>carnis,</strong></span> <span class='ocrx_word' id='word_1_250' title='bbox 1475 3411 1592 3492; x_wconf 58' lang='lat' dir='ltr'><strong>hate</strong></span> <span class='ocrx_word' id='word_1_251' title='bbox 1634 3413 1781 3470; x_wconf 86' lang='lat' dir='ltr'><strong>ﬁlios</strong></span> <span class='ocrx_word' id='word_1_252' title='bbox 1814 3415 2079 3494; x_wconf 78' lang='lat' dir='ltr'><strong>spiritus:</strong></span> 
     </span>
    </p>
   </div>
   <div class='ocr_carea' id='block_1_33' title="bbox 492 3499 2082 3573">
    <p class='ocr_par' dir='ltr' id='par_1_33' title="bbox 492 3499 2082 3573">
     <span class='ocr_line' id='line_1_33' title="bbox 492 3499 2082 3573; baseline 0.006 -19"><span class='ocrx_word' id='word_1_253' title='bbox 492 3499 588 3555; x_wconf 89' lang='lat' dir='ltr'><strong>illa</strong></span> <span class='ocrx_word' id='word_1_254' title='bbox 617 3499 758 3556; x_wconf 86' lang='lat' dir='ltr'><strong>ﬁlios</strong></span> <span class='ocrx_word' id='word_1_255' title='bbox 781 3503 989 3570; x_wconf 89' lang='lat' dir='ltr'><strong>mortis,</strong></span> <span class='ocrx_word' id='word_1_256' title='bbox 1028 3503 1144 3560; x_wconf 60' lang='lat' dir='ltr'><strong>haec</strong></span> <span class='ocrx_word' id='word_1_257' title='bbox 1172 3504 1310 3560; x_wconf 90' lang='lat' dir='ltr'><strong>ﬁlios</strong></span> <span class='ocrx_word' id='word_1_258' title='bbox 1352 3507 1795 3573; x_wconf 87' lang='lat' dir='ltr'><strong>resurrectionis;</strong></span> <span class='ocrx_word' id='word_1_259' title='bbox 1825 3507 1912 3561; x_wconf 89' lang='lat' dir='ltr'><strong>illa</strong></span> <span class='ocrx_word' id='word_1_260' title='bbox 1945 3507 2082 3564; x_wconf 90' lang='lat' dir='ltr'><strong>ﬁlios</strong></span> 
     </span>
    </p>
   </div>
   <div class='ocr_carea' id='block_1_34' title="bbox 455 3594 2086 3670">
    <p class='ocr_par' dir='ltr' id='par_1_34' title="bbox 455 3594 2086 3670">
     <span class='ocr_line' id='line_1_34' title="bbox 455 3594 2086 3670; baseline 0.006 -21"><span class='ocrx_word' id='word_1_261' title='bbox 455 3625 470 3638; x_wconf 83' lang='lat'><strong>-</strong></span> <span class='ocrx_word' id='word_1_262' title='bbox 492 3594 702 3661; x_wconf 81' lang='lat' dir='ltr'><strong>saeculi,</strong></span> <span class='ocrx_word' id='word_1_263' title='bbox 731 3596 846 3652; x_wconf 69' lang='lat' dir='ltr'><strong>haec</strong></span> <span class='ocrx_word' id='word_1_264' title='bbox 873 3596 1014 3654; x_wconf 86' lang='lat' dir='ltr'><strong>ﬁlios</strong></span> <span class='ocrx_word' id='word_1_265' title='bbox 1042 3599 1171 3666; x_wconf 90' lang='lat' dir='ltr'><strong>Dei;</strong></span> <span class='ocrx_word' id='word_1_266' title='bbox 1203 3600 1294 3656; x_wconf 89' lang='lat' dir='ltr'><strong>illa</strong></span> <span class='ocrx_word' id='word_1_267' title='bbox 1323 3601 1462 3657; x_wconf 89' lang='lat' dir='ltr'><strong>ﬁlios</strong></span> <span class='ocrx_word' id='word_1_268' title='bbox 1487 3603 1600 3670; x_wconf 82' lang='lat' dir='ltr'><strong>irae,</strong></span> <span class='ocrx_word' id='word_1_269' title='bbox 1629 3603 1744 3659; x_wconf 83' lang='lat' dir='ltr'><strong>haec</strong></span> <span class='ocrx_word' id='word_1_270' title='bbox 1768 3601 1906 3658; x_wconf 89' lang='lat' dir='ltr'><strong>ﬁlios</strong></span> <span class='ocrx_word' id='word_1_271' title='bbox 1929 3601 2086 3658; x_wconf 80' lang='lat' dir='ltr'><strong>mise-</strong></span> 
     </span>
    </p>
   </div>
   <div class='ocr_carea' id='block_1_35' title="bbox 491 3685 2080 3767">
    <p class='ocr_par' dir='ltr' id='par_1_35' title="bbox 491 3685 2080 3767">
     <span class='ocr_line' id='line_1_35' title="bbox 491 3685 2080 3767; baseline 0.008 -27"><span class='ocrx_word' id='word_1_272' title='bbox 491 3685 774 3756; x_wconf 71' lang='lat' dir='ltr'><strong>ricordite;</strong></span> <span class='ocrx_word' id='word_1_273' title='bbox 809 3705 870 3744; x_wconf 90' lang='lat' dir='ltr'><strong>ac</strong></span> <span class='ocrx_word' id='word_1_274' title='bbox 897 3705 992 3762; x_wconf 89' lang='lat' dir='ltr'><strong>per</strong></span> <span class='ocrx_word' id='word_1_275' title='bbox 1018 3691 1120 3748; x_wconf 91' lang='lat' dir='ltr'><strong>hoc</strong></span> <span class='ocrx_word' id='word_1_276' title='bbox 1147 3692 1236 3748; x_wconf 79' lang='lat' dir='ltr'><strong>illa</strong></span> <span class='ocrx_word' id='word_1_277' title='bbox 1267 3703 1490 3764; x_wconf 74' lang='lat' dir='ltr'><strong>peccato</strong></span> <span class='ocrx_word' id='word_1_278' title='bbox 1515 3695 1762 3767; x_wconf 72' lang='lat' dir='ltr'><strong>originali</strong></span> <span class='ocrx_word' id='word_1_279' title='bbox 1797 3695 2080 3767; x_wconf 67' lang='lat' dir='ltr'><strong>obligatos,</strong></span> 
     </span>
    </p>
   </div>
   <div class='ocr_carea' id='block_1_36' title="bbox 489 3775 1570 3866">
    <p class='ocr_par' dir='ltr' id='par_1_36' title="bbox 489 3775 1570 3866">
     <span class='ocr_line' id='line_1_36' title="bbox 489 3775 1570 3866; baseline 0.008 -33"><span class='ocrx_word' id='word_1_280' title='bbox 489 3775 593 3862; x_wconf 72' lang='lat' dir='ltr'><strong>ista</strong></span> <span class='ocrx_word' id='word_1_281' title='bbox 623 3781 799 3839; x_wconf 90' lang='lat' dir='ltr'><strong>omnis</strong></span> <span class='ocrx_word' id='word_1_282' title='bbox 823 3786 1029 3855; x_wconf 79' lang='lat' dir='ltr'><strong>peccati</strong></span> <span class='ocrx_word' id='word_1_283' title='bbox 1053 3785 1268 3845; x_wconf 86' lang='lat' dir='ltr'><strong>vinculo</strong></span> <span class='ocrx_word' id='word_1_284' title='bbox 1296 3787 1570 3866; x_wconf 71' lang='lat' dir='ltr'><strong>liberatos.</strong></span> 
     </span>
    </p>
   </div>
   <div class='ocr_carea' id='block_1_37' title="bbox 561 3871 2082 3954">
    <p class='ocr_par' dir='ltr' id='par_1_37' title="bbox 561 3871 2082 3954">
     <span class='ocr_line' id='line_1_37' title="bbox 561 3871 2082 3954; baseline 0.01 -28"><span class='ocrx_word' id='word_1_285' title='bbox 561 3871 616 3926; x_wconf 81' lang='lat'><strong>5.</strong></span> <span class='ocrx_word' id='word_1_286' title='bbox 657 3871 940 3942; x_wconf 69' lang='lat' dir='ltr'><strong>Postremo</strong></span> <span class='ocrx_word' id='word_1_287' title='bbox 955 3875 1036 3932; x_wconf 75' lang='lat' dir='ltr'><strong>ad</strong></span> <span class='ocrx_word' id='word_1_288' title='bbox 1057 3877 1114 3933; x_wconf 82' lang='lat' dir='ltr'><strong>id</strong></span> <span class='ocrx_word' id='word_1_289' title='bbox 1136 3878 1288 3949; x_wconf 77' lang='lat' dir='ltr'><strong>quod.</strong></span> <span class='ocrx_word' id='word_1_290' title='bbox 1315 3879 1592 3938; x_wconf 74' lang='lat' dir='ltr'><strong>intellectu</strong></span> <span class='ocrx_word' id='word_1_291' title='bbox 1619 3883 2082 3954; x_wconf 77' lang='lat' dir='ltr'><strong>perspicacissimo</strong></span> 
     </span>
    </p>
   </div>
   <div class='ocr_carea' id='block_1_38' title="bbox 488 3964 2082 4033">
    <p class='ocr_par' dir='ltr' id='par_1_38' title="bbox 488 3964 2082 4033">
     <span class='ocr_line' id='line_1_38' title="bbox 488 3964 2082 4033; baseline 0.01 -17"><span class='ocrx_word' id='word_1_292' title='bbox 488 3964 700 4033; x_wconf 90' lang='lat' dir='ltr'><strong>assequi</strong></span> <span class='ocrx_word' id='word_1_293' title='bbox 745 3979 853 4019; x_wconf 91' lang='lat' dir='ltr'><strong>non</strong></span> <span class='ocrx_word' id='word_1_294' title='bbox 878 3967 1153 4033; x_wconf 89' lang='lat' dir='ltr'><strong>valemus,</strong></span> <span class='ocrx_word' id='word_1_295' title='bbox 1193 3972 1511 4027; x_wconf 84' lang='lat' dir='ltr'><strong>auctoritate</strong></span> <span class='ocrx_word' id='word_1_296' title='bbox 1553 3973 1730 4028; x_wconf 85' lang='lat' dir='ltr'><strong>divina</strong></span> <span class='ocrx_word' id='word_1_297' title='bbox 1775 3976 2082 4032; x_wconf 87' lang='lat' dir='ltr'><strong>consentire</strong></span> 
     </span>
    </p>
   </div>
   <div class='ocr_carea' id='block_1_39' title="bbox 487 4053 2078 4136">
    <p class='ocr_par' dir='ltr' id='par_1_39' title="bbox 487 4053 2078 4136">
     <span class='ocr_line' id='line_1_39' title="bbox 487 4053 2078 4136; baseline 0.009 -29"><span class='ocrx_word' id='word_1_298' title='bbox 487 4065 763 4123; x_wconf 87' lang='lat' dir='ltr'><strong>cogamur.</strong></span> <span class='ocrx_word' id='word_1_299' title='bbox 807 4053 956 4112; x_wconf 74' lang='lat' dir='ltr'><strong>Bene</strong></span> <span class='ocrx_word' id='word_1_300' title='bbox 996 4059 1138 4129; x_wconf 89' lang='lat' dir='ltr'><strong>quod</strong></span> <span class='ocrx_word' id='word_1_301' title='bbox 1177 4059 1278 4130; x_wconf 89' lang='lat' dir='ltr'><strong>ipsi</strong></span> <span class='ocrx_word' id='word_1_302' title='bbox 1321 4076 1421 4118; x_wconf 86' lang='lat' dir='ltr'><strong>nos</strong></span> <span class='ocrx_word' id='word_1_303' title='bbox 1453 4063 1780 4133; x_wconf 88' lang='lat' dir='ltr'><strong>admonent,</strong></span> <span class='ocrx_word' id='word_1_304' title='bbox 1818 4066 2078 4136; x_wconf 85' lang='lat' dir='ltr'><strong>justitiam</strong></span> 
     </span>
    </p>
   </div>
   <div class='ocr_carea' id='block_1_40' title="bbox 487 4144 2082 4228">
    <p class='ocr_par' dir='ltr' id='par_1_40' title="bbox 487 4144 2082 4228">
     <span class='ocr_line' id='line_1_40' title="bbox 487 4144 2082 4228; baseline 0.009 -27"><span class='ocrx_word' id='word_1_305' title='bbox 487 4144 690 4202; x_wconf 68' lang='lat' dir='ltr'><strong>Christi</strong></span> <span class='ocrx_word' id='word_1_306' title='bbox 715 4147 820 4202; x_wconf 84' lang='lat' dir='ltr'><strong>nisi</strong></span> <span class='ocrx_word' id='word_1_307' title='bbox 846 4148 1188 4206; x_wconf 86' lang='lat' dir='ltr'><strong>credentibus</strong></span> <span class='ocrx_word' id='word_1_308' title='bbox 1213 4153 1468 4222; x_wconf 89' lang='lat' dir='ltr'><strong>prodesse</strong></span> <span class='ocrx_word' id='word_1_309' title='bbox 1495 4170 1600 4210; x_wconf 92' lang='lat' dir='ltr'><strong>non</strong></span> <span class='ocrx_word' id='word_1_310' title='bbox 1629 4171 1806 4226; x_wconf 87' lang='lat' dir='ltr'><strong>posse,</strong></span> <span class='ocrx_word' id='word_1_311' title='bbox 1845 4166 1898 4213; x_wconf 88' lang='lat' dir='ltr'><strong>et</strong></span> <span class='ocrx_word' id='word_1_312' title='bbox 1923 4159 2082 4228; x_wconf 80' lang='lat' dir='ltr'><strong>prod-</strong></span> 
     </span>
    </p>
   </div>
   <div class='ocr_carea' id='block_1_41' title="bbox 487 4241 2076 4320">
    <p class='ocr_par' dir='ltr' id='par_1_41' title="bbox 487 4241 2076 4320">
     <span class='ocr_line' id='line_1_41' title="bbox 487 4241 2076 4320; baseline 0.008 -26"><span class='ocrx_word' id='word_1_313' title='bbox 487 4251 611 4295; x_wconf 83' lang='lat' dir='ltr'><strong>esse</strong></span> <span class='ocrx_word' id='word_1_314' title='bbox 638 4241 838 4310; x_wconf 85' lang='lat' dir='ltr'><strong>aliquid</strong></span> <span class='ocrx_word' id='word_1_315' title='bbox 867 4244 1106 4313; x_wconf 84' lang='lat' dir='ltr'><strong>parvulis</strong></span> <span class='ocrx_word' id='word_1_316' title='bbox 1133 4247 1497 4304; x_wconf 88' lang='lat' dir='ltr'><strong>conﬁtentur:</strong></span> <span class='ocrx_word' id='word_1_317' title='bbox 1530 4249 1694 4316; x_wconf 88' lang='lat' dir='ltr'><strong>unde,</strong></span> <span class='ocrx_word' id='word_1_318' title='bbox 1738 4259 1794 4305; x_wconf 91' lang='lat' dir='ltr'><strong>ut</strong></span> <span class='ocrx_word' id='word_1_319' title='bbox 1823 4251 2076 4320; x_wconf 81' lang='lat' dir='ltr'><strong>diximus,</strong></span> 
     </span>
    </p>
   </div>
   <div class='ocr_carea' id='block_1_42' title="bbox 485 4335 2078 4408">
    <p class='ocr_par' dir='ltr' id='par_1_42' title="bbox 485 4335 2078 4408">
     <span class='ocr_line' id='line_1_42' title="bbox 485 4335 2078 4408; baseline 0.009 -21"><span class='ocrx_word' id='word_1_320' title='bbox 485 4345 710 4389; x_wconf 84' lang='lat' dir='ltr'><strong>necesse</strong></span> <span class='ocrx_word' id='word_1_321' title='bbox 735 4342 818 4390; x_wconf 89' lang='lat' dir='ltr'><strong>est</strong></span> <span class='ocrx_word' id='word_1_322' title='bbox 842 4335 936 4390; x_wconf 77' lang='lat' dir='ltr'><strong>eas</strong></span> <span class='ocrx_word' id='word_1_323' title='bbox 963 4335 1257 4408; x_wconf 87' lang='lat' dir='ltr'><strong>baptizatos</strong></span> <span class='ocrx_word' id='word_1_324' title='bbox 1283 4339 1335 4393; x_wconf 92' lang='lat' dir='ltr'><strong>in</strong></span> <span class='ocrx_word' id='word_1_325' title='bbox 1353 4339 1685 4396; x_wconf 85' lang='lat' dir='ltr'><strong>credentium</strong></span> <span class='ocrx_word' id='word_1_326' title='bbox 1712 4359 1939 4399; x_wconf 87' lang='lat' dir='ltr'><strong>numero</strong></span> <span class='ocrx_word' id='word_1_327' title='bbox 1961 4346 2078 4403; x_wconf 86' lang='lat' dir='ltr'><strong>sine</strong></span> 
     </span>
    </p>
   </div>
   <div class='ocr_carea' id='block_1_43' title="bbox 486 4413 2072 4508">
    <p class='ocr_par' dir='ltr' id='par_1_43' title="bbox 486 4413 2072 4508">
     <span class='ocr_line' id='line_1_43' title="bbox 486 4413 2072 4508; baseline 0.009 -28"><span class='ocrx_word' id='word_1_328' title='bbox 486 4423 594 4481; x_wconf 78' lang='lat' dir='ltr'><strong>ulla</strong></span> <span class='ocrx_word' id='word_1_329' title='bbox 619 4425 1054 4498; x_wconf 73' lang='lat' dir='ltr'><strong>tergiversatione</strong></span> <span class='ocrx_word' id='word_1_330' title='bbox 1091 4413 1440 4486; x_wconf 33' lang='lat' dir='ltr'><strong>constituant...</strong></span> <span class='ocrx_word' id='word_1_331' title='bbox 1463 4431 1870 4508; x_wconf 87' lang='lat' dir='ltr'><strong>Consequenter</strong></span> <span class='ocrx_word' id='word_1_332' title='bbox 1893 4437 2072 4508; x_wconf 82' lang='lat' dir='ltr'><strong>igitur,</strong></span> 
     </span>
    </p>
   </div>
   <div class='ocr_carea' id='block_1_44' title="bbox 485 4511 2072 4600">
    <p class='ocr_par' dir='ltr' id='par_1_44' title="bbox 485 4511 2072 4600">
     <span class='ocr_line' id='line_1_44' title="bbox 485 4511 2072 4600; baseline 0.009 -26"><span class='ocrx_word' id='word_1_333' title='bbox 485 4517 532 4575; x_wconf 85' lang='lat' dir='ltr'><strong>si</strong></span> <span class='ocrx_word' id='word_1_334' title='bbox 561 4533 668 4576; x_wconf 83' lang='lat' dir='ltr'><strong>non</strong></span> <span class='ocrx_word' id='word_1_335' title='bbox 690 4519 1046 4592; x_wconf 87' lang='lat' dir='ltr'><strong>baptizentur,</strong></span> <span class='ocrx_word' id='word_1_336' title='bbox 1067 4523 1208 4578; x_wconf 89' lang='lat' dir='ltr'><strong>inter</strong></span> <span class='ocrx_word' id='word_1_337' title='bbox 1231 4539 1326 4580; x_wconf 91' lang='lat' dir='ltr'><strong>eos</strong></span> <span class='ocrx_word' id='word_1_338' title='bbox 1353 4527 1444 4598; x_wconf 90' lang='lat' dir='ltr'><strong>qui</strong></span> <span class='ocrx_word' id='word_1_339' title='bbox 1476 4541 1581 4582; x_wconf 90' lang='lat' dir='ltr'><strong>non</strong></span> <span class='ocrx_word' id='word_1_340' title='bbox 1610 4530 1853 4598; x_wconf 88' lang='lat' dir='ltr'><strong>credunt,</strong></span> <span class='ocrx_word' id='word_1_341' title='bbox 1883 4511 2072 4600; x_wconf 82' lang='lat' dir='ltr'><strong>erunt;</strong></span> 
     </span>
    </p>
   </div>
   <div class='ocr_carea' id='block_1_45' title="bbox 483 4609 2080 4684">
    <p class='ocr_par' dir='ltr' id='par_1_45' title="bbox 483 4609 2080 4684">
     <span class='ocr_line' id='line_1_45' title="bbox 483 4609 2080 4684; baseline 0.01 -19"><span class='ocrx_word' id='word_1_342' title='bbox 483 4623 548 4666; x_wconf 88' lang='lat' dir='ltr'><strong>ac</strong></span> <span class='ocrx_word' id='word_1_343' title='bbox 573 4625 670 4680; x_wconf 89' lang='lat' dir='ltr'><strong>per</strong></span> <span class='ocrx_word' id='word_1_344' title='bbox 691 4609 794 4668; x_wconf 86' lang='lat' dir='ltr'><strong>hoc</strong></span> <span class='ocrx_word' id='word_1_345' title='bbox 818 4627 918 4670; x_wconf 91' lang='lat' dir='ltr'><strong>nec</strong></span> <span class='ocrx_word' id='word_1_346' title='bbox 939 4614 1102 4670; x_wconf 84' lang='lat' dir='ltr'><strong>vitam</strong></span> <span class='ocrx_word' id='word_1_347' title='bbox 1128 4615 1420 4684; x_wconf 87' lang='lat' dir='ltr'><strong>habebunt,</strong></span> <span class='ocrx_word' id='word_1_348' title='bbox 1445 4618 1540 4674; x_wconf 89' lang='lat' dir='ltr'><strong>sed</strong></span> <span class='ocrx_word' id='word_1_349' title='bbox 1567 4619 1644 4675; x_wconf 88' lang='lat' dir='ltr'><strong>ira</strong></span> <span class='ocrx_word' id='word_1_350' title='bbox 1672 4621 1764 4678; x_wconf 90' lang='lat' dir='ltr'><strong>Dei</strong></span> <span class='ocrx_word' id='word_1_351' title='bbox 1793 4632 1971 4680; x_wconf 89' lang='lat' dir='ltr'><strong>manet</strong></span> <span class='ocrx_word' id='word_1_352' title='bbox 1995 4641 2080 4680; x_wconf 85' lang='lat' dir='ltr'><strong>su-</strong></span> 
     </span>
    </p>
   </div>
   <div class='ocr_carea' id='block_1_46' title="bbox 481 4706 2075 4781">
    <p class='ocr_par' dir='ltr' id='par_1_46' title="bbox 481 4706 2075 4781">
     <span class='ocr_line' id='line_1_46' title="bbox 481 4706 2075 4781; baseline 0.011 -24"><span class='ocrx_word' id='word_1_353' title='bbox 481 4715 583 4771; x_wconf 85' lang='lat' dir='ltr'><strong>per</strong></span> <span class='ocrx_word' id='word_1_354' title='bbox 603 4717 732 4770; x_wconf 89' lang='lat' dir='ltr'><strong>eos;</strong></span> <span class='ocrx_word' id='word_1_355' title='bbox 756 4706 1006 4776; x_wconf 88' lang='lat' dir='ltr'><strong>quoniam</strong></span> <span class='ocrx_word' id='word_1_356' title='bbox 1037 4710 1124 4781; x_wconf 88' lang='lat' dir='ltr'><strong>qui</strong></span> <span class='ocrx_word' id='word_1_357' title='bbox 1152 4726 1254 4765; x_wconf 90' lang='lat' dir='ltr'><strong>non</strong></span> <span class='ocrx_word' id='word_1_358' title='bbox 1279 4711 1437 4766; x_wconf 79' lang='lat' dir='ltr'><strong>credit</strong></span> <span class='ocrx_word' id='word_1_359' title='bbox 1467 4713 1627 4779; x_wconf 84' lang='lat' dir='ltr'><strong>Filio,</strong></span> <span class='ocrx_word' id='word_1_360' title='bbox 1649 4732 1750 4770; x_wconf 87' lang='lat' dir='ltr'><strong>non</strong></span> <span class='ocrx_word' id='word_1_361' title='bbox 1779 4717 1977 4773; x_wconf 80' lang='lat' dir='ltr'><strong>habebit</strong></span> <span class='ocrx_word' id='word_1_362' title='bbox 1997 4720 2075 4774; x_wconf 82' lang='lat' dir='ltr'><strong>ri-</strong></span> 
     </span>
    </p>
   </div>
   <div class='ocr_carea' id='block_1_47' title="bbox 485 4790 2076 4882">
    <p class='ocr_par' dir='ltr' id='par_1_47' title="bbox 485 4790 2076 4882">
     <span class='ocr_line' id='line_1_47' title="bbox 485 4790 2076 4882; baseline 0.013 -34"><span class='ocrx_word' id='word_1_363' title='bbox 485 4801 608 4862; x_wconf 88' lang='lat' dir='ltr'><strong>tam,</strong></span> <span class='ocrx_word' id='word_1_364' title='bbox 635 4796 724 4851; x_wconf 85' lang='lat' dir='ltr'><strong>sed</strong></span> <span class='ocrx_word' id='word_1_365' title='bbox 741 4797 820 4852; x_wconf 85' lang='lat' dir='ltr'><strong>ira</strong></span> <span class='ocrx_word' id='word_1_366' title='bbox 839 4797 936 4854; x_wconf 82' lang='lat' dir='ltr'><strong>Dei</strong></span> <span class='ocrx_word' id='word_1_367' title='bbox 952 4809 1119 4855; x_wconf 87' lang='lat' dir='ltr'><strong>manet</strong></span> <span class='ocrx_word' id='word_1_368' title='bbox 1131 4818 1283 4870; x_wconf 79' lang='lat' dir='ltr'><strong>super</strong></span> <span class='ocrx_word' id='word_1_369' title='bbox 1299 4820 1413 4858; x_wconf 86' lang='lat' dir='ltr'><strong>eum</strong></span> <span class='ocrx_word' id='word_1_370' title='bbox 1430 4820 1449 4858; x_wconf 91' lang='lat'><strong><em>:</em></strong></span> <span class='ocrx_word' id='word_1_371' title='bbox 1468 4814 1520 4860; x_wconf 89' lang='lat' dir='ltr'><strong>et</strong></span> <span class='ocrx_word' id='word_1_372' title='bbox 1535 4790 1754 4876; x_wconf 75' lang='lat' dir='ltr'><strong>iudicati</strong></span> <span class='ocrx_word' id='word_1_373' title='bbox 1773 4818 1928 4878; x_wconf 86' lang='lat' dir='ltr'><strong>sunt;</strong></span> <span class='ocrx_word' id='word_1_374' title='bbox 1950 4827 2076 4882; x_wconf 84' lang='lat' dir='ltr'><strong>quo-</strong></span> 
     </span>
    </p>
   </div>
   <div class='ocr_carea' id='block_1_48' title="bbox 483 4885 2071 4972">
    <p class='ocr_par' dir='ltr' id='par_1_48' title="bbox 483 4885 2071 4972">
     <span class='ocr_line' id='line_1_48' title="bbox 483 4885 2071 4972; baseline 0.014 -33"><span class='ocrx_word' id='word_1_375' title='bbox 483 4885 627 4940; x_wconf 88' lang='lat' dir='ltr'><strong>niam</strong></span> <span class='ocrx_word' id='word_1_376' title='bbox 653 4886 739 4958; x_wconf 83' lang='lat' dir='ltr'><strong>qui</strong></span> <span class='ocrx_word' id='word_1_377' title='bbox 765 4905 866 4944; x_wconf 89' lang='lat' dir='ltr'><strong>non</strong></span> <span class='ocrx_word' id='word_1_378' title='bbox 893 4891 1073 4957; x_wconf 82' lang='lat' dir='ltr'><strong>credit,</strong></span> <span class='ocrx_word' id='word_1_379' title='bbox 1100 4893 1217 4964; x_wconf 87' lang='lat' dir='ltr'><strong>jam</strong></span> <span class='ocrx_word' id='word_1_380' title='bbox 1245 4895 1508 4966; x_wconf 82' lang='lat' dir='ltr'><strong>judicatus</strong></span> <span class='ocrx_word' id='word_1_381' title='bbox 1532 4905 1604 4952; x_wconf 85' lang='lat' dir='ltr'><strong>est</strong></span> <span class='ocrx_word' id='word_1_382' title='bbox 1648 4898 1846 4970; x_wconf 80' lang='lat' dir='ltr'><strong>(Joan.</strong></span> <span class='ocrx_word' id='word_1_383' title='bbox 1877 4919 1956 4970; x_wconf 85' lang='lat' dir='ltr'><strong>Ill,</strong></span> <span class='ocrx_word' id='word_1_384' title='bbox 1982 4905 2071 4972; x_wconf 78' lang='lat'><strong>56,</strong></span> 
     </span>
    </p>
   </div>
   <div class='ocr_carea' id='block_1_49' title="bbox 483 4977 2069 5060">
    <p class='ocr_par' dir='ltr' id='par_1_49' title="bbox 483 4977 2069 5060">
     <span class='ocr_line' id='line_1_49' title="bbox 483 4977 2069 5060; baseline 0.013 -26"><span class='ocrx_word' id='word_1_385' title='bbox 483 4977 556 5035; x_wconf 76' lang='grc'><strong>18</strong></span> <span class='ocrx_word' id='word_1_386' title='bbox 587 4978 608 5050; x_wconf 97' lang='grc'>)</span> <span class='ocrx_word' id='word_1_387' title='bbox 633 4997 646 5034; x_wconf 90' lang='lat'><strong>:</strong></span> <span class='ocrx_word' id='word_1_388' title='bbox 678 4987 735 5037; x_wconf 86' lang='lat' dir='ltr'><strong>et</strong></span> <span class='ocrx_word' id='word_1_389' title='bbox 761 4981 1294 5053; x_wconf 75' lang='lat' dir='ltr'><strong>cundemnabuntnr;</strong></span> <span class='ocrx_word' id='word_1_390' title='bbox 1321 4989 1573 5058; x_wconf 89' lang='lat' dir='ltr'><strong>quoniam</strong></span> <span class='ocrx_word' id='word_1_391' title='bbox 1603 4990 1689 5060; x_wconf 83' lang='lat' dir='ltr'><strong>qui</strong></span> <span class='ocrx_word' id='word_1_392' title='bbox 1719 4993 1984 5052; x_wconf 83' lang='lat' dir='ltr'><strong>crediderit</strong></span> <span class='ocrx_word' id='word_1_393' title='bbox 2021 4993 2069 5054; x_wconf 82' lang='lat' dir='ltr'><strong>et</strong></span> 
     </span>
    </p>
   </div>
   <div class='ocr_carea' id='block_1_50' title="bbox 483 5071 2070 5160">
    <p class='ocr_par' dir='ltr' id='par_1_50' title="bbox 483 5071 2070 5160">
     <span class='ocr_line' id='line_1_50' title="bbox 483 5071 2070 5160; baseline 0.013 -35"><span class='ocrx_word' id='word_1_394' title='bbox 483 5071 768 5142; x_wconf 77' lang='lat' dir='ltr'><strong>baptizatus</strong></span> <span class='ocrx_word' id='word_1_395' title='bbox 796 5076 969 5146; x_wconf 80' lang='lat' dir='ltr'><strong>fuerit,</strong></span> <span class='ocrx_word' id='word_1_396' title='bbox 993 5076 1162 5134; x_wconf 77' lang='lat' dir='ltr'><strong>salvus</strong></span> <span class='ocrx_word' id='word_1_397' title='bbox 1189 5083 1324 5148; x_wconf 84' lang='lat' dir='ltr'><strong>erit;</strong></span> <span class='ocrx_word' id='word_1_398' title='bbox 1356 5083 1444 5154; x_wconf 83' lang='lat' dir='ltr'><strong>qui</strong></span> <span class='ocrx_word' id='word_1_399' title='bbox 1471 5092 1638 5140; x_wconf 88' lang='lat' dir='ltr'><strong>autem</strong></span> <span class='ocrx_word' id='word_1_400' title='bbox 1661 5103 1760 5142; x_wconf 91' lang='lat' dir='ltr'><strong>non</strong></span> <span class='ocrx_word' id='word_1_401' title='bbox 1783 5089 2070 5160; x_wconf 83' lang='lat' dir='ltr'><strong>crediderit,</strong></span> 
     </span>
    </p>
   </div>
   <div class='ocr_carea' id='block_1_51' title="bbox 485 5165 2070 5252">
    <p class='ocr_par' dir='ltr' id='par_1_51' title="bbox 485 5165 2070 5252">
     <span class='ocr_line' id='line_1_51' title="bbox 485 5165 2070 5252; baseline 0.013 -33"><span class='ocrx_word' id='word_1_402' title='bbox 485 5165 899 5223; x_wconf 87' lang='lat' dir='ltr'><strong>condemnabitur</strong></span> <span class='ocrx_word' id='word_1_403' title='bbox 925 5169 1114 5237; x_wconf 81' lang='lat' dir='ltr'><strong>(Marc.</strong></span> <span class='ocrx_word' id='word_1_404' title='bbox 1141 5188 1256 5242; x_wconf 77' lang='lat' dir='ltr'><strong>xvr,</strong></span> <span class='ocrx_word' id='word_1_405' title='bbox 1281 5174 1394 5247; x_wconf 74' lang='grc'><strong>16).</strong></span> <span class='ocrx_word' id='word_1_406' title='bbox 1415 5176 1532 5232; x_wconf 74' lang='lat' dir='ltr'><strong>iam</strong></span> <span class='ocrx_word' id='word_1_407' title='bbox 1560 5195 1702 5236; x_wconf 90' lang='lat' dir='ltr'><strong>nunc</strong></span> <span class='ocrx_word' id='word_1_408' title='bbox 1723 5181 1934 5238; x_wconf 90' lang='lat' dir='ltr'><strong>videant</strong></span> <span class='ocrx_word' id='word_1_409' title='bbox 1963 5184 2070 5252; x_wconf 82' lang='lat' dir='ltr'><strong>isti,</strong></span> 
     </span>
    </p>
   </div>
   <div class='ocr_carea' id='block_1_52' title="bbox 483 5259 2071 5345">
    <p class='ocr_par' dir='ltr' id='par_1_52' title="bbox 483 5259 2071 5345">
     <span class='ocr_line' id='line_1_52' title="bbox 483 5259 2071 5345; baseline 0.015 -34"><span class='ocrx_word' id='word_1_410' title='bbox 483 5265 588 5329; x_wconf 83' lang='lat' dir='ltr'><strong>qua</strong></span> <span class='ocrx_word' id='word_1_411' title='bbox 629 5259 832 5330; x_wconf 87' lang='lat' dir='ltr'><strong>justitia</strong></span> <span class='ocrx_word' id='word_1_412' title='bbox 879 5270 1086 5321; x_wconf 86' lang='lat' dir='ltr'><strong>tentent</strong></span> <span class='ocrx_word' id='word_1_413' title='bbox 1121 5267 1207 5323; x_wconf 80' lang='lat' dir='ltr'><strong>vel</strong></span> <span class='ocrx_word' id='word_1_414' title='bbox 1235 5280 1498 5327; x_wconf 91' lang='lat' dir='ltr'><strong>conentur</strong></span> <span class='ocrx_word' id='word_1_415' title='bbox 1537 5288 1818 5345; x_wconf 86' lang='lat' dir='ltr'><strong>asserere,</strong></span> <span class='ocrx_word' id='word_1_416' title='bbox 1855 5293 1960 5333; x_wconf 91' lang='lat' dir='ltr'><strong>non</strong></span> <span class='ocrx_word' id='word_1_417' title='bbox 2005 5279 2071 5335; x_wconf 85' lang='lat' dir='ltr'><strong>ad</strong></span> 
     </span>
    </p>
   </div>
   <div class='ocr_carea' id='block_1_53' title="bbox 482 5350 2072 5436">
    <p class='ocr_par' dir='ltr' id='par_1_53' title="bbox 482 5350 2072 5436">
     <span class='ocr_line' id='line_1_53' title="bbox 482 5350 2072 5436; baseline 0.012 -27"><span class='ocrx_word' id='word_1_418' title='bbox 482 5350 651 5410; x_wconf 85' lang='lat' dir='ltr'><strong>vitam</strong></span> <span class='ocrx_word' id='word_1_419' title='bbox 691 5363 966 5424; x_wconf 69' lang='lat' dir='ltr'><strong>aeternam,</strong></span> <span class='ocrx_word' id='word_1_420' title='bbox 1013 5357 1108 5415; x_wconf 88' lang='lat' dir='ltr'><strong>sed</strong></span> <span class='ocrx_word' id='word_1_421' title='bbox 1153 5359 1220 5416; x_wconf 90' lang='lat' dir='ltr'><strong>ad</strong></span> <span class='ocrx_word' id='word_1_422' title='bbox 1267 5361 1403 5418; x_wconf 90' lang='lat' dir='ltr'><strong>iram</strong></span> <span class='ocrx_word' id='word_1_423' title='bbox 1444 5363 1541 5420; x_wconf 88' lang='lat' dir='ltr'><strong>Dei</strong></span> <span class='ocrx_word' id='word_1_424' title='bbox 1569 5366 1866 5436; x_wconf 89' lang='lat' dir='ltr'><strong>pertinere,</strong></span> <span class='ocrx_word' id='word_1_425' title='bbox 1898 5379 1952 5424; x_wconf 88' lang='lat' dir='ltr'><strong>ct</strong></span> <span class='ocrx_word' id='word_1_426' title='bbox 1989 5371 2072 5428; x_wconf 78' lang='lat' dir='ltr'><strong>di-</strong></span> 
     </span>
    </p>
   </div>
   <div class='ocr_carea' id='block_1_54' title="bbox 482 5442 2071 5532">
    <p class='ocr_par' dir='ltr' id='par_1_54' title="bbox 482 5442 2071 5532">
     <span class='ocr_line' id='line_1_54' title="bbox 482 5442 2071 5532; baseline 0.014 -34"><span class='ocrx_word' id='word_1_427' title='bbox 482 5442 682 5500; x_wconf 80' lang='lat' dir='ltr'><strong>vinitus</strong></span> <span class='ocrx_word' id='word_1_428' title='bbox 705 5445 936 5516; x_wconf 90' lang='lat' dir='ltr'><strong>judicari</strong></span> <span class='ocrx_word' id='word_1_429' title='bbox 958 5455 1118 5522; x_wconf 88' lang='lat' dir='ltr'><strong>atque</strong></span> <span class='ocrx_word' id='word_1_430' title='bbox 1145 5450 1385 5507; x_wconf 91' lang='lat' dir='ltr'><strong>damnari</strong></span> <span class='ocrx_word' id='word_1_431' title='bbox 1413 5455 1658 5514; x_wconf 88' lang='lat' dir='ltr'><strong>homines</strong></span> <span class='ocrx_word' id='word_1_432' title='bbox 1685 5459 1774 5529; x_wconf 90' lang='lat' dir='ltr'><strong>qui</strong></span> <span class='ocrx_word' id='word_1_433' title='bbox 1803 5459 1918 5518; x_wconf 90' lang='lat' dir='ltr'><strong>sine</strong></span> <span class='ocrx_word' id='word_1_434' title='bbox 1946 5478 2071 5532; x_wconf 87' lang='lat' dir='ltr'><strong>pec-</strong></span> 
     </span>
    </p>
   </div>
   <div class='ocr_carea' id='block_1_55' title="bbox 483 5540 2067 5640">
    <p class='ocr_par' dir='ltr' id='par_1_55' title="bbox 483 5540 2067 5640">
     <span class='ocr_line' id='line_1_55' title="bbox 483 5540 2067 5640; baseline 0.017 -51"><span class='ocrx_word' id='word_1_435' title='bbox 483 5544 613 5640; x_wconf 44' lang='lat' dir='ltr'><strong>cato.</strong></span> <span class='ocrx_word' id='word_1_436' title='bbox 629 5545 786 5608; x_wconf 88' lang='lat' dir='ltr'><strong>sunt;</strong></span> <span class='ocrx_word' id='word_1_437' title='bbox 818 5540 861 5596; x_wconf 87' lang='lat' dir='ltr'><strong>si</strong></span> <span class='ocrx_word' id='word_1_438' title='bbox 905 5543 1352 5613; x_wconf 82' lang='lat' dir='ltr'><strong>quemadmodum</strong></span> <span class='ocrx_word' id='word_1_439' title='bbox 1394 5549 1692 5620; x_wconf 89' lang='lat' dir='ltr'><strong>proprium,</strong></span> <span class='ocrx_word' id='word_1_440' title='bbox 1744 5557 1818 5610; x_wconf 89' lang='lat' dir='ltr'><strong>ita</strong></span> <span class='ocrx_word' id='word_1_441' title='bbox 1861 5557 2067 5615; x_wconf 89' lang='lat' dir='ltr'><strong>nullum</strong></span> 
     </span>
    </p>
   </div>
   <div class='ocr_carea' id='block_1_56' title="bbox 484 5628 1545 5712">
    <p class='ocr_par' dir='ltr' id='par_1_56' title="bbox 484 5628 1545 5712">
     <span class='ocr_line' id='line_1_56' title="bbox 484 5628 1545 5712; baseline 0.013 -28"><span class='ocrx_word' id='word_1_442' title='bbox 484 5628 542 5685; x_wconf 91' lang='lat' dir='ltr'><strong>in</strong></span> <span class='ocrx_word' id='word_1_443' title='bbox 565 5628 644 5688; x_wconf 81' lang='lat' dir='ltr'><strong>eis</strong></span> <span class='ocrx_word' id='word_1_444' title='bbox 670 5642 754 5690; x_wconf 88' lang='lat' dir='ltr'><strong>est</strong></span> <span class='ocrx_word' id='word_1_445' title='bbox 779 5634 940 5692; x_wconf 90' lang='lat' dir='ltr'><strong>etiam</strong></span> <span class='ocrx_word' id='word_1_446' title='bbox 969 5637 1226 5709; x_wconf 74' lang='lat' dir='ltr'><strong>originale</strong></span> <span class='ocrx_word' id='word_1_447' title='bbox 1251 5649 1545 5712; x_wconf 88' lang='lat' dir='ltr'><strong>peccatum.</strong></span> 
     </span>
    </p>
   </div>
   <div class='ocr_carea' id='block_1_57' title="bbox 549 5847 2064 5930">
    <p class='ocr_par' dir='ltr' id='par_1_57' title="bbox 549 5847 2064 5930">
     <span class='ocr_line' id='line_1_57' title="bbox 549 5847 2064 5930; baseline 0.001 -20"><span class='ocrx_word' id='word_1_448' title='bbox 549 5847 641 5930; x_wconf 37' lang='lat' dir='ltr'><strong>‘ml‘n</strong></span> <span class='ocrx_word' id='word_1_449' title='bbox 674 5855 1013 5930; x_wconf 55' lang='grc' dir='ltr'><strong>ξξῖέῐξξιξσιιὶριὶι</strong></span> <span class='ocrx_word' id='word_1_450' title='bbox 1043 5855 1294 5924; x_wconf 86' lang='lat' dir='ltr'><strong>plerisque</strong></span> <span class='ocrx_word' id='word_1_451' title='bbox 1325 5855 1408 5912; x_wconf 89' lang='lat' dir='ltr'><strong>vel</strong></span> <span class='ocrx_word' id='word_1_452' title='bbox 1443 5858 1606 5923; x_wconf 85' lang='lat' dir='ltr'><strong>deest,</strong></span> <span class='ocrx_word' id='word_1_453' title='bbox 1639 5861 1917 5918; x_wconf 66' lang='lat' dir='ltr'><strong>auctoritati</strong></span> <span class='ocrx_word' id='word_1_454' title='bbox 1927 5878 1947 5930; x_wconf 86' lang='lat'><strong><em>;</em></strong></span> <span class='ocrx_word' id='word_1_455' title='bbox 1981 5867 2064 5920; x_wconf 75' lang='lat' dir='ltr'><strong>vel</strong></span> 
     </span>
    </p>
   </div>
   <div class='ocr_carea' id='block_1_58' title="bbox 485 5907 861 5973">
    <p class='ocr_par' dir='ltr' id='par_1_58' title="bbox 485 5907 861 5973">
     <span class='ocr_line' id='line_1_58' title="bbox 485 5907 861 5973; baseline 0.016 -15"><span class='ocrx_word' id='word_1_456' title='bbox 485 5907 642 5973; x_wconf 69' lang='lat' dir='ltr'><strong>deest,</strong></span> <span class='ocrx_word' id='word_1_457' title='bbox 667 5917 861 5966; x_wconf 66' lang='lat' dir='ltr'><strong>sancite.</strong></span> 
     </span>
    </p>
   </div>
   <div class='ocr_carea' id='block_1_59' title="bbox 1141 415 3139 492">
    <p class='ocr_par' dir='ltr' id='par_1_59' title="bbox 1141 415 3139 492">
     <span class='ocr_line' id='line_1_59' title="bbox 1141 415 3139 492; baseline 0.003 -13"><span class='ocrx_word' id='word_1_458' title='bbox 1141 419 1232 479; x_wconf 88' lang='lat' dir='ltr'><strong>DE</strong></span> <span class='ocrx_word' id='word_1_459' title='bbox 1269 417 1727 478; x_wconf 79' lang='lat' dir='ltr'><strong>PECCATORUM</strong></span> <span class='ocrx_word' id='word_1_460' title='bbox 1764 416 2041 476; x_wconf 78' lang='lat' dir='ltr'><strong>MERITIS</strong></span> <span class='ocrx_word' id='word_1_461' title='bbox 2068 415 2157 476; x_wconf 83' lang='lat' dir='ltr'><strong>ET</strong></span> <span class='ocrx_word' id='word_1_462' title='bbox 2183 417 2620 492; x_wconf 80' lang='lat' dir='ltr'><strong>REMISSIONE,</strong></span> <span class='ocrx_word' id='word_1_463' title='bbox 2659 422 2719 482; x_wconf 89' lang='lat' dir='ltr'><strong>S.</strong></span> <span class='ocrx_word' id='word_1_464' title='bbox 2761 423 3139 485; x_wconf 84' lang='lat' dir='ltr'><strong>AUGUSTINI</strong></span> 
     </span>
    </p>
   </div>
   <div class='ocr_carea' id='block_1_60' title="bbox 3682 423 3785 486">
    <p class='ocr_par' dir='ltr' id='par_1_60' title="bbox 3682 423 3785 486">
     <span class='ocr_line' id='line_1_60' title="bbox 3682 423 3785 486; baseline 0 0"><span class='ocrx_word' id='word_1_465' title='bbox 3682 423 3785 486; x_wconf 75' lang='lat'><strong>183</strong></span> 
     </span>
    </p>
   </div>
   <div class='ocr_carea' id='block_1_61' title="bbox 2264 533 3780 614">
    <p class='ocr_par' dir='ltr' id='par_1_61' title="bbox 2264 533 3780 614">
     <span class='ocr_line' id='line_1_61' title="bbox 2264 533 3780 614; baseline 0.003 -22"><span class='ocrx_word' id='word_1_466' title='bbox 2264 534 2318 592; x_wconf 75' lang='grc'><strong>4.</strong></span> <span class='ocrx_word' id='word_1_467' title='bbox 2349 533 2467 592; x_wconf 75' lang='lat' dir='ltr'><strong>iam</strong></span> <span class='ocrx_word' id='word_1_468' title='bbox 2495 538 2734 606; x_wconf 75' lang='lat' dir='ltr'><strong>caeteris,</strong></span> <span class='ocrx_word' id='word_1_469' title='bbox 2761 553 2880 612; x_wconf 64' lang='lat' dir='ltr'><strong>quae</strong></span> <span class='ocrx_word' id='word_1_470' title='bbox 2906 540 3151 614; x_wconf 77' lang='lat' dir='ltr'><strong>Pelagius</strong></span> <span class='ocrx_word' id='word_1_471' title='bbox 3177 541 3410 598; x_wconf 87' lang='lat' dir='ltr'><strong>insinuat</strong></span> <span class='ocrx_word' id='word_1_472' title='bbox 3445 555 3541 601; x_wconf 86' lang='lat' dir='ltr'><strong>eos</strong></span> <span class='ocrx_word' id='word_1_473' title='bbox 3574 539 3780 607; x_wconf 87' lang='lat' dir='ltr'><strong>dicere,</strong></span> 
     </span>
    </p>
   </div>
   <div class='ocr_carea' id='block_1_62' title="bbox 2193 627 3782 704">
    <p class='ocr_par' dir='ltr' id='par_1_62' title="bbox 2193 627 3782 704">
     <span class='ocr_line' id='line_1_62' title="bbox 2193 627 3782 704; baseline 0 -19"><span class='ocrx_word' id='word_1_474' title='bbox 2193 627 2282 697; x_wconf 87' lang='lat' dir='ltr'><strong>qui</strong></span> <span class='ocrx_word' id='word_1_475' title='bbox 2307 637 2494 684; x_wconf 88' lang='lat' dir='ltr'><strong>contra</strong></span> <span class='ocrx_word' id='word_1_476' title='bbox 2521 630 2780 700; x_wconf 77' lang='lat' dir='ltr'><strong>originale</strong></span> <span class='ocrx_word' id='word_1_477' title='bbox 2805 641 3077 701; x_wconf 89' lang='lat' dir='ltr'><strong>peccatum</strong></span> <span class='ocrx_word' id='word_1_478' title='bbox 3100 631 3395 704; x_wconf 86' lang='lat' dir='ltr'><strong>disputant,</strong></span> <span class='ocrx_word' id='word_1_479' title='bbox 3424 633 3480 690; x_wconf 87' lang='lat' dir='ltr'><strong>in</strong></span> <span class='ocrx_word' id='word_1_480' title='bbox 3509 632 3614 689; x_wconf 88' lang='lat' dir='ltr'><strong>illis</strong></span> <span class='ocrx_word' id='word_1_481' title='bbox 3644 631 3782 688; x_wconf 78' lang='lat' dir='ltr'><strong>duo-</strong></span> 
     </span>
    </p>
   </div>
   <div class='ocr_carea' id='block_1_63' title="bbox 2193 717 3780 798">
    <p class='ocr_par' dir='ltr' id='par_1_63' title="bbox 2193 717 3780 798">
     <span class='ocr_line' id='line_1_63' title="bbox 2193 717 3780 798; baseline 0.004 -26"><span class='ocrx_word' id='word_1_482' title='bbox 2193 717 2294 775; x_wconf 88' lang='lat' dir='ltr'><strong>bus</strong></span> <span class='ocrx_word' id='word_1_483' title='bbox 2317 719 2512 791; x_wconf 81' lang='lat' dir='ltr'><strong>prolixi</strong></span> <span class='ocrx_word' id='word_1_484' title='bbox 2541 722 2649 779; x_wconf 91' lang='lat' dir='ltr'><strong>mei</strong></span> <span class='ocrx_word' id='word_1_485' title='bbox 2671 723 2849 794; x_wconf 88' lang='lat' dir='ltr'><strong>operis</strong></span> <span class='ocrx_word' id='word_1_486' title='bbox 2873 723 3025 780; x_wconf 88' lang='lat' dir='ltr'><strong>libris</strong></span> <span class='ocrx_word' id='word_1_487' title='bbox 3049 725 3214 792; x_wconf 88' lang='lat' dir='ltr'><strong>satis,</strong></span> <span class='ocrx_word' id='word_1_488' title='bbox 3240 734 3496 798; x_wconf 89' lang='lat' dir='ltr'><strong>quantum</strong></span> <span class='ocrx_word' id='word_1_489' title='bbox 3523 724 3780 790; x_wconf 88' lang='lat' dir='ltr'><strong>arbitror,</strong></span> 
     </span>
    </p>
   </div>
   <div class='ocr_carea' id='block_1_64' title="bbox 2193 805 3780 888">
    <p class='ocr_par' dir='ltr' id='par_1_64' title="bbox 2193 805 3780 888">
     <span class='ocr_line' id='line_1_64' title="bbox 2193 805 3780 888; baseline 0.003 -22"><span class='ocrx_word' id='word_1_490' title='bbox 2193 811 2531 885; x_wconf 87' lang='lat' dir='ltr'><strong>dilucideque</strong></span> <span class='ocrx_word' id='word_1_491' title='bbox 2551 815 2826 887; x_wconf 88' lang='lat' dir='ltr'><strong>respondi.</strong></span> <span class='ocrx_word' id='word_1_492' title='bbox 2848 815 3000 886; x_wconf 86' lang='lat' dir='ltr'><strong>Quod</strong></span> <span class='ocrx_word' id='word_1_493' title='bbox 3021 815 3123 873; x_wconf 85' lang='lat' dir='ltr'><strong>etsi</strong></span> <span class='ocrx_word' id='word_1_494' title='bbox 3143 805 3458 888; x_wconf 85' lang='lat' dir='ltr'><strong>quibusdam</strong></span> <span class='ocrx_word' id='word_1_495' title='bbox 3478 815 3566 871; x_wconf 89' lang='lat' dir='ltr'><strong>vel</strong></span> <span class='ocrx_word' id='word_1_496' title='bbox 3589 829 3780 887; x_wconf 90' lang='lat' dir='ltr'><strong>parum</strong></span> 
     </span>
    </p>
   </div>
   <div class='ocr_carea' id='block_1_65' title="bbox 2191 907 3780 980">
    <p class='ocr_par' dir='ltr' id='par_1_65' title="bbox 2191 907 3780 980">
     <span class='ocr_line' id='line_1_65' title="bbox 2191 907 3780 980; baseline 0.001 -17"><span class='ocrx_word' id='word_1_497' title='bbox 2191 907 2274 963; x_wconf 90' lang='lat' dir='ltr'><strong>vel</strong></span> <span class='ocrx_word' id='word_1_498' title='bbox 2303 908 2589 966; x_wconf 87' lang='lat' dir='ltr'><strong>obscurum</strong></span> <span class='ocrx_word' id='word_1_499' title='bbox 2621 909 2924 976; x_wconf 88' lang='lat' dir='ltr'><strong>videbitur,</strong></span> <span class='ocrx_word' id='word_1_500' title='bbox 2949 909 3079 966; x_wconf 89' lang='lat' dir='ltr'><strong>dent</strong></span> <span class='ocrx_word' id='word_1_501' title='bbox 3102 910 3312 966; x_wconf 86' lang='lat' dir='ltr'><strong>veniam</strong></span> <span class='ocrx_word' id='word_1_502' title='bbox 3335 950 3349 975; x_wconf 92' lang='lat'><strong>,</strong></span> <span class='ocrx_word' id='word_1_503' title='bbox 3377 917 3431 966; x_wconf 91' lang='lat' dir='ltr'><strong>et</strong></span> <span class='ocrx_word' id='word_1_504' title='bbox 3453 916 3780 980; x_wconf 86' lang='lat' dir='ltr'><strong>componant</strong></span> 
     </span>
    </p>
   </div>
   <div class='ocr_carea' id='block_1_66' title="bbox 2191 999 3783 1078">
    <p class='ocr_par' dir='ltr' id='par_1_66' title="bbox 2191 999 3783 1078">
     <span class='ocr_line' id='line_1_66' title="bbox 2191 999 3783 1078; baseline -0.002 -18"><span class='ocrx_word' id='word_1_505' title='bbox 2191 1015 2314 1060; x_wconf 90' lang='lat' dir='ltr'><strong>cum</strong></span> <span class='ocrx_word' id='word_1_506' title='bbox 2343 1003 2423 1060; x_wconf 87' lang='lat' dir='ltr'><strong>eis</strong></span> <span class='ocrx_word' id='word_1_507' title='bbox 2441 1045 2456 1070; x_wconf 92' lang='lat'><strong>,</strong></span> <span class='ocrx_word' id='word_1_508' title='bbox 2483 1005 2570 1078; x_wconf 89' lang='lat' dir='ltr'><strong>qui</strong></span> <span class='ocrx_word' id='word_1_509' title='bbox 2597 1003 2824 1062; x_wconf 82' lang='lat' dir='ltr'><strong>fortasse</strong></span> <span class='ocrx_word' id='word_1_510' title='bbox 2854 1005 2984 1062; x_wconf 89' lang='lat' dir='ltr'><strong>illud</strong></span> <span class='ocrx_word' id='word_1_511' title='bbox 3019 1019 3129 1061; x_wconf 90' lang='lat' dir='ltr'><strong>non</strong></span> <span class='ocrx_word' id='word_1_512' title='bbox 3164 1005 3287 1077; x_wconf 88' lang='lat' dir='ltr'><strong>quia</strong></span> <span class='ocrx_word' id='word_1_513' title='bbox 3316 1019 3504 1076; x_wconf 90' lang='lat' dir='ltr'><strong>parum</strong></span> <span class='ocrx_word' id='word_1_514' title='bbox 3531 1009 3618 1058; x_wconf 88' lang='lat' dir='ltr'><strong>est</strong></span> <span class='ocrx_word' id='word_1_515' title='bbox 3637 1044 3652 1066; x_wconf 91' lang='lat'><strong>,</strong></span> <span class='ocrx_word' id='word_1_516' title='bbox 3684 999 3783 1058; x_wconf 87' lang='lat' dir='ltr'><strong>sed</strong></span> 
     </span>
    </p>
   </div>
   <div class='ocr_carea' id='block_1_67' title="bbox 2190 1095 3784 1170">
    <p class='ocr_par' dir='ltr' id='par_1_67' title="bbox 2190 1095 3784 1170">
     <span class='ocr_line' id='line_1_67' title="bbox 2190 1095 3784 1170; baseline -0.002 -18"><span class='ocrx_word' id='word_1_517' title='bbox 2190 1095 2316 1167; x_wconf 90' lang='lat' dir='ltr'><strong>quia</strong></span> <span class='ocrx_word' id='word_1_518' title='bbox 2335 1095 2598 1164; x_wconf 85' lang='lat' dir='ltr'><strong>nimium,</strong></span> <span class='ocrx_word' id='word_1_519' title='bbox 2629 1096 3030 1168; x_wconf 89' lang='lat' dir='ltr'><strong>reprehendunt</strong></span> <span class='ocrx_word' id='word_1_520' title='bbox 3063 1115 3078 1154; x_wconf 91' lang='lat'><strong>:</strong></span> <span class='ocrx_word' id='word_1_521' title='bbox 3109 1107 3164 1154; x_wconf 92' lang='lat' dir='ltr'><strong>et</strong></span> <span class='ocrx_word' id='word_1_522' title='bbox 3187 1096 3277 1170; x_wconf 90' lang='lat' dir='ltr'><strong>qui</strong></span> <span class='ocrx_word' id='word_1_523' title='bbox 3301 1112 3384 1164; x_wconf 87' lang='lat' dir='ltr'><strong>ea,</strong></span> <span class='ocrx_word' id='word_1_524' title='bbox 3414 1112 3532 1168; x_wconf 76' lang='lat' dir='ltr'><strong>qua:</strong></span> <span class='ocrx_word' id='word_1_525' title='bbox 3558 1110 3658 1166; x_wconf 90' lang='lat' dir='ltr'><strong>pro</strong></span> <span class='ocrx_word' id='word_1_526' title='bbox 3685 1110 3784 1149; x_wconf 61' lang='lat' dir='ltr'><strong>nae</strong></span> 
     </span>
    </p>
   </div>
   <div class='ocr_carea' id='block_1_68' title="bbox 2198 1188 3785 1262">
    <p class='ocr_par' dir='ltr' id='par_1_68' title="bbox 2198 1188 3785 1262">
     <span class='ocr_line' id='line_1_68' title="bbox 2198 1188 3785 1262; baseline 0.001 -18"><span class='ocrx_word' id='word_1_527' title='bbox 2198 1195 2318 1246; x_wconf 88' lang='lat' dir='ltr'><strong>tura</strong></span> <span class='ocrx_word' id='word_1_528' title='bbox 2345 1191 2704 1262; x_wconf 64' lang='lat' dir='ltr'><strong>quaestionum</strong></span> <span class='ocrx_word' id='word_1_529' title='bbox 2733 1191 2962 1250; x_wconf 83' lang='lat' dir='ltr'><strong>dilucide</strong></span> <span class='ocrx_word' id='word_1_530' title='bbox 2991 1192 3130 1249; x_wconf 90' lang='lat' dir='ltr'><strong>dicta</strong></span> <span class='ocrx_word' id='word_1_531' title='bbox 3159 1191 3434 1257; x_wconf 81' lang='lat' dir='ltr'><strong>existimo,</strong></span> <span class='ocrx_word' id='word_1_532' title='bbox 3467 1188 3644 1246; x_wconf 89' lang='lat' dir='ltr'><strong>adhuc</strong></span> <span class='ocrx_word' id='word_1_533' title='bbox 3671 1204 3785 1246; x_wconf 87' lang='lat' dir='ltr'><strong>non</strong></span> 
     </span>
    </p>
   </div>
   <div class='ocr_carea' id='block_1_69' title="bbox 2190 1285 3786 1358">
    <p class='ocr_par' dir='ltr' id='par_1_69' title="bbox 2190 1285 3786 1358">
     <span class='ocr_line' id='line_1_69' title="bbox 2190 1285 3786 1358; baseline 0.001 -17"><span class='ocrx_word' id='word_1_534' title='bbox 2190 1285 2531 1358; x_wconf 85' lang='lat' dir='ltr'><strong>intelligunt,</strong></span> <span class='ocrx_word' id='word_1_535' title='bbox 2573 1303 2681 1344; x_wconf 90' lang='lat' dir='ltr'><strong>non</strong></span> <span class='ocrx_word' id='word_1_536' title='bbox 2724 1287 2853 1344; x_wconf 88' lang='lat' dir='ltr'><strong>mihi</strong></span> <span class='ocrx_word' id='word_1_537' title='bbox 2891 1288 3292 1346; x_wconf 75' lang='lat' dir='ltr'><strong>calumniantur</strong></span> <span class='ocrx_word' id='word_1_538' title='bbox 3329 1301 3428 1358; x_wconf 92' lang='lat' dir='ltr'><strong>pro</strong></span> <span class='ocrx_word' id='word_1_539' title='bbox 3456 1285 3786 1358; x_wconf 81' lang='lat' dir='ltr'><strong>negligentia</strong></span> 
     </span>
    </p>
   </div>
   <div class='ocr_carea' id='block_1_70' title="bbox 2188 1377 3788 1454">
    <p class='ocr_par' dir='ltr' id='par_1_70' title="bbox 2188 1377 3788 1454">
     <span class='ocr_line' id='line_1_70' title="bbox 2188 1377 3788 1454; baseline -0.001 -18"><span class='ocrx_word' id='word_1_540' title='bbox 2188 1377 2278 1436; x_wconf 86' lang='lat' dir='ltr'><strong>vel</strong></span> <span class='ocrx_word' id='word_1_541' title='bbox 2321 1395 2418 1450; x_wconf 90' lang='lat' dir='ltr'><strong>pro</strong></span> <span class='ocrx_word' id='word_1_542' title='bbox 2451 1395 2586 1436; x_wconf 70' lang='lat' dir='ltr'><strong>mea:</strong></span> <span class='ocrx_word' id='word_1_543' title='bbox 2627 1381 2896 1438; x_wconf 80' lang='lat' dir='ltr'><strong>facultatis</strong></span> <span class='ocrx_word' id='word_1_544' title='bbox 2940 1381 3252 1454; x_wconf 73' lang='lat' dir='ltr'><strong>indigentia,</strong></span> <span class='ocrx_word' id='word_1_545' title='bbox 3284 1379 3377 1436; x_wconf 91' lang='lat' dir='ltr'><strong>sed</strong></span> <span class='ocrx_word' id='word_1_546' title='bbox 3407 1379 3573 1436; x_wconf 91' lang='lat' dir='ltr'><strong>Deum</strong></span> <span class='ocrx_word' id='word_1_547' title='bbox 3604 1378 3788 1450; x_wconf 85' lang='lat' dir='ltr'><strong>potius</strong></span> 
     </span>
    </p>
   </div>
   <div class='ocr_carea' id='block_1_71' title="bbox 2187 1473 3398 1546">
    <p class='ocr_par' dir='ltr' id='par_1_71' title="bbox 2187 1473 3398 1546">
     <span class='ocr_line' id='line_1_71' title="bbox 2187 1473 3398 1546; baseline 0 -19"><span class='ocrx_word' id='word_1_548' title='bbox 2187 1486 2287 1543; x_wconf 88' lang='lat' dir='ltr'><strong>pro</strong></span> <span class='ocrx_word' id='word_1_549' title='bbox 2310 1473 2619 1542; x_wconf 86' lang='lat' dir='ltr'><strong>accipienda</strong></span> <span class='ocrx_word' id='word_1_550' title='bbox 2647 1473 2998 1546; x_wconf 87' lang='lat' dir='ltr'><strong>intelligentia</strong></span> <span class='ocrx_word' id='word_1_551' title='bbox 3023 1473 3398 1546; x_wconf 88' lang='lat' dir='ltr'><strong>deprecentur.</strong></span> 
     </span>
    </p>
   </div>
   <div class='ocr_carea' id='block_1_72' title="bbox 2260 1561 3786 1639">
    <p class='ocr_par' dir='ltr' id='par_1_72' title="bbox 2260 1561 3786 1639">
     <span class='ocr_line' id='line_1_72' title="bbox 2260 1561 3786 1639; baseline -0.003 -19"><span class='ocrx_word' id='word_1_552' title='bbox 2260 1561 2488 1623; x_wconf 81' lang='lat' dir='ltr'><strong>CAPUT</strong></span> <span class='ocrx_word' id='word_1_553' title='bbox 2525 1565 2612 1624; x_wconf 84' lang='lat' dir='ltr'><strong>Ill.</strong></span> <span class='ocrx_word' id='word_1_554' title='bbox 2653 1597 2726 1608; x_wconf 89' lang='lat'><strong>—-</strong></span> <span class='ocrx_word' id='word_1_555' title='bbox 2768 1567 2822 1624; x_wconf 82' lang='grc'><strong>5.</strong></span> <span class='ocrx_word' id='word_1_556' title='bbox 2870 1565 3114 1639; x_wconf 79' lang='lat' dir='ltr'><strong>Pelagius</strong></span> <span class='ocrx_word' id='word_1_557' title='bbox 3144 1563 3384 1621; x_wconf 80' lang='lat' dir='ltr'><strong>laudatus</strong></span> <span class='ocrx_word' id='word_1_558' title='bbox 3422 1580 3457 1619; x_wconf 90' lang='lat' dir='ltr'><strong>a</strong></span> <span class='ocrx_word' id='word_1_559' title='bbox 3497 1561 3786 1618; x_wconf 79' lang='lat' dir='ltr'><strong>nonnullis.</strong></span> 
     </span>
    </p>
   </div>
   <div class='ocr_carea' id='block_1_73' title="bbox 2185 1655 3787 1732">
    <p class='ocr_par' dir='ltr' id='par_1_73' title="bbox 2185 1655 3787 1732">
     <span class='ocr_line' id='line_1_73' title="bbox 2185 1655 3787 1732; baseline 0 -21"><span class='ocrx_word' id='word_1_560' title='bbox 2185 1655 2501 1728; x_wconf 74' lang='lat' dir='ltr'><strong>Argumenta</strong></span> <span class='ocrx_word' id='word_1_561' title='bbox 2548 1666 2727 1717; x_wconf 88' lang='lat' dir='ltr'><strong>contra</strong></span> <span class='ocrx_word' id='word_1_562' title='bbox 2769 1668 3028 1731; x_wconf 83' lang='lat' dir='ltr'><strong>peccatum</strong></span> <span class='ocrx_word' id='word_1_563' title='bbox 3073 1658 3318 1732; x_wconf 77' lang='lat' dir='ltr'><strong>originis,</strong></span> <span class='ocrx_word' id='word_1_564' title='bbox 3364 1673 3480 1728; x_wconf 75' lang='lat' dir='ltr'><strong>qua:</strong></span> <span class='ocrx_word' id='word_1_565' title='bbox 3535 1655 3787 1728; x_wconf 73' lang='lat' dir='ltr'><strong>Pelagius</strong></span> 
     </span>
    </p>
   </div>
   <div class='ocr_carea' id='block_1_74' title="bbox 2188 1747 3787 1825">
    <p class='ocr_par' dir='ltr' id='par_1_74' title="bbox 2188 1747 3787 1825">
     <span class='ocr_line' id='line_1_74' title="bbox 2188 1747 3787 1825; baseline -0.003 -15"><span class='ocrx_word' id='word_1_566' title='bbox 2188 1748 2243 1814; x_wconf 76' lang='lat' dir='ltr'><strong>in</strong></span> <span class='ocrx_word' id='word_1_567' title='bbox 2270 1747 2644 1814; x_wconf 70' lang='lat' dir='ltr'><strong>Commentario</strong></span> <span class='ocrx_word' id='word_1_568' title='bbox 2679 1768 2771 1808; x_wconf 78' lang='lat' dir='ltr'><strong>suo</strong></span> <span class='ocrx_word' id='word_1_569' title='bbox 2815 1753 3075 1825; x_wconf 79' lang='lat' dir='ltr'><strong>proponit.</strong></span> <span class='ocrx_word' id='word_1_570' title='bbox 3114 1751 3496 1812; x_wconf 72' lang='lat' dir='ltr'><strong>Verumtamen</strong></span> <span class='ocrx_word' id='word_1_571' title='bbox 3533 1763 3632 1805; x_wconf 92' lang='lat' dir='ltr'><strong>nos</strong></span> <span class='ocrx_word' id='word_1_572' title='bbox 3671 1764 3787 1806; x_wconf 89' lang='lat' dir='ltr'><strong>non</strong></span> 
     </span>
    </p>
   </div>
   <div class='ocr_carea' id='block_1_75' title="bbox 2190 1839 3788 1922">
    <p class='ocr_par' dir='ltr' id='par_1_75' title="bbox 2190 1839 3788 1922">
     <span class='ocr_line' id='line_1_75' title="bbox 2190 1839 3788 1922; baseline 0.001 -26"><span class='ocrx_word' id='word_1_573' title='bbox 2190 1841 2524 1914; x_wconf 84' lang='lat' dir='ltr'><strong>negligenter</strong></span> <span class='ocrx_word' id='word_1_574' title='bbox 2551 1851 2764 1922; x_wconf 85' lang='lat' dir='ltr'><strong>oportet</strong></span> <span class='ocrx_word' id='word_1_575' title='bbox 2791 1845 3073 1908; x_wconf 83' lang='lat' dir='ltr'><strong>attendere</strong></span> <span class='ocrx_word' id='word_1_576' title='bbox 3091 1885 3108 1912; x_wconf 91' lang='lat'><strong>,</strong></span> <span class='ocrx_word' id='word_1_577' title='bbox 3141 1844 3302 1901; x_wconf 89' lang='lat' dir='ltr'><strong>istum</strong></span> <span class='ocrx_word' id='word_1_578' title='bbox 3323 1884 3340 1910; x_wconf 94' lang='lat'><strong>,</strong></span> <span class='ocrx_word' id='word_1_579' title='bbox 3376 1842 3516 1898; x_wconf 88' lang='lat' dir='ltr'><strong>sicut</strong></span> <span class='ocrx_word' id='word_1_580' title='bbox 3537 1856 3661 1898; x_wconf 88' lang='lat' dir='ltr'><strong>eum</strong></span> <span class='ocrx_word' id='word_1_581' title='bbox 3687 1839 3788 1914; x_wconf 89' lang='lat' dir='ltr'><strong>qui</strong></span> 
     </span>
    </p>
   </div>
   <div class='ocr_carea' id='block_1_76' title="bbox 2188 1933 3780 2006">
    <p class='ocr_par' dir='ltr' id='par_1_76' title="bbox 2188 1933 3780 2006">
     <span class='ocr_line' id='line_1_76' title="bbox 2188 1933 3780 2006; baseline 0.001 -18"><span class='ocrx_word' id='word_1_582' title='bbox 2188 1942 2454 1990; x_wconf 85' lang='lat' dir='ltr'><strong>noverunt</strong></span> <span class='ocrx_word' id='word_1_583' title='bbox 2474 1935 2783 2006; x_wconf 86' lang='lat' dir='ltr'><strong>loquuntur,</strong></span> <span class='ocrx_word' id='word_1_584' title='bbox 2806 1936 3005 1992; x_wconf 91' lang='lat' dir='ltr'><strong>bonum</strong></span> <span class='ocrx_word' id='word_1_585' title='bbox 3026 1951 3089 1992; x_wconf 93' lang='lat' dir='ltr'><strong>ac</strong></span> <span class='ocrx_word' id='word_1_586' title='bbox 3109 1937 3126 1968; x_wconf 84' lang='grc'>¹</span> <span class='ocrx_word' id='word_1_587' title='bbox 3152 1933 3551 2006; x_wconf 86' lang='lat' dir='ltr'><strong>praedicandum</strong></span> <span class='ocrx_word' id='word_1_588' title='bbox 3571 1933 3780 2002; x_wconf 88' lang='lat' dir='ltr'><strong>virum,</strong></span> 
     </span>
    </p>
   </div>
   <div class='ocr_carea' id='block_1_77' title="bbox 2190 2022 3786 2104">
    <p class='ocr_par' dir='ltr' id='par_1_77' title="bbox 2190 2022 3786 2104">
     <span class='ocr_line' id='line_1_77' title="bbox 2190 2022 3786 2104; baseline 0.001 -22"><span class='ocrx_word' id='word_1_589' title='bbox 2190 2022 2330 2092; x_wconf 84' lang='lat' dir='ltr'><strong>hanc</strong></span> <span class='ocrx_word' id='word_1_590' title='bbox 2357 2027 2876 2104; x_wconf 66' lang='lat' dir='ltr'><strong>argumentationem</strong></span> <span class='ocrx_word' id='word_1_591' title='bbox 2917 2035 3104 2094; x_wconf 76' lang='lat' dir='ltr'><strong>contra</strong></span> <span class='ocrx_word' id='word_1_592' title='bbox 3149 2026 3355 2099; x_wconf 79' lang='lat' dir='ltr'><strong>peccati</strong></span> <span class='ocrx_word' id='word_1_593' title='bbox 3391 2025 3786 2098; x_wconf 78' lang='lat' dir='ltr'><strong>propaginem,</strong></span> 
     </span>
    </p>
   </div>
   <div class='ocr_carea' id='block_1_78' title="bbox 2189 2116 3788 2196">
    <p class='ocr_par' dir='ltr' id='par_1_78' title="bbox 2189 2116 3788 2196">
     <span class='ocr_line' id='line_1_78' title="bbox 2189 2116 3788 2196; baseline -0.001 -20"><span class='ocrx_word' id='word_1_594' title='bbox 2189 2131 2297 2176; x_wconf 86' lang='lat' dir='ltr'><strong>non</strong></span> <span class='ocrx_word' id='word_1_595' title='bbox 2321 2132 2389 2174; x_wconf 84' lang='lat' dir='ltr'><strong>ex</strong></span> <span class='ocrx_word' id='word_1_596' title='bbox 2413 2119 2629 2196; x_wconf 77' lang='lat' dir='ltr'><strong>propria</strong></span> <span class='ocrx_word' id='word_1_597' title='bbox 2658 2119 2906 2181; x_wconf 85' lang='lat' dir='ltr'><strong>intulisse</strong></span> <span class='ocrx_word' id='word_1_598' title='bbox 2933 2134 3184 2190; x_wconf 82' lang='lat' dir='ltr'><strong>persona,</strong></span> <span class='ocrx_word' id='word_1_599' title='bbox 3218 2118 3311 2174; x_wconf 90' lang='lat' dir='ltr'><strong>sed</strong></span> <span class='ocrx_word' id='word_1_600' title='bbox 3336 2117 3465 2190; x_wconf 88' lang='lat' dir='ltr'><strong>q‘uid</strong></span> <span class='ocrx_word' id='word_1_601' title='bbox 3493 2116 3570 2173; x_wconf 91' lang='lat' dir='ltr'><strong>illi</strong></span> <span class='ocrx_word' id='word_1_602' title='bbox 3596 2117 3788 2174; x_wconf 83' lang='lat' dir='ltr'><strong>dicant</strong></span> 
     </span>
    </p>
   </div>
   <div class='ocr_carea' id='block_1_79' title="bbox 2188 2209 3789 2284">
    <p class='ocr_par' dir='ltr' id='par_1_79' title="bbox 2188 2209 3789 2284">
     <span class='ocr_line' id='line_1_79' title="bbox 2188 2209 3789 2284; baseline 0.002 -19"><span class='ocrx_word' id='word_1_603' title='bbox 2188 2210 2280 2282; x_wconf 91' lang='lat' dir='ltr'><strong>qui</strong></span> <span class='ocrx_word' id='word_1_604' title='bbox 2308 2226 2428 2268; x_wconf 86' lang='lat' dir='ltr'><strong>eam</strong></span> <span class='ocrx_word' id='word_1_605' title='bbox 2457 2227 2564 2270; x_wconf 89' lang='lat' dir='ltr'><strong>non</strong></span> <span class='ocrx_word' id='word_1_606' title='bbox 2609 2213 2908 2284; x_wconf 89' lang='lat' dir='ltr'><strong>approbant</strong></span> <span class='ocrx_word' id='word_1_607' title='bbox 2952 2213 3270 2280; x_wconf 83' lang='lat' dir='ltr'><strong>intimasse,</strong></span> <span class='ocrx_word' id='word_1_608' title='bbox 3316 2226 3416 2267; x_wconf 88' lang='lat' dir='ltr'><strong>nec</strong></span> <span class='ocrx_word' id='word_1_609' title='bbox 3457 2210 3635 2268; x_wconf 88' lang='lat' dir='ltr'><strong>solum</strong></span> <span class='ocrx_word' id='word_1_610' title='bbox 3678 2209 3789 2268; x_wconf 89' lang='lat' dir='ltr'><strong>hoc</strong></span> 
     </span>
    </p>
   </div>
   <div class='ocr_carea' id='block_1_80' title="bbox 2190 2301 3788 2376">
    <p class='ocr_par' dir='ltr' id='par_1_80' title="bbox 2190 2301 3788 2376">
     <span class='ocr_line' id='line_1_80' title="bbox 2190 2301 3788 2376; baseline 0.001 -18"><span class='ocrx_word' id='word_1_611' title='bbox 2190 2303 2334 2372; x_wconf 79' lang='lat' dir='ltr'><strong>quod</strong></span> <span class='ocrx_word' id='word_1_612' title='bbox 2376 2303 2539 2374; x_wconf 79' lang='lat' dir='ltr'><strong>modo</strong></span> <span class='ocrx_word' id='word_1_613' title='bbox 2577 2305 2830 2375; x_wconf 84' lang='lat' dir='ltr'><strong>proposui</strong></span> <span class='ocrx_word' id='word_1_614' title='bbox 2869 2305 3027 2376; x_wconf 86' lang='lat' dir='ltr'><strong>eique</strong></span> <span class='ocrx_word' id='word_1_615' title='bbox 3064 2302 3359 2376; x_wconf 88' lang='lat' dir='ltr'><strong>respondi,</strong></span> <span class='ocrx_word' id='word_1_616' title='bbox 3387 2317 3574 2358; x_wconf 88' lang='lat' dir='ltr'><strong>verum</strong></span> <span class='ocrx_word' id='word_1_617' title='bbox 3614 2301 3788 2359; x_wconf 86' lang='lat' dir='ltr'><strong>etiam</strong></span> 
     </span>
    </p>
   </div>
   <div class='ocr_carea' id='block_1_81' title="bbox 2189 2394 3790 2470">
    <p class='ocr_par' dir='ltr' id='par_1_81' title="bbox 2189 2394 3790 2470">
     <span class='ocr_line' id='line_1_81' title="bbox 2189 2394 3790 2470; baseline -0.001 -18"><span class='ocrx_word' id='word_1_618' title='bbox 2189 2402 2384 2455; x_wconf 71' lang='lat' dir='ltr'><strong>ctetera</strong></span> <span class='ocrx_word' id='word_1_619' title='bbox 2407 2396 2602 2470; x_wconf 88' lang='lat' dir='ltr'><strong>quibus</strong></span> <span class='ocrx_word' id='word_1_620' title='bbox 2627 2411 2713 2458; x_wconf 87' lang='lat' dir='ltr'><strong>me</strong></span> <span class='ocrx_word' id='word_1_621' title='bbox 2743 2397 2798 2458; x_wconf 89' lang='lat' dir='ltr'><strong>in</strong></span> <span class='ocrx_word' id='word_1_622' title='bbox 2834 2397 2940 2462; x_wconf 82' lang='lat' dir='ltr'><strong>illis</strong></span> <span class='ocrx_word' id='word_1_623' title='bbox 2983 2397 3133 2460; x_wconf 83' lang='lat' dir='ltr'><strong>libris</strong></span> <span class='ocrx_word' id='word_1_624' title='bbox 3164 2395 3274 2467; x_wconf 88' lang='lat' dir='ltr'><strong>jam</strong></span> <span class='ocrx_word' id='word_1_625' title='bbox 3315 2394 3660 2469; x_wconf 85' lang='lat' dir='ltr'><strong>respondisse</strong></span> <span class='ocrx_word' id='word_1_626' title='bbox 3695 2409 3790 2451; x_wconf 91' lang='lat' dir='ltr'><strong>re-</strong></span> 
     </span>
    </p>
   </div>
   <div class='ocr_carea' id='block_1_82' title="bbox 2189 2485 3792 2560">
    <p class='ocr_par' dir='ltr' id='par_1_82' title="bbox 2189 2485 3792 2560">
     <span class='ocr_line' id='line_1_82' title="bbox 2189 2485 3792 2560; baseline -0.001 -17"><span class='ocrx_word' id='word_1_627' title='bbox 2189 2487 2348 2543; x_wconf 85' lang='lat' dir='ltr'><strong>colui.</strong></span> <span class='ocrx_word' id='word_1_628' title='bbox 2378 2487 2511 2552; x_wconf 82' lang='lat' dir='ltr'><strong>Nam</strong></span> <span class='ocrx_word' id='word_1_629' title='bbox 2539 2503 2660 2553; x_wconf 84' lang='lat' dir='ltr'><strong>cum</strong></span> <span class='ocrx_word' id='word_1_630' title='bbox 2681 2487 2926 2557; x_wconf 82' lang='lat' dir='ltr'><strong>dixisset,</strong></span> <span class='ocrx_word' id='word_1_631' title='bbox 2956 2485 3020 2545; x_wconf 83' lang='lat' dir='ltr'><strong>Si</strong></span> <span class='ocrx_word' id='word_1_632' title='bbox 3051 2487 3196 2554; x_wconf 62' lang='lat' dir='ltr'><strong>Adae,</strong></span> <span class='ocrx_word' id='word_1_633' title='bbox 3225 2487 3490 2560; x_wconf 87' lang='lat' dir='ltr'><strong>inquiunt,</strong></span> <span class='ocrx_word' id='word_1_634' title='bbox 3521 2495 3792 2560; x_wconf 83' lang='lat' dir='ltr'><strong>peccatum</strong></span> 
     </span>
    </p>
   </div>
   <div class='ocr_carea' id='block_1_83' title="bbox 2189 2578 3794 2654">
    <p class='ocr_par' dir='ltr' id='par_1_83' title="bbox 2189 2578 3794 2654">
     <span class='ocr_line' id='line_1_83' title="bbox 2189 2578 3794 2654; baseline 0.001 -22"><span class='ocrx_word' id='word_1_635' title='bbox 2189 2578 2343 2637; x_wconf 80' lang='lat' dir='ltr'><strong>etiam</strong></span> <span class='ocrx_word' id='word_1_636' title='bbox 2359 2595 2460 2642; x_wconf 82' lang='lat' dir='ltr'><strong>non</strong></span> <span class='ocrx_word' id='word_1_637' title='bbox 2475 2580 2792 2650; x_wconf 79' lang='lat' dir='ltr'><strong>peccantibus</strong></span> <span class='ocrx_word' id='word_1_638' title='bbox 2807 2581 2996 2648; x_wconf 84' lang='lat' dir='ltr'><strong>nocuit,</strong></span> <span class='ocrx_word' id='word_1_639' title='bbox 3011 2597 3130 2654; x_wconf 78' lang='lat' dir='ltr'><strong>ergo</strong></span> <span class='ocrx_word' id='word_1_640' title='bbox 3149 2591 3196 2635; x_wconf 90' lang='lat' dir='ltr'><strong>et</strong></span> <span class='ocrx_word' id='word_1_641' title='bbox 3212 2578 3400 2635; x_wconf 81' lang='lat' dir='ltr'><strong>Christi</strong></span> <span class='ocrx_word' id='word_1_642' title='bbox 3405 2578 3611 2654; x_wconf 75' lang='lat' dir='ltr'><strong>justitia</strong></span> <span class='ocrx_word' id='word_1_643' title='bbox 3631 2580 3794 2634; x_wconf 85' lang='lat' dir='ltr'><strong>etiam</strong></span> 
     </span>
    </p>
   </div>
   <div class='ocr_carea' id='block_1_84' title="bbox 2189 2671 3793 2746">
    <p class='ocr_par' dir='ltr' id='par_1_84' title="bbox 2189 2671 3793 2746">
     <span class='ocr_line' id='line_1_84' title="bbox 2189 2671 3793 2746; baseline -0.001 -14"><span class='ocrx_word' id='word_1_644' title='bbox 2189 2689 2294 2732; x_wconf 80' lang='lat' dir='ltr'><strong>non</strong></span> <span class='ocrx_word' id='word_1_645' title='bbox 2311 2673 2626 2730; x_wconf 72' lang='lat' dir='ltr'><strong>credentibus</strong></span> <span class='ocrx_word' id='word_1_646' title='bbox 2643 2673 2875 2746; x_wconf 81' lang='lat' dir='ltr'><strong>prodest;</strong></span> <span class='ocrx_word' id='word_1_647' title='bbox 2895 2673 3039 2746; x_wconf 88' lang='lat' dir='ltr'><strong>quod</strong></span> <span class='ocrx_word' id='word_1_648' title='bbox 3062 2675 3114 2729; x_wconf 92' lang='lat' dir='ltr'><strong>in</strong></span> <span class='ocrx_word' id='word_1_649' title='bbox 3139 2674 3204 2733; x_wconf 86' lang='lat' dir='ltr'><strong>iis</strong></span> <span class='ocrx_word' id='word_1_650' title='bbox 3224 2688 3345 2746; x_wconf 73' lang='lat' dir='ltr'><strong>quae</strong></span> <span class='ocrx_word' id='word_1_651' title='bbox 3367 2671 3642 2746; x_wconf 88' lang='lat' dir='ltr'><strong>respondi,</strong></span> <span class='ocrx_word' id='word_1_652' title='bbox 3667 2687 3793 2730; x_wconf 82' lang='lat' dir='ltr'><strong>cer-</strong></span> 
     </span>
    </p>
   </div>
   <div class='ocr_carea' id='block_1_85' title="bbox 2195 2764 3793 2840">
    <p class='ocr_par' dir='ltr' id='par_1_85' title="bbox 2195 2764 3793 2840">
     <span class='ocr_line' id='line_1_85' title="bbox 2195 2764 3793 2840; baseline 0.001 -17"><span class='ocrx_word' id='word_1_653' title='bbox 2195 2765 2282 2823; x_wconf 91' lang='lat' dir='ltr'><strong>nis</strong></span> <span class='ocrx_word' id='word_1_654' title='bbox 2307 2780 2465 2838; x_wconf 74' lang='lat' dir='ltr'><strong>quam</strong></span> <span class='ocrx_word' id='word_1_655' title='bbox 2492 2781 2598 2824; x_wconf 89' lang='lat' dir='ltr'><strong>non</strong></span> <span class='ocrx_word' id='word_1_656' title='bbox 2637 2765 2807 2824; x_wconf 89' lang='lat' dir='ltr'><strong>solum</strong></span> <span class='ocrx_word' id='word_1_657' title='bbox 2833 2782 2940 2822; x_wconf 90' lang='lat' dir='ltr'><strong>non</strong></span> <span class='ocrx_word' id='word_1_658' title='bbox 2961 2775 3232 2838; x_wconf 79' lang='lat' dir='ltr'><strong>expugnet</strong></span> <span class='ocrx_word' id='word_1_659' title='bbox 3255 2765 3396 2840; x_wconf 89' lang='lat' dir='ltr'><strong>quod</strong></span> <span class='ocrx_word' id='word_1_660' title='bbox 3421 2765 3672 2833; x_wconf 86' lang='lat' dir='ltr'><strong>dicimus,</strong></span> <span class='ocrx_word' id='word_1_661' title='bbox 3689 2764 3793 2824; x_wconf 83' lang='lat' dir='ltr'><strong>sed</strong></span> 
     </span>
    </p>
   </div>
   <div class='ocr_carea' id='block_1_86' title="bbox 2198 2856 3791 2930">
    <p class='ocr_par' dir='ltr' id='par_1_86' title="bbox 2198 2856 3791 2930">
     <span class='ocr_line' id='line_1_86' title="bbox 2198 2856 3791 2930; baseline 0 -18"><span class='ocrx_word' id='word_1_662' title='bbox 2198 2857 2360 2912; x_wconf 82' lang='lat' dir='ltr'><strong>etiam</strong></span> <span class='ocrx_word' id='word_1_663' title='bbox 2378 2873 2476 2912; x_wconf 89' lang='lat' dir='ltr'><strong>nos</strong></span> <span class='ocrx_word' id='word_1_664' title='bbox 2494 2857 2917 2930; x_wconf 87' lang='lat' dir='ltr'><strong>admoneatquid</strong></span> <span class='ocrx_word' id='word_1_665' title='bbox 2937 2857 3178 2914; x_wconf 89' lang='lat' dir='ltr'><strong>dicamus</strong></span> <span class='ocrx_word' id='word_1_666' title='bbox 3195 2859 3216 2891; x_wconf 76' lang='grc'>⁸</span> <span class='ocrx_word' id='word_1_667' title='bbox 3237 2875 3251 2912; x_wconf 93' lang='lat'><strong>:</strong></span> <span class='ocrx_word' id='word_1_668' title='bbox 3284 2867 3500 2914; x_wconf 90' lang='lat' dir='ltr'><strong>secutus</strong></span> <span class='ocrx_word' id='word_1_669' title='bbox 3517 2856 3791 2928; x_wconf 73' lang='lat' dir='ltr'><strong>adiunxit,</strong></span> 
     </span>
    </p>
   </div>
   <div class='ocr_carea' id='block_1_87' title="bbox 2189 2943 3794 3020">
    <p class='ocr_par' dir='ltr' id='par_1_87' title="bbox 2189 2943 3794 3020">
     <span class='ocr_line' id='line_1_87' title="bbox 2189 2943 3794 3020; baseline 0.002 -20"><span class='ocrx_word' id='word_1_670' title='bbox 2189 2943 2390 3002; x_wconf 68' lang='lat' dir='ltr'><strong>Deinde</strong></span> <span class='ocrx_word' id='word_1_671' title='bbox 2415 2947 2578 3013; x_wconf 70' lang='lat' dir='ltr'><strong>aiunt,</strong></span> <span class='ocrx_word' id='word_1_672' title='bbox 2610 2946 2674 3005; x_wconf 76' lang='lat' dir='ltr'><strong>Si</strong></span> <span class='ocrx_word' id='word_1_673' title='bbox 2698 2947 2992 3020; x_wconf 75' lang='lat' dir='ltr'><strong>Baptirmua</strong></span> <span class='ocrx_word' id='word_1_674' title='bbox 3016 2948 3230 3004; x_wconf 77' lang='lat' dir='ltr'><strong>mundat</strong></span> <span class='ocrx_word' id='word_1_675' title='bbox 3251 2948 3515 3020; x_wconf 67' lang='lat' dir='ltr'><strong>antiquum</strong></span> <span class='ocrx_word' id='word_1_676' title='bbox 3533 2946 3672 3003; x_wconf 75' lang='lat' dir='ltr'><strong>illud</strong></span> <span class='ocrx_word' id='word_1_677' title='bbox 3699 2947 3794 3004; x_wconf 80' lang='lat' dir='ltr'><strong>de-</strong></span> 
     </span>
    </p>
   </div>
   <div class='ocr_carea' id='block_1_88' title="bbox 2192 3037 3792 3111">
    <p class='ocr_par' dir='ltr' id='par_1_88' title="bbox 2192 3037 3792 3111">
     <span class='ocr_line' id='line_1_88' title="bbox 2192 3037 3792 3111; baseline 0.001 -19"><span class='ocrx_word' id='word_1_678' title='bbox 2192 3037 2388 3106; x_wconf 86' lang='lat' dir='ltr'><strong>lictum,</strong></span> <span class='ocrx_word' id='word_1_679' title='bbox 2421 3039 2508 3108; x_wconf 83' lang='lat' dir='ltr'><strong>qui</strong></span> <span class='ocrx_word' id='word_1_680' title='bbox 2533 3037 2596 3094; x_wconf 89' lang='lat' dir='ltr'><strong>de</strong></span> <span class='ocrx_word' id='word_1_681' title='bbox 2621 3037 2815 3094; x_wconf 81' lang='lat' dir='ltr'><strong>duobus</strong></span> <span class='ocrx_word' id='word_1_682' title='bbox 2837 3037 3105 3110; x_wconf 78' lang='lat' dir='ltr'><strong>baptizatis</strong></span> <span class='ocrx_word' id='word_1_683' title='bbox 3126 3039 3234 3095; x_wconf 86' lang='lat' dir='ltr'><strong>nati</strong></span> <span class='ocrx_word' id='word_1_684' title='bbox 3255 3039 3462 3111; x_wconf 78' lang='lat' dir='ltr'><strong>fuerint,</strong></span> <span class='ocrx_word' id='word_1_685' title='bbox 3484 3037 3670 3096; x_wconf 85' lang='lat' dir='ltr'><strong>debent</strong></span> <span class='ocrx_word' id='word_1_686' title='bbox 3693 3037 3792 3094; x_wconf 79' lang='lat' dir='ltr'><strong>hoc</strong></span> 
     </span>
    </p>
   </div>
   <div class='ocr_carea' id='block_1_89' title="bbox 2190 3131 3790 3204">
    <p class='ocr_par' dir='ltr' id='par_1_89' title="bbox 2190 3131 3790 3204">
     <span class='ocr_line' id='line_1_89' title="bbox 2190 3131 3790 3204; baseline 0.001 -20"><span class='ocrx_word' id='word_1_687' title='bbox 2190 3147 2362 3185; x_wconf 87' lang='lat' dir='ltr'><strong>carere</strong></span> <span class='ocrx_word' id='word_1_688' title='bbox 2389 3141 2592 3202; x_wconf 85' lang='lat' dir='ltr'><strong>peccato</strong></span> <span class='ocrx_word' id='word_1_689' title='bbox 2609 3147 2630 3186; x_wconf 90' lang='lat'><strong><em>:</em></strong></span> <span class='ocrx_word' id='word_1_690' title='bbox 2657 3147 2760 3186; x_wconf 89' lang='lat' dir='ltr'><strong>non</strong></span> <span class='ocrx_word' id='word_1_691' title='bbox 2786 3131 2918 3186; x_wconf 87' lang='lat' dir='ltr'><strong>enim</strong></span> <span class='ocrx_word' id='word_1_692' title='bbox 2947 3141 3220 3203; x_wconf 86' lang='lat' dir='ltr'><strong>potuerunt</strong></span> <span class='ocrx_word' id='word_1_693' title='bbox 3241 3131 3310 3186; x_wconf 91' lang='lat' dir='ltr'><strong>ad</strong></span> <span class='ocrx_word' id='word_1_694' title='bbox 3338 3139 3567 3204; x_wconf 80' lang='lat' dir='ltr'><strong>posteros</strong></span> <span class='ocrx_word' id='word_1_695' title='bbox 3609 3139 3790 3186; x_wconf 76' lang='lat' dir='ltr'><strong>trans-</strong></span> 
     </span>
    </p>
   </div>
   <div class='ocr_carea' id='block_1_90' title="bbox 2194 3221 3792 3294">
    <p class='ocr_par' dir='ltr' id='par_1_90' title="bbox 2194 3221 3792 3294">
     <span class='ocr_line' id='line_1_90' title="bbox 2194 3221 3792 3294; baseline 0 -18"><span class='ocrx_word' id='word_1_696' title='bbox 2194 3222 2411 3289; x_wconf 83' lang='lat' dir='ltr'><strong>mittere,</strong></span> <span class='ocrx_word' id='word_1_697' title='bbox 2437 3223 2572 3292; x_wconf 88' lang='lat' dir='ltr'><strong>quod</strong></span> <span class='ocrx_word' id='word_1_698' title='bbox 2597 3223 2698 3294; x_wconf 82' lang='lat' dir='ltr'><strong>ipsi</strong></span> <span class='ocrx_word' id='word_1_699' title='bbox 2721 3222 2926 3280; x_wconf 62' lang='lat' dir='ltr'><strong>adtritu</strong></span> <span class='ocrx_word' id='word_1_700' title='bbox 2953 3223 3250 3283; x_wconf 72' lang='lat' dir='ltr'><strong>habuerunt.</strong></span> <span class='ocrx_word' id='word_1_701' title='bbox 3288 3221 3318 3277; x_wconf 85' lang='grc'><strong><em>1</em></strong></span> <span class='ocrx_word' id='word_1_702' title='bbox 3324 3221 3434 3278; x_wconf 83' lang='lat' dir='ltr'><strong>llud</strong></span> <span class='ocrx_word' id='word_1_703' title='bbox 3460 3239 3661 3294; x_wconf 77' lang='lat' dir='ltr'><strong>quoque</strong></span> <span class='ocrx_word' id='word_1_704' title='bbox 3695 3239 3792 3276; x_wconf 85' lang='lat' dir='ltr'><strong>ac-</strong></span> 
     </span>
    </p>
   </div>
   <div class='ocr_carea' id='block_1_91' title="bbox 2189 3313 3791 3388">
    <p class='ocr_par' dir='ltr' id='par_1_91' title="bbox 2189 3313 3791 3388">
     <span class='ocr_line' id='line_1_91' title="bbox 2189 3313 3791 3388; baseline 0.002 -20"><span class='ocrx_word' id='word_1_705' title='bbox 2189 3313 2340 3380; x_wconf 78' lang='lat' dir='ltr'><strong>cedit,</strong></span> <span class='ocrx_word' id='word_1_706' title='bbox 2373 3313 2582 3384; x_wconf 82' lang='lat' dir='ltr'><strong>inquit,</strong></span> <span class='ocrx_word' id='word_1_707' title='bbox 2613 3315 2736 3388; x_wconf 78' lang='lat' dir='ltr'><strong>quia</strong></span> <span class='ocrx_word' id='word_1_708' title='bbox 2776 3317 2822 3370; x_wconf 77' lang='lat' dir='ltr'><strong>si</strong></span> <span class='ocrx_word' id='word_1_709' title='bbox 2858 3316 3030 3370; x_wconf 86' lang='lat' dir='ltr'><strong>anima</strong></span> <span class='ocrx_word' id='word_1_710' title='bbox 3070 3332 3170 3370; x_wconf 88' lang='lat' dir='ltr'><strong>non</strong></span> <span class='ocrx_word' id='word_1_711' title='bbox 3215 3324 3287 3371; x_wconf 81' lang='lat' dir='ltr'><strong>est</strong></span> <span class='ocrx_word' id='word_1_712' title='bbox 3326 3332 3390 3371; x_wconf 74' lang='lat' dir='ltr'><strong>ea:</strong></span> <span class='ocrx_word' id='word_1_713' title='bbox 3425 3317 3665 3381; x_wconf 83' lang='lat' dir='ltr'><strong>traduce,</strong></span> <span class='ocrx_word' id='word_1_714' title='bbox 3693 3316 3791 3371; x_wconf 73' lang='lat' dir='ltr'><strong>sed</strong></span> 
     </span>
    </p>
   </div>
   <div class='ocr_carea' id='block_1_92' title="bbox 2185 3404 3792 3481">
    <p class='ocr_par' dir='ltr' id='par_1_92' title="bbox 2185 3404 3792 3481">
     <span class='ocr_line' id='line_1_92' title="bbox 2185 3404 3792 3481; baseline 0 -19"><span class='ocrx_word' id='word_1_715' title='bbox 2185 3404 2300 3463; x_wconf 77' lang='lat' dir='ltr'><strong>sola</strong></span> <span class='ocrx_word' id='word_1_716' title='bbox 2335 3417 2476 3473; x_wconf 73' lang='lat' dir='ltr'><strong>cam,</strong></span> <span class='ocrx_word' id='word_1_717' title='bbox 2505 3407 2617 3481; x_wconf 65' lang='lat' dir='ltr'><strong>ipsa</strong></span> <span class='ocrx_word' id='word_1_718' title='bbox 2644 3415 2840 3465; x_wconf 71' lang='lat' dir='ltr'><strong>tmtum</strong></span> <span class='ocrx_word' id='word_1_719' title='bbox 2868 3406 3015 3462; x_wconf 82' lang='lat' dir='ltr'><strong>habet</strong></span> <span class='ocrx_word' id='word_1_720' title='bbox 3039 3407 3298 3462; x_wconf 85' lang='lat' dir='ltr'><strong>traducem</strong></span> <span class='ocrx_word' id='word_1_721' title='bbox 3337 3407 3548 3479; x_wconf 82' lang='lat' dir='ltr'><strong>peccati,</strong></span> <span class='ocrx_word' id='word_1_722' title='bbox 3581 3417 3626 3461; x_wconf 90' lang='lat' dir='ltr'><strong>et</strong></span> <span class='ocrx_word' id='word_1_723' title='bbox 3671 3408 3792 3478; x_wconf 79' lang='lat' dir='ltr'><strong>ipsa</strong></span> 
     </span>
    </p>
   </div>
   <div class='ocr_carea' id='block_1_93' title="bbox 2186 3497 3794 3569">
    <p class='ocr_par' dir='ltr' id='par_1_93' title="bbox 2186 3497 3794 3569">
     <span class='ocr_line' id='line_1_93' title="bbox 2186 3497 3794 3569; baseline 0 -17"><span class='ocrx_word' id='word_1_724' title='bbox 2186 3499 2297 3553; x_wconf 77' lang='lat' dir='ltr'><strong>sola</strong></span> <span class='ocrx_word' id='word_1_725' title='bbox 2327 3515 2526 3568; x_wconf 87' lang='lat' dir='ltr'><strong>poenam</strong></span> <span class='ocrx_word' id='word_1_726' title='bbox 2549 3507 2765 3553; x_wconf 88' lang='lat' dir='ltr'><strong>meretur</strong></span> <span class='ocrx_word' id='word_1_727' title='bbox 2799 3513 2818 3552; x_wconf 91' lang='lat'><strong><em>:</em></strong></span> <span class='ocrx_word' id='word_1_728' title='bbox 2861 3498 3110 3569; x_wconf 80' lang='lat' dir='ltr'><strong>injustam</strong></span> <span class='ocrx_word' id='word_1_729' title='bbox 3139 3515 3244 3553; x_wconf 78' lang='lat' dir='ltr'><strong>esse</strong></span> <span class='ocrx_word' id='word_1_730' title='bbox 3266 3497 3506 3564; x_wconf 79' lang='lat' dir='ltr'><strong>dicentes,</strong></span> <span class='ocrx_word' id='word_1_731' title='bbox 3536 3507 3592 3552; x_wconf 86' lang='lat' dir='ltr'><strong>ut</strong></span> <span class='ocrx_word' id='word_1_732' title='bbox 3633 3498 3794 3552; x_wconf 85' lang='lat' dir='ltr'><strong>hodie</strong></span> 
     </span>
    </p>
   </div>
   <div class='ocr_carea' id='block_1_94' title="bbox 2188 3587 3794 3659">
    <p class='ocr_par' dir='ltr' id='par_1_94' title="bbox 2188 3587 3794 3659">
     <span class='ocr_line' id='line_1_94' title="bbox 2188 3587 3794 3659; baseline 0.001 -16"><span class='ocrx_word' id='word_1_733' title='bbox 2188 3597 2310 3643; x_wconf 86' lang='lat' dir='ltr'><strong>nata</strong></span> <span class='ocrx_word' id='word_1_734' title='bbox 2335 3589 2507 3643; x_wconf 80' lang='lat' dir='ltr'><strong>anima</strong></span> <span class='ocrx_word' id='word_1_735' title='bbox 2526 3605 2627 3644; x_wconf 89' lang='lat' dir='ltr'><strong>non</strong></span> <span class='ocrx_word' id='word_1_736' title='bbox 2645 3604 2708 3643; x_wconf 79' lang='lat' dir='ltr'><strong>ea:</strong></span> <span class='ocrx_word' id='word_1_737' title='bbox 2734 3605 2903 3644; x_wconf 75' lang='lat' dir='ltr'><strong>massa</strong></span> <span class='ocrx_word' id='word_1_738' title='bbox 2919 3587 3064 3654; x_wconf 79' lang='lat' dir='ltr'><strong>Adte,</strong></span> <span class='ocrx_word' id='word_1_739' title='bbox 3102 3597 3204 3642; x_wconf 88' lang='lat' dir='ltr'><strong>tam</strong></span> <span class='ocrx_word' id='word_1_740' title='bbox 3223 3589 3486 3658; x_wconf 81' lang='lat' dir='ltr'><strong>antiquum</strong></span> <span class='ocrx_word' id='word_1_741' title='bbox 3521 3599 3794 3659; x_wconf 85' lang='lat' dir='ltr'><strong>peccatum</strong></span> 
     </span>
    </p>
   </div>
   <div class='ocr_carea' id='block_1_95' title="bbox 2185 3679 3794 3752">
    <p class='ocr_par' dir='ltr' id='par_1_95' title="bbox 2185 3679 3794 3752">
     <span class='ocr_line' id='line_1_95' title="bbox 2185 3679 3794 3752; baseline -0.001 -14"><span class='ocrx_word' id='word_1_742' title='bbox 2185 3689 2350 3752; x_wconf 70' lang='lat' dir='ltr'><strong>portet</strong></span> <span class='ocrx_word' id='word_1_743' title='bbox 2377 3682 2618 3742; x_wconf 64' lang='lat' dir='ltr'><strong>alienum.</strong></span> <span class='ocrx_word' id='word_1_744' title='bbox 2646 3680 2835 3751; x_wconf 68' lang='grc' dir='ltr'><strong>ρᾲηιηι</strong></span> <span class='ocrx_word' id='word_1_745' title='bbox 2857 3682 3028 3745; x_wconf 83' lang='lat' dir='ltr'><strong>etiam,</strong></span> <span class='ocrx_word' id='word_1_746' title='bbox 3057 3680 3246 3752; x_wconf 78' lang='lat' dir='ltr'><strong>inquit,</strong></span> <span class='ocrx_word' id='word_1_747' title='bbox 3277 3679 3420 3736; x_wconf 87' lang='lat' dir='ltr'><strong>nulla</strong></span> <span class='ocrx_word' id='word_1_748' title='bbox 3445 3683 3638 3736; x_wconf 84' lang='lat' dir='ltr'><strong>ratione</strong></span> <span class='ocrx_word' id='word_1_749' title='bbox 3668 3699 3794 3736; x_wconf 67' lang='lat' dir='ltr'><strong>con-v</strong></span> 
     </span>
    </p>
   </div>
   <div class='ocr_carea' id='block_1_96' title="bbox 2184 3774 3789 3849">
    <p class='ocr_par' dir='ltr' id='par_1_96' title="bbox 2184 3774 3789 3849">
     <span class='ocr_line' id='line_1_96' title="bbox 2184 3774 3789 3849; baseline 0.002 -21"><span class='ocrx_word' id='word_1_750' title='bbox 2184 3774 2376 3840; x_wconf 87' lang='lat' dir='ltr'><strong>cedi,ut</strong></span> <span class='ocrx_word' id='word_1_751' title='bbox 2396 3774 2532 3831; x_wconf 81' lang='lat' dir='ltr'><strong>Deus</strong></span> <span class='ocrx_word' id='word_1_752' title='bbox 2551 3775 2637 3849; x_wconf 84' lang='lat' dir='ltr'><strong>qui</strong></span> <span class='ocrx_word' id='word_1_753' title='bbox 2661 3776 2873 3847; x_wconf 86' lang='lat' dir='ltr'><strong>propria</strong></span> <span class='ocrx_word' id='word_1_754' title='bbox 2893 3783 3102 3846; x_wconf 87' lang='lat' dir='ltr'><strong>peccata</strong></span> <span class='ocrx_word' id='word_1_755' title='bbox 3117 3775 3343 3842; x_wconf 82' lang='lat' dir='ltr'><strong>remittit,</strong></span> <span class='ocrx_word' id='word_1_756' title='bbox 3363 3775 3570 3846; x_wconf 84' lang='lat' dir='ltr'><strong>imputet</strong></span> <span class='ocrx_word' id='word_1_757' title='bbox 3587 3775 3789 3831; x_wconf 84' lang='lat' dir='ltr'><strong>aliena.</strong></span> 
     </span>
    </p>
   </div>
   <div class='ocr_carea' id='block_1_97' title="bbox 2257 3865 3792 3936">
    <p class='ocr_par' dir='ltr' id='par_1_97' title="bbox 2257 3865 3792 3936">
     <span class='ocr_line' id='line_1_97' title="bbox 2257 3865 3792 3936; baseline -0.001 -12"><span class='ocrx_word' id='word_1_758' title='bbox 2257 3867 2311 3924; x_wconf 84' lang='lat'><strong>6.</strong></span> <span class='ocrx_word' id='word_1_759' title='bbox 2353 3866 2606 3936; x_wconf 75' lang='lat' dir='ltr'><strong>Videsne,</strong></span> <span class='ocrx_word' id='word_1_760' title='bbox 2647 3866 2912 3933; x_wconf 81' lang='lat' dir='ltr'><strong>obsecro,</strong></span> <span class='ocrx_word' id='word_1_761' title='bbox 2951 3865 3405 3936; x_wconf 76' lang='lat' dir='ltr'><strong>quemadmodum</strong></span> <span class='ocrx_word' id='word_1_762' title='bbox 3453 3865 3558 3924; x_wconf 83' lang='lat' dir='ltr'><strong>hoc</strong></span> <span class='ocrx_word' id='word_1_763' title='bbox 3603 3875 3792 3925; x_wconf 75' lang='lat' dir='ltr'><strong>totum</strong></span> 
     </span>
    </p>
   </div>
   <div class='ocr_carea' id='block_1_98' title="bbox 2186 3959 3790 4032">
    <p class='ocr_par' dir='ltr' id='par_1_98' title="bbox 2186 3959 3790 4032">
     <span class='ocr_line' id='line_1_98' title="bbox 2186 3959 3790 4032; baseline 0 -16"><span class='ocrx_word' id='word_1_764' title='bbox 2186 3960 2453 4032; x_wconf 86' lang='lat' dir='ltr'><strong>Pelagius,</strong></span> <span class='ocrx_word' id='word_1_765' title='bbox 2479 3975 2584 4016; x_wconf 92' lang='lat' dir='ltr'><strong>non</strong></span> <span class='ocrx_word' id='word_1_766' title='bbox 2613 3975 2679 4017; x_wconf 83' lang='lat' dir='ltr'><strong>ex</strong></span> <span class='ocrx_word' id='word_1_767' title='bbox 2703 3973 2818 4027; x_wconf 88' lang='lat' dir='ltr'><strong>sua,</strong></span> <span class='ocrx_word' id='word_1_768' title='bbox 2848 3959 2942 4016; x_wconf 91' lang='lat' dir='ltr'><strong>sed</strong></span> <span class='ocrx_word' id='word_1_769' title='bbox 2969 3976 3036 4016; x_wconf 82' lang='lat' dir='ltr'><strong>ex</strong></span> <span class='ocrx_word' id='word_1_770' title='bbox 3057 3959 3284 4016; x_wconf 87' lang='lat' dir='ltr'><strong>aliorum</strong></span> <span class='ocrx_word' id='word_1_771' title='bbox 3311 3975 3536 4030; x_wconf 88' lang='lat' dir='ltr'><strong>persona</strong></span> <span class='ocrx_word' id='word_1_772' title='bbox 3567 3959 3790 4016; x_wconf 83' lang='lat' dir='ltr'><strong>indide-</strong></span> 
     </span>
    </p>
   </div>
   <div class='ocr_carea' id='block_1_99' title="bbox 2185 4050 3794 4122">
    <p class='ocr_par' dir='ltr' id='par_1_99' title="bbox 2185 4050 3794 4122">
     <span class='ocr_line' id='line_1_99' title="bbox 2185 4050 3794 4122; baseline 0.002 -16"><span class='ocrx_word' id='word_1_773' title='bbox 2185 4052 2256 4106; x_wconf 89' lang='lat' dir='ltr'><strong>rit</strong></span> <span class='ocrx_word' id='word_1_774' title='bbox 2282 4051 2494 4122; x_wconf 86' lang='lat' dir='ltr'><strong>scriptis</strong></span> <span class='ocrx_word' id='word_1_775' title='bbox 2519 4053 2650 4120; x_wconf 89' lang='lat' dir='ltr'><strong>suis,</strong></span> <span class='ocrx_word' id='word_1_776' title='bbox 2683 4065 2856 4120; x_wconf 87' lang='lat' dir='ltr'><strong>usque</strong></span> <span class='ocrx_word' id='word_1_777' title='bbox 2876 4050 3012 4108; x_wconf 83' lang='lat' dir='ltr'><strong>adeo</strong></span> <span class='ocrx_word' id='word_1_778' title='bbox 3037 4051 3214 4108; x_wconf 88' lang='lat' dir='ltr'><strong>sciens</strong></span> <span class='ocrx_word' id='word_1_779' title='bbox 3241 4051 3379 4107; x_wconf 85' lang='lat' dir='ltr'><strong>hanc</strong></span> <span class='ocrx_word' id='word_1_780' title='bbox 3406 4051 3588 4107; x_wconf 87' lang='lat' dir='ltr'><strong>nescio</strong></span> <span class='ocrx_word' id='word_1_781' title='bbox 3615 4066 3794 4122; x_wconf 75' lang='lat' dir='ltr'><strong>quam</strong></span> 
     </span>
    </p>
   </div>
   <div class='ocr_carea' id='block_1_100' title="bbox 2184 4143 3789 4213">
    <p class='ocr_par' dir='ltr' id='par_1_100' title="bbox 2184 4143 3789 4213">
     <span class='ocr_line' id='line_1_100' title="bbox 2184 4143 3789 4213; baseline 0 -15"><span class='ocrx_word' id='word_1_782' title='bbox 2184 4158 2305 4198; x_wconf 81' lang='lat' dir='ltr'><strong>esse</strong></span> <span class='ocrx_word' id='word_1_783' title='bbox 2338 4143 2626 4198; x_wconf 85' lang='lat' dir='ltr'><strong>novitatem</strong></span> <span class='ocrx_word' id='word_1_784' title='bbox 2654 4184 2670 4209; x_wconf 94' lang='lat'><strong>,</strong></span> <span class='ocrx_word' id='word_1_785' title='bbox 2697 4158 2817 4212; x_wconf 74' lang='lat' dir='ltr'><strong>qua:</strong></span> <span class='ocrx_word' id='word_1_786' title='bbox 2847 4153 3031 4199; x_wconf 88' lang='lat' dir='ltr'><strong>contra</strong></span> <span class='ocrx_word' id='word_1_787' title='bbox 3059 4143 3330 4213; x_wconf 90' lang='lat' dir='ltr'><strong>antiquam</strong></span> <span class='ocrx_word' id='word_1_788' title='bbox 3361 4143 3611 4199; x_wconf 71' lang='lat' dir='ltr'><strong>Ecclesiae</strong></span> <span class='ocrx_word' id='word_1_789' title='bbox 3643 4144 3789 4199; x_wconf 62' lang='lat' dir='ltr'><strong>insi-</strong></span> 
     </span>
    </p>
   </div>
   <div class='ocr_carea' id='block_1_101' title="bbox 2183 4235 3791 4306">
    <p class='ocr_par' dir='ltr' id='par_1_101' title="bbox 2183 4235 3791 4306">
     <span class='ocr_line' id='line_1_101' title="bbox 2183 4235 3791 4306; baseline 0.002 -17"><span class='ocrx_word' id='word_1_790' title='bbox 2183 4242 2292 4290; x_wconf 88' lang='lat' dir='ltr'><strong>tam</strong></span> <span class='ocrx_word' id='word_1_791' title='bbox 2331 4235 2638 4306; x_wconf 88' lang='lat' dir='ltr'><strong>opinionem</strong></span> <span class='ocrx_word' id='word_1_792' title='bbox 2680 4249 2875 4291; x_wconf 87' lang='lat' dir='ltr'><strong>sonare</strong></span> <span class='ocrx_word' id='word_1_793' title='bbox 2921 4250 3062 4292; x_wconf 87' lang='lat' dir='ltr'><strong>nunc</strong></span> <span class='ocrx_word' id='word_1_794' title='bbox 3101 4235 3358 4306; x_wconf 85' lang='lat' dir='ltr'><strong>coeperit,</strong></span> <span class='ocrx_word' id='word_1_795' title='bbox 3392 4243 3450 4290; x_wconf 89' lang='lat' dir='ltr'><strong>ut</strong></span> <span class='ocrx_word' id='word_1_796' title='bbox 3493 4250 3610 4290; x_wconf 89' lang='lat' dir='ltr'><strong>eam</strong></span> <span class='ocrx_word' id='word_1_797' title='bbox 3662 4235 3791 4306; x_wconf 85' lang='lat' dir='ltr'><strong>ipso</strong></span> 
     </span>
    </p>
   </div>
   <div class='ocr_carea' id='block_1_102' title="bbox 2131 4325 3788 4394">
    <p class='ocr_par' dir='ltr' id='par_1_102' title="bbox 2131 4325 3788 4394">
     <span class='ocr_line' id='line_1_102' title="bbox 2131 4325 3788 4394; baseline 0.002 -13"><span class='ocrx_word' id='word_1_798' title='bbox 2131 4351 2137 4358; x_wconf 86' lang='lat'><strong><em>-</em></strong></span> <span class='ocrx_word' id='word_1_799' title='bbox 2182 4325 2428 4382; x_wconf 87' lang='lat' dir='ltr'><strong>conﬁteri</strong></span> <span class='ocrx_word' id='word_1_800' title='bbox 2447 4337 2542 4389; x_wconf 81' lang='lat' dir='ltr'><strong>aut</strong></span> <span class='ocrx_word' id='word_1_801' title='bbox 2567 4326 2978 4394; x_wconf 86' lang='lat' dir='ltr'><strong>verecundatus,</strong></span> <span class='ocrx_word' id='word_1_802' title='bbox 3001 4335 3093 4383; x_wconf 88' lang='lat' dir='ltr'><strong>aut</strong></span> <span class='ocrx_word' id='word_1_803' title='bbox 3117 4327 3317 4383; x_wconf 86' lang='lat' dir='ltr'><strong>veritus</strong></span> <span class='ocrx_word' id='word_1_804' title='bbox 3342 4325 3522 4384; x_wconf 69' lang='lat' dir='ltr'><strong>fuerit.</strong></span> <span class='ocrx_word' id='word_1_805' title='bbox 3546 4328 3613 4382; x_wconf 85' lang='lat' dir='ltr'><strong>Et</strong></span> <span class='ocrx_word' id='word_1_806' title='bbox 3635 4325 3788 4384; x_wconf 75' lang='lat' dir='ltr'><strong>forte</strong></span> 
     </span>
    </p>
   </div>
   <div class='ocr_carea' id='block_1_103' title="bbox 2184 4417 3786 4491">
    <p class='ocr_par' dir='ltr' id='par_1_103' title="bbox 2184 4417 3786 4491">
     <span class='ocr_line' id='line_1_103' title="bbox 2184 4417 3786 4491; baseline 0.002 -18"><span class='ocrx_word' id='word_1_807' title='bbox 2184 4417 2287 4474; x_wconf 85' lang='lat' dir='ltr'><strong>hoc</strong></span> <span class='ocrx_word' id='word_1_808' title='bbox 2308 4419 2423 4490; x_wconf 89' lang='lat' dir='ltr'><strong>ipse</strong></span> <span class='ocrx_word' id='word_1_809' title='bbox 2445 4435 2550 4474; x_wconf 91' lang='lat' dir='ltr'><strong>non</strong></span> <span class='ocrx_word' id='word_1_810' title='bbox 2573 4419 2758 4486; x_wconf 88' lang='lat' dir='ltr'><strong>sentit,</strong></span> <span class='ocrx_word' id='word_1_811' title='bbox 2777 4419 2918 4490; x_wconf 90' lang='lat' dir='ltr'><strong>quod</strong></span> <span class='ocrx_word' id='word_1_812' title='bbox 2939 4421 3057 4476; x_wconf 88' lang='lat' dir='ltr'><strong>sine</strong></span> <span class='ocrx_word' id='word_1_813' title='bbox 3077 4429 3298 4491; x_wconf 87' lang='lat' dir='ltr'><strong>peccato</strong></span> <span class='ocrx_word' id='word_1_814' title='bbox 3317 4429 3568 4476; x_wconf 77' lang='lat' dir='ltr'><strong>nascatur</strong></span> <span class='ocrx_word' id='word_1_815' title='bbox 3588 4418 3786 4488; x_wconf 85' lang='lat' dir='ltr'><strong>homo,</strong></span> 
     </span>
    </p>
   </div>
   <div class='ocr_carea' id='block_1_104' title="bbox 2181 4509 3790 4584">
    <p class='ocr_par' dir='ltr' id='par_1_104' title="bbox 2181 4509 3790 4584">
     <span class='ocr_line' id='line_1_104' title="bbox 2181 4509 3790 4584; baseline 0.001 -18"><span class='ocrx_word' id='word_1_816' title='bbox 2181 4510 2266 4566; x_wconf 89' lang='lat' dir='ltr'><strong>cui</strong></span> <span class='ocrx_word' id='word_1_817' title='bbox 2297 4509 2490 4566; x_wconf 83' lang='lat' dir='ltr'><strong>fatetur</strong></span> <span class='ocrx_word' id='word_1_818' title='bbox 2513 4511 2879 4568; x_wconf 84' lang='lat' dir='ltr'><strong>necessarium</strong></span> <span class='ocrx_word' id='word_1_819' title='bbox 2919 4525 3038 4568; x_wconf 87' lang='lat' dir='ltr'><strong>esse</strong></span> <span class='ocrx_word' id='word_1_820' title='bbox 3078 4511 3446 4584; x_wconf 86' lang='lat' dir='ltr'><strong>Baptismum,</strong></span> <span class='ocrx_word' id='word_1_821' title='bbox 3483 4512 3540 4567; x_wconf 87' lang='lat' dir='ltr'><strong>in</strong></span> <span class='ocrx_word' id='word_1_822' title='bbox 3569 4527 3682 4583; x_wconf 90' lang='lat' dir='ltr'><strong>quo</strong></span> <span class='ocrx_word' id='word_1_823' title='bbox 3719 4511 3790 4568; x_wconf 81' lang='lat' dir='ltr'><strong>ﬁt</strong></span> 
     </span>
    </p>
   </div>
   <div class='ocr_carea' id='block_1_105' title="bbox 2181 4602 3788 4676">
    <p class='ocr_par' dir='ltr' id='par_1_105' title="bbox 2181 4602 3788 4676">
     <span class='ocr_line' id='line_1_105' title="bbox 2181 4602 3788 4676; baseline 0.002 -18"><span class='ocrx_word' id='word_1_824' title='bbox 2181 4603 2426 4658; x_wconf 85' lang='lat' dir='ltr'><strong>remissio</strong></span> <span class='ocrx_word' id='word_1_825' title='bbox 2451 4611 2794 4674; x_wconf 81' lang='lat' dir='ltr'><strong>peccatorum</strong></span> <span class='ocrx_word' id='word_1_826' title='bbox 2821 4621 2835 4659; x_wconf 88' lang='lat'><strong>:</strong></span> <span class='ocrx_word' id='word_1_827' title='bbox 2865 4611 2920 4659; x_wconf 88' lang='lat' dir='ltr'><strong>et</strong></span> <span class='ocrx_word' id='word_1_828' title='bbox 2945 4603 2967 4636; x_wconf 84' lang='grc'>³</span> <span class='ocrx_word' id='word_1_829' title='bbox 2995 4602 3135 4674; x_wconf 89' lang='lat' dir='ltr'><strong>quod</strong></span> <span class='ocrx_word' id='word_1_830' title='bbox 3165 4603 3283 4660; x_wconf 88' lang='lat' dir='ltr'><strong>sine</strong></span> <span class='ocrx_word' id='word_1_831' title='bbox 3305 4611 3526 4676; x_wconf 84' lang='lat' dir='ltr'><strong>peccato</strong></span> <span class='ocrx_word' id='word_1_832' title='bbox 3549 4603 3788 4662; x_wconf 77' lang='lat' dir='ltr'><strong>damnc-</strong></span> 
     </span>
    </p>
   </div>
   <div class='ocr_carea' id='block_1_106' title="bbox 2179 4692 3788 4766">
    <p class='ocr_par' dir='ltr' id='par_1_106' title="bbox 2179 4692 3788 4766">
     <span class='ocr_line' id='line_1_106' title="bbox 2179 4692 3788 4766; baseline 0.004 -18"><span class='ocrx_word' id='word_1_833' title='bbox 2179 4701 2268 4749; x_wconf 90' lang='lat' dir='ltr'><strong>tur</strong></span> <span class='ocrx_word' id='word_1_834' title='bbox 2305 4692 2468 4751; x_wconf 89' lang='lat' dir='ltr'><strong>homo</strong></span> <span class='ocrx_word' id='word_1_835' title='bbox 2492 4737 2506 4761; x_wconf 90' lang='lat'><strong>,</strong></span> <span class='ocrx_word' id='word_1_836' title='bbox 2542 4710 2700 4766; x_wconf 88' lang='lat' dir='ltr'><strong>quem</strong></span> <span class='ocrx_word' id='word_1_837' title='bbox 2731 4709 2950 4752; x_wconf 84' lang='lat' dir='ltr'><strong>necesse</strong></span> <span class='ocrx_word' id='word_1_838' title='bbox 2975 4699 3058 4751; x_wconf 82' lang='lat' dir='ltr'><strong>est</strong></span> <span class='ocrx_word' id='word_1_839' title='bbox 3083 4711 3188 4750; x_wconf 93' lang='lat' dir='ltr'><strong>non</strong></span> <span class='ocrx_word' id='word_1_840' title='bbox 3227 4695 3553 4766; x_wconf 86' lang='lat' dir='ltr'><strong>baptizatum</strong></span> <span class='ocrx_word' id='word_1_841' title='bbox 3579 4695 3632 4754; x_wconf 89' lang='lat' dir='ltr'><strong>in</strong></span> <span class='ocrx_word' id='word_1_842' title='bbox 3665 4712 3788 4754; x_wconf 81' lang='lat' dir='ltr'><strong>non</strong></span> 
     </span>
    </p>
   </div>
   <div class='ocr_carea' id='block_1_107' title="bbox 2179 4785 3788 4862">
    <p class='ocr_par' dir='ltr' id='par_1_107' title="bbox 2179 4785 3788 4862">
     <span class='ocr_line' id='line_1_107' title="bbox 2179 4785 3788 4862; baseline 0.003 -20"><span class='ocrx_word' id='word_1_843' title='bbox 2179 4785 2519 4842; x_wconf 88' lang='lat' dir='ltr'><strong>credentibus</strong></span> <span class='ocrx_word' id='word_1_844' title='bbox 2555 4787 2829 4857; x_wconf 88' lang='lat' dir='ltr'><strong>deputari;</strong></span> <span class='ocrx_word' id='word_1_845' title='bbox 2859 4789 2983 4859; x_wconf 83' lang='lat' dir='ltr'><strong>quia</strong></span> <span class='ocrx_word' id='word_1_846' title='bbox 3020 4788 3508 4860; x_wconf 80' lang='lat' dir='ltr'><strong>utiqueScriptura</strong></span> <span class='ocrx_word' id='word_1_847' title='bbox 3537 4805 3788 4862; x_wconf 83' lang='lat' dir='ltr'><strong>evange-</strong></span> 
     </span>
    </p>
   </div>
   <div class='ocr_carea' id='block_1_108' title="bbox 2181 4877 3784 4954">
    <p class='ocr_par' dir='ltr' id='par_1_108' title="bbox 2181 4877 3784 4954">
     <span class='ocr_line' id='line_1_108' title="bbox 2181 4877 3784 4954; baseline 0.004 -22"><span class='ocrx_word' id='word_1_848' title='bbox 2181 4877 2282 4935; x_wconf 88' lang='lat' dir='ltr'><strong>lica</strong></span> <span class='ocrx_word' id='word_1_849' title='bbox 2313 4878 2493 4935; x_wconf 80' lang='lat' dir='ltr'><strong>fallere</strong></span> <span class='ocrx_word' id='word_1_850' title='bbox 2520 4894 2624 4935; x_wconf 87' lang='lat' dir='ltr'><strong>non</strong></span> <span class='ocrx_word' id='word_1_851' title='bbox 2665 4888 2881 4950; x_wconf 89' lang='lat' dir='ltr'><strong>potest,</strong></span> <span class='ocrx_word' id='word_1_852' title='bbox 2926 4881 2978 4935; x_wconf 91' lang='lat' dir='ltr'><strong>in</strong></span> <span class='ocrx_word' id='word_1_853' title='bbox 3019 4895 3126 4952; x_wconf 84' lang='lat' dir='ltr'><strong>qua</strong></span> <span class='ocrx_word' id='word_1_854' title='bbox 3169 4881 3502 4953; x_wconf 86' lang='lat' dir='ltr'><strong>apertissime</strong></span> <span class='ocrx_word' id='word_1_855' title='bbox 3540 4883 3740 4954; x_wconf 88' lang='lat' dir='ltr'><strong>legitur</strong></span> <span class='ocrx_word' id='word_1_856' title='bbox 3764 4926 3784 4950; x_wconf 92' lang='lat'><strong>,</strong></span> 
     </span>
    </p>
   </div>
   <div class='ocr_carea' id='block_1_109' title="bbox 2183 4971 3790 5048">
    <p class='ocr_par' dir='ltr' id='par_1_109' title="bbox 2183 4971 3790 5048">
     <span class='ocr_line' id='line_1_109' title="bbox 2183 4971 3790 5048; baseline 0.005 -22"><span class='ocrx_word' id='word_1_857' title='bbox 2183 4971 2283 5038; x_wconf 80' lang='lat' dir='ltr'><strong>Qui</strong></span> <span class='ocrx_word' id='word_1_858' title='bbox 2324 4989 2424 5028; x_wconf 87' lang='lat' dir='ltr'><strong>non</strong></span> <span class='ocrx_word' id='word_1_859' title='bbox 2451 4973 2739 5038; x_wconf 83' lang='lat' dir='ltr'><strong>crediderit,</strong></span> <span class='ocrx_word' id='word_1_860' title='bbox 2785 4974 3209 5030; x_wconf 79' lang='lat' dir='ltr'><strong>condemnabitur</strong></span> <span class='ocrx_word' id='word_1_861' title='bbox 3247 4991 3267 5030; x_wconf 91' lang='lat'><strong><em>:</em></strong></span> <span class='ocrx_word' id='word_1_862' title='bbox 3306 4984 3598 5046; x_wconf 85' lang='lat' dir='ltr'><strong>postremo,</strong></span> <span class='ocrx_word' id='word_1_863' title='bbox 3629 4978 3790 5048; x_wconf 83' lang='lat' dir='ltr'><strong>quod</strong></span> 
     </span>
    </p>
   </div>
   <div class='ocr_carea' id='block_1_110' title="bbox 2178 5063 3784 5139">
    <p class='ocr_par' dir='ltr' id='par_1_110' title="bbox 2178 5063 3784 5139">
     <span class='ocr_line' id='line_1_110' title="bbox 2178 5063 3784 5139; baseline 0.002 -19"><span class='ocrx_word' id='word_1_864' title='bbox 2178 5063 2295 5120; x_wconf 83' lang='lat' dir='ltr'><strong>sine</strong></span> <span class='ocrx_word' id='word_1_865' title='bbox 2334 5073 2551 5136; x_wconf 83' lang='lat' dir='ltr'><strong>peccato</strong></span> <span class='ocrx_word' id='word_1_866' title='bbox 2591 5066 2765 5138; x_wconf 81' lang='lat' dir='ltr'><strong>imago</strong></span> <span class='ocrx_word' id='word_1_867' title='bbox 2811 5066 2902 5122; x_wconf 84' lang='lat' dir='ltr'><strong>Dei</strong></span> <span class='ocrx_word' id='word_1_868' title='bbox 2945 5082 3049 5121; x_wconf 91' lang='lat' dir='ltr'><strong>non</strong></span> <span class='ocrx_word' id='word_1_869' title='bbox 3094 5067 3405 5122; x_wconf 80' lang='lat' dir='ltr'><strong>admittatur</strong></span> <span class='ocrx_word' id='word_1_870' title='bbox 3446 5067 3516 5124; x_wconf 84' lang='lat' dir='ltr'><strong>ad</strong></span> <span class='ocrx_word' id='word_1_871' title='bbox 3547 5084 3784 5139; x_wconf 76' lang='lat' dir='ltr'><strong>regnum</strong></span> 
     </span>
    </p>
   </div>
   <div class='ocr_carea' id='block_1_111' title="bbox 2179 5155 3776 5230">
    <p class='ocr_par' dir='ltr' id='par_1_111' title="bbox 2179 5155 3776 5230">
     <span class='ocr_line' id='line_1_111' title="bbox 2179 5155 3776 5230; baseline 0.003 -20"><span class='ocrx_word' id='word_1_872' title='bbox 2179 5155 2294 5222; x_wconf 87' lang='lat' dir='ltr'><strong>Dei,</strong></span> <span class='ocrx_word' id='word_1_873' title='bbox 2325 5157 2571 5227; x_wconf 85' lang='lat' dir='ltr'><strong>quoniam</strong></span> <span class='ocrx_word' id='word_1_874' title='bbox 2601 5157 2698 5212; x_wconf 77' lang='lat' dir='ltr'><strong>nisi</strong></span> <span class='ocrx_word' id='word_1_875' title='bbox 2726 5157 2838 5228; x_wconf 81' lang='lat' dir='ltr'><strong>quis</strong></span> <span class='ocrx_word' id='word_1_876' title='bbox 2860 5167 3065 5214; x_wconf 77' lang='lat' dir='ltr'><strong>renatus</strong></span> <span class='ocrx_word' id='word_1_877' title='bbox 3085 5161 3238 5230; x_wconf 77' lang='lat' dir='ltr'><strong>fuerit</strong></span> <span class='ocrx_word' id='word_1_878' title='bbox 3259 5175 3323 5214; x_wconf 78' lang='lat' dir='ltr'><strong>ea:</strong></span> <span class='ocrx_word' id='word_1_879' title='bbox 3339 5173 3474 5229; x_wconf 85' lang='lat' dir='ltr'><strong>aqua</strong></span> <span class='ocrx_word' id='word_1_880' title='bbox 3493 5167 3539 5213; x_wconf 87' lang='lat' dir='ltr'><strong>et</strong></span> <span class='ocrx_word' id='word_1_881' title='bbox 3558 5161 3776 5228; x_wconf 80' lang='lat' dir='ltr'><strong>spiritu,</strong></span> 
     </span>
    </p>
   </div>
   <div class='ocr_carea' id='block_1_112' title="bbox 2242 5247 3793 5314">
    <p class='ocr_par' dir='ltr' id='par_1_112' title="bbox 2242 5247 3793 5314">
     <span class='ocr_line' id='line_1_112' title="bbox 2242 5247 3793 5314; baseline 0.012 -17"><span class='ocrx_word' id='word_1_882' title='bbox 2242 5247 2502 5314; x_wconf 49' lang='lat' dir='ltr'><strong>{pailicani</strong></span> <span class='ocrx_word' id='word_1_883' title='bbox 2534 5263 2711 5314; x_wconf 79' lang='lat' dir='ltr'><strong>omnes</strong></span> <span class='ocrx_word' id='word_1_884' title='bbox 2729 5251 3038 5314; x_wconf 78' lang='lat' dir='ltr'><strong>ntanuscrlpli</strong></span> <span class='ocrx_word' id='word_1_885' title='bbox 3060 5251 3304 5314; x_wconf 74' lang='lat' dir='ltr'><strong>omittunt,</strong></span> <span class='ocrx_word' id='word_1_886' title='bbox 3341 5248 3552 5314; x_wconf 70' lang='lat' dir='ltr'><strong>bam:</strong></span> <span class='ocrx_word' id='word_1_887' title='bbox 3573 5259 3793 5306; x_wconf 76' lang='lat' dir='ltr'><strong>retenta</strong></span> 
     </span>
    </p>
   </div>
   <div class='ocr_carea' id='block_1_113' title="bbox 2175 5309 3786 5378">
    <p class='ocr_par' dir='ltr' id='par_1_113' title="bbox 2175 5309 3786 5378">
     <span class='ocr_line' id='line_1_113' title="bbox 2175 5309 3786 5378; baseline 0.005 -18"><span class='ocrx_word' id='word_1_888' title='bbox 2175 5309 2486 5378; x_wconf 81' lang='lat' dir='ltr'><strong>nihilominus</strong></span> <span class='ocrx_word' id='word_1_889' title='bbox 2517 5313 2571 5378; x_wconf 81' lang='lat' dir='ltr'><strong>in</strong></span> <span class='ocrx_word' id='word_1_890' title='bbox 2591 5311 2839 5378; x_wconf 77' lang='lat' dir='ltr'><strong>plerisque</strong></span> <span class='ocrx_word' id='word_1_891' title='bbox 2863 5309 3219 5378; x_wconf 64' lang='lat' dir='ltr'><strong>prwpmitione,</strong></span> <span class='ocrx_word' id='word_1_892' title='bbox 3243 5309 3329 5375; x_wconf 81' lang='lat' dir='ltr'><strong>ac,</strong></span> <span class='ocrx_word' id='word_1_893' title='bbox 3355 5312 3437 5378; x_wconf 73' lang='lat' dir='ltr'><strong>vel</strong></span> <span class='ocrx_word' id='word_1_894' title='bbox 3472 5309 3546 5365; x_wconf 78' lang='lat' dir='ltr'><strong>sic</strong></span> <span class='ocrx_word' id='word_1_895' title='bbox 3569 5322 3786 5378; x_wconf 81' lang='lat' dir='ltr'><strong>mutata,</strong></span> 
     </span>
    </p>
   </div>
   <div class='ocr_carea' id='block_1_114' title="bbox 2175 5373 3498 5440">
    <p class='ocr_par' dir='ltr' id='par_1_114' title="bbox 2175 5373 3498 5440">
     <span class='ocr_line' id='line_1_114' title="bbox 2175 5373 3498 5440; baseline 0.001 -18"><span class='ocrx_word' id='word_1_896' title='bbox 2175 5379 2232 5424; x_wconf 89' lang='lat' dir='ltr'><strong>ut</strong></span> <span class='ocrx_word' id='word_1_897' title='bbox 2242 5374 2303 5440; x_wconf 77' lang='lat' dir='ltr'><strong>in</strong></span> <span class='ocrx_word' id='word_1_898' title='bbox 2315 5373 2609 5440; x_wconf 72' lang='lat' dir='ltr'><strong>quibusdam</strong></span> <span class='ocrx_word' id='word_1_899' title='bbox 2621 5373 2832 5438; x_wconf 82' lang='lat' dir='ltr'><strong>legatur,</strong></span> <span class='ocrx_word' id='word_1_900' title='bbox 2853 5373 2917 5424; x_wconf 75' lang='lat' dir='ltr'><strong>(td</strong></span> <span class='ocrx_word' id='word_1_901' title='bbox 2937 5373 3304 5440; x_wconf 64' lang='lat' dir='ltr'><strong>p&#39;ra’dicandurn</strong></span> <span class='ocrx_word' id='word_1_902' title='bbox 3316 5373 3498 5440; x_wconf 59' lang='lat' dir='ltr'><strong>pirum.</strong></span> 
     </span>
    </p>
   </div>
   <div class='ocr_carea' id='block_1_115' title="bbox 2239 5434 3790 5502">
    <p class='ocr_par' dir='ltr' id='par_1_115' title="bbox 2239 5434 3790 5502">
     <span class='ocr_line' id='line_1_115' title="bbox 2239 5434 3790 5502; baseline 0.003 -17"><span class='ocrx_word' id='word_1_903' title='bbox 2239 5437 2260 5466; x_wconf 77' lang='grc'><em>³</em></span> <span class='ocrx_word' id='word_1_904' title='bbox 2285 5434 2454 5502; x_wconf 68' lang='lat' dir='ltr'><strong>Plures</strong></span> <span class='ocrx_word' id='word_1_905' title='bbox 2486 5445 2610 5498; x_wconf 67' lang='lat' dir='ltr'><strong>Mss,</strong></span> <span class='ocrx_word' id='word_1_906' title='bbox 2635 5434 2728 5502; x_wconf 76' lang='lat' dir='ltr'><strong>non</strong></span> <span class='ocrx_word' id='word_1_907' title='bbox 2747 5434 3033 5502; x_wconf 59' lang='lat' dir='ltr'><strong>expugnent</strong></span> <span class='ocrx_word' id='word_1_908' title='bbox 3077 5439 3205 5502; x_wconf 76' lang='lat' dir='ltr'><strong>quod</strong></span> <span class='ocrx_word' id='word_1_909' title='bbox 3241 5435 3476 5502; x_wconf 69' lang='lat' dir='ltr'><strong>dicimus,</strong></span> <span class='ocrx_word' id='word_1_910' title='bbox 3499 5435 3586 5502; x_wconf 79' lang='lat' dir='ltr'><strong>sed</strong></span> <span class='ocrx_word' id='word_1_911' title='bbox 3623 5437 3790 5489; x_wconf 80' lang='lat' dir='ltr'><strong>etiam</strong></span> 
     </span>
    </p>
   </div>
   <div class='ocr_carea' id='block_1_116' title="bbox 2171 5473 3786 5614">
    <p class='ocr_par' dir='ltr' id='par_1_116' title="bbox 2171 5473 3786 5614">
     <span class='ocr_line' id='line_1_116' title="bbox 2171 5473 3786 5565; baseline 0.002 -16"><span class='ocrx_word' id='word_1_912' title='bbox 2171 5508 2260 5549; x_wconf 77' lang='lat' dir='ltr'><strong>nos</strong></span> <span class='ocrx_word' id='word_1_913' title='bbox 2278 5473 2574 5552; x_wconf 63' lang='lat' dir='ltr'><strong>tam</strong></span> <span class='ocrx_word' id='word_1_914' title='bbox 2579 5473 3048 5564; x_wconf 55' lang='lat' dir='ltr'><strong>assumunt</strong></span> <span class='ocrx_word' id='word_1_915' title='bbox 3077 5473 3226 5563; x_wconf 52' lang='lat' dir='ltr'><strong>illiillo</strong></span> <span class='ocrx_word' id='word_1_916' title='bbox 3241 5473 3786 5565; x_wconf 58' lang='grc' dir='ltr'><strong>ἷὸἑζἻιὶυῖΓᾳιῖὂόῖεὲ</strong></span> 
     </span>
     <span class='ocr_line' id='line_1_117' title="bbox 2171 5559 2744 5614; baseline -0.002 -3"><span class='ocrx_word' id='word_1_917' title='bbox 2171 5559 2394 5614; x_wconf 85' lang='lat' dir='ltr'><strong>addunt:</strong></span> <span class='ocrx_word' id='word_1_918' title='bbox 2417 5575 2522 5614; x_wconf 81' lang='lat' dir='ltr'><strong>oro.</strong></span> <span class='ocrx_word' id='word_1_919' title='bbox 2538 5559 2744 5614; x_wconf 81' lang='lat' dir='ltr'><strong>accedit.</strong></span> 
     </span>
    </p>
   </div>
   <div class='ocr_carea' id='block_1_117' title="bbox 2381 5573 2744 5612">
    <p class='ocr_par' dir='ltr' id='par_1_117' title="bbox 2381 5573 2744 5612">
     <span class='ocr_line' id='line_1_118' title="bbox 2381 5573 2744 5612; baseline -0.006 0"><span class='ocrx_word' id='word_1_920' title='bbox 2381 5573 2394 5612; x_wconf 75' lang='grc' dir='ltr'><strong><em>ἶ</em></strong></span> <span class='ocrx_word' id='word_1_921' title='bbox 2417 5575 2522 5612; x_wconf 78' lang='lat' dir='ltr'><strong>DI&#39;O.</strong></span> <span class='ocrx_word' id='word_1_922' title='bbox 2538 5573 2744 5612; x_wconf 72' lang='grc' dir='ltr'><strong>αοεεαα.</strong></span> 
     </span>
    </p>
   </div>
   <div class='ocr_carea' id='block_1_118' title="bbox 2236 5575 3784 5686">
    <p class='ocr_par' dir='ltr' id='par_1_118' title="bbox 2236 5575 3784 5686">
     <span class='ocr_line' id='line_1_119' title="bbox 2236 5575 3784 5686; baseline 0.001 -14"><span class='ocrx_word' id='word_1_923' title='bbox 2236 5575 2524 5683; x_wconf 45' lang='grc' dir='ltr'><strong>βίᾚῑῖοῗᾛξ</strong></span> <span class='ocrx_word' id='word_1_924' title='bbox 2538 5575 2775 5686; x_wconf 52' lang='grc' dir='ltr'><strong>ἓίεξῧὲἐζ</strong></span> <span class='ocrx_word' id='word_1_925' title='bbox 2791 5634 2820 5672; x_wconf 88' lang='lat' dir='ltr'><strong>a</strong></span> <span class='ocrx_word' id='word_1_926' title='bbox 2835 5623 3198 5686; x_wconf 82' lang='lat' dir='ltr'><strong>manuscriptis;</strong></span> <span class='ocrx_word' id='word_1_927' title='bbox 3221 5624 3311 5676; x_wconf 86' lang='lat' dir='ltr'><strong>sed</strong></span> <span class='ocrx_word' id='word_1_928' title='bbox 3343 5630 3508 5676; x_wconf 79' lang='lat' dir='ltr'><strong>exstat</strong></span> <span class='ocrx_word' id='word_1_929' title='bbox 3527 5623 3580 5674; x_wconf 89' lang='lat' dir='ltr'><strong>in</strong></span> <span class='ocrx_word' id='word_1_930' title='bbox 3604 5623 3784 5686; x_wconf 80' lang='lat' dir='ltr'><strong>editis,</strong></span> 
     </span>
    </p>
   </div>
   <div class='ocr_carea' id='block_1_119' title="bbox 2170 5684 3784 5755">
    <p class='ocr_par' dir='ltr' id='par_1_119' title="bbox 2170 5684 3784 5755">
     <span class='ocr_line' id='line_1_120' title="bbox 2170 5684 3784 5755; baseline 0.003 -22"><span class='ocrx_word' id='word_1_931' title='bbox 2170 5697 2374 5755; x_wconf 66' lang='grc' dir='ltr'><strong>ψει-πω</strong></span> <span class='ocrx_word' id='word_1_932' title='bbox 2404 5687 2716 5755; x_wconf 67' lang='lat' dir='ltr'><strong>antiquiores</strong></span> <span class='ocrx_word' id='word_1_933' title='bbox 2736 5684 2873 5755; x_wconf 79' lang='lat' dir='ltr'><strong>duo,</strong></span> <span class='ocrx_word' id='word_1_934' title='bbox 2901 5695 3000 5739; x_wconf 74' lang='lat' dir='ltr'><strong>Ant.</strong></span> <span class='ocrx_word' id='word_1_935' title='bbox 3027 5684 3194 5755; x_wconf 54' lang='lat' dir='ltr'><strong>efﬁgi</strong></span> <span class='ocrx_word' id='word_1_936' title='bbox 3217 5687 3290 5737; x_wconf 85' lang='lat' dir='ltr'><strong>sic</strong></span> <span class='ocrx_word' id='word_1_937' title='bbox 3319 5688 3524 5748; x_wconf 78' lang='lat' dir='ltr'><strong>habent,</strong></span> <span class='ocrx_word' id='word_1_938' title='bbox 3559 5689 3606 5738; x_wconf 86' lang='lat' dir='ltr'><strong>et</strong></span> <span class='ocrx_word' id='word_1_939' title='bbox 3631 5684 3784 5755; x_wconf 65' lang='lat' dir='ltr'><strong>quod</strong></span> 
     </span>
    </p>
   </div>
   <div class='ocr_carea' id='block_1_120' title="bbox 2169 5745 3788 5818">
    <p class='ocr_par' dir='ltr' id='par_1_120' title="bbox 2169 5745 3788 5818">
     <span class='ocr_line' id='line_1_121' title="bbox 2169 5745 3788 5818; baseline 0.001 -20"><span class='ocrx_word' id='word_1_940' title='bbox 2169 5745 2806 5818; x_wconf 35' lang='lat' dir='ltr'><strong>sine‘tlaptisnto&#39;damnetur</strong></span> <span class='ocrx_word' id='word_1_941' title='bbox 2829 5746 3000 5818; x_wconf 48' lang='lat' dir='ltr'><strong>homo;</strong></span> <span class='ocrx_word' id='word_1_942' title='bbox 3021 5755 3072 5797; x_wconf 86' lang='lat' dir='ltr'><strong>et</strong></span> <span class='ocrx_word' id='word_1_943' title='bbox 3093 5747 3486 5818; x_wconf 73' lang='lat' dir='ltr'><strong>infra,_postremo</strong></span> <span class='ocrx_word' id='word_1_944' title='bbox 3510 5745 3643 5814; x_wconf 79' lang='lat' dir='ltr'><strong>quod</strong></span> <span class='ocrx_word' id='word_1_945' title='bbox 3653 5745 3788 5800; x_wconf 65' lang='grc' dir='ltr'><strong>’δίκα</strong></span> 
     </span>
    </p>
   </div>
   <div class='ocr_carea' id='block_1_121' title="bbox 2169 5807 3786 5938">
    <p class='ocr_par' dir='ltr' id='par_1_121' title="bbox 2169 5807 3786 5938">
     <span class='ocr_line' id='line_1_122' title="bbox 2170 5807 3784 5874; baseline 0.003 -18"><span class='ocrx_word' id='word_1_946' title='bbox 2170 5807 2413 5871; x_wconf 73' lang='lat' dir='ltr'><strong>Baptism-0</strong></span> <span class='ocrx_word' id='word_1_947' title='bbox 2443 5808 2598 5874; x_wconf 80' lang='lat' dir='ltr'><strong>imago</strong></span> <span class='ocrx_word' id='word_1_948' title='bbox 2623 5807 2727 5870; x_wconf 78' lang='lat' dir='ltr'><strong>Dei,</strong></span> <span class='ocrx_word' id='word_1_949' title='bbox 2756 5814 2870 5868; x_wconf 84' lang='lat' dir='ltr'><strong>etc.,</strong></span> <span class='ocrx_word' id='word_1_950' title='bbox 2909 5807 3056 5869; x_wconf 88' lang='lat' dir='ltr'><strong>male,</strong></span> <span class='ocrx_word' id='word_1_951' title='bbox 3100 5824 3156 5860; x_wconf 86' lang='lat' dir='ltr'><strong>ac</strong></span> <span class='ocrx_word' id='word_1_952' title='bbox 3177 5807 3536 5862; x_wconf 76' lang='lat' dir='ltr'><strong>reluctantibus</strong></span> <span class='ocrx_word' id='word_1_953' title='bbox 3551 5818 3784 5874; x_wconf 77' lang='lat' dir='ltr'><strong>utroque</strong></span> 
     </span>
     <span class='ocr_line' id='line_1_123' title="bbox 2169 5868 3786 5938; baseline 0.004 -19"><span class='ocrx_word' id='word_1_954' title='bbox 2169 5868 2276 5938; x_wconf 85' lang='lat' dir='ltr'><strong>loco</strong></span> <span class='ocrx_word' id='word_1_955' title='bbox 2299 5873 2652 5936; x_wconf 62' lang='lat' dir='ltr'><strong>manum-lpus,</strong></span> <span class='ocrx_word' id='word_1_956' title='bbox 2669 5872 2880 5936; x_wconf 85' lang='lat' dir='ltr'><strong>quicum</strong></span> <span class='ocrx_word' id='word_1_957' title='bbox 2897 5879 3006 5926; x_wconf 73' lang='grc' dir='ltr'><strong>ιον.</strong></span> <span class='ocrx_word' id='word_1_958' title='bbox 3028 5881 3304 5926; x_wconf 85' lang='lat' dir='ltr'><strong>constanter</strong></span> <span class='ocrx_word' id='word_1_959' title='bbox 3323 5875 3505 5938; x_wconf 81' lang='lat' dir='ltr'><strong>ferunt,</strong></span> <span class='ocrx_word' id='word_1_960' title='bbox 3528 5872 3632 5926; x_wconf 80' lang='lat' dir='ltr'><strong>sine</strong></span> <span class='ocrx_word' id='word_1_961' title='bbox 3657 5886 3786 5938; x_wconf 68' lang='grc' dir='ltr'><strong>ρκ-</strong></span> 
     </span>
    </p>
   </div>
  </div>
