3984 6498
459 424 561 485 l9!

460 535 861 610 percipiendum
891 548 985 591 eos
1023 530 1371 598 defendcbat,
1406 529 1659 586 auferret.
1688 528 1855 584 Potes
1876 527 2045 597 ipsam

460 630 737 701 epistolam
776 625 1053 683 memorati
1077 624 1329 698 martyris
1355 624 1422 679 de
1446 621 1788 693 Baptizandis
1812 618 2047 690 parvulis
2115 687 2122 694 ι

458 723 657 795 legere,
683 723 727 777 si
755 720 985 776 volueris
1008 735 1022 774 :
1048 734 1220 791 neque
1239 719 1382 774 enim
1408 726 1583 789 potest
1606 717 1796 773 deesse
1815 713 2044 771 Cartha-

461 815 596 884 gini.
624 812 822 868 Verum
854 812 905 866 in
944 811 1081 868 hanc
1113 813 1272 869 etiam
1309 820 1576 878 nostram,
1605 818 1860 881 quantum
1905 822 2044 878 prte-

458 908 595 963 scnti
631 906 910 978 quaestioni
945 908 1077 963 satis
1116 906 1287 961 visum
1318 914 1430 974 est,
1460 920 1628 976 pauca
1667 902 1790 959 inde
1820 900 2046 957 transfe-

457 999 621 1054 renda
653 999 942 1056 arbritatus
968 1016 1108 1066 sum,
1136 1016 1253 1071 quae
1280 999 1574 1072 prudenter
1600 996 1836 1052 attende.
1870 996 2046 1064 Quan-

457 1101 561 1145 tum
582 1108 718 1160 vero,
748 1092 951 1164 inquit,
984 1092 1052 1146 ad
1088 1108 1291 1146 causam
1318 1090 1593 1161 infantium
1634 1090 1847 1159 pertinet
1874 1130 1889 1156 ,
1917 1102 2043 1159 quos

456 1180 630 1237 dixisti
656 1184 791 1237 intra
825 1184 1100 1237 secundum
1137 1181 1216 1238 vel
1247 1182 1449 1237 tertium
1483 1181 1616 1236 diem
1641 1197 1738 1251 quo
1778 1178 1886 1233 nati
1925 1185 2042 1234 sunt

455 1275 770 1342 constitutos,
790 1276 1036 1345 baptizari
1054 1291 1152 1329 non
1173 1284 1421 1346 oportere,
1439 1283 1484 1328 et
1503 1271 1920 1327 considerandam
1939 1286 2045 1325 esse

456 1368 615 1438 legem
656 1367 1049 1421 circumcisionis
1088 1366 1309 1436 antiqua:
1331 1406 1345 1430 ,
1377 1374 1432 1418 ut
1471 1365 1607 1418 intra
1643 1371 1873 1417 octavum
1910 1361 2042 1415 diem

455 1461 679 1532 eumqui
706 1468 855 1514 natus
880 1469 953 1514 est
991 1458 1352 1529 baptizandum
1390 1466 1436 1512 et
1477 1455 1898 1527 sanctiﬁcandum
1940 1469 2043 1508 non

459 1562 704 1625 putares;
747 1551 894 1624 longe
933 1552 1075 1605 aliud
1118 1553 1173 1606 in
1209 1551 1420 1606 concilio
1461 1559 1633 1605 nostro
1664 1549 1826 1603 visum
1854 1555 1944 1601 est.
1972 1543 2045 1600 In

461 1645 557 1700 hoc
581 1647 714 1700 enim
738 1646 872 1715 quod
897 1655 951 1699 tu
977 1645 1189 1715 putabas
1231 1661 1336 1699 esse
1373 1643 1691 1715 faciendum,
1732 1656 1877 1696 nemo
1916 1653 2043 1692 con-

453 1738 647 1802 sensit;
674 1736 763 1791 sed
782 1737 999 1792 universi
1026 1737 1193 1808 potius
1211 1735 1588 1807 judicavimus,
1622 1733 1751 1789 nulli
1782 1732 2042 1786 hominum

454 1837 577 1884 nato
613 1828 1010 1883 misericordiam
1036 1826 1137 1882 Dei
1163 1836 1208 1882 et
1246 1829 1463 1900 gratiam
1499 1825 1867 1897 denegandam.
1902 1822 2043 1877 Nam

453 1936 574 1977 cum
591 1919 841 1975 Dominus
869 1922 922 1975 in
952 1920 1228 1991 Evangelia
1251 1936 1342 1974 suo
1372 1919 1527 1984 dicat,
1563 1937 1582 1971 ‹
1616 1918 1784 1974 Filius
1810 1917 2041 1973 hominis

462 2029 485 2065 ι
522 2027 628 2068 non
650 2013 797 2068 venit
823 2012 1029 2068 animas
1053 2010 1329 2067 hominum
1357 2010 1610 2082 perdere,
1636 2010 1733 2066 sed
1770 2010 1978 2064 salvare
2013 2025 2033 2061 ι

455 2102 610 2176 (Luc.
642 2120 721 2172 Ix,
744 2103 834 2176 56)
869 2123 883 2159 :
911 2114 1155 2174 quantum
1183 2104 1237 2158 in
1274 2103 1416 2158 nobis
1442 2112 1546 2169 est,
1577 2103 1622 2157 si
1650 2103 1763 2172 fieri
1788 2101 2038 2172 potuerit,

451 2195 598 2250 nulla
643 2197 813 2250 anima
856 2196 1113 2267 perdenda
1159 2206 1253 2251 est.
1306 2196 1624 2252 Advertisne
1676 2194 1803 2267 quid
1857 2196 2037 2264 dicat,

449 2285 896 2356 quemadmodum
928 2286 1142 2354 sentiat,
1170 2302 1279 2341 non
1305 2295 1507 2341 tantum
1530 2287 1699 2353 carni,
1727 2286 1823 2341 sed
1846 2286 2041 2342 anima:

451 2394 662 2450 quoque
682 2378 900 2435 infantis
920 2379 1196 2435 exitiabile
1220 2394 1340 2436 esse
1362 2389 1523 2451 atque
1542 2379 1898 2447 mortiferum,
1923 2379 2041 2436 sine

450 2471 547 2528 illo
574 2473 593 2504 ¹
622 2472 839 2527 salutari
879 2471 1225 2529 Sacramenta
1263 2475 1414 2530 exire
1446 2468 1519 2529 de
1563 2473 1663 2529 hac
1700 2474 1848 2529 vita?
1885 2473 2041 2532 Unde

450 2564 498 2619 si
533 2563 645 2634 jam
689 2563 821 2618 nihil
860 2564 1004 2619 aliud
1028 2564 1282 2630 diceret,
1312 2565 1610 2636 intelligere
1637 2573 1881 2621 nostrum
1909 2566 2036 2633 fuit,

447 2657 567 2713 sine
608 2666 826 2727 peccato
873 2658 1105 2713 animam
1155 2658 1329 2728 perire
1377 2673 1483 2714 non
1530 2672 1708 2729 posse.
1762 2659 1870 2715 Sed
1918 2660 2041 2718 vide

449 2751 615 2822 paulo
644 2760 766 2821 post
793 2751 1085 2807 defendens
1124 2752 1481 2808 innocentiam
1507 2753 1849 2822 parvulorum
1871 2795 1886 2818 ,
1912 2753 2041 2825 quid

450 2851 632 2900 tamen
660 2843 729 2900 de
753 2844 859 2899 illis
885 2846 1222 2915 apertissime
1248 2846 1496 2903 fateatur.
1528 2844 1778 2902 Craterum
1802 2848 1848 2901 si
1875 2847 2041 2902 homi-

448 2951 575 3002 nes,
624 2936 827 3007 inquit,
868 2936 1114 3008 impedire
1146 2937 1345 3011 aliquid
1378 2937 1446 2992 ad
1481 2939 1882 2995 consecutionem
1919 2957 2038 3012 gra-

454 3028 541 3082 tia:
561 3036 759 3098 posset,
793 3029 954 3100 magis
991 3029 1193 3085 adultos
1233 3038 1280 3085 et
1321 3039 1578 3102 provectos
1601 3040 1649 3085 et
1672 3032 1889 3102 majores
1914 3041 2038 3087 natu

454 3128 656 3191 possent
675 3119 916 3189 impedire
948 3129 1153 3192 peccata
1171 3121 1425 3193 graviora.
1451 3120 1618 3176 Porro
1637 3130 1804 3176 autem
1821 3123 1869 3177 si
1889 3123 2038 3178 etiam

451 3210 761 3281 gravissimis
802 3212 1123 3267 delictoribus
1158 3223 1205 3267 et
1236 3214 1291 3268 in
1329 3213 1496 3268 Deum
1529 3214 1745 3270 multum
1773 3224 1890 3270 ante
1915 3230 2036 3286 pec-

370 3310 375 3311 ’
450 3300 710 3367 cantibus,
749 3319 863 3356 cum
897 3312 1070 3375 postea
1097 3305 1440 3373 crediderint,
1480 3307 1689 3361 remissa
1717 3316 2036 3378 peccatorum

454 3393 610 3448 datur
653 3403 701 3450 et
746 3394 1009 3467 Baptismo
1051 3399 1071 3430 ¹
1115 3406 1263 3470 atque
1300 3399 1466 3471 gratia
1507 3415 1655 3454 nemo
1696 3399 1989 3472 prohibetur
2016 3416 2038 3457 :

449 3494 638 3557 quanto
660 3482 841 3560 inagis
889 3489 1144 3561 prohiberi
1185 3506 1287 3545 non
1329 3489 1473 3546 debet
1499 3490 1672 3562 infans
1694 3532 1711 3559 ,
1751 3492 1837 3563 qui
1863 3508 2038 3548 recens

449 3586 599 3632 natus
622 3577 751 3633 nihil
780 3580 1021 3650 peccavit,
1061 3579 1161 3635 nisi
1196 3580 1333 3650 quod
1356 3582 1632 3635 secundum
1657 3579 1826 3636 Adam
1852 3599 2032 3638 cama-

448 3669 564 3725 liter
600 3681 751 3725 natus
792 3672 1085 3744 contagium
1122 3672 1300 3726 mortis
1342 3672 1563 3745 antiqute
1590 3672 1754 3745 prima
1781 3674 2037 3732 nativitate

446 3762 742 3816 contraxit?
769 3760 872 3827 Qui
912 3762 981 3818 ad
1027 3763 1287 3819 remissam
1324 3774 1643 3836 peccatorum
1690 3766 2037 3836 accipiendam

450 3851 546 3907 hoc
586 3853 699 3922 ipso
749 3855 952 3925 facilius
995 3854 1017 3887 ³
1041 3856 1256 3923 accedit,
1288 3856 1424 3927 quod
1459 3856 1541 3912 illi
1576 3858 1902 3913 remittuntur
1932 3875 2036 3914 non

447 3936 659 4016 propria
677 3987 692 4012 ,
721 3948 810 4003 sed
836 3948 1003 4002 aliena
1029 3958 1254 4019 peccata.

522 4038 611 4093 il.
642 4038 804 4094 Vides
831 4048 1029 4110 quanta
1058 4041 1248 4097 fiducia
1289 4056 1355 4098 ex
1394 4043 1611 4115 antiqua
1650 4054 1704 4100 et
1742 4045 2036 4104 indubitata

451 4128 578 4185 ﬁdei
605 4129 787 4201 regula
815 4131 899 4185 vir
938 4139 1115 4186 tantus
1150 4132 1251 4186 ista
1284 4132 1566 4203 loquatur?
1589 4133 1690 4201 Qui
1722 4135 1837 4192 haec
1864 4137 2035 4193 docu-

452 4229 629 4276 menta
670 4221 968 4276 certissima
1005 4221 1127 4276 ideo
1156 4223 1414 4291 protulit,
1461 4233 1522 4278 ut
1564 4224 1697 4280 illud
1738 4227 1882 4297 quod
1920 4238 2041 4284 erat

451 4310 736 4377 incertum,
760 4310 903 4366 unde
920 4313 1265 4368 consuluerat
1291 4313 1381 4369 ille
1405 4314 1492 4369 cui
1517 4316 1784 4385 rescribit,
1811 4326 1867 4373 et
1895 4319 2036 4376 unde

457 4405 669 4461 concilii
692 4404 967 4461 decretum
992 4406 1336 4461 constitutum
1359 4422 1481 4464 esse
1500 4407 1523 4440 δ
1547 4420 1950 4479 commemorat,
1977 4423 2037 4469 ut

450 4498 659 4556 scilicet
691 4497 853 4555 etiam
887 4507 1014 4556 ante
1047 4506 1295 4556 octavum
1334 4499 1478 4558 diem
1504 4517 1570 4558 ex
1609 4518 1717 4575 quo
1750 4504 1840 4562 die
1878 4516 2034 4563 natus

447 4599 594 4647 esset
615 4591 788 4646 infans
807 4634 823 4658 ,
852 4606 974 4648 eum
997 4633 1013 4660 ,
1046 4592 1092 4648 si
1117 4591 1426 4661 alienatur,
1455 4595 1728 4666 baptizare
1752 4612 1910 4654 nemo
1933 4599 2033 4655 du-

446 4679 662 4748 bitaret,
690 4697 785 4753 per
810 4683 927 4739 haec
949 4684 1283 4740 ﬁrmamenta
1318 4688 1655 4758 probaretur.
1683 4689 1865 4762 Neque
1889 4694 2032 4750 enim

448 4771 556 4830 hoc
593 4782 721 4829 tunc
761 4776 913 4845 quasi
962 4792 1158 4831 novum
1202 4786 1296 4833 aut
1330 4780 1478 4850 quasi
1507 4781 1682 4853 aliqua
1712 4786 2028 4858 cujusquam

445 4864 868 4922 contradictione
895 4868 1181 4937 pulsatum,
1209 4872 1435 4926 concilio
1464 4877 1796 4934 statuebatur
1815 4894 1913 4935 seu
1940 4881 2033 4938 flr-

451 4956 701 5012 mabatur
718 4999 732 5024 ,
758 4958 899 5028 quod
925 4958 1164 5015 obstricti
1191 4962 1433 5033 originali
1463 4976 1680 5035 peccato
1721 4979 2032 5031 tenerentur

444 5048 675 5105 infantes
707 5069 721 5105 :
754 5051 849 5106 sed
872 5066 994 5107 cum
1023 5053 1135 5109 illic
1162 5054 1269 5109 alia
1297 5056 1318 5088 ³
1343 5060 1663 5119 consultatio
1688 5077 2024 5138 versaretur,

442 5148 501 5198 et
522 5140 928 5213 disceptaretur,
959 5154 1182 5217 propter
1210 5148 1379 5221 legem
1407 5154 1639 5211 carnalis
1665 5158 2029 5221 circumcisio-

443 5235 552 5301 nis,
586 5244 763 5292 utrum
792 5252 887 5293 eos
912 5247 967 5293 ct
989 5248 1113 5296 ante
1141 5250 1382 5299 octavum
1404 5245 1544 5301 diem
1570 5248 1841 5321 baptizare
1868 5270 2026 5328 opor‘

447 5334 613 5395 teret;
640 5327 761 5385 ideo
789 5330 837 5385 ei
866 5330 956 5401 qui
984 5330 1084 5388 hoc
1111 5336 1355 5406 negabat,
1392 5354 1552 5397 nemo
1579 5348 1873 5418 consensit,
1901 5353 2025 5423 quia

506 5566 526 5632 ξ
552 5565 739 5632 Aliquot
755 5573 884 5632 Mss,
907 5569 1011 5622 sine
1030 5571 1145 5624 ulla.

504 5629 528 5708 ξ
550 5627 762 5708 iugulet
776 5627 1086 5708 a‘Baptismo.
1111 5643 1317 5708 nt_Mss_.,
1339 5643 1668 5708 etgsaptismo.

506 5689 529 5773 ἶ
548 5696 665 5773 219;.
672 5698 730 5773 ἓξ
727 5700 852 5773 :35-
867 5689 994 5773 Mi???
1032 5689 1438 5773 πάρίθπάῴἦίίέ
1450 5689 1669 5771 ω’ῧῶ
1687 5709 1897 5773 facilita-

899 5748 1042 5837 cht'us
1072 5748 1540 5837 quasiCJé'c'rM'
1562 5748 2020 5831 WW'em.

442 5807 530 5881 tu}
552 5811 775 5881 plerique
786 5824 922 5881 uss._._
939 5807 1497 5881 Mraﬁ'mm"
1275 5807 1378 5816 ””’
1394 5807 1513 5879 "'1'

504 5870 528 5907 ⁵
549 5870 643 5922 Am.
670 5870 722 5925 c't
750 5883 844 5939 BL,
866 5870 970 5931 illa.

1092 421 1180 477 DE
1221 415 1681 474 PECCATORUM
1711 411 1987 470 MERITIS
2026 410 2115 468 ET
2156 407 2584 474 REMISSIONE.
2628 412 2687 470 S.
2728 411 3099 471 AUGUSTINI

3642 414 3753 475 I93

2153 523 2264 595 jam
2304 537 2413 580 non
2448 524 2835 582 consulendum
2866 541 2965 583 nec
3001 525 3409 599 disceptandum
3440 526 3496 597 ⁸,
3527 526 3627 586 sed
3654 529 3751 586 lir-

2160 632 2308 672 mum
2351 606 2664 690 certumque
2692 619 3016 688 habebatur,
3049 620 3284 678 animam
3321 620 3482 677 saluti
3524 631 3748 681 aeternae

2152 710 2444 780 perituram
2462 751 2477 777 ,
2507 710 2555 766 si
2582 711 2720 768 hanc
2748 711 2911 768 vitam
2940 715 3058 769 sine
3080 713 3221 769 illius
3248 712 3583 771 Sacramenti
3606 731 3746 772 con-

2152 803 2428 859 secutione
2454 802 2630 859 llniret
2662 821 2676 860 :
2702 804 2944 875 quamvis
2966 806 3034 861 ab
3053 814 3209 861 utero
3233 805 3590 863 recentissimi
3612 824 3744 878 par-

2151 892 2261 947 vuli
2295 893 2415 949 solo
2453 903 2604 950 reatu
2643 904 2827 952 essent
2864 897 3069 967 peccati
3111 896 3391 968 originalis
3433 896 3682 955 obstricti
3726 917 3742 956 :

2150 1000 2319 1056 quare
2358 985 2464 1041 illis
2502 988 2603 1044 etsi
2646 988 2813 1044 multo
2842 989 3080 1059 facilior,
3111 989 3255 1061 quod
3280 989 3613 1059 alienorum,
3647 992 3744 1049 sed

2159 1085 2337 1133 tamen
2359 1087 2504 1134 esset
2524 1082 2827 1136 necessaria
2853 1083 3099 1139 remissio
3122 1091 3484 1154 peccatorum.
3507 1084 3603 1141 His
3623 1101 3746 1141 cer-

2150 1170 2221 1227 tis
2257 1171 2344 1226 illa
2384 1171 2589 1228 incerta
2633 1173 2701 1229 de
2738 1183 2929 1231 octavo
2970 1176 3057 1231 die
3084 1179 3314 1247 quaestio
3340 1177 3598 1234 dissoluta
3626 1187 3744 1245 est,

2149 1272 2307 1335 atque
2335 1265 2387 1319 in
2414 1266 2643 1321 concilio
2662 1266 2981 1337 judicatum,
3005 1267 3209 1324 homini
3229 1280 3375 1335 nato,
3402 1285 3471 1326 ne
3495 1269 3551 1325 in
3579 1278 3746 1328 teter-

2149 1370 2275 1409 num
2306 1364 2510 1426 pereat,
2544 1357 2689 1411 omni
2726 1357 2814 1413 die
2837 1357 3037 1414 debere
3065 1361 3306 1416 succurri
3333 1362 3355 1393 ²
3388 1376 3403 1415 :
3430 1375 3551 1416 cum
3578 1361 3742 1417 etiam

2148 1448 2217 1505 de
2242 1449 2353 1520 ipsa
2383 1450 2585 1505 carnali
2611 1451 3019 1507 circumcisione
3045 1454 3184 1509 ratio
3213 1452 3563 1519 redderetur,
3594 1454 3744 1525 quod

2146 1542 2337 1597 umbra
2371 1549 2518 1599 esset
2552 1541 2714 1598 futuri
2759 1561 2773 1599 :
2817 1558 2925 1599 non
2953 1559 3059 1615 quo
3086 1543 3108 1576 ⁸
3137 1544 3555 1617 intelligeremus
3574 1546 3740 1601 etiam

2147 1632 2476 1704 Baptismum
2522 1645 2712 1692 octavo
2757 1652 2826 1692 ex
2863 1652 2969 1708 quo
3006 1648 3165 1695 natus
3204 1648 3288 1695 est
3325 1638 3488 1694 homo
3511 1639 3599 1695 die
3621 1639 3742 1696 dari

2146 1735 2399 1795 oportere
2421 1768 2436 1793 ,
2467 1726 2563 1783 sed
2591 1742 2688 1783 nos
2716 1728 2771 1782 in
2801 1727 2998 1784 Christi
3024 1731 3421 1787 resurrectione
3448 1730 3743 1802 spirituali-

2148 1825 2235 1873 ter
2258 1819 2607 1887 circumcidi,
2636 1820 2726 1891 qui
2753 1822 2913 1876 tertio
2952 1822 3164 1892 quidem
3207 1832 3328 1893 post
3355 1824 3500 1880 diem
3527 1826 3741 1896 passio-

2146 1913 2249 1978 nis,
2276 1913 2328 1967 in
2356 1913 2545 1969 diebus
2570 1922 2751 1969 tamen
2778 1913 3256 1983 hebdomadarum,
3277 1918 3473 1989 quibus
3494 1927 3741 1992 tempora

2144 2006 2549 2076 provolvuntur,
2581 2015 2801 2074 octavo,
2832 2007 2937 2064 hoc
2961 2016 3080 2077 est,
3112 2019 3233 2080 post
3257 2011 3537 2069 sabbatum
3562 2014 3740 2086 primo

2144 2096 2232 2152 die
2258 2112 2287 2152 a
2315 2098 2538 2154 mortuis
2565 2100 2882 2156 resurrexit.
2990 2088 3002 2098 ’

2215 2188 2441 2246 CAPUT
2480 2189 2569 2246 Vl.
2597 2186 2669 2233 -4
2698 2192 2786 2246 l2.
2822 2190 3107 2250 Consensus
3132 2195 3356 2251 omnium
3395 2199 3533 2255 circa
3557 2216 3741 2271 pecca-

2144 2289 2248 2337 tum
2276 2281 2542 2353 originale.
2595 2284 2661 2340 Et
2701 2300 2846 2341 nunc
2888 2288 3072 2344 nescio
3096 2288 3249 2360 cujus
3272 2304 3426 2347 novae
3449 2290 3475 2325 ⁸
3496 2291 3741 2365 disputa-

2146 2373 2306 2429 tionis
2343 2374 2565 2431 audacia
2606 2377 2820 2447 quidam
2850 2378 3004 2435 nobis
3052 2378 3229 2437 facere
3251 2391 3515 2440 conantur
3556 2385 3739 2443 incer-

2142 2474 2290 2533 tum,
2323 2467 2465 2538 quod
2508 2470 2741 2541 majores
2787 2473 2958 2528 nostri
2999 2473 3068 2529 ad
3112 2474 3450 2534 dissolvenda
3489 2479 3737 2551 quaedam

2142 2573 2263 2629 qua:
2289 2559 2559 2616 nonnullis
2599 2561 2915 2619 videbantur
2940 2564 3178 2633 incerta,
3218 2576 3468 2639 tanquam
3496 2572 3741 2628 certissi-

2143 2666 2289 2705 mum
2320 2652 2680 2722 proferebant.
2711 2654 2937 2724 Quando
2965 2657 3110 2713 enim
3149 2659 3397 2729 primitus
3421 2661 3524 2718 hoc
3551 2662 3739 2735 dispu-

2144 2743 2245 2798 tari
2291 2745 2543 2813 cteperit,
2591 2747 2796 2803 nescio.
2829 2738 2959 2804 Illud
3005 2758 3180 2807 tamen
3225 2753 3373 2822 scio,
3400 2755 3543 2825 quod
3571 2756 3737 2814 etiam

2142 2841 2361 2889 sanctus
2386 2835 2772 2910 Hieronymus,
2819 2841 2909 2911 qui
2956 2841 3220 2915 hodieque
3245 2845 3297 2900 in
3340 2843 3534 2906 litteris
3570 2850 3739 2908 eccle-

2142 2924 2373 2981 siasticis
2414 2926 2437 2959 ⁸
2480 2934 2589 2983 tam
2636 2927 2947 2987 excellentis
2990 2933 3249 2991 doctrina:
3275 2934 3415 2993 fama
3458 2953 3522 2994 ac
3546 2939 3735 2998 labore

2140 3023 2413 3084 versatur,
2447 3017 2514 3074 ad
2542 3020 2799 3091 quasdam
2838 3023 3126 3081 solvendas
3156 3025 3211 3081 in
3257 3025 3368 3084 suis
3409 3028 3559 3086 libris
3583 3046 3733 3103 quae-

2140 3109 2368 3179 stiones,
2397 3112 2557 3167 etiam
2586 3113 2688 3170 hoc
2726 3116 3082 3173 certissimum
3108 3119 3326 3177 adhibet
3345 3122 3461 3180 sine
3485 3124 3594 3180 ulla
3620 3126 3727 3184 dis-

2140 3202 2444 3272 ceptatione
2489 3204 2891 3263 documentum.
2938 3209 3070 3266 Nam
3096 3212 3148 3266 in
3189 3229 3255 3269 eo
3283 3215 3425 3286 quod
3453 3216 3506 3273 in
3540 3218 3729 3277 Jonam

2141 3292 2459 3364 prophetam
2506 3298 2755 3368 scripsit,
2804 3317 2925 3356 cum
2955 3301 3023 3358 ad
3070 3319 3194 3361 eum
3230 3308 3466 3366 venisset
3511 3310 3687 3369 locum
3710 3357 3726 3383 ,

2139 3387 2231 3443 ubi
2255 3401 2747 3449 commemorantur
2784 3396 2945 3451 etiam
2976 3400 3182 3468 parvuli
3206 3400 3413 3472 jejunio
3440 3406 3683 3478 castigati
3714 3426 3728 3465 :

2139 3478 2343 3553 Major,
2373 3483 2572 3554 inquit,
2598 3493 2722 3541 tetas
2748 3487 2951 3559 incipit,
2982 3498 3031 3545 et
3058 3507 3215 3563 usque
3233 3493 3303 3547 ad
3329 3494 3578 3551 minorem
3612 3515 3730 3571 per-

2139 3573 2293 3629 venit.
2337 3573 2530 3632 Nullus
2557 3582 2693 3633 enim
2720 3579 2906 3652 absque
2942 3593 3179 3653 peccato,
3222 3602 3313 3641 nec
3340 3590 3385 3642 si
3419 3591 3570 3646 unius
3614 3594 3730 3664 qui-

2139 3664 2256 3720 dem
2292 3666 2396 3721 diei
2432 3669 2585 3741 fuerit
2611 3670 2712 3725 vita
2754 3673 2896 3742 ejus,
2939 3683 2988 3730 et
3025 3677 3361 3734 numerabiles
3399 3683 3526 3736 anni
3558 3682 3582 3715 ‘
3619 3686 3733 3742 vita:

2139 3758 2282 3814 illius
2322 3758 2442 3832 (Job
2475 3778 2599 3831 xlv,
2646 3764 2724 3835 5).
2770 3764 2833 3820 Si
2870 3767 3003 3822 enim
3044 3770 3206 3825 stella
3233 3773 3440 3829 munda:
3467 3792 3572 3832 non
3612 3789 3733 3835 sunt

2138 3848 2193 3903 in
2224 3860 2491 3921 conspectu
2530 3850 2655 3921 Dei,
2684 3864 2876 3925 quanto
2904 3858 3066 3930 magis
3090 3862 3270 3915 vermis
3304 3872 3352 3918 et
3380 3868 3596 3935 putredo
3617 3868 3729 3941 (1d.

2138 3955 2280 4006 xxv,
2308 3942 2370 4007 5,
2405 3943 2486 4013 6),
2516 3953 2563 3998 et
2590 3946 2628 3999 ii
2646 3946 2735 4017 qui
2758 3958 2961 4017 peccato
2980 3948 3285 4017 offendentis
3305 3954 3469 4012 Adam
3501 3969 3735 4017 tenentur

2139 4032 2344 4088 obnoxii
2372 4032 2610 4107 (Hieron.
2660 4048 2812 4109 super
2851 4057 2966 4113 cap.
2997 4042 3033 4099 3
3052 4043 3265 4119 lance)?
3290 4048 3445 4107 Hunc
3491 4052 3737 4112 doctissi-

2138 4139 2285 4179 mum
2332 4126 2505 4184 virum
2549 4128 2596 4183 si
2645 4129 2797 4187 facile
2844 4133 3175 4208 interrogare
3214 4154 3521 4213 possemus,
3568 4163 3732 4219 quam

2138 4216 2337 4272 multos
2396 4218 2677 4291 utriusque
2737 4223 2934 4294 lingua:
2990 4227 3290 4287 divinarum
3331 4216 3733 4306 Scripturarum

2139 4316 2455 4366 tractatores
2480 4321 2536 4369 et
2560 4313 2972 4373 christianar‘um
3001 4319 3418 4392 disputationum
3437 4329 3736 4403 scriptores

2137 4412 2617 4471 commemoraret,
2644 4405 2735 4474 qui
2759 4423 2865 4463 non
2896 4409 3036 4467 aliud
3057 4453 3073 4479 ,
3100 4428 3166 4468 ex
3186 4430 3292 4485 quo
3314 4416 3507 4474 Christi
3537 4420 3735 4481 Eccle-

2137 4491 2217 4546 sia
2245 4499 2328 4547 est
2364 4495 2652 4552 constituta
2675 4539 2689 4565 ,
2721 4511 3034 4568 senserunt,
3072 4519 3179 4560 non
3207 4507 3349 4564 aliud
3375 4525 3405 4566 a
3435 4514 3737 4587 majoribus

2138 4594 2507 4679 acceperunt,
2526 4603 2632 4644 non
2655 4589 2799 4646 aliud
2824 4595 3051 4662 posteris
3074 4598 3442 4656 tradiderunt?
3463 4604 3577 4676 Ego
3603 4610 3737 4679 qui-

2136 4673 2260 4732 dem
2299 4678 2543 4748 quamvis
2580 4680 2739 4752 longe
2774 4685 3025 4754 pauciora
3065 4688 3285 4759 legerim
3308 4734 3323 4760 ,
3355 4709 3459 4749 non
3505 4673 3738 4759 memini

2136 4781 2225 4823 me
2257 4768 2400 4825 aliud
2427 4770 2694 4829 audivisse
2715 4788 2747 4829 a
2774 4774 3091 4835 Christianis
3110 4821 3124 4844 ,
3152 4783 3243 4853 qui
3272 4774 3555 4859 utrumque
3577 4793 3736 4849 acci-

2134 4859 2290 4930 piunt
2317 4860 2750 4934 Testamentum,
2794 4883 2902 4923 non
2927 4872 3102 4927 solum
3142 4874 3196 4929 in
3240 4879 3503 4937 catholica
3532 4882 3736 4943 Eccle-

2136 4954 2246 5019 sia,
2277 4971 2463 5011 verum
2488 4958 2648 5013 etiam
2694 4960 2747 5015 in
2786 4964 3025 5032 qualibet
3064 4966 3259 5026 haeresi
3305 4973 3391 5029 vel
3434 4978 3773 5040 schismata

2133 5045 2469 5111 constitutis;
2498 5063 2603 5103 non
2635 5053 2851 5108 memini
2881 5070 2968 5112 me
2994 5058 3138 5115 aliud
3183 5061 3376 5133 legisse
3415 5069 3557 5138 apud
3585 5085 3688 5129 eos
3711 5115 3731 5144 ,

2133 5152 2268 5209 quos
2291 5139 2358 5196 de
2401 5140 2484 5196 his
2509 5142 2669 5200 rebus
2709 5145 2911 5218 aliquid
2959 5151 3254 5212 scribentes
3294 5158 3474 5231 legere
3517 5167 3674 5234 potui

2197 5292 2523 5380 Liguri-Low,
2549 5276 2654 5361 pro,
2676 5312 2765 5353 nec
2788 5300 3182 5372 disceptandum,
3207 5310 3488 5380 legebatur,
3510 5329 3602 5371 nec
3618 5320 3735 5375 dis-

2920 5358 2931 5370 .
3058 5358 3734 5380 γηρτῆηηνηηηρ

2132 5358 2880 5512 ἬὲζῖίεεζὶἕεἮξῇ
3306 5438 3508 5512 βωμία.
3539 5445 3734 5512 Belgio:

2132 5483 2432 5570 silanum,
2458 5483 2665 5549 debere;
2688 5492 2882 5541 tametsi
2899 5504 2965 5544 et
2986 5491 3084 5545 illis
3098 5483 3290 5560 quidan
3306 5483 3509 5570 iam};

2129 5553 2385 5696 :Eeéditi,
2418 5619 2514 5658 non
2545 5610 2690 5673 quod.
2714 5616 2997 5667 Concinnius
3016 5620 3388 5685 Cygirannensis
3413 5630 3590 5696 codex,
3626 5648 3730 5689 ηοη

2195 5677 2241 5714 0.

2131 5677 2215 5821 qu:
2236 5727 2460 5821 ξςυὲἓηί
2481 5734 2850 5821 (ιιιίῃίιῗθλξίεεη
2872 5753 3010 5815 nova.

2238 5796 2460 5874 inn-Magi,
2493 5796 2858 5874 (ἔξ-ῥοάωφῴ
2888 5803 3014 5857 inter
3043 5804 3233 5874 litteras
3253 5816 3625 5874 ecclesiasticas.

2130 5851 2468 5978 sese;
3035 5851 3729 5941 ίννιαηεῖνῖυῖῖέτέέτδοδ
