3984 6508
269 406 372 472 195

903 369 916 410 ³
1010 374 1014 375 ,

284 531 377 605 qui
417 525 714 596 Scripturas
754 524 1070 582 eanonicas
1116 522 1498 591 sequerentur,
1541 511 1625 568 vel
1650 509 1800 582 sequi
1829 522 1889 564 se

295 623 586 685 crederent,
615 616 850 673 credive
877 617 1196 673 voluissent.
1224 609 1377 669 Unde
1414 607 1569 664 nobis
1597 605 1698 660 hoc
1724 617 1891 674 nego-

295 723 417 776 tium
463 723 685 787 repente
728 711 1034 768 emerserit
1073 709 1270 765 nescio.
1312 703 1449 759 Nam
1490 709 1612 757 ante
1664 712 1889 770 parvum

295 826 502 883 tempus
529 807 608 880 (a)
653 821 685 861 a
727 805 1063 876 quibusdam
1093 799 1398 858 transitorie
1439 790 1885 865 colloquentibus,

291 906 487 963 cursim
525 901 658 958 mihi
705 915 870 955 aures
921 896 1223 970 perstricta:
1250 903 1410 960 sunt,
1452 904 1569 946 cum
1616 887 1726 942 illic
1749 882 1891 954 apud

290 997 664 1068 Carthaginem
703 1007 984 1058 essemus,
1029 1005 1130 1044 non
1173 985 1286 1040 ideo
1330 980 1567 1056 paruulos
1611 975 1887 1050 baptizari,

298 1105 351 1148 ut
386 1067 728 1146 remissionem
764 1084 1026 1153 accipiant
1071 1087 1384 1152 peccatorum
1405 1117 1420 1141 ,
1468 1072 1556 1128 sed
1579 1080 1630 1126 ut
1657 1067 1888 1138 sanctifi-

298 1198 466 1243 tentur
492 1185 545 1238 in
572 1180 800 1238 Christo.
828 1178 947 1247 Qua
971 1177 1204 1232 novitate
1230 1178 1502 1242 permotus
1520 1207 1538 1235 ,
1563 1175 1619 1222 et
1644 1163 1767 1235 quia
1792 1176 1893 1232 op-

297 1292 582 1352 portunum
612 1291 723 1331 non
756 1273 859 1328 fuit
879 1282 938 1327 ut
963 1279 1150 1325 contra
1179 1264 1376 1336 aliquid
1406 1262 1638 1317 dicerem
1657 1301 1671 1326 ,
1703 1266 1755 1314 ct
1784 1271 1892 1312 non

296 1374 430 1429 tales
469 1371 718 1425 homines
750 1374 907 1422 erant
955 1363 1024 1418 de
1069 1374 1298 1431 quorum
1351 1359 1524 1411 essem
1580 1349 1893 1408 auctoritate

294 1467 592 1531 sollicitus,
622 1461 778 1516 facile
817 1458 921 1513 hoc
955 1457 1010 1511 in
1039 1451 1320 1510 transactis
1363 1456 1523 1518 atque
1551 1444 1766 1501 abolitis
1795 1441 1892 1496 ha-

297 1560 407 1614 bui.
430 1557 500 1612 Et
528 1570 656 1612 ecce
681 1562 871 1610 contra
897 1547 1192 1606 Ecclesiam
1215 1547 1231 1576 ί
1252 1543 1359 1614 jam
1386 1539 1560 1596 studio
1584 1537 1891 1604 flammante

295 1650 630 1717 defenditur,
661 1660 792 1702 ecce
815 1640 1102 1699 scribendo
1132 1638 1290 1693 etiam
1316 1631 1590 1689 memoria:
1618 1642 1892 1685 commen-

297 1744 483 1805 datur,
504 1754 631 1796 eece
656 1752 746 1794 res
776 1736 834 1791 in
861 1733 967 1788 hoc
993 1727 1314 1787 discriminis
1339 1723 1619 1780 adducitur
1640 1761 1656 1788 ,
1687 1729 1744 1776 ut
1767 1718 1892 1775 hinc

300 1837 457 1891 etiam
486 1849 517 1886 a
543 1830 801 1887 fratribus
826 1825 1202 1889 consulamur,
1235 1833 1360 1876 ecce
1386 1825 1577 1874 contra
1619 1813 1892 1884 disputare

299 1938 460 1999 atque
476 1923 711 1980 scribere
741 1919 1007 1992 cogimur.

373 2017 593 2076 CAPUT
635 2014 751 2070 VII.
780 2043 854 2054 ——
891 2013 978 2067 15.
1006 2005 1264 2064 Joviniani
1299 2020 1458 2061 error.
1501 1999 1892 2072 Disputatorum

293 2113 630 2181 quorumlibet
653 2109 919 2165 sententia:
945 2121 1047 2161 non
1072 2112 1308 2173 tanquam
1331 2097 1606 2154 auctoritas
1626 2092 1888 2149 canonica.

299 2207 571 2262 Peccatum
593 2202 850 2274 originale
878 2197 1126 2270 quomodo
1147 2195 1388 2249 alienum.
1421 2189 1608 2246 Omnes
1645 2188 1699 2242 in
1725 2185 1892 2239 Adam

299 2320 431 2357 unus
459 2302 604 2354 homo
626 2298 848 2368 fuimus.
874 2295 1013 2348 Ante
1037 2303 1235 2361 paucos
1263 2299 1434 2341 annos
1461 2283 1646 2337 Romae
1672 2277 1889 2351 quidam

295 2396 501 2452 exstitit
524 2391 842 2448 Jovinianus
867 2430 880 2454 ,
909 2386 1002 2458 qui
1034 2377 1531 2440 sanctimonialibus
1569 2375 1730 2430 etiam
1761 2381 1892 2427 mta-

289 2498 343 2543 te
355 2487 469 2556 jam
498 2479 931 2555 provectioribus
952 2476 1165 2547 nuptias
1193 2470 1523 2544 persuasisse
1545 2465 1758 2530 dicitur,
1782 2477 1889 2518 non

285 2579 568 2637 illiciendo
595 2592 703 2649 quo
728 2589 915 2631 earum
947 2571 1178 2642 aliquam
1205 2567 1401 2624 ducere
1423 2562 1586 2618 vellet
1627 2572 1848 2615 uxorem
1869 2598 1886 2623 ,

290 2674 390 2730 sed
432 2670 757 2743 disputando
796 2666 1040 2738 virgines
1083 2657 1480 2718 sanctimonio'
1506 2655 1710 2711 dicatas
1755 2649 1889 2706 nihil

291 2768 535 2838 amplius
575 2763 814 2819 fidelibus
849 2757 1153 2828 conjugatis
1195 2752 1333 2824 apud
1365 2752 1531 2806 Deum
1557 2747 1753 2802 habere
1778 2757 1892 2799 me-

287 2835 551 2916 ritorum.
601 2853 878 2924 Nunquam
919 2859 1102 2905 tamen
1132 2845 1182 2902 ei
1229 2845 1330 2900 hoc
1359 2849 1719 2898 commentum
1745 2835 1892 2890 venit

287 2952 346 3008 in
377 2957 641 3015 mentem,
671 2957 730 3001 ut
752 2958 1004 3000 asserere
1031 2947 1315 2997 conaretur
1339 2937 1455 2992 sine
1494 2931 1736 3003 originali
1762 2944 1890 3000 pec-

281 3055 407 3104 cato
446 3043 594 3099 nasci
626 3041 917 3096 hominum
968 3036 1125 3092 filios.
1157 3033 1223 3089 Et
1246 3031 1429 3102 utique
1466 3028 1512 3084 si
1557 3027 1660 3082 hoc
1686 3033 1893 3080 astrue-

269 3148 391 3204 ret,
419 3137 591 3194 multo
636 3131 944 3206 proclivius
987 3128 1186 3184 vellent
1214 3124 1425 3180 femina:
1469 3119 1707 3184 nubere,
1753 3114 1894 3170 fetus

265 3229 666 3287 mundissimos
715 3225 1002 3298 pariturae.
1058 3219 1221 3290 Hujus
1261 3230 1392 3271 sane
1421 3213 1649 3283 scripta,
1685 3223 1808 3264 nam
1837 3215 1893 3262 et

261 3324 506 3382 scribere
549 3335 727 3376 ausus
773 3324 892 3384 est,
924 3329 1051 3370 cum
1083 3312 1272 3366 fratres
1299 3307 1364 3362 ad
1392 3305 1777 3375 Hieronymum
1801 3313 1891 3354 re—

260 3414 496 3473 fellenda
541 3414 871 3478 misissent,
896 3423 1010 3464 non
1041 3405 1212 3462 solum
1245 3403 1297 3457 in
1323 3401 1402 3458 eis
1432 3399 1563 3454 nihil
1599 3396 1706 3451 tale
1744 3409 1896 3449 com-

258 3512 438 3584 perit,
469 3523 670 3564 verum
698 3506 872 3562 etiam
905 3501 978 3558 ad
1021 3497 1264 3572 quaedam
1309 3494 1426 3564 ejus
1452 3506 1586 3547 vana
1615 3484 1894 3545 refutanda

259 3580 366 3662 hoc
396 3615 671 3675 tanquam
701 3597 1075 3656 certissimum
1118 3592 1186 3647 de
1227 3587 1459 3644 hominis
1503 3580 1742 3654 originali
1768 3593 1896 3652 pec-

266 3711 426 3768 cato,
458 3673 618 3754 unde
649 3695 845 3766 utique
877 3706 984 3746 nec
1023 3689 1195 3759 ipsum
1221 3683 1468 3739 dubitare
1490 3676 1777 3741 credebat,
1810 3673 1896 3728 in-

271 3805 355 3852 ter
382 3765 564 3848 multa
591 3805 695 3846 sua
733 3765 1065 3843 documenta
1103 3775 1436 3850 deprompsit
1472 3771 1711 3845 (Hieron.
1749 3766 1836 3822 tib.
1861 3765 1899 3819 2

276 3895 459 3940 contra
513 3882 896 3944 Iovinianum,
959 3873 1114 3948 paulo
1157 3878 1271 3943 post
1311 3863 1555 3937 initium).
1610 3861 1667 3918 Id
1693 3858 1899 3931 agentis

282 3979 406 4034 base
431 3975 603 4032 verba
631 3982 762 4030 sunt
789 3989 804 4025 :
837 3990 856 4024 ι
901 3969 1005 4037 Qui
1034 3966 1154 4020 dicit
1177 3979 1261 4030 se,
1292 3980 1312 4015 ι
1340 3958 1538 4029 inquit,
1574 3973 1594 4008 ε
1625 3955 1678 4008 in
1702 3951 1900 4008 Christo

289 4091 312 4124 ι
367 4086 604 4134 manere,
656 4068 800 4122 debet
842 4065 977 4120 sicut
1015 4062 1104 4115 ille
1141 4055 1440 4119 ambulavit,
1487 4061 1534 4107 et
1573 4051 1682 4123 ipse
1727 4046 1903 4102 ambu-

296 4184 319 4218 s
373 4165 476 4219 lare
508 4183 530 4216 ›
566 4160 614 4236 (ι
643 4159 806 4215 Joan.
847 4173 922 4223 ιι,
957 4154 1036 4226 6).
1065 4152 1238 4223 Eligat
1287 4145 1606 4203 adversarius
1641 4159 1668 4197 e
1708 4138 1903 4195 duobus

288 4259 436 4328 quod
477 4257 584 4310 vult
608 4297 626 4321 ,
669 4253 926 4324 cptionem
964 4248 1009 4302 ei
1040 4247 1237 4300 damus.
1267 4240 1443 4296 Manet
1476 4239 1529 4293 in
1553 4236 1755 4292 Christo
1780 4275 1795 4300 ,
1835 4249 1903 4286 an

293 4327 410 4406 non
438 4348 656 4404 manet?
685 4346 748 4401 Si
778 4351 984 4408 manet,
1016 4341 1086 4394 ita
1110 4355 1226 4409 ergo
1251 4334 1466 4390 ambulet
1490 4342 1542 4386 ut
1567 4330 1815 4386 Christus.
1843 4327 1904 4382 Si

299 4453 471 4496 autem
496 4438 831 4495 temerarium
855 4442 926 4490 est
953 4475 968 4500 ,
1009 4429 1385 4485 similitudinem
1427 4425 1669 4478 virtutum
1699 4417 1906 4474 Domini

299 4533 574 4604 polliceri,
603 4547 708 4585 non
744 4534 914 4582 manet
939 4526 993 4580 in
1017 4523 1214 4578 Christo
1231 4561 1246 4588 ,
1273 4519 1393 4591 quia
1419 4533 1518 4571 non
1548 4513 1828 4585 ingreditur
1851 4517 1907 4562 ut

300 4629 559 4686 Christus.
607 4623 711 4679 Ille
739 4631 1004 4696 peccatum
1040 4633 1141 4672 non
1185 4614 1332 4688 fecit,
1383 4609 1792 4682 nequeinuentus
1835 4611 1908 4658 est

302 4724 462 4778 dolus
480 4723 531 4775 in
561 4736 649 4773 ore
686 4719 799 4787 ejus
820 4758 835 4782 ,
864 4713 950 4784 qui
976 4727 1088 4765 cum
1112 4705 1490 4762 malediceretur
1510 4743 1524 4770 ,
1563 4717 1661 4755 non
1689 4697 1908 4754 remale-

304 4816 472 4880 dia'it,
512 4822 557 4867 et
585 4821 829 4880 tanquam
859 4821 1021 4877 agnus
1055 4815 1226 4856 coram
1275 4796 1539 4861 tondente,
1571 4793 1644 4847 sic
1668 4808 1768 4846 non
1789 4806 1910 4861 ape-

303 4909 420 4962 ruit
451 4923 508 4961 os
532 4921 682 4960 suum
712 4901 875 4973 (Isai.
904 4899 992 4954 ιιιὴ
1012 4941 1026 4965 ,
1067 4897 1101 4952 9
1121 4938 1135 4961 ,
1160 4903 1204 4949 et
1230 4893 1251 4948 l
1275 4891 1417 4945 Petr.
1445 4905 1481 4944 ιι
1501 4930 1515 4955 ,
1545 4887 1617 4942 22
1637 4929 1651 4952 ,
1679 4883 1811 4957 25);
1842 4881 1910 4936 ad

306 5016 466 5070 quem
487 4998 619 5051 venit
659 4995 898 5065 princeps
923 4988 1096 5043 mundi
1118 4987 1292 5050 istius,
1323 4993 1369 5038 et
1393 4980 1581 5036 invenit
1617 4980 1670 5033 in
1700 4993 1756 5032 eo
1785 4975 1910 5030 nihil

307 5089 368 5164 (1
379 5107 496 5144 oan.
525 5104 657 5154 xw,
684 5084 811 5154 50);
857 5081 945 5152 qui
983 5095 1094 5134 cum
1142 5085 1398 5149 peccatum
1425 5090 1525 5128 non
1555 5071 1779 5144 fecisset,
1820 5082 1912 5136 pro

310 5161 463 5238 nobis
507 5190 779 5255 peccatum
827 5193 940 5231 eum
972 5175 1087 5245 fecit
1131 5171 1266 5226 Deus
1310 5169 1372 5243 (ll
1405 5167 1614 5235 Conv,
1640 5165 1753 5237 21).
1801 5161 1914 5219 Nos

311 5285 516 5340 autem,
567 5274 728 5344 juxta
786 5266 1074 5338 Epistolam
1121 5262 1335 5329 Jacobi,
1385 5277 1405 5312 ι
1451 5259 1612 5313 multa
1652 5270 1914 5328 peccamus

335 5392 354 5423 ι
391 5383 560 5423 omnes
589 5386 608 5419 ι
650 5361 862 5436 (Jacobi
883 5376 935 5415 tn
957 5401 972 5428 ,
992 5358 1081 5426 2),
1105 5367 1150 5413 et
1175 5373 1318 5412 nemo
1357 5352 1575 5408 mundus
1603 5368 1635 5405 a
1666 5350 1914 5421 peccatis,

394 5504 613 5577 lubeat,
656 5503 835 5552 contra
875 5492 1160 5554 Ecclesium,
1197 5493 1258 5542 ab
1293 5489 1519 5542 omnibus
1562 5500 1716 5551 prepe
1749 5497 1918 5535 manu-

440 5587 449 5610 ι
520 5604 532 5616 .

529 5636 582 5678 et
604 5634 745 5687 μοι,
794 5617 1164 5673 sanctimoniae:
1206 5623 1452 5680 corrupte.
1509 5613 1626 5664 vide
1660 5617 1824 5659 Enarr.
1870 5610 1921 5659 in

319 5690 954 5815 “itﬁiuiéfquimus
969 5742 1084 5815 ων,
1098 5755 1205 5815 cum
1227 5740 1352 5806 aliud
1374 5733 1926 5815 οτέῗίΨεῨηὲτηΡοηωῖθ

321 5799 722 5864 min'nonatistis
744 5799 1036 5860 haberetur.
1061 5799 1158 5868 Otto
1178 5799 1400 5868 tempore
1423 5799 1670 5868 Pelagium
1707 5811 1734 5846 a
1773 5811 1830 5868 s_e
1852 5799 1926 5868 v_i_-

321 5859 1028 5994 sing—lugeamus,
1053 5859 1188 5931 infra,
1224 5859 1433 5918 in'lihro
1451 5866 1517 5917 de
1535 5859 1690 5916 (testis
1727 5859 1927 5927 Pelagii,

1667 390 1870 452 LIBER
1907 390 2227 456 TERTIUS.

1991 805 2265 881 nenturque
2299 796 2372 850 rei
2415 798 2468 853 in
2501 801 2880 862 similitudinem
2921 814 3346 881 praevaricationis
3388 813 3576 872 Adam.

1997 879 2144 938 Unde
2168 894 2214 939 et
2241 884 2408 942 David
2435 891 2591 960 dicit,
2626 913 2646 947 ι
2682 895 2811 953 Ecce
2849 900 2902 954 in
2923 879 3275 973 iniquitatibus
3305 915 3575 978 conceptus

1999 993 2019 1029 ι
2063 993 2208 1142 «74;»,
2259 989 2304 1034 et
2334 982 2388 1036 in
2415 982 2610 1040 delictis
2647 991 2874 1062 concepit
2911 1009 2990 1047 me
3025 1006 3182 1051 mater
3201 1015 3310 1053 mea
3345 1019 3364 1052 ι
3398 998 3574 1070 (Psal.

1999 1083 2058 1135 L,
2153 1110 2166 1124 .

1993 1083 2058 1135 1.,
2087 1083 2166 1135 7).

2067 1164 2150 1218 14.
2186 1165 2309 1222 Haec
2331 1183 2434 1223 non
2479 1170 2600 1226 ideo
2625 1179 3072 1247 commemoravi,
3103 1182 3244 1250 quod
3287 1185 3580 1256 disputato-

1992 1271 2110 1360 rum
2139 1262 2493 1360 quorumlibet
2523 1267 2806 1322 sententiis
2835 1278 3083 1340 tanquam
3112 1275 3364 1330 canonica
3394 1289 3577 1334 aucto-

1992 1352 2150 1406 ritate
2177 1352 2438 1421 nitamur;
2469 1357 2563 1411 sed
2605 1367 2660 1414 ut
2699 1372 2982 1431 appareat,
3013 1364 3080 1420 ab
3118 1364 3269 1420 initio
3319 1383 3484 1438 usque
3511 1372 3581 1426 ad

1994 1455 2234 1546 praesens
2283 1453 2490 1516 tempus
2524 1464 2630 1519 quo
2677 1451 2780 1506 ista
2825 1455 3031 1510 novitas
3069 1465 3184 1513 orta
3227 1467 3336 1524 est,
3369 1458 3470 1514 hoc
3511 1459 3582 1518 de

1993 1537 2233 1637 originali
2263 1549 2478 1637 peccato
2502 1541 2642 1612 apud
2687 1543 2938 1602 Ecclesia:
2967 1546 3126 1603 fidem
3159 1558 3300 1604 tanta
3327 1561 3582 1607 constan-

1994 1628 2414 1732 tia-custoditum
2435 1673 2450 1699 ,
2480 1640 2538 1687 ut
2565 1632 2634 1688 ab
2660 1635 2737 1690 eis
2757 1637 2844 1706 qui
2865 1637 3128 1694 dominica
3157 1651 3443 1697 tractarent
3469 1643 3582 1699 elo-

1993 1723 2150 1791 quia,
2205 1723 2371 1794 magis
2423 1725 2779 1783 certissimum
2819 1729 3145 1798 proferretur
3189 1733 3254 1787 ad
3303 1733 3403 1788 alia
3446 1734 3580 1791 falsa

1993 1813 2299 1883 refutanda,
2327 1831 2486 1887 quam
2533 1818 2587 1873 id
2633 1827 2880 1892 tanquam
2908 1821 3098 1878 falsum
3150 1825 3367 1880 refutari
3393 1826 3461 1881 ab
3485 1827 3584 1881 ali-

1991 1920 2100 2008 quo
2129 1915 2446 2008 tentaretur.
2487 1909 2750 1967 Caeterum
2779 1915 2830 1968 in
2856 1913 3064 1970 Sanctis
3107 1918 3376 1972 canonicis
3404 1919 3582 1975 Libris

1991 1999 2134 2102 viget
2163 1999 2319 2098 hujus
2344 2003 2624 2059 sententiae
2654 2004 2949 2061 clarissima
2973 2017 3028 2063 et
3054 2008 3360 2078 plenissima
3387 2019 3579 2066 aucto-

1991 2092 2124 2148 ritas
2169 2092 2187 2148 :'
2224 2095 2420 2150 clamat
2447 2097 2738 2167 Apostolus
2757 2139 2771 2164 ,
2804 2097 2908 2154 Per
2931 2117 3085 2154 unum
3123 2101 3375 2156 hominem
3401 2120 3580 2172 pecca-

1992 2193 2098 2240 tum
2118 2187 2318 2241 intrtnn't
2340 2188 2392 2241 in
2414 2189 2658 2244 mundum
2678 2231 2694 2256 ,
2717 2199 2764 2246 et
2784 2209 2872 2264 per
2890 2202 3148 2262 peccatum
3174 2209 3342 2259 mors;
3359 2203 3406 2247 et
3429 2195 3502 2247 ita
3525 2195 3580 2250 in

1995 2293 2166 2331 omnes
2198 2277 2424 2334 homines
2467 2281 2783 2352 pertransiit,
2826 2282 2879 2335 in
2907 2299 3006 2352 quo
3043 2299 3215 2337 omnes
3252 2293 3584 2355 peccaverunt

1996 2369 2171 2443 (Rom.
2219 2385 2288 2439 v,
2335 2369 2447 2442 12).
2492 2371 2641 2428 Unde
2671 2389 2774 2430 nec
2813 2374 2941 2429 illud
2988 2375 3188 2445 liquide
3232 2377 3334 2431 dici
3363 2386 3578 2447 potest,

1991 2465 2133 2536 quod
2163 2475 2438 2535 peccatum
2477 2467 2608 2522 Ada:
2654 2469 2812 2524 etiam
2838 2485 2944 2524 non
2989 2472 3329 2540 peccantibus
3357 2475 3578 2541 nocuit,

1991 2573 2113 2612 cum
2159 2557 2435 2628 Scriptura
2464 2557 2640 2625 dicat,
2682 2562 2733 2614 in
2771 2579 2869 2632 quo
2897 2578 3069 2616 omnes
3101 2574 3444 2633 peccauerunt.
3471 2564 3582 2622 Nec

1991 2651 2070 2706 sic
2098 2650 2348 2706 dicuntur
2378 2651 2478 2708 ista
2503 2651 2677 2709 aliena
2703 2664 2918 2723 peccata
2941 2696 2956 2722 ,
2988 2665 3234 2727 tanquam
3266 2659 3483 2713 omnino
3513 2659 3581 2715 ad

1992 2744 2243 2816 parvulos
2287 2760 2394 2800 non
2432 2745 2733 2814 pertineant
2765 2763 2777 2800 :
2810 2746 3072 2817 siquidem
3100 2751 3148 2802 in
3189 2750 3358 2806 Adam
3396 2766 3585 2806 omnes

1994 2845 2121 2892 tunc
2163 2844 2556 2907 peccaverunt,
2601 2837 2812 2909 quando
2855 2838 2907 2892 in
2943 2837 3058 2908 ejus
3087 2848 3272 2893 natura
3299 2841 3386 2896 illa
3427 2841 3584 2896 insita

1994 2929 2050 2984 vi
2071 2945 2174 3000 qua
2202 2931 2218 2962 ¹
2247 2944 2344 2986 eos
2386 2930 2605 3001 gignere
2633 2938 2873 3001 poterat,
2901 2931 3074 2986 adhuc
3102 2947 3288 2987 omnes
3328 2933 3416 2987 ille
3447 2946 3584 2988 uniis

1993 3019 2208 3076 fuerunt
2233 3037 2247 3075 :
2271 3021 2364 3077 sed
2393 3021 2646 3077 dicuntur
2669 3021 2841 3077 aliena
2859 3063 2872 3085 ,
2895 3024 3016 3093 quia
3045 3023 3277 3078 nondum
3316 3023 3414 3093 ipsi
3454 3036 3582 3094 age-

1994 3115 2123 3170 bant
2145 3115 2279 3170 vitas
2307 3115 2582 3186 proprias,
2615 3114 2710 3171 sed
2745 3115 3014 3187 quidquid
3030 3127 3145 3172 erat
3172 3117 3221 3170 in
3253 3116 3426 3171 futura
3457 3127 3583 3186 pro-

2065 3209 2187 3280 gine
2206 3251 2221 3276 ,
2249 3209 2356 3262 vita
2388 3208 2548 3264 unius
2573 3207 2806 3263 hominis
2833 3209 3160 3266 continebat.

2065 3300 2292 3360 CAPUT
2319 3301 2454 3358 Vill.
2485 3332 2553 3343 -—
2573 3303 2658 3358 15.
2679 3299 2827 3358 Unde
2847 3319 3061 3359 errores.
3085 3303 3380 3358 Similitudo
3403 3319 3433 3356 a
3458 3315 3588 3374 pra-

1998 3396 2136 3467 putio
2160 3395 2587 3460 circumcisorum,
2609 3402 2657 3449 et
2683 3395 2831 3464 palea
2853 3393 3092 3464 frumenti
3107 3396 3368 3464 petita.——
3396 3394 3584 3464 Nulla,

1997 3488 2256 3558 inquiunt,
2275 3488 2469 3542 ratione
2490 3488 2796 3556 conceditur,
2813 3495 2868 3541 ut
2889 3486 3024 3542 Deus
3040 3490 3124 3558 qui
3148 3490 3353 3560 propria
3377 3498 3585 3560 peccata

1996 3579 2221 3643 remittit,
2249 3580 2456 3649 imputet
2483 3580 2667 3633 aliena.
2699 3577 2961 3647 Remittit,
2980 3580 3072 3635 sed
3097 3581 3284 3649 Spiritu
3313 3597 3590 3652 regenera-

2001 3673 2088 3738 tis,
2107 3689 2211 3727 non
2229 3686 2388 3726 carne
2405 3673 2670 3742 generatis
2697 3691 2710 3727 :
2735 3674 2963 3743 imputat
2982 3689 3111 3729 vero
3129 3689 3233 3728 non
3256 3675 3365 3746 jam
3392 3679 3586 3747 aliena,

1999 3763 2096 3821 sed
2141 3765 2373 3835 prOpria.
2407 3764 2593 3818 Aliena
2622 3765 2818 3835 quippe
2845 3774 3032 3831 erant,
3062 3764 3273 3837 quando
3307 3765 3361 3820 hi
3403 3768 3492 3838 qui
3522 3781 3591 3825 ea

2004 3863 2286 3927 propagata
2313 3861 2618 3926 portarent,
2651 3853 2887 3910 nondum
2915 3864 3070 3912 erant
3100 3875 3116 3912 :
3143 3870 3284 3912 nunc
3307 3870 3439 3914 vero
3468 3869 3594 3912 car-

2001 3947 2109 4003 nali
2151 3945 2496 4017 generatione
2540 3945 2650 4016 jam
2679 3961 2865 4001 eorum
2913 3956 3071 4014 sunt,
3117 3948 3310 4018 quibus
3354 3948 3587 4005 nondum

2003 4041 2263 4114 spirituali
2283 4040 2684 4112 regeneratione
2708 4039 2927 4096 dimissa
2952 4051 3095 4096 sunt.
3585 4029 3610 4034 ’”

2077 4137 2165 4192 l6.
2209 4134 2315 4191 Sed
2357 4135 2400 4188 si
2423 4134 2742 4204 Baptismus,
2789 4135 3064 4205 inquiunt,
3092 4138 3302 4190 mundat
3331 4135 3594 4206 antiquum

2007 4229 2136 4284 illud
2165 4227 2435 4294 delictum,
2477 4227 2562 4296 qui
2585 4226 2650 4281 de
2673 4226 2866 4281 duobus
2907 4227 3172 4297 baptizatis
3217 4228 3324 4281 nati
3364 4227 3591 4300 fuerim,

2006 4320 2185 4374 debent
2229 4319 2322 4373 hoc
2365 4334 2536 4372 carere
2575 4327 2797 4388 peccato.
2851 4317 2971 4372 Non
3026 4318 3157 4372 enim
3208 4327 3476 4389 potuerunt
3526 4316 3596 4371 ad

2008 4421 2232 4484 posteros
2281 4411 2645 4477 transmittere,
2697 4409 2832 4480 quod
2876 4409 2976 4480 ipsi
3033 4409 3234 4463 minime
3294 4409 3592 4464 habuerunt.

2007 4505 2147 4562 Ecce
2183 4504 2322 4560 unde
2353 4505 2668 4574 plerumque
2697 4503 3023 4559 convalescit
3051 4519 3202 4558 error
3224 4544 3238 4570 ,
3271 4517 3392 4557 cum
3423 4502 3598 4556 homi-

2009 4615 2108 4656 nes
2147 4598 2322 4654 idonei
2350 4608 2474 4652 sunt
2502 4597 2583 4652 his
2630 4597 2789 4651 rebus
2818 4595 3241 4665 interrogandis,
3283 4595 3474 4665 quibus
3515 4593 3598 4650 in-

2013 4691 2314 4762 telligendis
2357 4704 2461 4745 non
2489 4698 2612 4744 sunt
2652 4689 2849 4744 idonei.
2879 4687 2976 4744 Cui
3019 4688 3163 4742 enim
3207 4686 3470 4754 auditori,
3511 4685 3599 4742 vel

2009 4787 2199 4860 quibus
2245 4784 2504 4855 explicem
2547 4782 2753 4850 verbis,
2802 4781 3073 4854 quomodo
3121 4780 3363 4836 mortalia
3409 4781 3598 4837 vitiosa

2011 4878 2297 4954 primordia
2324 4893 2430 4932 non
2453 4876 2630 4932 obsint
2657 4876 2754 4942 eis,
2783 4875 2873 4946 qui
2901 4876 3022 4930 aliis
3048 4874 3352 4945 primordiis
3381 4875 3602 4932 immor-

2013 4973 2208 5028 talibus
2260 4967 2495 5024 inchoati
2535 4975 2692 5031 sunt;
2746 4975 2802 5021 et
2852 4974 3029 5021 tamen
3083 4965 3260 5020 obsint
3306 4965 3419 5033 eis,
3465 4979 3601 5036 quos

2014 5064 2172 5120 iidem
2215 5061 2342 5134 ipsi,
2385 5059 2576 5130 quibus
2619 5057 2729 5128 jam
2759 5073 2866 5112 non
2911 5057 3139 5122 obsunt,
3172 5071 3238 5112 ex
3283 5055 3486 5111 eisdem
3523 5055 3603 5110 vi-

2017 5160 2167 5216 tiosis
2190 5155 2492 5230 primordiis
2517 5151 2930 5226 generaverint?
2957 5150 3225 5222 quomodo
3261 5150 3314 5205 id
3341 5149 3604 5220 intelligat

2016 5252 2214 5318 homo,
2257 5248 2410 5319 cujus
2456 5244 2834 5301 tardiusculam
2879 5249 3113 5298 mentem
3144 5241 3365 5311 impedit
3410 5248 3464 5296 et
3491 5254 3604 5294 sua”:

2017 5340 2297 5401 sententia:
2329 5337 2714 5410 praejudiciutn,
2741 5345 2795 5390 et
2817 5334 3125 5406 pervicacia:
3142 5332 3469 5404 gravissima:
3495 5330 3606 5386 vin-

2019 5434 2234 5492 culum?
2286 5431 2664 5488 Verumtamen
2733 5428 2778 5482 si
2826 5425 3085 5482 adversus
3131 5439 3226 5481 eos
3281 5421 3411 5478 mihi
3461 5431 3607 5478 esset

2022 5543 2179 5586 causa
2222 5525 2322 5582 ista
2370 5533 2648 5594 suscepta,
2681 5521 2772 5592 qui
2814 5520 3030 5575 omnino
3075 5515 3322 5588 parvulos
3350 5513 3606 5586 baptizari

2025 5620 2344 5694 prohibent,
2391 5625 2480 5671 aut
2524 5612 2790 5684 superﬂuo
2829 5609 3085 5681 baptizari
3121 5606 3477 5675 contendunt,
3526 5606 3608 5663 di-

2091 5731 2269 5803 ’miljz
2303 5724 2534 5803 ίηξίιαὲη
2555 5722 2994 5803 ωςιξίξεειξξεηεξξς
3029 5734 3092 5803 ει
3132 5719 3485 5803 nam.sz
3523 5717 3610 5803 qui

2027 5803 2193 5846 tamen
2223 5782 2303 5844 hic
2331 5792 2402 5842 sic
2443 5782 2765 5845 dissentiunt,
2806 5782 2863 5834 tit
2905 5782 2985 5834 alii
3030 5784 3220 5843 ferant,
3263 5782 3406 5846 insita
3439 5782 3509 5846 vis
3539 5782 3613 5846 est

2027 5837 2405 5922 Fu"'5.ia,~"a1ii',
2635 5847 2680 5902 vi
2722 5837 2775 5899 iit
2815 5859 2947 5910 qua;
2987 5845 3068 5898 alii
3111 5837 3340 5908 tandem,
3388 5842 3532 5896 insita
3561 5837 3618 5916 ος-

2031 5933 2143 5986 σιωο
2868 5987 2910 5991 Α
3531 5982 3558 5986 ,ν
3611 5923 3634 5991 ξ
