3984 6498
518 370 623 430 195

516 495 701 544 ccubas
721 501 815 544 eos
837 502 903 544 ex
930 482 1176 541 ﬁdelibus
1201 488 1351 534 natos
1370 522 1386 547 ,
1414 487 1697 550 parentum
1725 478 1974 535 meritum
2000 492 2126 548 ne:

516 582 754 643 cessario
778 579 1027 649 consequi
1057 594 1070 630 :
1100 583 1226 629 tunc
1253 572 1504 628 deberem
1531 570 1600 626 ad
1638 572 1774 627 hanc
1798 570 2105 642 opinionem

516 672 931 732 convincendam
959 666 1273 724 laboriosius
1303 665 1544 721 fortassis
1568 676 1623 721 et
1648 665 1928 736 operosius
1955 664 2104 720 exci-

517 769 641 823 tari.
672 766 820 821 Tunc
845 763 889 817 si
911 760 1041 815 mihi
1069 760 1208 831 apud
1228 761 1447 817 obtusos
1471 768 1526 816 et
1548 759 1938 826 contentiosos,
1977 773 2105 830 pro-

516 870 635 931 pter
661 872 839 914 rerum
878 862 1082 909 natum
1108 853 1521 920 obscuritatem,
1550 850 1831 907 difﬁcultas
1858 850 2107 906 refellen-

513 949 568 1004 di
595 948 725 1003 falsa
754 954 808 1002 et
832 944 1190 1017 persuadendi
1225 959 1349 999 vera
1381 943 1689 1011 resisteret,
1722 942 1787 997 ad
1826 941 1939 997 haec
1967 940 2105 997 forte

513 1055 633 1109 quae
661 1038 714 1092 in
737 1054 837 1093 usu
858 1037 1101 1108 atquein
1135 1044 1380 1106 promptu
1428 1034 1870 1103 essentexempla
1912 1031 2104 1088 confu-

511 1145 697 1201 gerem
728 1146 747 1187 :
775 1130 1114 1199 vicissimque
1144 1129 1558 1198 interrogarem,
1604 1133 1663 1180 ut
1687 1125 1811 1196 quia
1848 1140 1941 1180 eos
1989 1139 2105 1179 mo-

514 1230 667 1278 veret
705 1209 973 1293 quomodo
1003 1229 1275 1292 peccatum
1303 1218 1445 1290 quod
1492 1217 1775 1272 inundatur
1805 1233 1900 1288 per
1926 1217 2107 1289 Bapti-

511 1331 688 1373 smum
709 1355 725 1382 ,
758 1323 969 1370 maneat
1000 1315 1050 1368 in
1079 1313 1156 1369 eis
1202 1328 1334 1383 quos
1364 1311 1645 1383 genuerint
1686 1310 1969 1382 baptizati;
2002 1309 2102 1380 ipsi

512 1408 841 1477 expliCarent
880 1405 1144 1476 quomodo
1176 1404 1495 1475 praeputium
1522 1401 1664 1473 quod
1694 1416 1788 1472 per
1816 1401 2101 1456 circumci-

510 1499 719 1554 sionem
746 1500 982 1554 aufertur
1003 1540 1017 1566 ,
1068 1505 1278 1551 maneat
1315 1496 1367 1550 in
1417 1496 1495 1550 eis
1523 1510 1657 1566 quos
1686 1494 1966 1566 genuerint
1995 1494 2101 1549 cir-

511 1591 765 1656 cumcisi;
808 1588 1076 1660 quomodo
1121 1589 1281 1644 etiam
1312 1588 1461 1658 palea
1489 1603 1607 1658 quae
1652 1601 1817 1658 opere
1863 1585 2099 1650 humatio

512 1688 660 1735 tanta
701 1672 974 1750 diligentia
1024 1689 1335 1751 separatur,
1365 1687 1580 1734 maneat
1624 1679 1677 1733 in
1706 1678 1878 1733 fructu
1917 1678 2008 1749 qui
2033 1662 2099 1734 de

511 1782 737 1845 purgato
760 1773 934 1828 tritico
962 1774 1213 1829 nascitur.

584 1864 809 1922 CAPUT
850 1865 939 1920 IX.
989 1896 1061 1906 —
1110 1866 1197 1920 17.
1247 1863 1368 1920 Νοη
1413 1880 1610 1934 semper
1647 1863 1909 1919 christiani
1960 1862 2099 1917 chri-

511 1957 704 2015 stianos
723 2000 738 2027 ,
771 1975 927 2029 neque
954 1958 1181 2012 mandati
1209 1956 1477 2012 mandatas
1520 1956 1751 2028 gignunt.
1782 1955 1875 2011 llis
1900 1964 1953 2011 et
1980 1954 2101 2011 lali-

515 2049 618 2107 bus
687 2049 911 2105 forsitan
956 2058 1241 2121 utcumque
1290 2064 1515 2106 conarer
1561 2049 1820 2120 exemplis
1874 2062 2098 2120 persua-

509 2139 642 2196 dere
683 2139 1019 2208 bominibus,
1063 2141 1155 2211 qui
1203 2139 1564 2196 mundationis
1613 2130 1957 2194 Sacramenta
2006 2154 2100 2194 su-

507 2230 717 2304 perfluo
752 2233 872 2287 filiis
914 2232 1287 2289 mandatorum
1327 2233 1608 2290 crederent
1647 2233 1907 2302 adhiberi,
1939 2249 2098 2305 quam

508 2332 667 2380 recto
725 2325 948 2380 consilio
1016 2325 1399 2394 baptizatorum
1441 2325 1646 2396 parvuli
1694 2326 2029 2395 baptizentur
2075 2343 2090 2382 :

516 2430 782 2487 quamque
810 2418 828 2448 ι
857 2416 968 2472 fieri
1020 2417 1189 2489 possit
1225 2426 1278 2472 ut
1331 2416 1533 2473 homini
1568 2416 1783 2472 habenti
1810 2427 2095 2489 utrumque

508 2520 692 2564 semen
713 2549 727 2574 ,
755 2516 810 2563 et
838 2508 1024 2563 mortis
1052 2509 1104 2563 in
1131 2523 1319 2575 carne,
1343 2518 1397 2564 et
1413 2509 1828 2563 immortalitatis
1856 2510 1909 2565 in
1936 2511 2097 2582 spiri-

507 2606 588 2666 tu,
620 2614 726 2654 non
743 2592 881 2654 obsit
903 2610 1213 2671 regenerato
1231 2612 1326 2671 per
1350 2601 1593 2672 spiritum
1613 2644 1626 2667 ,
1646 2602 1788 2673 quod
1809 2603 1957 2658 obest
1983 2603 2099 2674 ejus

507 2688 622 2746 filio
647 2702 900 2763 generato
947 2706 1042 2762 per
1067 2709 1317 2760 carnem;
1348 2692 1521 2765 sitque
1571 2696 1623 2749 in
1649 2695 1753 2750 isto
1784 2684 2099 2755 remissiOne

505 2783 842 2853 Inundalum,
865 2785 1006 2856 quod
1019 2786 1259 2842 sitetiam
1282 2786 1337 2841 in
1353 2786 1443 2841 illo
1464 2787 1622 2842 simili
1641 2787 1976 2855 remissione,
2007 2800 2100 2844 ve-

505 2875 1049 2948 luteircumeisione,
1079 2881 1223 2935 velut
1267 2880 1602 2937 trituratione
1649 2895 1712 2935 ac
1732 2880 2094 2951 ventilatione,

503 2968 894 3029 mandandum.
924 2962 1074 3027 Nunc
1103 2987 1253 3038 vero,
1281 2971 1710 3043 quandoquidem
1741 2988 1861 3029 cum
1889 2972 1967 3029 eis
1981 2975 2097 3044 agi-

501 3075 646 3129 mus,
678 3062 768 3133 qui
796 3062 1119 3118 conﬁtentur
1146 3062 1531 3135 baptizatorum
1555 3065 1692 3120 ﬁlios
1726 3066 2094 3137 baptizandus;

502 3162 705 3225 quanto
722 3154 913 3209 melius
925 3155 1002 3211 sic
1016 3152 1243 3227 agimus,
1262 3165 1318 3210 ut
1334 3152 1594 3223 dicamus,
1608 3156 1718 3212 Vos
1734 3158 1822 3229 qui
1833 3159 2092 3227 asseritis,

502 3244 573 3301 de
602 3246 903 3303 hominibus
928 3263 960 3303 a
994 3248 1201 3320 peccati
1250 3247 1370 3305 labe
1420 3249 1690 3305 mundatis
1734 3251 1853 3307 sine
1878 3257 2097 3322 peccato

504 3340 652 3397 nasci
680 3340 818 3396 ﬁlios
837 3339 1103 3409 debuisse,
1124 3357 1219 3397 cur
1236 3357 1342 3397 non
1364 3343 1658 3409 attenditis,
1682 3358 1746 3398 eo
1767 3341 1925 3399 modo
1944 3343 2095 3399 vobis

503 3449 664 3507 posse
689 3432 791 3489 diei
813 3476 827 3502 ,
861 3433 926 3489 de
948 3433 1253 3490 Christianis
1283 3435 1593 3505 parentibus
1625 3433 1946 3491 christianos
1996 3448 2095 3490 na-

502 3527 581 3584 sci
605 3526 739 3582 ﬁlios
766 3525 1051 3582 debuisse?
1089 3524 1196 3582 Cur
1222 3542 1350 3598 ergo
1390 3542 1483 3583 eos
1519 3525 1835 3583 christianos
1866 3526 1977 3584 ﬁeri
2003 3525 2097 3583 dc-

505 3617 637 3678 bere
661 3619 931 3676 censetis?
961 3618 1226 3691 Numquid
1271 3622 1324 3676 in
1354 3636 1538 3676 eorum
1570 3622 1880 3691 parentibus
1900 3636 2095 3691 corpus

500 3709 851 3767 christianum
892 3727 999 3767 non
1043 3723 1195 3781 erat,
1240 3714 1432 3784 quibus
1470 3712 1669 3769 dictum
1714 3723 1829 3782 est,
1872 3706 2095 3770 Nescitis

503 3804 620 3875 quia
645 3820 857 3877 corpora
876 3813 1039 3860 vestra
1060 3805 1282 3860 membra
1301 3815 1415 3861 sunt
1439 3804 1627 3861 Christi
1653 3805 1695 3881 (ι
1717 3804 1836 3862 Cor.
1860 3824 1930 3872 vt,
1961 3808 2093 3880 ‘15)?

500 3893 584 3952 An
629 3895 766 3952 forte
792 3912 985 3967 corpus
1026 3898 1241 3969 quidem
1281 3898 1631 3954 christianum
1676 3900 1742 3956 de
1786 3900 2093 3958 Christianis

501 3990 812 4061 parentibus
841 4000 1023 4046 natum
1063 4000 1146 4047 est
1170 4033 1185 4057 ,
1215 3992 1310 4069 sed
1350 4008 1455 4047 non
1484 3993 1830 4048 christianam
1858 3994 2092 4051 animam

503 4082 747 4154 accepit?
795 4083 909 4139 Hoc
950 4099 1080 4139 vero
1131 4083 1300 4139 multo
1338 4094 1421 4139 est
1467 4085 1765 4140 mirabilius
1807 4103 1820 4139 :
1863 4102 2092 4157 namque

501 4177 812 4233 utrumlibet
863 4177 929 4233 de
970 4178 1147 4232 anima
1187 4176 1459 4245 sentiatis,
1506 4178 1632 4248 quia
1685 4177 1924 4248 profecto
1969 4194 2090 4234 cum

500 4267 759 4337 Apostolo
789 4284 895 4323 non
925 4284 1043 4324 eam
1074 4268 1292 4324 creditis
1326 4277 1611 4339 antequam
1659 4280 1965 4325 nasceretur
1990 4272 2088 4326 ali-

501 4359 630 4432 quid
673 4361 847 4432 egisse
891 4360 1017 4416 boni
1053 4370 1145 4416 aut
1182 4361 1345 4428 mali;
1393 4368 1485 4417 aut
1528 4362 1594 4417 de
1621 4363 1840 4419 traduce
1865 4373 2087 4420 attracta

474 4496 479 4531 ἓ
504 4460 605 4520 est,
634 4461 688 4508 et
709 4453 954 4509 similiter
979 4462 1036 4507 ut
1059 4469 1256 4524 corpus
1285 4454 1350 4510 de
1377 4453 1684 4510 ehrisﬁanis
1711 4455 2084 4527 christianum,

503 4546 679 4602 anima
704 4547 867 4602 etiam
894 4549 915 4579 ³
958 4547 1245 4603 christiana
1295 4563 1415 4605 esse
1439 4546 1655 4614 debuit;
1686 4559 1776 4603 aut
1801 4565 1830 4603 a
1871 4550 2088 4607 Christo

502 4648 712 4705 creata,
735 4640 821 4696 vel
859 4641 912 4696 in
952 4640 1243 4696 christiano
1283 4656 1541 4712 corpore,
1591 4643 1678 4699 vel
1710 4652 1926 4714 propter
1953 4644 2089 4700 chri-

501 4729 734 4786 stianum
773 4746 1001 4802 corpus,
1063 4731 1353 4788 christiana
1395 4733 1580 4789 debuit
1625 4748 1719 4789 seu
1769 4735 1940 4798 creari
1990 4750 2086 4791 seu

503 4820 662 4876 mitti.
688 4820 801 4877 Nisi
846 4820 985 4877 forte
1031 4821 1252 4888 dicetis,
1284 4822 1605 4879 christianos
1653 4823 1895 4899 homines
1938 4822 2085 4880 chri—

502 4914 731 4968 stianum
758 4928 952 4983 corpus
976 4914 1194 4985 gignere
1229 4914 1501 4985 potuisse,
1533 4926 1587 4971 et
1617 4915 1788 4986 ipsum
1814 4916 2081 4973 Christum

501 5010 733 5062 animam
773 5005 1117 5062 christianam
1164 5023 1269 5063 non
1313 5008 1549 5078 potuisse
1611 5024 1912 5079 procreare.
1977 5006 2084 5068 Ce-

501 5098 612 5155 dite
638 5099 658 5130 ³
684 5099 862 5170 itaque
889 5098 1136 5167 veritati,
1161 5107 1215 5154 et
1235 5098 1410 5155 videte
1431 5098 1550 5170 quia
1580 5101 1719 5155 sicut
1742 5100 1857 5157 ﬁeri
1880 5102 2078 5173 potuit,

500 5189 643 5263 quod
692 5198 747 5246 et
767 5205 862 5247 vos
891 5187 1160 5256 fatemini,
1205 5200 1263 5245 ut
1288 5189 1354 5246 de
1379 5188 1678 5246 clirisﬁanis
1706 5208 1810 5248 non
1835 5192 2083 5250 christia-

498 5300 601 5342 nus
619 5326 635 5351 ,
663 5283 732 5340 de
759 5283 1013 5340 membris
1045 5283 1241 5339 Christi
1268 5298 1372 5339 non
1406 5284 1703 5340 membrum
1726 5285 1921 5341 Christi
1949 5304 1964 5355 ;
1996 5296 2080 5343 at-

499 5391 606 5449 que
629 5384 689 5434 ut
708 5390 1049 5433 occurramus
1078 5376 1237 5431 etiam
1260 5375 1533 5445 omnibus,
1552 5376 1644 5449 qui
1671 5377 1796 5434 licet
1824 5377 1980 5447 falso,
2003 5388 2080 5436 ta-

500 5485 623 5526 men
668 5485 1004 5543 quocumque
1046 5470 1319 5542 religionis
1372 5472 1588 5528 nomine
1629 5472 1965 5543 detinentur,
2012 5474 2080 5531 de

501 5568 824 5622 consecratis
867 5581 976 5622 non
1014 5570 1387 5634 consecratus;
1429 5566 1502 5623 ita
1526 5566 1686 5623 etiam
1736 5566 1884 5636 fieri,
1931 5577 1988 5625 ut
2012 5569 2080 5627 de

563 5681 681 5749 f§r_._
694 5685 750 5749 et.
776 5686 909 5749 L_ov.,
924 5692 1212 5749 qtumquam.
1236 5682 1556 5749 mandantur
1581 5694 1649 5749 ex_
1677 5685 2030 5749 manuscriptis.

561 5739 840 5837 :“lli‘dint‘nignsiic
880 5739 1041 5793 adtrita
1064 5739 1243 5797 etiam.
1286 5744 1558 5807 aedundat,
1607 5743 1710 5809 sic,
1758 5758 1854 5798 uec
1899 5739 1976 5801 est
2027 5749 2079 5800 in

498 5812 848 5865 mauuscriptis.

566 5865 587 5897 ⁸
611 5872 661 5913 tn
686 5870 811 5926 3255.,
836 5865 1040 5919 (redite.

1153 364 1241 421 DE
1277 360 1737 421 PECCATORUM
1776 355 2054 419 MERlTlS
2090 357 2187 417 ET.
2220 358 2652 432 REMISSIONE,
2692 363 2748 420 S.
2794 359 3169 421 AUGUSTINI

3698 363 3792 424 196

2217 478 2484 541 mundatis
2511 498 2616 538 non
2658 484 2944 540 mundatus
2972 492 3240 563 nascatur.
3281 481 3419 552 Quid
3448 483 3794 555 respondebi-

2214 575 2315 642 tis,
2345 591 2511 647 quare
2550 575 2619 633 de
2658 577 2963 633 ebristianis
2994 592 3101 633 non
3138 575 3462 633 christianos
3502 583 3789 647 nascatur,

2213 670 2312 726 nisi
2335 669 2456 742 quia
2476 687 2580 726 non
2603 670 2729 728 facit
2751 671 3045 743 generatio,
3066 670 3160 727 sed
3188 656 3521 743 regenerain
3548 666 3791 727 christia-

2211 763 2347 819 nos?
2375 752 2522 818 lianc
2545 762 2704 836 igitur
2730 764 2879 820 vobis
2923 763 3129 820 reddite
3174 763 3436 820 rationem
3455 805 3474 833 ,
3506 764 3634 834 quia
3656 763 3797 820 simi-

2211 854 2335 911 liter
2353 870 2384 911 a
2411 850 2643 927 peccatis
2673 872 2831 913 nemo
2856 857 3144 925 nascendo,
3176 855 3269 912 sed
3297 844 3486 913 omnes
3511 872 3797 914 renascen-

2210 948 2280 1005 do
2302 949 2648 1005 inundantur.
2678 952 2754 1006 Ac
2773 966 2865 1022 per
2886 950 2987 1007 hoc
3012 950 3079 1009 de
3104 944 3406 1007 hominibus
3435 950 3555 1008 ideo
3582 950 3793 1007 munda-

2211 1044 2309 1110 tis,
2336 1044 2586 1114 quoniam
2611 1046 2829 1113 renatis,
2859 1044 3022 1100 homo
3047 1045 3136 1115 qui
3163 1046 3397 1100 nascitur
3426 1046 3791 1112 renascatur’,

2209 1142 2270 1189 ut
2309 1135 2469 1190 etiam
2519 1135 2632 1205 ipse
2667 1136 2973 1192 mundetur.
3006 1137 3310 1192 Potuerunt
3351 1136 3493 1193 enim
3544 1144 3793 1208 parentes

2208 1227 2277 1284 ad
2306 1238 2549 1302 posteros
2591 1230 2984 1298 transmittere,
3032 1231 3175 1302 quod
3205 1230 3305 1303 ipsi
3349 1228 3567 1287 minime
3599 1228 3793 1286 habue-

2209 1329 2364 1388 runt;
2421 1337 2527 1377 non
2573 1323 2744 1377 solum
2802 1323 2938 1378 sicut
2964 1321 3229 1378 frumenta
3281 1316 3521 1395 paleam,
3578 1327 3637 1378 et
3663 1338 3795 1393 pra:-

2207 1416 2412 1487 putinm
2440 1416 2786 1473 circumcisus
2820 1437 2832 1471 :
2861 1415 2955 1473 sed
2983 1418 3142 1473 etiam
3162 1459 3178 1486 ,
3204 1400 3347 1489 quod
3376 1428 3431 1474 et
3459 1412 3556 1474 ves
3582 1416 3790 1485 dicitis,

2208 1507 2392 1563 fideles
2455 1506 2818 1564 infidelitatem
2880 1509 2933 1564 in
3000 1519 3245 1580 posteros
3290 1507 3597 1581 trajiciunt;
3654 1509 3793 1581 quod

2207 1617 2314 1656 non
2351 1609 2437 1657 est
2467 1600 2579 1671 jam
2616 1601 2828 1657 illorum
2880 1617 2977 1674 per
3019 1602 3264 1674 Spiritum
3311 1597 3753 1675 regeneratorum
3777 1644 3791 1670 ,

2207 1693 2302 1749 sed
2353 1708 2460 1764 quo
2498 1693 2551 1747 in
2608 1709 2769 1750 carne
2802 1696 3063 1767 .generati
3117 1705 3277 1763 sunt,
3337 1684 3578 1750 mortalis
3634 1688 3794 1750 semi-

2204 1787 2288 1843 nis
2324 1787 2532 1842 vitium.
2572 1786 2702 1843 Nam
2762 1789 2942 1859 utique
2980 1804 3113 1860 quos
3153 1788 3404 1859 parvulos
3459 1774 3557 1860 per
3596 1781 3793 1844 Sacra-

2202 1888 2442 1934 mentum
2465 1879 2697 1935 ﬁdelium
2737 1879 2922 1936 ﬁdeles
2951 1880 3218 1936 faciendos
3257 1896 3376 1937 esse
3408 1878 3681 1951 judicatis,
3717 1879 3795 1937 in-

2203 1971 2388 2028 fideles
2409 1980 2562 2029 natas
2582 1989 2649 2029 ex
2668 1973 2976 2044 parentibus
2990 1973 3239 2030 ﬁdelibus
3260 1989 3367 2030 non
3394 1973 3622 2047 negatis.

2275 2065 2499 2124 CAPUT
2525 2067 2593 2122 Χ.
2616 2098 2687 2108 -—
2714 2068 2799 2124 lS.
2827 2067 3013 2122 Anima
3042 2085 3164 2123 num
3184 2084 3247 2123 ea:
3269 2067 3495 2124 traduce.
3527 2069 3598 2124 At
3623 2067 3793 2137 enim,

2208 2178 2230 2213 ι
2275 2159 2321 2214 si
2353 2160 2528 2215 anima
2558 2175 2663 2216 non
2702 2169 2785 2216 est
2822 2175 2890 2215 ex
2921 2160 3159 2230 traduce,
3205 2159 3298 2215 sed
3344 2159 3459 2216 sola
3502 2175 3652 2229 caro,
3680 2160 3793 2231 ipsa

2208 2272 2229 2307 ι
2277 2261 2483 2310 tantum
2502 2253 2662 2311 habet
2685 2254 2953 2310 traducem
2981 2254 3204 2327 peccati,
3227 2262 3282 2310 et
3302 2254 3416 2325 ipsa
3441 2252 3553 2308 sola
3575 2268 3791 2325 pcenam

2207 2364 2230 2400 ι
2276 2358 2514 2403 meretur
2550 2366 2563 2401 :
2614 2366 2634 2401 ι
2668 2347 2771 2403 hoc
2800 2346 2944 2405 enim
2976 2348 3232 2417 sentiunt,
3266 2366 3285 2400 ι
3323 2346 3578 2419 injustum
3608 2362 3731 2404 esse
3766 2366 3786 2401 ι

2201 2439 2460 2507 dicentes,
2496 2459 2516 2494 ι
2564 2451 2621 2496 ιιι
2650 2440 2807 2496 hodie
2835 2449 2960 2496 nata
2987 2441 3164 2496 anima
3195 2456 3300 2497 non
3328 2455 3393 2496 ex
3425 2436 3601 2495 massa
3636 2438 3788 2507 Adae,

2207 2550 2229 2585 ι
2276 2542 2382 2589 tam
2405 2534 2680 2605 antiquum
2700 2542 2977 2605 peceatum
3004 2542 3180 2605 portet
3199 2533 3454 2588 alienum.
3483 2550 3503 2585 ι
3536 2529 3787 2599 Attende,

2198 2627 2428 2684 obsecro
2459 2634 2532 2693 te,
2562 2624 3012 2697 quemadmodum
3056 2626 3476 2697 circumspectus
3503 2622 3588 2680 vir
3630 2622 3789 2680 Pela-

2196 2722 2319 2794 gius
2351 2721 2504 2795 (nam
2545 2737 2613 2778 ex
2639 2720 2755 2791 ejus
2792 2720 2930 2776 libro
2956 2719 3073 2776 haec
3098 2736 3217 2791 quae
3251 2719 3411 2775 modo
3441 2717 3595 2791 posui
3627 2717 3789 2774 verba

2199 2813 2547 2886 transcripsi)
2586 2813 2755 2870 sensit
2784 2828 2945 2885 quam
2985 2814 3039 2869 in
3081 2810 3285 2868 difﬁcili
3329 2812 3397 2870 de
3437 2813 3617 2868 anima
3647 2827 3790 2885 qme-
3886 2814 3891 2819 ’

2198 2908 2375 2964 stione
2399 2917 2658 2963 versetur.
2687 2905 2803 2961 Non
2831 2907 2972 2962 enim
3012 2905 3105 2974 ait,
3129 2905 3251 2977 quia
3274 2892 3449 2961 anima
3478 2898 3582 2960 non
3613 2898 3698 2961 est
3724 2921 3791 2962 ex

2198 3001 2418 3058 traduce
2437 3041 2452 3067 ,
2482 3000 2598 3068 sed,
2629 3019 2649 3054 ι
2696 2999 2745 3055 si
2784 3000 2960 3055 anima
2991 3014 3096 3054 non
3126 3011 3211 3056 est
3243 3014 3309 3055 ex
3339 2990 3556 3055 tradidee
3587 3016 3604 3055 :
3646 3018 3667 3053 ι
3703 2996 3789 3055 rc-

2198 3094 2436 3150 ctissime
2464 3091 2664 3150 faciens
2702 3093 2772 3148 de
2814 3108 2874 3148 re
2904 3101 3011 3148 tam
3040 3093 3287 3162 obseura,
3317 3093 3384 3149 de
3423 3088 3527 3165 qua
3558 3090 3706 3149 nulla
3734 3084 3787 3150 in

2199 3183 2489 3255 Scripturis
2532 3186 2731 3241 sanctis
2766 3194 2911 3240 certa
2937 3194 2992 3241 et
3033 3170 3218 3257 aperta
3263 3185 3562 3242 testimonia
3592 3188 3787 3258 possu-

2198 3292 2319 3334 mus
2348 3277 2609 3345 invenire,
2635 3286 2727 3333 aut
2765 3276 3079 3334 difﬁcillime
3129 3282 3432 3350 possumus,
3473 3272 3790 3338 cunctanter

2195 3369 2343 3440 loqui
2387 3371 2563 3441 potius
2587 3386 2745 3442 quam
2785 3371 3030 3427 fidenter.
3063 3372 3397 3443 Quapropter
3435 3388 3536 3444 ego
3574 3389 3788 3445 quoque

2198 3462 2323 3520 huic
2344 3464 2696 3534 propositioni
2722 3479 2830 3519 non
2852 3465 3113 3535 praecipiti
3130 3465 3429 3521 aSsertione
3451 3466 3784 3537 reSpondeo:

2198 3556 2257 3614 Si
2284 3558 2462 3612 anima
2505 3572 2614 3614 non
2643 3566 2814 3613 estex
2859 3557 3098 3627 traduce,
3130 3573 3257 3630 ergo
3287 3575 3407 3629 qua:
3453 3559 3553 3615 ista
3580 3560 3787 3631 justitia

2194 3657 2300 3716 est,
2328 3658 2388 3704 ut
2414 3660 2603 3706 recens
2632 3658 2811 3704 creata
2848 3660 2903 3704 et
2928 3649 2996 3705 ab
3034 3649 3178 3704 omni
3211 3646 3404 3707 delicto
3431 3666 3658 3723 prorsus
3688 3652 3790 3708 im-

2196 3741 2394 3808 munis,
2420 3740 2488 3795 ab
2533 3740 2682 3796 omni
2725 3743 2928 3812 peccati
2975 3742 3291 3813 contagione
3338 3743 3550 3814 penitus
3590 3742 3784 3814 libera,

2201 3834 2476 3904 passiones
2504 3834 2682 3890 carnis
2709 3834 3061 3905 diversosque
3097 3830 3384 3905 cruciatus,
3416 3847 3490 3906 et,
3522 3838 3667 3911 quod
3700 3836 3788 3896 est

2196 3924 2527 3994 horribilius,
2550 3927 2709 3982 etiam
2729 3927 3031 3982 dazmonnm
3050 3927 3295 3985 incursus
3325 3929 3377 3985 in
3404 3926 3639 4001 parvulis
3665 3948 3787 3988 sus-

2195 4020 2369 4076 tinere
2399 4020 2658 4091 cogatur?
2687 4020 2871 4091 Neque
2899 4022 3044 4078 enim
3083 4020 3284 4095 aliquid
3326 4022 3517 4081 horum
3548 4026 3677 4083 caro
3706 4027 3787 4085 sic
3884 4101 3891 4108 κ

2196 4113 2415 4183 patitur,
2445 4121 2498 4168 ut
2539 4128 2649 4168 non
2687 4112 2760 4168 ibi
2787 4113 2965 4170 anima
3003 4115 3181 4185 potius
3208 4133 3327 4187 quin
3354 4118 3483 4173 vivit
3506 4135 3568 4174 ac
3594 4108 3783 4192 sentit,

2194 4220 2382 4276 poenas
2410 4206 2540 4261 luat.
2569 4206 2681 4262 Hoc
2707 4208 2848 4262 enim
2874 4209 2918 4264 si
2939 4208 3141 4278 justum
3163 4202 3481 4280 ostenditur,
3511 4214 3591 4270 sic
3617 4217 3785 4272 etiam

2193 4298 2404 4354 ostendi
2438 4307 2612 4369 potest
2641 4315 2744 4370 qua
2781 4299 2986 4370 justitia
3023 4302 3077 4358 in
3117 4318 3280 4359 carne
3320 4319 3532 4377 quoque
3570 4311 3785 4379 peccati

2191 4392 2384 4449 subeat
2432 4392 2689 4463 originale
2733 4401 3030 4463 peceatum,
3063 4395 3401 4469 Baptismatis
3440 4414 3782 4460 sacramento

2191 4493 2247 4542 et
2289 4486 2476 4557 gratiae
2519 4486 2863 4543 miseratione
2892 4489 3275 4546 mandandum.
3311 4492 3367 4548 Si
3417 4504 3598 4550 autem
3650 4494 3781 4552 illud

2190 4577 2403 4634 ostendi
2431 4594 2538 4634 non
2568 4587 2765 4650 potest,
2807 4596 2981 4651 neque
3026 4581 3129 4637 hoc
3175 4597 3331 4654 posse
3371 4584 3621 4642 arbitror.
3668 4589 3783 4644 Aut

2188 4685 2319 4742 ergo
2358 4679 2641 4743 utrumque
2687 4674 2950 4729 occultum
3002 4674 3257 4746 feramus,
3289 4686 3343 4734 et
3390 4695 3489 4736 nos
3531 4674 3782 4740 hemines

2189 4780 2309 4822 esse
2350 4765 2781 4833 meminerimus;
2819 4776 2911 4822 aut
2947 4768 3081 4824 alias
3124 4770 3267 4826 aliud
3314 4754 3382 4828 de
3409 4774 3585 4829 anima
3614 4766 3777 4847 opus,

2187 4859 2243 4916 si
2278 4874 2503 4917 necesse
2524 4859 2808 4927 videbitur,
2838 4860 3045 4918 cautela
3072 4862 3251 4920 sobria
3289 4864 3611 4937 diSputaudo
3652 4885 3776 4927 mo-

2188 4950 2404 5018 liamur.

2258 5042 2484 5099 CAPUT
2516 5041 2782 5100 Κίρ-19.
2807 5042 3026 5101 Aculeus
3056 5048 3230 5103 mortis
3253 5048 3383 5119 quis.
3415 5044 3567 5106 Nunc
3596 5061 3776 5109 tamen

2186 5134 2317 5192 illud
2341 5134 2485 5207 quod
2500 5135 2576 5190 ait
2593 5135 2901 5206 Apostolus,
2929 5136 3034 5193 Per
3054 5155 3209 5195 unum
3235 5140 3485 5197 hominem
3513 5154 3779 5215 peccatum

2184 5228 2391 5285 intrauit
2421 5237 2476 5285 tn
2517 5229 2782 5298 mundum,
2815 5239 2860 5284 et
2889 5248 2977 5303 per
3015 5243 3273 5305 peccatum
3304 5252 3475 5301 mors;
3517 5246 3565 5290 et
3608 5238 3682 5292 ita
3721 5238 3778 5293 in

2187 5341 2361 5382 omnes
2373 5324 2599 5381 homines
2615 5325 2924 5397 pertransiit,
2939 5327 2991 5379 in
3011 5343 3109 5400 quo
3126 5342 3296 5382 omnes
3316 5314 3671 5398 peccaverunt;
3697 5332 3779 5387 sic

2186 5416 2551 5489 accipiamus,
2593 5431 2663 5473 ne
2692 5424 2770 5473 tot
2806 5418 3073 5490 tantisque
3097 5419 3447 5488 apertissimis
3468 5420 3773 5478 divinarum

2184 5506 2577 5580 Scripturarum
2596 5507 2933 5576 tesﬁmoniis,
2949 5508 3140 5580 quibus
3151 5508 3408 5567 docemur
3420 5522 3615 5583 prmter
3625 5514 3778 5571 Chri-

2185 5601 2252 5658 sti
2266 5602 2600 5668 societatem,
2612 5615 2731 5671 qua
2748 5600 2801 5654 in
2814 5599 2906 5656 illo
2917 5610 2972 5656 et
2986 5614 3108 5656 cum
3126 5601 3219 5659 illo
3229 5603 3311 5671 fit,
3324 5618 3445 5660 cum
3461 5603 3779 5663 Sacramen-

2183 5696 2253 5752 tis
2265 5695 2382 5768 ejus
2394 5694 2762 5761 imbuimur,et
2773 5692 2888 5765 ejus
2902 5695 3158 5752 membris
3169 5697 3591 5773 incorporamur,
3603 5702 3771 5761 vitam

3779 5846 3793 5875 ’κ

3790 5886 3795 5903 ι

2251 5871 2269 5904 ι
2291 5871 2478 5922 stem.
2499 5877 2553 5923 et
2570 5875 2681 5922 Its.
2705 5876 2762 5922 Δι
2778 5876 2914 5937 tam,
2933 5870 3221 5926 rotantur.
