3984 6538
488 366 592 427 109

481 485 605 543 dem
638 480 706 540 ad
732 477 1039 538 Corinthios
1073 472 1368 546 Epistolam
1408 480 1662 529 tractaret
1687 470 1933 542 exposuit
1961 466 2062 542 (a),

481 577 623 650 quod
652 573 902 646 exempla
922 573 1030 644 jam
1068 576 1499 639 praecesserant,
1550 574 1603 622 et
1647 565 1884 620 virorum
1930 576 2066 633 quos

483 684 706 736 uxores,
730 677 785 724 et
813 664 1122 722 feminarum
1144 675 1276 733 quas
1304 658 1483 715 mariti
1512 655 1887 714 lucrifeccrant
1914 653 2068 709 Chri-

483 772 567 818 sto
585 803 601 829 ,
633 768 686 815 et
712 755 1051 829 parvulorum
1080 752 1149 809 ad
1174 767 1307 824 quos
1332 749 1604 807 faciendos
1627 747 1947 805 christianos
1974 760 2067 802 vo-

483 851 661 907 luntas
689 848 975 905 christiana
1016 846 1179 902 etiam
1213 845 1370 900 unius
1414 841 1645 914 parentis
1671 841 1905 896 evicerat
1936 855 1949 892 :
1978 844 2071 892 aut

485 945 553 1008 si,
576 940 717 1013 qn'od
735 940 902 1012 magis
920 940 1085 996 verba
1109 936 1351 1009 Apostoli
1368 934 1614 991 videntur
1642 946 1835 988 sonare
1859 940 1914 986 et
1938 943 2069 1001 quo-

483 1036 606 1090 dam
637 1033 796 1090 modo
820 1047 1032 1104 cogere,
1059 1030 1234 1100 aliqua
1261 1029 1369 1084 illic
1393 1023 1736 1097 intelligenda
1762 1029 1846 1079 est
1872 1020 2068 1076 sancti-

485 1126 660 1182 ﬁcatio
682 1168 697 1192 ,
728 1141 831 1196 qua
861 1122 1327 1180 sanctiﬁcabantur
1345 1119 1428 1175 vir
1455 1126 1511 1176 et
1535 1117 1728 1173 mulier
1753 1112 1984 1170 inﬁdelis
2012 1111 2069 1167 in

480 1217 706 1288 conjuge
728 1215 892 1283 ﬁdeli,
914 1223 970 1270 et
986 1227 1092 1284 qua
1114 1211 1286 1267 sancti
1312 1208 1667 1266 nascebantur
1687 1203 1782 1261 lilii
1809 1202 2065 1270 ﬁdelium,

482 1311 597 1366 sive
621 1308 745 1381 quia
771 1309 826 1364 in
860 1314 1136 1364 menstruo
1175 1318 1367 1361 cruore
1407 1300 1667 1367 mulieris,
1712 1313 1744 1354 a
1783 1295 2070 1354 concubitu

481 1403 810 1470 continebat,
837 1401 1158 1474 quicumque
1181 1397 1264 1453 vir
1286 1395 1371 1452 vel
1395 1393 1594 1451 femina
1622 1392 1676 1448 id
1704 1391 1757 1447 in
1784 1390 1904 1462 lege
1928 1387 2068 1444 didi-

482 1506 650 1565 cerat;
681 1511 803 1553 nam
823 1495 927 1551 hoc
946 1491 1193 1550 Ezechiel
1212 1490 1350 1546 inter
1371 1489 1461 1544 illa
1479 1493 1741 1558 praecepta
1762 1483 1931 1555 ponit,
1949 1496 2070 1554 quae

484 1604 592 1644 non
623 1587 844 1659 ﬁgurate
882 1581 1188 1654 accipienda
1232 1588 1358 1636 sunt
1393 1578 1608 1651 (Ezech.
1632 1593 1782 1645 xviii,
1824 1575 1923 1648 6):
1951 1574 2070 1631 sive

485 1689 702 1751 propter
729 1678 888 1737 aliam
915 1674 1247 1748 quamlibet,
1276 1687 1396 1744 qua:
1434 1669 1508 1725 ibi
1550 1679 1734 1739 aperte
1761 1667 1935 1740 posita
1960 1680 2069 1721 non

483 1780 586 1839 est,
610 1784 675 1827 ex
706 1771 819 1840 ipsa
844 1766 1238 1825 necessitudine
1261 1763 1628 1835 coniugiorum
1654 1772 1812 1833 atque
1839 1760 2068 1816 ﬁliorum

483 1861 779 1919 sanctitatis
816 1860 1152 1932 asperginem
1179 1874 1193 1912 :
1231 1856 1360 1913 illud
1389 1864 1565 1911 tamen
1597 1854 1714 1911 sine
1742 1851 2070 1909 dubitatione

483 1952 773 2010 tenendum
804 1960 922 2019 est,
952 1964 1301 2022 quaecumque
1337 1948 1423 2003 illa
1453 1946 1801 2003 sanctiﬁcatio
1830 1946 1935 2013 sit,
1961 1959 2069 2001 non

483 2046 662 2101 valere
688 2044 756 2100 ad
780 2043 1103 2100 christianos
1126 2039 1399 2096 faciendos
1422 2082 1436 2108 ,
1465 2048 1625 2109 atque
1666 2037 1732 2093 ad
1758 2035 2071 2093 dimittenda

483 2145 724 2208 peccata,
756 2135 862 2190 nisi
905 2132 1198 2189 christiana
1236 2141 1290 2188 et
1334 2131 1693 2188 ecclesiastica
1740 2130 2070 2187 institutione

483 2225 1201 2285 Sacramenlis‘efﬁciantur
1244 2224 1449 2280 fideles.
1488 2222 1622 2278 Nam
1669 2238 1770 2279 nec
1810 2223 2069 2294 conjuges

482 2319 745 2384 inﬁdeles,
777 2317 1064 2388 quamlibet
1101 2316 1300 2372 sanctis
1338 2324 1390 2371 et
1415 2314 1576 2386 justis
1618 2314 1932 2385 conjugibus
1959 2313 2071 2370 bae-

482 2420 657 2478 rcant,
688 2410 756 2466 ab
781 2409 1059 2480 iniquitate
1083 2407 1439 2473 inundantur,
1468 2422 1587 2477 quae
1612 2421 1641 2459 a
1672 2421 1837 2478 regno
1868 2405 1962 2461 Dei
1985 2420 2072 2463 se-

485 2510 702 2575 paratos
722 2502 774 2557 in
795 2500 1187 2556 damnationem
1212 2499 1396 2555 venire
1416 2497 1715 2568 compellit;
1737 2512 1840 2552 nec
1864 2495 2071 2568 parvuli

486 2596 555 2652 de
582 2593 908 2665 quibuslibet
953 2592 1153 2649 sanctis
1190 2591 1454 2662 justisque
1488 2590 1772 2662 procreati,
1801 2589 2071 2660 originalis

485 2687 690 2760 peccati
710 2697 862 2743 reatu
892 2686 1263 2755 absolvuntur,
1292 2684 1395 2740 nisi
1421 2683 1477 2739 in
1503 2683 1719 2739 Christo
1745 2681 1945 2739 fuerint
1977 2682 2073 2738 ba-

484 2779 668 2851 ptizati
694 2796 709 2847 ;
739 2793 838 2850 pro
875 2778 1067 2846 quibus
1094 2783 1244 2831 tanto
1272 2776 1568 2847 impensius
1595 2774 1741 2847 loqui
1776 2774 2065 2843 debemus,

484 2879 683 2940 quanto
714 2884 808 2940 pro
834 2884 892 2925 se
923 2869 1022 2940 ipsi
1046 2868 1222 2925 minus
1247 2876 1487 2938 possunt.

554 2957 782 3017 CAPUT
812 2958 1024 3016 Xili.-—
1047 2959 1138 3014 ‘22.
1186 2959 1455 3033 Epilogus.
1506 2958 1765 3016 Sollicitos
1789 2976 1895 3016 esse
1918 2977 2070 3033 opor-

483 3062 552 3108 tet
601 3062 655 3107 ut
701 3052 1016 3123 baptizentur
1057 3053 1297 3123 infantes.
1333 3048 1387 3108 Id
1412 3054 1553 3109 enim
1579 3052 1687 3125 agit
1713 3053 1801 3108 illa
1828 3053 2069 3125 disputa-

483 3143 594 3208 tio,
655 3151 833 3199 eontra
886 3142 1039 3213 cujus
1085 3143 1374 3199 novitatem
1435 3143 1650 3214 antiqua
1704 3143 1930 3200 veritate
1984 3142 2070 3199 ni-

484 3233 700 3291 tendum
738 3242 852 3302 est,
881 3243 940 3291 ut
966 3233 1195 3291 infantes
1237 3222 1457 3292 omnino
1501 3233 1770 3307 superﬂuo
1814 3236 2071 3306 baptizari

480 3326 779 3383 videantur.
799 3325 907 3384 Sed
924 3338 1107 3399 aperte
1125 3326 1230 3384 hoc
1245 3342 1352 3383 non
1370 3327 1582 3397 dicitur,
1608 3344 1674 3384 ne
1695 3336 1802 3383 tam
1824 3328 2033 3386 ﬁrmata
2047 3334 2069 3364 '

482 3418 769 3477 salubriter
794 3421 1051 3478 Ecclesia:
1091 3422 1420 3478 consuetudo
1445 3422 1731 3479 violatores
1769 3437 1898 3480 suos
1924 3422 2071 3481 ferre

482 3528 590 3571 non
633 3514 829 3587 possit.
868 3515 975 3572 Sed
1021 3516 1066 3572 si
1095 3516 1309 3588 pupillis
1345 3531 1502 3587 opem
1527 3515 1667 3572 ferre
1705 3517 2066 3589 praecipimur,

482 3615 681 3677 quanto
705 3606 874 3679 magis
905 3622 1003 3679 pro
1032 3607 1149 3664 istis
1180 3607 1424 3663 laborare
1452 3606 1708 3665 debemus
1729 3648 1746 3676 ,
1775 3608 1868 3681 qui
1903 3608 2070 3665 desti-

481 3701 704 3755 tutiores
732 3707 787 3755 ct
828 3700 1141 3756 miseriores
1167 3700 1385 3771 pupillis
1411 3700 1572 3757 etiam
1616 3700 1718 3757 sub
1758 3701 2067 3773 parentibus

480 3790 869 3859 remanebunt,
902 3791 949 3847 si
973 3793 1051 3847 eis
1076 3790 1273 3847 Christi
1312 3793 1484 3869 gratia
1509 3791 1879 3866 denegabitur,
1909 3810 2069 3867 quam

481 3898 578 3954 per
605 3898 665 3940 se
687 3883 708 3916 ³
736 3884 837 3955 ipsi
863 3883 1103 3957 ﬂagitare
1129 3900 1236 3941 non
1259 3885 1525 3957 possunt?

553 3974 646 4033 23.
687 3977 820 4032 lllud
849 3987 1026 4033 autem
1052 3978 1195 4050 quod
1219 3977 1424 4047 dicunt,
1455 3978 1570 4036 sine
1597 3979 1707 4037 ullo
1727 3990 1946 4052 peccato
1965 3982 2068 4038 ali-

546 4090 564 4122 ¹
589 4089 726 4157 aditi,
746 4095 793 4141 et
822 4089 1157 4157 Sacramentia.
1180 4092 1507 4157 Copulativam
1540 4092 1824 4157 particulam
1850 4093 1944 4146 hoc
1964 4092 2071 4148 loco

479 4161 578 4217 non
607 4152 793 4202 habent
813 4155 1145 4217 manuscripti.

544 4216 566 4279 ξ
589 4223 641 4265 in
664 4220 920 4279 Mssuitam
940 4213 1103 4279 ﬁrmo.

547 4276 570 4342 ξ
592 4276 815 4342 ts'oniiulli
839 4276 965 4339 MssJ,
982 4290 1072 4342 pro
1091 4290 1161 4342 se.

540 4339 613 4403 (a)
645 4339 729 4388 Adi
749 4339 1125 4390 conmentarios
1141 4341 1191 4390 in
1212 4340 1409 4391 Paulum
1441 4341 1570 4391 inter
1600 4342 1876 4408 Hieronymi
1897 4354 2068 4407 Opera,

774 4431 1005 4440 _—-—.—-—_

1015 4432 1255 4441 _'—___

1419 347 1507 407 DE
1543 346 1811 407 SPIRITU
1852 346 1943 405 ΕΤ
1983 341 2303 415 LITTERA,
2345 343 2405 401 S.
2444 339 2818 402 AUGUSTlNl

2173 479 2309 537 quos
2330 464 2574 521 homines
2594 464 2706 535 jam
2735 460 2942 518 ratione
2980 458 2998 491 ¹
3038 466 3270 528 utentes,
3312 458 3369 515 in
3414 455 3522 516 hoc
3546 459 3763 525 ,smcub

2174 556 2370 613 vixisse
2393 556 2481 612 vel
2504 555 2686 612 vivere
2722 572 2736 610 :
2776 551 3068 625 optandum
3097 559 3180 608 est
3216 559 3276 607 ut
3302 550 3432 618 ﬁat,
3460 546 3761 608 conandum

2173 656 2352 705 estut
2392 646 2513 715 ﬁat,
2566 646 2969 720 supplicandum
3017 652 3103 701 est
3148 653 3207 700 ut
3258 643 3377 713 ﬁat;
3430 660 3538 703 non
3589 653 3763 704 tamen

2175 742 2327 814 quasi
2365 742 2562 797 factum
2604 741 2761 797 fuerit
2798 738 3173 796 conﬁdendum
3194 739 3237 792 ³.
3269 737 3384 794 Hoc
3408 739 3553 794 enim
3574 746 3764 810 Optan-

2176 833 2319 890 tibus
2357 844 2413 890 et
2461 831 2778 889 conantibus
2832 840 2887 887 et
2927 830 3085 902 digna
3137 829 3525 900 supplicatione
3573 828 3766 899 depre-

2174 924 2439 993 cantibus,
2485 923 2743 996 quidquid
2788 922 3109 979 remanserit
3148 930 3510 993 peccatorum,
3544 936 3641 991 per
3667 921 3767 976 hoc

2175 1017 2415 1089 quotidie
2462 1018 2707 1087 solvitur,
2755 1016 2896 1089 quod
2944 1015 3208 1073 veraciter
3251 1015 3304 1070 in
3352 1016 3595 1070 oratione
3644 1013 3768 1070 dici-

2176 1125 2296 1165 mus
2321 1108 2343 1140 ³
2368 1126 2382 1164 :
2412 1108 2622 1163 Dimitte
2665 1107 2808 1164 nobis
2855 1107 3022 1164 debita
3068 1116 3269 1173 nostra,
3309 1107 3437 1162 sicut
3480 1114 3526 1159 et
3564 1121 3657 1160 nos
3690 1105 3769 1159 di-

2175 1203 2418 1259 mittimus
2457 1202 2770 1258 debitoribus
2817 1201 3001 1256 uostris
3041 1198 3275 1275 (Matth.
3312 1215 3398 1267 v1,
3432 1198 3502 1255 12
3599 1198 3770 1267 Quam

2175 1296 2473 1351 orationem
2507 1293 2749 1364 quisquis
2799 1292 3019 1348 cuilibet
3061 1290 3309 1348 homini‘
3337 1298 3524 1346 sancto
3576 1300 3633 1346 et
3672 1289 3768 1346 Dei

2173 1386 2502 1443 voluntatem
2527 1386 2716 1442 scienti
2740 1393 2900 1456 atque
2925 1383 3177 1453 facienti,
3210 1391 3404 1455 praeter
3432 1399 3600 1440 unum
3636 1382 3772 1440 Sari-

2174 1483 2319 1532 ctum
2376 1488 2717 1545 sanctorum,
2777 1476 2907 1532 dicit
2959 1476 3014 1531 in
3079 1475 3178 1533 hac
3226 1476 3334 1531 vita
3407 1475 3772 1533 necessariam

2175 1584 2291 1633 non
2321 1568 2507 1637 fuisse,
2540 1569 2763 1624 multum
2789 1577 2954 1637 errat,
2980 1582 3081 1624 nec
3110 1576 3288 1639 potest
3326 1568 3545 1624 omnino
3566 1567 3643 1623 illi
3670 1566 3773 1638 ipsi

2176 1661 2390 1734 placere
2414 1676 2572 1733 quem
2606 1660 2787 1716 laudat
2813 1677 2828 1715 :
2854 1660 3101 1718 siautem
3124 1674 3185 1716 se
3206 1659 3381 1731 ipsum
3410 1659 3569 1715 talem
3600 1667 3770 1730 putat,

2176 1752 2293 1826 ipse
2312 1769 2373 1810 se
2398 1753 2616 1824 decipit,
2644 1765 2700 1809 et
2718 1754 2916 1809 veritas
2942 1753 2996 1809 in
3026 1767 3092 1809 eo
3122 1767 3228 1808 non
3254 1758 3338 1809 est
3359 1751 3401 1825 (l
3427 1750 3586 1807 Joan.
3614 1767 3652 1818 ι,
3677 1753 3771 1825 8);

2176 1860 2286 1902 non
2323 1844 2395 1901 ob
2426 1844 2590 1911 aliud,
2624 1845 2728 1901 nisi
2754 1845 2878 1916 quia
2904 1843 3096 1901 falsum
3126 1852 3295 1916 putat.
3333 1843 3491 1900 Novit
3515 1858 3647 1916 ergo
3685 1842 3776 1900 ille

2176 1940 2437 2008 medicus,
2461 1939 2552 2011 qui
2577 1954 2685 1995 non
2715 1947 2795 1994 est
2835 1952 2971 2009 opus
3008 1938 3188 2006 sanis,
3221 1938 3317 1995 sed
3352 1936 3773 2010 aegrotantibus,

2174 2033 2629 2108 quemadmodum
2658 2047 2758 2089 nos
2786 2032 3023 2088 curando
3052 2030 3292 2104 perﬁciat
3317 2033 3370 2088 in
3401 2040 3661 2088 aeternam
3681 2045 3774 2087 sa-

2175 2127 2340 2185 lutem
2375 2128 2512 2209 :‘qui
2537 2135 2592 2184 et
2619 2127 2791 2199 ipsam
2810 2135 3060 2195 mortem,
3084 2125 3327 2198 quamvis
3344 2125 3550 2196 peccati
3577 2124 3775 2180 merito

2176 2219 2377 2276 inﬂicta
2402 2218 2501 2285 sit,
2530 2235 2637 2275 non
2664 2218 2834 2274 aufert
2856 2217 2909 2274 in
2946 2216 3047 2274 hoc
3084 2217 3282 2273 saeculo
3307 2217 3386 2274 eis
3425 2216 3623 2288 quibus
3653 2229 3778 2288 pec-

2176 2319 2292 2367 cata
2319 2310 2556 2378 dimittit,
2598 2317 2657 2365 ut
2688 2310 2851 2366 etiam
2882 2324 3003 2365 cum
3041 2308 3158 2380 ejus
3200 2309 3389 2365 timore
3432 2307 3778 2379 superando'

2175 2403 2467 2475 suscipiant
2495 2418 2592 2474 pro
2621 2401 2746 2458 ﬁdei
2775 2402 3081 2458 sinceritate
3120 2414 3393 2458 certamen
3437 2418 3450 2454 :
3489 2401 3625 2457 etin
3650 2398 3778 2472 qui-

2176 2496 2400 2553 busdam
2451 2497 2613 2553 etiam
2653 2495 2831 2567 justos
2856 2509 3005 2563 suos,
3055 2495 3309 2566 quoniam
3359 2493 3537 2550 adhuc
3583 2492 3779 2550 extolli

2146 2599 2435 2663 possunt,
2491 2605 2600 2646 non
2652 2589 2868 2661 adjuvat
2905 2588 2974 2645 ad
3027 2587 3407 2662 perﬁciendam
3468 2588 3776 2659 justitiam,

2177 2692 2237 2739 ut
2254 2683 2381 2739 dum
2411 2697 2518 2738 non
2552 2681 2878 2754 justiﬁcatur
2918 2681 2973 2737 in
3021 2690 3311 2752 conspectu
3337 2680 3455 2751 ejus
3484 2681 3664 2736 omnis
3688 2680 3778 2736 vi-

2176 2790 2308 2832 vens
2335 2773 2507 2849 (Paul.
2534 2789 2701 2843 CIL",
2727 2773 2808 2846 2),
2836 2774 3100 2831 actionem
3127 2773 3419 2845 gratiarum
3458 2788 3674 2845 semper
3693 2773 3780 2828 iu-

2176 2866 2462 2940 dulgentia:
2482 2866 2652 2938 ipsius
2673 2865 3001 2934 debeamus;
3025 2875 3080 2922 et
3103 2865 3182 2922 sic
3206 2864 3274 2920 ab
3299 2866 3387 2920 illa
3412 2866 3585 2938 prima
3611 2879 3778 2924 causa

2176 2957 2414 3016 omnium
2436 2958 2710 3028 vitiorum,
2734 2957 2838 3014 hoc
2863 2968 2966 3027 est,
2996 2972 3028 3013 a
3053 2965 3265 3015 tumore
3293 2958 3558 3029 superbia:
3586 2968 3781 3017 sancta

2176 3051 2475 3110 humilitate
2497 3067 2753 3110 sanemur
2774 3052 2817 3106 θ.
2847 3052 2999 3108 Hanc
3022 3052 3304 3124 epistolam
3332 3052 3461 3108 dum
3490 3052 3779 3125 dispositio

2175 3160 2295 3201 mea
2334 3146 2355 3178 ⁷
2384 3144 2604 3202 brevem
2659 3145 2922 3217 parturit,
2976 3145 3112 3201 liber
3153 3144 3394 3216 prolixus
3442 3153 3527 3201 est
3572 3154 3774 3217 natus,

2177 3236 2378 3292 utinam
2400 3245 2507 3292 tam
2525 3235 2815 3308 perfectus,
2839 3251 2997 3309 quam
3021 3236 3235 3293 tandem
3256 3236 3541 3308 aliquando
3565 3237 3775 3295 ﬁnitus.

2176 3399 2308 3444 tomo
2328 3393 2377 3457 8,
2401 3395 2486 3458 qui
2507 3392 2591 3445 vel
2610 3393 2671 3445 ad
2689 3392 2937 3459 Pelagium
2956 3394 3040 3448 vel
3055 3394 3118 3446 ad
3138 3394 3353 3461 aliquem
3369 3409 3435 3449 ex
3455 3397 3612 3462 ipsius
3628 3397 3779 3449 disci-

2174 3454 2303 3520 pulis
2324 3457 2590 3520 pertinent.

2241 3539 2259 3572 ι
2284 3540 2433 3590 Hicin
2466 3539 2662 3613 excusis
2683 3540 2892 3605 additur,
2914 3540 3132 3608 propria:
3159 3540 3430 3596 nativitatis.
3454 3542 3548 3595 sed
3571 3557 3670 3596 non
3691 3548 3781 3598 est

2175 3600 2228 3653 in
2244 3601 2600 3665 manuscriptis.
2669 3664 2677 3665 ί

2239 3665 2262 3697 ,
2490 3664 2499 3665 ,

2237 3726 2262 3820 ἶ

2174 3787 2402 3902 mmini
2416 3823 2432 3850 ,
2467 3787 2662 3841 cuilibet
2681 3789 2827 3863 etiam
2845 3788 3042 3842 homini.
3077 3791 3160 3843 Hic
3193 3787 3390 3844 rursum
3408 3802 3514 3845 Mss.
3540 3787 3780 3847 omth

2239 3881 2659 3992 ῗὲἕέξιιξιειὲἰέιξεςε
2677 3918 2732 3992 ἕξ
2744 3914 2900 3992 setiam
2920 3914 3272 3992 deum“!!!
3293 3918 3570 3992 ξηρενωεάο
3590 3932 3609 3971 -°
3626 3926 3778 3992 r699

2174 3974 2370 4025 tametsi
2393 3972 2595 4025 alteram
2616 3972 2881 4029 lectionem
2903 3972 3125 4042 praeferri
3156 3977 3311 4032 velint
3330 3972 3672 4033 llovanienses.
3692 3983 3780 4032 Vi-

2173 4034 2423 4100 degsupra,
2442 4034 2531 4087 lib.
2555 4037 2604 4099 2,
2627 4051 2678 4088 n.
2702 4038 2782 4089 54.

3010 4105 3311 4178 sum
3331 4106 3525 4178 mices
3545 4106 3777 4178 intervo-

2173 4164 2440 4271 nuptédpeo
2454 4164 2656 4231 gratias,
2669 4168 2736 4233 .et
2758 4164 3144 4240 prosequuntur,
3163 4176 3299 4217 Hanc
3320 4164 3710 4241 epistotmnneté.

2201 4280 2213 4287 _
2350 4229 2425 4282 tu,
2447 4223 2709 4287 disputatio
2732 4237 2925 4287 magna.
2949 4227 3175 4279 Gallicani
3196 4242 3370 4280 omnes
3392 4238 3518 4287 Mss,
3543 4231 3776 4287 disputa-

2201 4280 2213 4292 .
2243 4237 2255 4254 ι
2284 4237 2425 4282 ultu,
2447 4237 2709 4287 auptaauo
2732 4237 2925 4289 magna.
2949 4237 3175 4279 Gauicant
3196 4242 3370 4280 omnes
3392 4238 3518 4291 Mss,
3543 4237 3776 4292 disputa-

2172 4286 2846 4364 Ξίὲ,²⁷ξέιέ,9εὶηεξὲἓὲξιεξὲίδδς
2871 4290 3115 4364 Vatiae“.
3140 4304 3240 4364 uno
3256 4298 3442 4364 eam
3465 4300 3696 4357 θκοθιιιον
3714 4294 3777 4347 in

2173 4357 2273 4408 quo
2294 4343 2494 4409 legitur,
2513 4345 2760 4412 dispositio
2772 4362 2910 4412 mea;
2930 4351 3061 4415 quod
3079 4343 3238 4416 aptius
3258 4354 3467 4405 videtur.

668 4430 2232 4445 __._.___.__._____.__.___—_._._._.__—.

474 4430 3755 4505 WW—

487 4507 574 4570 1η
604 4506 832 4600 librum
862 4509 939 4572 de
969 4509 1596 4600 Sipiritu_ctLittera,
1628 4511 1768 4575 vide
1787 4511 1897 4600 lib.
1925 4511 1989 4600 ξ,
2017 4531 2157 4600 cup.
2184 4513 2893 4600 37,_lleti;ac_tat_ionum,
2926 4528 2973 4582 ι.
3007 4521 3066 4596 1,
3114 4523 3235 4586 col.
3263 4523 3403 4595 6&5,
3448 4545 3488 4587 a
3510 4526 3719 4592 verbis
3746 4574 3771 4600 ,

648 4588 742 4651 Ad
770 4607 964 4669 quem
994 4589 1079 4671 (a)
1104 4590 1516 4670 scripseram,
1539 4610 1732 4673 usque
1751 4591 1834 4654 ad
1859 4591 1980 4654 col.
2009 4588 2150 4664 6&6,
2180 4593 2410 4665 verbis,
2441 4596 2565 4658 Fiii
2594 4588 2976 4662 charissiine
3003 4588 3400 4666 Marcelline:
3511 4588 3599 4670 M.

541 4689 960 4755 (a)_ltarcellinum
983 4692 1242 4755 tribunum,
1267 4694 1343 4742 cui
1366 4700 1580 4755 accepta:
1602 4691 1878 4755 referenda:
1895 4699 2009 4755 sunt
2022 4699 2123 4744 tam
2140 4694 2308 4746 multa:
2323 4678 2488 4747 aliaa'A

2639 4699 2704 4775 iiii
2726 4698 3602 4775 lucubrationes,subsequ_enti’etiam
3623 4713 3774 4775 Operi

474 4752 790 4825 occaSionem.
802 4754 1067 4815 praebuisse
1087 4753 1248 4824 docet,
1272 4761 1403 4803 moui
1417 4752 1688 4863 quaestione
1712 4767 1776 4826 ei;
1800 4754 1938 4828 libris
1958 4754 2025 4806 de
2045 4762 2356 4832 Peccatprum
2387 4752 2645 4833 Heriti’s'et
2678 4764 2974 4814 Remissione
2993 4800 3009 4824 ,
3041 4752 3429 4828 quosﬂvidjeﬁli‘cet'
3614 4752 3774 4837 stipi;

477 4814 692 4863 diximus
715 4813 871 4863 editos
904 4826 1030 4863 anno
1051 4814 1221 4863 Christi
1255 4814 1363 4863 412.
1391 4822 1428 4863 lt
1446 4829 1529 4863 see
1549 4823 1716 4863 autem
1739 4815 1875 4863 libris
1897 4830 1949 4863 in
1969 4821 2402 4863 Beiraetatiomhns
2420 4822 2674 4863 stiliiimliir
2690 4837 2812 4863 nmis
2843 4825 2906 4863 (in
2929 4826 3100 4863 ςηίι-ςιη
3128 4836 3175 4863 ιιι
3202 4836 3217 4863 r
3232 4830 3375 4863 tum
3420 4847 3514 4863 nm.
3541 4836 3772 4863 ,κη-την.

513 4814 692 4897 5359923
715 4813 1529 4897 @305393052995‘5}Qui???
1549 4815 2402 4897 Ξὶιέἓξζηιλὲἒιίέξὲε,ἱιὶ,¹ἒθέιξῆὲ³ιὲρῑιίιξυε
2420 4822 2674 4897 subiici}!!!
2690 4837 2812 4887 ορυε
2843 4825 2909 4897 αξξ
2929 4813 3103 4888 δῡίι-ίῖιὶ
3116 4813 3180 4879 ’(ξί
3201 4813 3402 4893 timui:
3409 4813 3773 4897 ἰιόὖίἷῖοέἒῶὃ

477 4875 703 4939 quidem,
727 4875 1010 4947 sed_quarto
1033 4882 1141 4938 post
1157 4874 1279 4947 loco,
1301 4878 1531 4947 scriptum
1553 4877 1680 4947 haud
1703 4877 1855 4947 dubie
1875 4879 2003 4947 circa
2024 4877 2184 4947 ﬁnem
2196 4881 2419 4947 ejusdem
2441 4874 2556 4947 aniii
2578 4884 2687 4947 412,

609 4896 703 4935 stu,
727 4896 816 4924 acu
838 4896 1010 4938 quarto
1033 4896 1141 4938 νυδι
1157 4896 1262 4926 ιυυυ
1301 4896 1531 4950 scripturn
1553 4896 1680 4950 naua
1703 4896 1855 4928 uume
1875 4896 2003 4950 εει-ω
2024 4896 2174 4930 nnetn
2196 4896 2228 4929 e
2248 4896 2304 4932 US

609 4948 735 5006 anno
752 4936 869 5006 M3,
879 4950 1059 5006 mense
1071 4912 1340 5002 septembri
1362 4938 1551 4990 accidit.
1568 4946 1746 4990 citetur
1762 4939 1855 4990 hoc
1875 4940 2006 4991 iuem
2027 4954 2150 5006 opus
2169 4896 2304 4994 iniib

567 4999 750 5060 istiana,
773 5012 823 5048 n.
842 4998 922 5049 46.

2721 4886 2833 4961 See.
2849 4886 3098 4961 “963220
3118 4898 3234 4961 ante
3250 4886 3440 4961 «aedem
3460 4886 3719 4961 Maicellini
3746 4886 3769 4959 ;

2304 4957 2361 4996 ro
2381 4945 2448 4997 de
2468 4945 2579 4997 Fide
2602 4954 2656 4998 et
2674 4945 2998 5012 Operibus,'n.
3013 4949 3094 5015 21;
3120 4960 3172 5004 et
3193 4954 3244 5004 iii
3268 4952 3395 5006 libro
3409 4957 3443 5007 ὅ
3460 4957 3526 5009 de

477 5078 3749 5122 __________.___________________________

1001 5152 1159 5300 S.
1258 5152 2063 5301 AURELII
2166 5155 3154 5310 AUGUSTIN
3166 5172 3235 5312 Ι
3279 5303 3287 5309 .

566 5354 885 5518 DE
1026 5356 1993 5523 SPIRITU
2125 5359 2458 5558 ET
2579 5366 3646 5539 LITTERA

1810 5623 2085 5724 “iiber
2128 5645 2351 5727 unus
2377 5649 2486 5726 (α).

534 5797 2586 5893 ξὲἷξθἾξξξξῖΞΞῬῗΡὲΞ,δὲηέθξζῖῗῗεὲῗῖιξᾝηίὶῗὲ,ξιὶδξξΡῖἷῗΞΨηθιέῗίἱίὲξίΞῗξι.θθῖί
2782 5812 2836 5858 ¹¹ι
2856 5808 2921 5860 είί
2940 5808 3086 5893 im”
3107 5813 3158 5863 ίο
3178 5813 3270 5865 hac
3292 5816 3388 5893 νξω
3409 5815 3518 5868 sine
3538 5825 3760 5886 ρθοωιοι

473 5860 517 5916 ⁵⁵
537 5861 954 5948 Χὲίὲιὲέὲξέὲνὲἒμ
965 5860 1390 5948 ¹ἓξίίίξη¹¹ἓκξ¹¹ὴ¹ἔξτ
1413 5869 1576 5914 me“
1592 5860 1801 5927 “5‘1"”
1823 5860 1874 5916 ίιί
1891 5860 2164 5923 υοωίηίδυδ
2184 5860 2531 5933 “mimici”:
2546 5860 2748 5933 ἱυέιίιίεε
2765 5860 3049 5937 exemplum
3064 5860 3268 5930 εὖὦέ
3283 5860 3767 5948 {Eni—AW

537 5924 612 5989 (tt)
640 5923 849 5990 Scriptus
865 5926 957 5978 sub
982 5925 1129 5979 ﬁnem
1147 5926 1260 5980 anni
1281 5923 1391 5977 412.
