3984 6512
199 467 291 525 ,οι
1215 405 1222 439 ῖ
1283 415 1290 443 ⁴
1621 448 1803 506 LlBEl

1915 447 2058 504 NUS.

3372 411 3478 517 eo.

199 585 476 637 occasionem
490 579 679 642 (arripit
697 579 986 642 amputandi
1009 583 1171 629 contra
1194 575 1472 642 Pelagianos
1493 572 1557 622 de
1578 570 1813 642 adjutorio
1833 570 2001 642 gratiae
2039 570 2142 630 Dei,
2176 571 2606 642 ostenditquenon
2629 574 2692 642 i_n_
2716 587 2778 624 eo
2809 587 2898 642 nos
2925 575 3152 627 divinitus
3181 577 3393 640 adjuvari
3418 582 3478 630 ad

482 635 761 701 justi—tiam,
780 635 920 704 quod
939 640 1103 709 legem
1123 646 1250 709 Deus
1271 635 1407 709 dedit
1427 635 1618 709 plenam

1701 632 2069 704 sanctisque
2092 632 2380 704 princeptis;
2406 632 2506 682 sed
2529 635 2662 704 quod
2680 635 2781 704 ipsa
2805 636 3024 704 voluntas
3044 632 3358 704 nostraisine
3383 655 3478 704 qua

388 693 567 771 δοηῖξπι
591 715 702 752 ηοιι
1028 701 1361 771 adimente!
1377 693 2394 771 θτῑειιιιιϋφρεῖῐσὲξε,ξρίτξὲῐξετὲιίὲγξίιξξ
2418 708 2516 771 999
2537 693 2773 771 idem
2808 698 3024 771 δοριτίηε
3056 699 3182 763 legis
3214 693 3380 771 littera
3401 693 3480 755 est

199 753 414 830 was,
437 764 556 830 quia
578 753 902 830 mos-mins
925 753 1327 830 Ηὼγεξίωιίοηξε
1347 753 1949 830 ιρηεμιίιυαωίίιιξιιῇι
1972 753 2158 830 impios.
2199 755 2316 830 lude
2336 753 3066 830 admpropositamquaistionem,
3107 753 3253 830 quam
3281 753 3481 815 solvere

197 813 343 894 {an
360 813 412 873 ίιί
432 813 700 887 ὁτίυοίρίοί
710 813 846 894 libri.
873 813 1072 894 τάλίυρε
1093 823 1272 894 item
1291 823 1348 894 in.
1358 819 1478 894 βηεξο
1490 813 1788 894 δέψηῧξεέί
1807 813 1971 894 ἔιξὲιὲ
1978 813 2310 894 essese???
2324 813 2562 894 ε’ὲτξξῑειξῑθ
2577 813 2822 894 me???“
2836 834 2948 894 οιεπη
2961 813 3256 894 θεῖ’θιιέιίιίον
3273 813 3477 894 quam

195 877 360 940 anum
379 877 800 952 monumenta
822 877 1107 948 exemplum
1132 897 1144 933 :
1171 891 1319 946 atque
1338 883 1404 933 ita
1420 877 1530 932 sine
1553 877 1783 941 exemplo
1801 888 1912 929 esse
1925 877 1978 927 in
1998 877 2271 930 hominibus
2291 878 2556 942 perfectam
2574 877 2827 944 justitiam,
2852 888 2903 934 et
2935 891 3100 937 tamen
3131 877 3492 952 impossibilem.

195 963 280 1002 non
299 960 404 999 ese
423 946 711 998 concludit.

261 1073 464 1134 CAPUT
511 1073 829 1132 PRIﬂUM.
863 1104 934 1116 —
965 1075 1018 1130 ι.
1044 1071 1256 1127 Occasio
1275 1069 1527 1126 scribendi
1552 1068 1703 1138 hujus
1729 1065 1793 1122 Ii-

200 1173 282 1228 bri.
322 1167 531 1238 Aliquid
561 1184 726 1238 posse
762 1169 875 1239 ﬁeri
898 1209 916 1237 ,
952 1168 1146 1222 tametsi
1191 1169 1379 1237 factum
1415 1166 1482 1218 sit
1509 1178 1782 1232 nunquam.

197 1262 353 1319 lectis
377 1259 703 1329 opusculis,
732 1275 858 1331 qua:
886 1259 956 1316 ad
984 1268 1037 1315 te
1059 1273 1230 1328 nuper
1252 1255 1540 1321 elaboravi,
1573 1255 1646 1310 (ili
1666 1253 1794 1310 cha-

196 1351 384 1408 rissima
419 1348 787 1419 Marcelline,
822 1351 893 1406 de
930 1349 1200 1421 Baptismo
1242 1348 1582 1417 parvulorum
1601 1385 1616 1413 ,
1654 1353 1708 1401 et
1726 1345 1794 1401 de

196 1440 509 1515 perfectione
535 1439 781 1512 iustitia:
809 1440 1043 1497 hominis
1063 1481 1079 1506 ,
1105 1437 1247 1510 quod
1272 1452 1390 1493 eam
1419 1451 1578 1493 nemo
1601 1436 1656 1491 in
1694 1435 1796 1491 hac

197 1537 289 1591 vita
312 1532 391 1589 vel
419 1543 736 1590 assecutus
753 1575 770 1602 ,
797 1534 888 1590 vel
922 1540 1260 1590 assecuturus
1283 1531 1544 1598 videatur,
1573 1539 1795 1600 excepto

198 1644 292 1684 uno
313 1625 652 1695 Mediatore,
681 1627 776 1698 qui
803 1626 1034 1683 humana
1055 1639 1338 1697 perpessus
1365 1632 1446 1681 est
1471 1623 1526 1678 in
1549 1623 1795 1680 similitu-

201 1722 309 1775 dine
329 1717 513 1773 carnis
556 1719 812 1788 peccati,
840 1719 958 1774 sine
991 1717 1100 1773 ullo
1142 1716 1360 1772 omnino
1403 1723 1624 1785 peccato
1655 1733 1669 1769 :
1704 1730 1794 1770 re-

199 1808 435 1879 scripsisti
477 1815 543 1863 te
587 1808 808 1864 moveri
845 1821 930 1876 eo,
953 1805 1098 1878 quod
1135 1806 1190 1862 in
1235 1804 1530 1877 posteriore
1571 1803 1796 1860 duorum

203 1903 326 1958 libro
348 1902 366 1933 ι
393 1900 517 1956 ﬁeri
549 1914 724 1971 posse
752 1899 866 1956 dixi
884 1940 901 1964 ,
941 1908 1002 1955 ut
1027 1899 1098 1955 sit
1120 1898 1282 1954 homo
1310 1897 1428 1952 sine
1454 1904 1674 1967 peccato
1693 1935 1709 1963 ,
1750 1896 1797 1950 si

204 1997 423 2052 voluntas
442 1994 581 2064 ejus
606 2007 725 2050 non
749 1993 891 2050 desit
912 1994 935 2025 ³
963 2006 1066 2063 ope
1091 1990 1374 2062 adiuvante
1393 1989 1572 2045 divina
1589 2030 1602 2054 ,
1631 1996 1687 2044 et
1715 1996 1796 2043 ta-

202 2102 314 2142 men
365 2094 580 2156 praeter
626 2099 806 2141 unum
854 2083 912 2139 in
957 2097 1065 2155 quo
1108 2097 1294 2138 omnes
1346 2080 1753 2136 viviﬁcabuntur
1777 2079 1798 2111 ³

202 2177 243 2250 (1
267 2175 376 2232 Cor.
402 2191 507 2244 xv,
535 2173 640 2249 2'2)
661 2219 679 2243 ,
721 2176 995 2233 neminem
1019 2174 1183 2230 fuisse
1209 2174 1294 2230 vel
1334 2174 1451 2230 fore
1490 2173 1545 2228 in
1569 2188 1677 2243 quo
1712 2172 1800 2228 hic

203 2269 402 2325 vivente
423 2277 581 2324 esset
609 2269 722 2324 ista
748 2266 1027 2338 perfectio.
1054 2266 1358 2324 Absurdum
1379 2266 1522 2321 enim
1542 2265 1636 2321 tibi
1658 2265 1801 2321 vide-

208 2359 430 2425 turdici,
471 2359 687 2432 aliquid
715 2358 837 2415 ﬁeri
876 2373 1037 2431 posse
1075 2358 1228 2430 cujus
1267 2358 1406 2414 desit
1449 2359 1754 2429 exemplum
1780 2400 1796 2425 ,

203 2466 354 2520 cum,
393 2450 538 2509 sicut
577 2452 788 2520 credo,
829 2467 939 2508 non
979 2451 1222 2517 dubites,
1265 2467 1534 2520 nunquam
1571 2465 1693 2507 esse
1721 2450 1800 2507 fa-

205 2552 343 2600 ctum
370 2554 433 2600 ut
455 2560 560 2616 per
600 2544 854 2601 foramen
898 2558 1027 2600 acus
1062 2543 1297 2600 camelus
1327 2544 1597 2612 transiret,
1625 2552 1679 2598 et
1717 2552 1800 2598 ta-

205 2649 332 2690 men
353 2636 449 2692 ille
474 2635 584 2691 hoc
611 2650 830 2707 quoque
851 2634 990 2691 dixit
1019 2635 1127 2691 Deo
1152 2649 1273 2690 esse
1303 2634 1555 2704 possibile
1581 2634 1798 2705 (Matth.

211 2740 313 2780 xix
333 2766 349 2792 ,
369 2725 445 2781 ΞΑ
467 2767 485 2793 ,
503 2726 601 2798 26)
631 2743 651 2781 :
678 2725 823 2798 legas
851 2727 1015 2782 etiam
1051 2725 1332 2782 duodecim
1376 2726 1543 2782 millia
1567 2725 1591 2757 ‘
1635 2726 1802 2798 legio-

213 2833 320 2874 nes
343 2819 674 2890 Angelorum
701 2834 791 2890 pro
819 2819 1038 2876 Christo
1063 2860 1079 2886 ,
1123 2835 1193 2876 ne
1221 2828 1490 2889 pateretur
1511 2860 1526 2886 ,
1569 2834 1805 2890 pugnare

212 2911 456 2980 potuisse
500 2909 612 2981 (Id.
656 2927 820 2980 xxvr,
851 2912 945 2984 53)
969 2953 988 2982 ,
1029 2927 1130 2969 nec
1165 2920 1344 2967 tamen
1389 2911 1629 2968 factum:
1659 2912 1805 2984 legas

212 3001 336 3058 ﬁeri
387 3003 621 3072 potuisse
665 3012 726 3058 ut
773 3003 946 3060 semel
1001 3011 1187 3074 gentes
1240 3003 1722 3059 exterminarentur
1774 3018 1806 3059 a

209 3099 358 3148 terra
382 3110 494 3163 qua:
516 3094 754 3150 dabatur
777 3093 906 3150 ﬁliis
926 3093 1092 3150 lsrae.
1114 3093 1288 3166 (Deut.
1311 3110 1445 3150 xxxi
1465 3136 1481 3164 ,
1517 3095 1576 3166 5)
1597 3137 1613 3163 ,
1637 3095 1804 3152 Deum

205 3191 383 3239 tamen
403 3185 674 3254 paulatim
722 3184 844 3242 ﬁeri
872 3185 1106 3241 voluisse
1132 3183 1335 3257 (ludio.
1367 3201 1404 3241 ιι
1424 3225 1440 3253 ,
1481 3185 1539 3256 5)
1574 3203 1588 3240 :
1621 3193 1677 3241 et
1703 3186 1806 3241 alia

205 3287 452 3332 sexcenta
478 3286 725 3351 possunt
751 3289 1064 3345 occanere,
1105 3293 1224 3349 quae
1250 3277 1388 3346 ﬁeri,
1421 3277 1505 3334 vel
1536 3280 1805 3350 potuisse,

200 3369 285 3424 vel
324 3384 485 3439 posse
513 3369 790 3427 fateamur
811 3413 828 3437 ,
877 3379 933 3428 et
969 3386 1153 3427 eorum
1181 3380 1361 3428 tamen
1394 3372 1638 3442 exempla
1663 3373 1807 3445 quod

198 3458 333 3514 facta
362 3461 476 3515 sint
495 3459 753 3532 proferre
772 3475 1121 3532 nequeamus.
1147 3459 1304 3518 Unde
1329 3477 1437 3518 non
1461 3461 1581 3518 ideo
1611 3477 1808 3533 negare

196 3548 464 3606 debemus
484 3592 503 3618 ,
535 3550 656 3607 ﬁeri
699 3566 863 3622 posse
882 3561 942 3607 ut
966 3551 1130 3608 homo
1153 3553 1272 3609 sine
1298 3563 1522 3623 peccato
1545 3553 1650 3622 sit,
1683 3554 1806 3624 quia

197 3643 376 3698 nullus
410 3652 500 3699 est
536 3642 823 3699 hominum
844 3685 862 3712 ,
908 3653 1103 3714 praeter
1147 3644 1298 3700 illum
1323 3645 1412 3716 qui
1457 3660 1564 3700 non
1596 3653 1806 3701 tantum

197 3730 384 3802 homo,
407 3733 511 3790 sed
536 3733 706 3790 etiam
735 3743 925 3790 natura
951 3734 1092 3790 Deus
1120 3742 1224 3803 est,
1257 3734 1311 3790 in
1339 3749 1446 3805 quo
1473 3734 1527 3790 id
1554 3748 1676 3792 esse
1695 3751 1808 3806 per-

196 3823 400 3881 fectum
431 3825 820 3881 demonstrare
844 3825 1130 3896 possimus.

269 3915 511 3973 CAPUT
550 3915 621 3971 ll.
647 3947 721 3957 —
743 3916 801 3970 2.
835 3916 998 3972 Error
1021 3933 1196 3972 eorum
1228 3917 1318 3987 qui
1345 3917 1519 3973 dicunt
1539 3919 1702 3974 uiuere
1726 3919 1808 3975 hic

203 4009 463 4064 anatinam
491 4011 604 4063 sine
628 4018 855 4080 peccato,
885 4010 1052 4064 minus
1075 4010 1405 4080 perniciosus.
1429 4009 1590 4066 Error
1615 4027 1807 4082 negan-

204 4100 330 4152 tium
356 4101 590 4170 gratiam
617 4101 953 4157 necessariam
973 4102 1175 4172 grauior
1200 4111 1248 4157 et
1274 4103 1517 4157 acerrime
1539 4107 1810 4168 confutan-

203 4190 324 4243 dus.
353 4188 458 4245 Hic
485 4189 724 4247 fortasse
743 4190 1087 4262 respondeas,
1114 4192 1215 4249 ista
1240 4207 1360 4263 quae
1393 4195 1810 4250 commemoravi

203 4280 347 4335 facta
385 4296 499 4338 non
539 4295 666 4338 esse
706 4290 763 4338 et
785 4281 902 4339 fieri
940 4283 1200 4354 potuisse,
1227 4285 1390 4355 opera
1433 4299 1553 4340 esse
1589 4285 1808 4352 divina;

205 4384 266 4427 nt
284 4383 473 4430 autem
498 4375 575 4430 sit
594 4374 760 4431 homo
785 4375 904 4432 sine
923 4384 1164 4446 peccato,
1195 4376 1262 4432 ad
1282 4391 1417 4447 opus
1441 4377 1608 4448 ipsius
1633 4376 1810 4432 homi-

207 4465 298 4520 nis
324 4468 605 4535 pertinere
628 4506 645 4532 ,
691 4465 855 4537 idque
899 4481 1034 4537 opus
1081 4480 1201 4522 esse
1235 4467 1529 4537 optimum,
1573 4482 1680 4538 quo
1721 4468 1814 4524 ﬁat

206 4556 380 4627 plena
400 4567 456 4614 et
483 4557 725 4629 perfecta
759 4566 814 4614 et
838 4573 907 4613 ex
946 4557 1093 4613 omni
1136 4573 1354 4628 prorsus
1392 4567 1544 4629 parte
1570 4559 1812 4615 absoluta

206 4646 422 4717 iustitia
454 4667 470 4704 :
502 4658 560 4707 et
591 4648 718 4706 ideo
742 4662 853 4705 non
877 4663 998 4706 esse
1024 4648 1350 4706 credendum
1375 4690 1390 4716 ,
1430 4649 1700 4707 neminem
1730 4651 1813 4706 vel

1902 1067 2085 1134 fuisse,
2114 1069 2199 1124 vel
2223 1083 2364 1136 esse,
2392 1069 2476 1125 vel
2505 1069 2618 1127 fore
2647 1072 2704 1125 in
2727 1071 2826 1127 hac
2851 1072 2957 1128 vita
2977 1074 3068 1144 qui
3093 1075 3196 1132 hoc
3219 1092 3354 1148 Opus
3380 1079 3483 1135 im-

1905 1159 2146 1230 pleverit,
2181 1162 2227 1216 si
2263 1161 2332 1219 ab
2371 1161 2587 1220 homine
2623 1163 2832 1234 impleri
2878 1175 3070 1234 potest.
3104 1165 3212 1224 Sed
3248 1172 3483 1242 cogitare

1904 1251 2088 1318 debes,
2120 1253 2362 1324 quamvis
2394 1254 2463 1310 ad
2489 1253 2757 1310 hominem
2791 1255 2844 1310 id
2869 1271 3028 1327 agere
3053 1258 3350 1328 pertineat,
3379 1260 3481 1319 hoc

1903 1359 2114 1415 quoque
2133 1360 2327 1403 munus
2346 1361 2469 1404 esse
2491 1345 2749 1413 divinum,
2782 1357 2941 1417 atque
2966 1348 3087 1405 ideo
3111 1365 3220 1406 non
3239 1350 3485 1410 dubitare

1905 1448 2040 1504 opus
2066 1448 2189 1492 esse
2223 1435 2481 1492 divinum.
2509 1435 2645 1493 Deus
2673 1446 2744 1492 est
2767 1439 2900 1494 enim
2927 1440 3015 1510 qui
3047 1451 3289 1510 operatur
3313 1443 3368 1496 in
3395 1458 3482 1497 vo-

1904 1523 1998 1592 bis,
2028 1525 2104 1580 ait
2127 1527 2432 1596 Apostolus,
2461 1538 2510 1582 et
2537 1528 2661 1583 uelle
2681 1537 2730 1584 et
2755 1531 2988 1600 operari,
3021 1547 3115 1602 pro
3151 1533 3282 1588 bona
3305 1534 3485 1588 uolun-

1903 1623 2003 1672 tate
2024 1617 2280 1690 (Philipp.
2306 1635 2364 1688 ll,
2398 1619 2507 1692 13).

1976 1710 2030 1766 5.
2063 1710 2292 1767 Proinde
2320 1726 2428 1768 non
2456 1714 2678 1768 multum
2707 1715 2917 1770 molesti
2939 1725 3083 1784 sunt,
3109 1725 3164 1773 et
3181 1717 3485 1774 instandum

1907 1808 1990 1855 est
2016 1801 2119 1870 eis,
2149 1811 2208 1856 ut
2234 1802 2280 1858 si
2315 1813 2556 1872 possunt,
2586 1806 2870 1860 ostendant
2895 1807 2968 1860 ita
2998 1821 3155 1875 esse,
3187 1809 3279 1879 qui
3304 1807 3489 1866 dicunt

1910 1891 2090 1948 vivere
2118 1893 2206 1948 hic
2236 1893 2254 1926 ι
2284 1893 2556 1950 hominem
2576 1936 2590 1962 ,
2623 1897 2738 1952 sive
2763 1897 2960 1955 vixisse
2987 1899 3104 1955 sine
3132 1901 3242 1956 ullo
3267 1903 3488 1958 omnino

1907 1992 2145 2053 peccato.
2172 1985 2303 2040 Nam
2325 1988 2371 2042 si
2399 1988 2698 2045 testimonia
2723 1990 3142 2062 Scripturarum,
3167 1995 3358 2066 quibus
3378 1998 3490 2052 exi-

1908 2075 2068 2132 stimo
2107 2076 2384 2133 deﬁnitum
2413 2121 2428 2145 ,
2477 2081 2678 2136 nullum
2727 2083 2999 2138 hominem
3044 2083 3133 2140 hic
3181 2086 3487 2153 viventem,

1907 2168 2150 2237 quamvis
2175 2178 2353 2225 utatur
2379 2171 2548 2229 libero
2573 2174 2814 2243 arbitrio,
2847 2175 3075 2232 inveniri
3098 2177 3216 2234 sine
3245 2187 3487 2248 peccato,

1907 2258 2065 2315 sicuti
2088 2269 2171 2316 est
2197 2301 2211 2327 ,
2247 2262 2328 2318 Ne
2353 2263 2508 2319 intres
2537 2264 2593 2318 in
2609 2266 2866 2336 judicium
2903 2283 3020 2322 cum
3047 2284 3186 2324 seruo
3211 2278 3296 2324 tuo
3319 2310 3334 2336 ,
3376 2287 3492 2340 quo-

1913 2351 2052 2406 niam
2074 2369 2178 2408 non
2202 2355 2570 2425 justiﬁcabitur
2607 2357 2662 2420 in
2697 2368 2968 2430 conspectu
2995 2370 3083 2416 tuo
3119 2363 3282 2416 omnis
3321 2363 3489 2418 vivens

1910 2441 2080 2515 (Psal.
2108 2459 2247 2500 chn
2263 2485 2278 2513 ,
2309 2445 2392 2516 2),
2413 2455 2469 2504 et
2486 2457 2679 2504 caetera
2704 2449 2831 2505 talia
2852 2451 3134 2521 quisquam
3159 2451 3356 2508 docere
3385 2468 3488 2522 po-

1909 2535 2070 2591 tuerit
2087 2536 2241 2592 aliter
2259 2538 2567 2608 accipienda
2591 2555 2751 2610 quam
2771 2550 2985 2608 sonant,
3012 2551 3069 2598 et
3087 2542 3492 2602 demonstrave-

1908 2627 1980 2680 rit
2007 2626 2239 2696 aliquem
2262 2629 2347 2684 vel
2376 2630 2581 2702 aliquos
2609 2632 2728 2688 sine
2757 2633 2866 2688 ullo
2891 2633 2979 2688 hic
3003 2633 3201 2692 vixisse
3231 2645 3451 2707 peccato
3477 2655 3491 2705 ;

1909 2718 1998 2787 qui
2038 2733 2148 2774 non
2174 2719 2242 2784 ei,
2288 2736 2394 2776 non
2428 2723 2597 2778 solum
2643 2723 2865 2780 minime
2908 2723 3256 2794 adversatus,
3305 2742 3500 2786 verum

1909 2807 2069 2863 etiam
2099 2808 2384 2878 plurimum
2421 2811 2714 2882 gratulatus
2745 2813 2935 2883 fuerit,
2977 2829 3082 2871 non
3124 2816 3498 2876 mediocribus

1911 2897 2221 2956 invidentiae
2246 2901 2477 2958 stimulis
2501 2905 2749 2975 agitatur.
2777 2906 2916 2973 Quin
2942 2907 3105 2963 etiam
3131 2908 3180 2964 si
3204 2925 3365 2968 nemo
3388 2921 3491 2978 est,

1910 2999 2002 3046 aut
2030 2990 2148 3060 fuit,
2173 3002 2266 3048 aut
2292 2995 2414 3060 erit,
2437 2995 2580 3065 quod
2604 2998 2771 3068 magis
2789 2999 2972 3068 credo,
2995 3001 3086 3056 tali
3109 3003 3345 3071 puritate
3372 3020 3496 3076 per-

1912 3081 2104 3151 fectus,
2132 3094 2187 3140 et
2215 3095 2388 3143 tamen
2416 3101 2556 3157 esse,
2583 3098 2675 3145 aut
2702 3089 2889 3160 fuisse,
2931 3102 3022 3148 aut
3048 3092 3165 3151 fore
3191 3094 3498 3154 defenditur

1913 3183 1968 3230 et
1993 3184 2227 3246 putatur,
2253 3188 2508 3248 quantum
2535 3195 2636 3251 ego
2659 3181 2902 3251 judicare
2938 3198 3180 3253 possum,
3217 3201 3326 3242 non
3353 3190 3496 3245 mul-

1914 3275 2029 3325 tum
2055 3278 2295 3339 erratur,
2325 3287 2426 3328 nec
2453 3273 2752 3343 perniciose
2773 3315 2791 3344 ,
2837 3291 2958 3331 cum
2999 3276 3230 3348 quadam
3273 3279 3500 3352 quisque

1913 3359 2283 3417 benevolentia
2325 3361 2524 3419 fallitur
2557 3382 2571 3420 :
2601 3365 2647 3421 si
2692 3373 2869 3421 tamen
2909 3368 2998 3438 qui
3044 3368 3146 3425 hoc
3194 3379 3382 3440 putat,
3439 3387 3500 3430 se

1914 3453 2088 3524 ipsum
2115 3455 2274 3510 talem
2295 3469 2416 3512 esse
2438 3471 2546 3513 non
2575 3465 2744 3529 putet,
2769 3459 2872 3515 nisi
2898 3474 3082 3517 revera
3102 3476 3166 3518 ac
3194 3463 3394 3534 liquido
3423 3473 3501 3519 ta-

1914 3543 2018 3601 lem
2044 3561 2104 3602 se
2132 3561 2253 3603 esse
2282 3549 2630 3620 perspexerit.

1986 3640 2040 3694 4.
2072 3637 2180 3695 Sed
2208 3639 2315 3696 illis
2349 3641 2613 3698 acerrime
2649 3657 2712 3699 ac
2738 3647 3209 3702 vehementissime
3246 3649 3502 3705 resisten-

1914 3727 2042 3784 dum
2085 3739 2166 3786 est
2191 3772 2206 3797 ,
2235 3731 2323 3801 qui
2353 3740 2541 3801 putant
2564 3733 2680 3789 sine
2707 3734 2969 3804 adjutorio
3003 3737 3098 3792 Dei
3125 3753 3222 3808 per
3245 3753 3306 3795 se
3329 3741 3501 3810 ipsam

1915 3821 2024 3877 vim
2051 3823 2338 3878 voluntatis
2371 3823 2617 3880 humanae
2646 3825 2730 3880 vel
2751 3827 3010 3896 justitiam
3033 3842 3190 3898 posse
3217 3830 3498 3901 perﬁcere,

1915 3915 2004 3971 vel
2026 3913 2095 3970 ad
2118 3930 2235 3970 eam
2257 3917 2490 3972 tenendo
2510 3917 2771 3989 proiicere
2797 3937 2812 3975 :
2844 3929 2899 3976 et
2925 3935 3049 3977 cum
3070 3923 3090 3954 '
3118 3926 3294 3995 urgeri
3319 3939 3501 3996 caepe-

1915 4007 2044 4076 rint,
2069 4009 2338 4078 quomodo
2367 4008 2421 4064 id
2461 4021 2788 4079 prmsumant
2815 4026 3057 4069 asserere
3098 4015 3214 4070 ﬁeri
3242 4017 3359 4072 sine
3395 4032 3499 4088 ope

1917 4099 2116 4167 divina,
2144 4100 2442 4170 reprimunt
2481 4117 2539 4158 se
2560 4141 2579 4169 ,
2620 4117 2721 4158 nec
2745 4102 2883 4159 hanc
2910 4119 3098 4161 vocem
3123 4107 3320 4163 audent
3346 4109 3502 4164 emit-

1917 4197 2052 4258 tere,
2074 4192 2325 4261 quoniam
2352 4191 2534 4248 vident
2560 4208 2717 4263 quam
2737 4195 2808 4249 sit
2833 4196 3018 4265 impia,
3041 4207 3096 4252 et
3120 4212 3231 4254 non
3257 4197 3501 4256 ferenda.

1915 4281 2025 4340 Sed
2043 4283 2213 4349 aiunt,
2240 4283 2362 4339 ideo
2387 4286 2487 4338 ista
2511 4283 2628 4341 sine
2653 4301 2756 4356 ope
2783 4285 2959 4342 divina
2987 4303 3094 4343 non
3122 4287 3258 4357 fieri,
3297 4292 3419 4360 quia
3448 4300 3505 4347 et

1919 4376 2190 4434 hominem
2219 4375 2361 4431 Deus
2400 4376 2604 4431 creavit
2645 4391 2766 4432 cum
2813 4377 2984 4434 libero
3031 4381 3320 4436 voluntatis
3355 4383 3504 4438 arbi-

1920 4467 2041 4534 trio,
2084 4475 2140 4523 et
2176 4466 2352 4523 dando
2390 4477 2652 4537 praecepta
2694 4471 2810 4538 ipse
2855 4469 3013 4525 docet
3053 4472 3501 4541 quemadmodum

1920 4559 2123 4615 homini
2148 4560 2218 4614 sit
2247 4559 2569 4624 vivendum;
2601 4569 2656 4615 et
2679 4561 2733 4615 in
2775 4576 2841 4617 eo
2866 4563 3050 4632 utique
3072 4564 3320 4634 adjuvat,
3361 4569 3503 4637 quod

1921 4649 2164 4705 docendo
2189 4649 2363 4706 aufert
2388 4649 2765 4720 ignorantiam,
2803 4661 2864 4707 ut
2889 4652 3022 4708 sciat
3049 4652 3211 4710 homo
3235 4656 3291 4710 in
3327 4658 3504 4728 operi-

1431 4823 1714 4867 ADIONl‘l’IO
1741 4825 1820 4865 PP.
1845 4825 2324 4867 IBNBDICTINORUI.

220 5010 390 5060 “me

286 4948 356 4997 Ad
728 4944 904 4995 librum
924 4945 988 4994 de
1009 4946 1184 5007 Spiritu
1206 4952 1258 4995 et
1278 4946 1456 4995 Littera
1475 4943 1690 4994 subsidio
1713 4945 2123 5018 fueruntvaticani
2146 4947 2337 5019 codices
2359 4950 2664 5012 manuscripti
2685 4951 2918 5021 quinque,
2944 4958 2995 5001 et
3017 4955 3240 5006 undecim
3261 4959 3502 5023 Gallicani,

286 5010 412 5058 ilicet
529 5022 597 5058 ex
629 5008 941 5057 illustrissimi
969 5007 1148 5056 domini
1181 5007 1245 5056 de
1275 5015 1320 5055 s.
1357 5014 1597 5058 Georges.
1654 5005 1999 5058 arclnemscom
2042 5017 2334 5058 'l'tll‘OltellSlS
2381 5024 2409 5058 a
2461 5024 2586 5058 reae
2636 5013 2902 5058 designati.
2956 5014 3110 5058 codex
3180 5023 3462 5058 Snrhnnir-nc

391 5017 412 5059 t
440 5005 612 5080 codex.
629 5008 941 5077 illustrissimi
955 5005 1148 5081 .douiini
1181 5007 1245 5056 de
1357 5014 1597 5085 Georges,
1647 5005 1999 5085 .arcliiepiwop‘i
2042 5010 2334 5081 Turonensis
2381 5024 2435 5085 an
2461 5005 2614 5085 rege'
2636 5005 2914 5085 designati,
2956 5014 3110 5084 codex
3159 5005 3496 5085 soi-5635325;

220 5072 384 5120 culex
419 5069 844 5132 Augustinensium
875 5069 1068 5178 largioris
1098 5076 1366 5117 conventus
1408 5067 1684 5139 I'ar’isiensis
1704 5101 1718 5126 ,
1763 5068 1926 5139 cudere
1955 5067 2366 5120 Dominicanroum
2409 5067 2530 5122 item
2541 5067 2549 5071 ’
2573 5067 2904 5124 Parisioiisiuni
2950 5076 3025 5124 via
3068 5067 3507 5142 Jawliaafcioil'oi

221 5132 552 5178 laudunensis
581 5131 839 5178 Ecclesize.
971 5143 1032 5178 ex
1068 5131 1280 5178 Abbatiae
1321 5136 1570 5178 immensus
1618 5135 1660 5174 S.
1731 5135 1957 5178 Rennuit.
2023 5132 2141 5178 item
2203 5135 2407 5178 abhatizn
2454 5145 2495 5178 s.
2567 5138 2847 5178 ttvo-imnni-
2892 5145 3096 5178 οιιινιιίω
3161 5147 3465 5178 [τηε-ιωίηηςεμ

221 5131 552 5181 uindunenﬁs
581 5131 806 5190 Ecclesia:
825 5167 839 5190 ,

971 5143 1032 5178 ex
1068 5131 1280 5204 abbatiae
1321 5130 1570 5204 Bernensis
1618 5135 1660 5197 8..
1731 5130 1957 5204 Ite'nliigii,
2020 5132 2141 5204 item
2203 5135 2407 5204 aiiliatize
2454 5145 2495 5182 δ.
2567 5138 3096 5204 Cygii'anni,abl);uize
3161 5130 3500 5204 Cm~iséi.-,‘.‘.gi;';

225 5194 431 5258 abbatiae
460 5199 519 5258 _S.
567 5189 832 5258 Ilichaelis'
860 5192 929 5258 de
974 5198 1128 5240 Monte
1176 5191 1224 5240 in
1273 5189 1511 5258 pericul_o_
1536 5189 1691 5258 maris.
1709 5225 1720 5244 ,
1758 5189 1962 5240 abbatizc
2009 5198 2270 5258 ‘Beccensis
2316 5196 2512 5244 demum
2532 5231 2546 5253 ,
2597 5189 2656 5248 ξεῖ
2704 5189 3034 5254 Proteum—isis:
3041 5189 3506 5257 "iaciat;15851.1

231 5262 327 5330 tes
362 5253 599 5304 lectiones
639 5254 1016 5303 mvanieusium
1054 5260 1210 5302 eruta:
1254 5249 1315 5302 ex
1382 5249 1586 5314 Belgicis
1620 5249 1772 5298 uilius
1827 5253 2218 5318 exi-Inplaribus;
2275 5265 2326 5306 et
2371 5249 2582 5322 antiqua:
2637 5249 3264 5330 merislinj'us-cditiones‘
3295 5249 3504 5319 nili-2.1.

235 5323 293 5364 et
314 5321 416 5363 Lov.

323 5445 824 5526 Comparaoimus
848 5451 1152 5523 praeterea
1186 5463 1282 5506 eas
1314 5462 1518 5505 omnes
1550 5444 1850 5508 editiones
1880 5447 2064 5512 initio
2099 5453 2270 5514 Retr.
2291 5462 2344 5514 et
2363 5454 2677 5532 C0nfess.,
2709 5467 2752 5518 ι.
2789 5461 2844 5534 1,
2875 5472 3260 5521 memoratas.
3337 5464 3421 5523 Μ.

311 5619 327 5650 ⁸
345 5617 871 5682 Aliquotrnannscripti,
889 5618 1093 5682 duorm
1118 5617 1363 5670 librorum.

312 5681 331 5711 ³
350 5679 469 5742 bovi,
493 5681 534 5731 si
553 5680 770 5731 voluntas
791 5679 838 5728 ei
861 5693 954 5742 non
979 5679 1118 5730 desit.

314 5739 464 5814 31m
479 5743 717 5814 vaticanis
739 5749 869 5800 Mss,
891 5739 945 5814 in
966 5755 1060 5814 quo
1080 5755 1239 5814 omnes
1281 5742 1597 5814 viviﬁcantur.

313 5803 334 5833 ⁵
352 5806 637 5915 Ὕψος
667 5812 750 5852 Ms.
797 5803 1034 5864 praeterit,
1061 5803 1213 5854 millia
1256 5817 1274 5855 :
1319 5803 1410 5856 nec
1434 5813 1508 5855 est
1533 5808 1581 5855 in
1603 5812 1820 5870 Evange-

313 5878 346 5915 ις
374 5879 434 5915 nu
527 5873 690 5913 tamen
719 5866 791 5913 sic
815 5865 992 5912 iturum
1017 5867 1130 5915 citat
1149 5869 1437 5915 Aunustinus
1477 5869 1599 5915 infra
1617 5904 1631 5915 .
1667 5882 1715 5915 ιι.
1741 5868 1819 5915 62.

253 5858 346 5930 ljo;
374 5858 496 5930 quod
527 5858 992 5930 tamensic'iterum
1017 5858 1132 5930 uitat
1149 5869 1437 5930 Augustinus
1477 5869 1599 5917 inira
1617 5904 1631 5929 ,
1667 5858 1819 5930 οδω.

264 5922 368 5988 [ια
384 5922 518 5980 aliter
536 5927 667 5978 hunc
687 5925 853 5976 locum
870 5924 1045 5989 legunt
1064 5922 1266 5979 Hilarius
1282 5931 1606 5995 Pictaviensis,
1618 5922 1680 5982 'in
1701 5929 1822 5983 Psal.

565 6033 799 6098 Sacr.
831 6034 1107 6097 Auensr.
1143 6035 1228 6099 X.

1924 5613 2002 5671 53,
2028 5626 2078 5661 n.
2106 5615 2127 5663 l
2151 5629 2165 5674 ;
2192 5617 2241 5664 in
2264 5617 2382 5666 Psal.
2410 5617 2502 5683 5i,
2524 5632 2571 5683 n.
2597 5619 2654 5681 6;
2683 5620 2766 5669 lih.
2793 5621 2822 5668 6
2844 5621 2909 5670 de
2932 5623 3180 5679 Trinitate,
3206 5637 3255 5670 n.
3282 5624 3369 5683 4-3;
3399 5639 3510 5674 nec-

1928 5689 2022 5748 non
2045 5685 2142 5748 l_.eo_
2158 5688 2296 5748 papa,
2316 5682 2524 5748 βαι-ηικῦ
2542 5682 2854 5748 deitassione
2876 5685 3075 5744 Domini,
3100 5685 3347 5748 cap.4.]—-
3376 5687 3511 5736 Uncis

1929 5737 2033 5788 haec
2052 5737 2232 5789 inclusa
2254 5741 2404 5792 habet
2423 5741 2525 5793 sola
2547 5745 2696 5795 editio
2716 5751 2799 5794 GG.

1996 5825 2010 5856 ι
2035 5824 2168 5884 Edili,
2190 5825 2278 5875 sic.
2304 5832 2360 5874 At
2378 5832 2505 5884 Mss,
2525 5825 2618 5876 hic.

1995 5909 2015 5938 ²
2033 5907 2104 5958 sic
2118 5915 2224 5959 Mss.
2251 5917 2302 5961 At
2321 5910 2454 5973 editi,
2475 5910 2567 5962 sed
2591 5923 2716 5960 cum.

2944 6027 3151 6111 (Sept.
3165 6029 3190 6100 Ι
