3984 6502
475 350 569 367 κ

600 338 891 398 ng,

228 546 386 611 tbins,
406 539 591 597 littera
618 536 840 607 accidit,
872 537 1089 611 spiritus
1110 542 1273 592 autem
1297 534 1536 604 vivi/lcat,
1563 527 1643 587 sic
1659 530 1829 598 magis

229 631 609 705 accipiendum,
625 630 1099 702 quemadmodum
1113 642 1267 698 supra
1283 625 1515 681 diximus
1533 640 1549 690 ;
1576 624 1826 694 quoniam

226 731 346 801 legis
371 726 555 781 littera
594 736 725 795 qua:
773 721 942 778 docet
987 736 1097 778 non
1134 734 1253 777 esse
1275 716 1623 789 peccandum,
1645 714 1691 769 si
1716 712 1827 784 spi-

221 827 341 882 ritus
369 818 667 875 viviﬁcans
713 817 881 885 desit,
910 816 1109 872 occidit
1141 812 1305 870 :sciri
1347 812 1488 868 enim
1530 809 1655 865 facit
1701 823 1828 879 pec-

218 922 382 972 etum
413 911 602 982 potius
631 925 798 981 quam
821 910 1030 977 caveri,
1053 918 1107 964 et
1127 905 1244 962 ideo
1272 904 1440 975 magis
1465 902 1643 973 augeri
1669 914 1827 972 quam

220 1004 398 1073 minui,
428 1005 565 1076 quia
604 1004 769 1059 malai
796 999 1245 1074 concupiscentia
1270 997 1431 1054 etiam
1461 993 1828 1069 praevaricatio

220 1099 339 1171 legis
381 1096 635 1153 accedit.

280 1170 514 1247 CAPUT
556 1187 654 1244 Vl.
675 1184 818 1246 —9.
849 1180 1367 1241 Abundantia‘delicti
1391 1196 1480 1253 per
1499 1177 1676 1251 legem.
1716 1170 1828 1235 Vo-

218 1284 321 1339 lens
342 1294 485 1351 ergo
516 1279 824 1350 Apostolus
856 1272 1238 1334 commendare
1265 1274 1489 1346 gratiam
1510 1314 1527 1342 ,
1565 1286 1684 1346 quae
1731 1286 1828 1343 per

216 1377 387 1435 Jcsmu
418 1370 715 1429 Christum
754 1372 1010 1428 omnibus
1044 1368 1284 1443 gentibus
1326 1368 1505 1435 venit,
1546 1382 1616 1423 ne
1658 1364 1829 1422 Judaei

215 1466 725 1525 adversuscmteras
742 1470 932 1537 gentes
948 1460 1020 1519 de
1040 1470 1252 1532 accepta
1274 1460 1389 1532 lege
1402 1475 1462 1516 se
1472 1458 1792 1515 extollerent
1809 1473 1824 1525 ;

216 1567 578 1635 posteaquam
612 1555 755 1612 dixit
784 1565 1065 1628 peccatum
1093 1561 1147 1611 et
1172 1561 1397 1609 mortem
1423 1567 1517 1623 per
1539 1566 1706 1607 unum
1730 1549 1829 1605 bo-

217 1653 410 1710 minem
436 1651 694 1706 intrasse
719 1642 775 1704 in
802 1661 974 1719 genus
998 1645 1306 1713 humanum,
1333 1651 1388 1699 et
1410 1656 1509 1715 per
1530 1657 1696 1699 unum
1724 1638 1825 1697 bo-
1872 1664 1881 1671 ί

218 1744 411 1802 minem
423 1740 710 1813 jmtitiam
737 1741 972 1796 etvitam
999 1743 1275 1803 mternam,
1296 1733 1444 1790 illum
1473 1733 1665 1798 Adam,
1683 1728 1826 1787 hunc

220 1837 490 1895 Christum
530 1828 882 1905 apertissime
903 1828 1209 1896 insinuans,
1239 1827 1314 1883 ait
1342 1844 1356 1881 :
1386 1825 1495 1882 Leo:
1516 1832 1683 1879 autem
1704 1824 1828 1879 sub-

224 1930 419 1987 intrasit
442 1935 507 1983 ut
522 1924 819 1982 abundmt
845 1922 1119 1989 delictum;
1146 1919 1233 1975 ubi
1253 1926 1419 1974 autem
1439 1914 1711 1972 abundavit
1739 1914 1828 1970 de-

223 2025 386 2080 lictum
404 2062 421 2086 ,
463 2014 911 2089 “pa-abundavit
956 2010 1125 2085 gratia
1151 2026 1172 2067 :
1196 2018 1252 2066 ut
1277 2005 1701 2084 quemadmodum
1744 2020 1827 2062 re-

221 2113 386 2186 gnavit
424 2116 707 2181 peccatum
739 2108 800 2162 in
836 2111 1050 2161 mortem
1068 2098 1107 2170 ξ
1139 2102 1213 2157 sic
1250 2109 1300 2156 et
1336 2098 1501 2171 gratia
1538 2105 1712 2170 regnet
1740 2106 1833 2168 per

223 2207 464 2282 justitiam
487 2206 547 2258 in
575 2202 737 2258 sitam
761 2207 1005 2256 teter-nam
1028 2210 1119 2267 per
1150 2190 1330 2250 Iesum
1353 2191 1607 2247 Christum
1646 2187 1828 2245 Domi-

230 2318 346 2357 num
369 2306 628 2354 nostram.
662 2290 875 2351 Deinde
900 2302 1176 2363 opponens
1200 2286 1301 2344 sibi
1315 2287 1429 2360 ipse
1452 2282 1825 2357 quaestionem,

231 2386 787 2461 Mago-dicemus,
832 2379 1043 2455 inquit?
1078 2376 1491 2436 Psrmanebimus
1514 2378 1574 2432 in
1594 2385 1822 2449 peccato,

226 2491 281 2538 ut
300 2483 473 2556 gratia
497 2476 771 2534 abundet?
806 2475 967 2531 Absit.
998 2468 1141 2529 Vidit
1163 2468 1307 2528 enim
1341 2484 1375 2526 a
1418 2467 1681 2541 perversis
1709 2482 1832 2540 per-

226 2586 379 2630 vene
420 2580 593 2644 pose
639 2565 813 2641 accipi
852 2560 997 2638 quod
1033 2558 1261 2631 dixerat,
1289 2560 1401 2616 Leo:
1437 2558 1734 2616 subintravit
1776 2564 1833 2613 ut

233 2662 523 2720 abundaret
552 2661 822 2724 delictum;
845 2656 931 2713 ubi
957 2664 1128 2711 autem
1150 2650 1425 2709 abundavit
1452 2650 1711 2719 delictum,
1738 2666 1831 2706 su-

240 2748 619 2828 perabundavit
637 2749 790 2826 gratia
814 2744 880 2809 ’,:
910 2756 1163 2818 tanquam
1191 2744 1419 2812 dixerit,
1447 2751 1629 2814 proter
1656 2741 1830 2798 abun-

238 2847 486 2903 dantiam
510 2838 965 2917 gratiam-adesse
993 2844 1293 2911 peccatum.
1333 2836 1450 2894 Hoc
1485 2835 1711 2905 diluens,
1743 2852 1833 2894 re-

238 2938 480 3009 spondit,
535 2932 684 2992 Absit
710 2950 733 2991 :
766 2941 931 3006 atque
982 2930 1227 3003 subjecit,
1275 2928 1378 2998 Qui
1417 2931 1605 2986 mortui
1649 2945 1824 2985 sumus

239 3040 477 3103 peccato,
522 3022 785 3100 quomodo
827 3026 1047 3081 vivemus
1090 3024 1146 3079 in
1187 3023 1292 3079 eo?
1316 3021 1431 3079 Hoc
1458 3028 1562 3090 est,
1608 3034 1730 3079 cum
1777 3020 1831 3078 id

234 3121 546 3196 prastlterit
568 3119 765 3192 gratia,
793 3126 855 3175 ut
881 3132 1215 3175 morer-emtu-
1240 3125 1458 3189 peccato
1479 3159 1495 3185 ,
1522 3115 1651 3188 quid
1689 3114 1833 3173 aliud

226 3213 516 3280 facimus,
549 3213 601 3267 si
643 3209 893 3267 vivemus
920 3211 976 3267 in
999 3225 1094 3275 eo,
1122 3208 1226 3265 nisi
1266 3220 1324 3265 ut
1347 3208 1533 3282 gratia:
1560 3209 1730 3265 simus
1754 3206 1837 3262 in-

224 3302 404 3379 grati?
423 3300 622 3377 Neque
647 3305 798 3361 enim
826 3305 917 3375 qui
944 3300 1125 3358 laudat
1164 3301 1483 3358 beneﬁcium
1511 3299 1794 3358 medicina:
1815 3339 1833 3368 ,

222 3395 487 3470 prodesse
511 3396 741 3453 morbos
765 3394 898 3451 dicit
922 3402 976 3451 et
998 3382 1236 3461 vulnera,
1270 3410 1301 3449 a
1325 3392 1519 3466 quibus
1540 3393 1629 3449 illa
1656 3390 1836 3449 horni-

223 3503 345 3548 nem
382 3499 550 3548 sanat
582 3506 600 3543 :
630 3489 731 3545 sed
756 3498 959 3560 quanto
983 3487 1275 3558 majoribus
1297 3486 1562 3542 medicina
1591 3482 1838 3542 laudibus

220 3581 581 3655 praedicatur,
632 3590 791 3638 tanto
829 3580 1000 3651 magis
1040 3581 1411 3649 vituperantur
1451 3588 1505 3635 et
1551 3577 1839 3633 borrentur

222 3672 449 3731 vulnera
472 3678 537 3730 et
566 3672 769 3740 morbi,
795 3687 828 3728 a
856 3672 1052 3744 quibus
1090 3671 1279 3727 liberat
1313 3685 1433 3742 quas
1470 3669 1542 3725 ita
1571 3668 1838 3724 laudatur.

219 3767 309 3825 Sic
331 3766 461 3823 laus
490 3773 553 3822 et
579 3765 900 3837 praedicatio
929 3763 1115 3837 gratim
1145 3761 1463 3835 vituperatio
1492 3770 1544 3816 et
1570 3761 1841 3816 damnatio

222 3866 306 3917 est
347 3860 718 3917 delictorum.
765 3855 1188 3913 Demonstranda
1230 3856 1374 3911 enim
1417 3853 1592 3910 fuerat
1640 3853 1842 3909 homini

221 3950 447 4010 iteditas
489 3950 775 4023 languoris
800 3950 943 4022 ejus,
982 3949 1069 4005 cui
1099 3958 1285 4005 contra
1313 3947 1647 4019 iniquitatem
1690 3962 1842 4001 suam

221 4060 322 4103 nec
350 4054 707 4117 praeceptum
731 4054 978 4099 sanctum
1002 4051 1053 4099 et
1075 4043 1271 4099 bonum
1298 4041 1517 4113 profuit,
1541 4057 1648 4113 quo
1676 4042 1845 4113 magis

220 4146 377 4195 aucta
408 4146 506 4194 est
546 4135 808 4207 iniquitas
834 4151 994 4209 quam
1022 4135 1260 4202 minuta;
1290 4134 1719 4206 quandoquidem
1760 4136 1847 4191 lex

223 4228 587 4295 subintravit,
618 4237 682 4283 ut
706 4227 1003 4283 abundaret
1034 4226 1323 4294 delictum;
1354 4237 1411 4282 ut
1434 4242 1499 4283 eo
1527 4227 1689 4282 modo
1713 4241 1847 4283 con-

222 4322 397 4379 victus
423 4332 608 4393 atque
631 4322 892 4377 confusus
913 4362 931 4388 ,
962 4320 1171 4376 videret
1206 4337 1312 4377 non
1343 4331 1547 4376 tantum
1572 4320 1845 4377 doctorem

228 4415 327 4471 sibi
351 4430 493 4471 esse
520 4415 911 4479 necessarium,
936 4428 1122 4469 verum
1150 4413 1309 4469 etiam
1332 4412 1628 4483 adjutorem
1654 4412 1846 4480 Deum,

228 4519 259 4560 a
285 4521 393 4576 quo
423 4504 560 4576 ejus
588 4502 783 4559 itinera
813 4505 1130 4577 dirigantur,
1160 4519 1228 4560 ne
1254 4504 1560 4559 dominetur
1592 4504 1640 4559 ei
1674 4504 1850 4560 omnis

231 4596 502 4672 iniquitas
531 4594 715 4670 (Psat.
742 4612 926 4666 cxvni,
955 4596 1103 4670 l35),
1138 4607 1192 4654 et
1221 4595 1576 4669 confugiendo
1599 4595 1665 4653 ad
1691 4612 1850 4671 opem

231 4690 434 4748 divina:
471 4688 866 4746 misericordiae
894 4701 1149 4748 sanetur:
1178 4700 1337 4762 atque
1359 4691 1430 4745 ita
1450 4692 1541 4747 ubi
1561 4686 1851 4749 abundavit

232 4782 527 4850 delictum,
556 4783 963 4856 superabundet
988 4783 1185 4857 gratia,
1209 4798 1319 4845 non
1334 4783 1608 4855 peccantis
1630 4783 1855 4852 merita,

232 4873 327 4930 sed
349 4873 746 4930 subvenieutis
769 4873 994 4929 auxilio.

304 4966 401 5022 i0.
446 4964 869 5036 Consequenter
897 4965 1140 5023 eamdem
1176 4965 1498 5023 medicinam
1523 4966 1577 5022 in
1607 4967 1862 5038 passione.

232 5065 289 5112 et
308 5057 732 5114 resurrectione
757 5056 959 5113 Christi
982 5057 1209 5130 mystice
1230 5058 1647 5116 demonstratam
1671 5070 1852 5117 osteu-
1942 5081 1945 5084 ‘

235 5151 315 5207 dit
339 5154 671 5224 Apostolus,
694 5152 881 5210 dicens
903 5169 920 5209 :
943 5152 1021 5208 An
1043 5154 1286 5227 ignoratis
1304 5153 1543 5227 quoniam
1559 5154 1866 5227 quicumque

239 5242 496 5315 baptismi
525 5261 709 5299 sumus
732 5246 788 5298 in
828 5243 1026 5300 Christo
1063 5242 1218 5311 Iesu,
1247 5243 1307 5301 in
1330 5254 1489 5301 morte
1512 5246 1671 5318 ipsius
1693 5245 1863 5317 bapti-

240 5338 345 5391 sati
370 5337 604 5391 sumus?
634 5327 940 5405 Consepulti
980 5354 1096 5410 ergo
1129 5354 1303 5392 sumus
1323 5337 1402 5392 illi
1428 5354 1515 5410 per
1540 5335 1863 5409 Baptism

243 5429 299 5483 in
328 5439 556 5483 mortem
576 5468 595 5495 ,
629 5436 682 5482 ut
707 5428 1135 5503 quemadmodum
1171 5430 1389 5486 surracil
1417 5430 1647 5486 Christus
1666 5448 1699 5485 α
1723 5448 1859 5487 mor-

247 5523 357 5577 tuis
378 5539 479 5591 per
501 5523 724 5597 gloriam
754 5523 952 5593 Patris,
990 5524 1067 5581 ita
1097 5533 1147 5581 et
1172 5542 1264 5581 nos
1291 5525 1346 5580 in
1371 5526 1588 5582 novitate
1613 5527 1727 5582 uita
1753 5543 1865 5581 am-

248 5613 518 5670 bulemus.
545 5615 609 5671 Si
632 5617 771 5672 enim
792 5616 1122 5689 commantati
1137 5618 1327 5691 fuimus
1351 5617 1671 5674 similitudini
1690 5620 1865 5675 mortis

321 5836 350 5911 ξ
371 5834 603 5911 galliam
636 5849 817 5911 omnes
845 5839 1157 5911 manuscripti
1190 5843 1449 5906 omittunt,
1489 5838 1539 5894 in
1572 5845 1787 5896 mortem.

326 5900 350 5934 ⁸
373 5905 523 5964 tam,
543 5899 967 5965 superabundant
981 5899 1152 5967 gratia.

1660 406 1868 469 LIBER
1906 398 2108 469 UNUS.

3414 414 3523 482 106

1926 529 2065 597 'ejus,
2089 529 2179 584 sed
2209 538 2257 586 et
2280 530 2298 566 ¹
2339 535 2715 592 resurrectionis
2760 537 2982 594 erimus:
3013 538 3108 595 hoc
3131 539 3374 611 scientes,
3401 542 3522 615 quia

1933 629 2071 675 vetus
2099 622 2248 678 homo
2270 633 2437 680 noster
2456 627 2608 682 simul
2625 631 2900 701 cruciﬁxus
2923 641 3017 700 est,
3040 641 3094 685 ut
3112 645 3379 689 evacuetur
3398 651 3521 690 cor-

1928 728 2029 783 pus
2058 715 2303 783 peccati”,
2331 726 2383 771 ut
2413 716 2546 773 ultra
2574 738 2675 776 non
2703 724 2976 779 serviamus
3000 720 3224 795 peccato.
3252 725 3355 795 Qui
3384 728 3519 783 enim

1933 813 2159 859 mortuus
2187 814 2279 876 est,
2295 808 2606 878 justiﬁcatus
2630 820 2702 866 est
2725 830 2758 866 a
2782 824 3005 881 peccato.
3043 816 3104 872 Si
3126 827 3298 873 autem
3335 810 3536 877 mortui.

1932 904 2107 959 summ
2133 914 2246 952 cum
2288 897 2518 968 Christo,
2551 904 2799 960 credimus
2839 909 2959 977 quia
2988 908 3140 966 simul
3162 912 3519 969 vivemus'cum

1932 987 2065 1056 illo;
2097 991 2304 1047 scientes
2328 995 2447 1064 quia
2477 992 2705 1051 Christus
2736 1014 2947 1071 surgens
2982 1017 3015 1054 a
3048 1007 3260 1059 mortuis
3277 1006 3395 1076 jam
3420 1024 3522 1063 non

1932 1084 2168 1153 moritur,
2195 1096 2242 1139 et
2258 1102 2391 1141 mors
2420 1088 2466 1142 ei
2492 1087 2627 1142 ultra
2656 1106 2758 1145 non
2783 1090 3121 1146 dominabitur
3141 1095 3183 1148 ³.
3214 1096 3363 1162 Quod
3389 1098 3522 1152 enim

1932 1185 2157 1231 mortuus
2175 1187 2249 1232 est
2269 1189 2492 1250 peccato,
2523 1188 2751 1237 mortuus
2774 1193 2847 1237 est
2871 1182 3026 1237 semel
3050 1199 3071 1239 :
3099 1186 3237 1257 quod
3259 1197 3425 1242 autem
3449 1190 3523 1244 υἱ-

1932 1267 2021 1337 vit,
2044 1270 2161 1323 vivit
2177 1268 2303 1325 Deo.
2327 1268 2413 1325 Ita
2442 1281 2489 1326 et
2516 1288 2603 1327 vos
2624 1272 2902 1330 existimate
2928 1290 3014 1330 vos
3039 1287 3261 1332 mortuos
3280 1296 3387 1333 esse
3407 1298 3523 1352 pec-

1932 1367 2045 1416 cato
2068 1402 2085 1428 ,
2124 1362 2284 1417 viuere
2324 1373 2491 1418 autem
2517 1362 2624 1419 Deo
2651 1362 2706 1420 in
2752 1363 2951 1423 Christo
2978 1362 3104 1423 Iesu
3136 1367 3311 1444 (Rom.
3339 1386 3394 1439 v,
3421 1356 3523 1439 2οέ

1932 1466 2009 1518 vn,
2038 1450 2150 1524 ll).
2169 1451 2371 1524 Nempe
2394 1456 2524 1511 satis
2539 1454 2716 1513 elucet
2739 1459 2996 1530 mysterio
3022 1458 3310 1518 Dominica:
3335 1462 3524 1520 mortis

1931 1549 1987 1598 et
2010 1545 2418 1603 resurrectionis
2447 1544 2731 1620 ﬁguratum
2763 1550 2888 1606 vitae
2914 1561 3111 1607 nostra:
3140 1553 3335 1610 veteris
3361 1568 3522 1613 occa-

1931 1649 2071 1703 sum,
2104 1645 2159 1693 et
2194 1649 2443 1709 exortum
2470 1655 2647 1708 novae,
2680 1640 3207 1716 demonstratamquc
3233 1645 3524 1718 iniquitatis

1931 1722 2279 1787 abolitionem
2325 1732 2834 1806 renovationemque
2872 1734 3113 1806 justitiae.
3159 1732 3315 1793 Unde
3360 1736 3524 1809 igitur

1927 1820 2036 1897 _hoc
2064 1830 2270 1878 tantum
2297 1821 2614 1880 beneﬁcium
2658 1824 2864 1881 homini
2904 1838 3000 1898 per
3045 1826 3277 1884 litteram
3315 1828 3449 1901 legis
3475 1831 3525 1899 ⁸,

1930 1911 2033 1968 nisi
2063 1928 2159 1983 per
2178 1911 2338 1969 ﬁdem
2365 1914 2492 1972 Jesu
2518 1914 2757 1972 Christi?

1952 2040 1983 2087 »ἶ
2001 2000 2230 2062 CAPUT
2270 2000 2383 2064 Vll.
2410 2038 2483 2049 —
2510 2007 2598 2064 ll.
2625 2004 2773 2063 Bona
2805 2024 2959 2082 opera
2997 2026 3060 2066 ea:
3095 2027 3193 2082 quo
3225 2013 3365 2083 fonte
3408 2028 3525 2067 ma-

1932 2105 2071 2152 nent.
2099 2092 2229 2153 Haec
2256 2099 2507 2170 cogitatio
2540 2110 2722 2157 sancta
2751 2110 2929 2157 servat
2965 2101 3103 2157 ﬁlios
3129 2102 3403 2159 hominum
3422 2145 3439 2173 ,
3466 2103 3523 2160 in

1932 2190 2264 2260 protectione
2289 2189 2495 2247 alarum
2535 2188 2632 2248 Dei
2666 2206 2969 2264 sperantes,
2997 2202 3058 2250 ut
3089 2195 3423 2252 inebrientur
3454 2195 3522 2252 ab

1932 2280 2177 2357 ubertate
2203 2283 2393 2339 domus
2413 2283 2552 2356 ejus,
2594 2293 2651 2341 et
2675 2292 2915 2345 torrente
2950 2286 3235 2359 voluptatis
3261 2287 3378 2359 ejus
3417 2301 3519 2358 ρο-
3570 2296 3581 2306 ’

1933 2371 2115 2432 tentur
2134 2373 2157 2409 ⁸
2184 2394 2199 2431 :
2228 2377 2478 2449 quoniam
2503 2377 2645 2449 apud
2666 2378 2839 2451 ipsum
2864 2387 2951 2436 est
2971 2377 3095 2435 fons
3120 2380 3263 2447 vitaz,
3289 2388 3344 2435 et
3367 2379 3421 2433 iu
3441 2378 3524 2434 lu-

1934 2467 2079 2524 mine
2105 2467 2221 2540 ejus
2264 2466 2563 2526 videbimus
2604 2469 2822 2538 lumen;
2851 2470 2941 2542 qui
2982 2469 3271 2542 praetendit
3312 2470 3524 2526 miseri-

1934 2557 2170 2615 cordiam
2194 2574 2349 2616 suam
2373 2560 2671 2618 scientibus
2696 2578 2819 2618 eum
2839 2602 2857 2630 ,
2883 2570 2940 2619 et
2973 2562 3234 2634 justitiam
3277 2576 3429 2620 suam
3458 2562 3527 2619 iis

1934 2649 2025 2721 qui
2070 2657 2220 2707 recto
2261 2661 2386 2707 sunt
2422 2652 2606 2711 corde.
2646 2651 2832 2726 Neque
2859 2654 3005 2710 enim
3031 2655 3155 2726 quia
3183 2654 3396 2723 sciunt,
3425 2654 3524 2711 sed

1936 2743 2099 2800 etiam
2127 2751 2186 2800 ut
2213 2744 2389 2801 sciant
2411 2759 2558 2813 eum,
2583 2745 2867 2817 praetendit
2888 2744 3311 2803 miSericordiam
3338 2760 3523 2804 suam:

1913 2838 2038 2901 ,ηερ
2063 2836 2186 2907 quia
2216 2836 2351 2892 recti
2388 2846 2513 2892 sunt
2559 2838 2721 2894 corde
2742 2876 2758 2904 ,
2809 2837 2905 2893 sed
2944 2838 3104 2894 etiam
3149 2846 3209 2894 ut
3243 2841 3378 2896 recti
3418 2841 3529 2898 sint

1936 2925 2131 2995 corde,
2159 2928 2443 2998 praetendit
2480 2927 2739 2999 justitiam
2779 2944 2965 2997 suam,
2999 2944 3104 3001 qua
3143 2928 3401 2999 justiﬁcat
3425 2929 3532 2986 im-

1937 3018 2082 3091 pium
2113 3017 2224 3093 (Id.
2254 3035 2328 3088 iv,
2359 3018 2439 3092 5).
2465 3019 2593 3075 lliec
2632 3021 2883 3092 cogitatio
2909 3036 3018 3078 non
3056 3020 3212 3079 eliert
3252 3022 3309 3078 in
3336 3038 3527 3096 super-

1938 3110 2155 3178 biam“;
2182 3111 2326 3183 quod
2363 3112 2550 3168 vitium
2576 3112 2775 3180 oritur,
2805 3128 2928 3169 cum
2958 3113 3057 3169 sibi
3085 3115 3312 3187 quisque
3347 3116 3529 3187 praui.

1939 3203 2037 3270 dit,
2064 3219 2231 3276 seque
2260 3204 2362 3261 sibi
2399 3204 2466 3260 ad
2497 3204 2783 3262 vivendum
2821 3216 2983 3278 caput
3024 3205 3171 3263 facit.
3210 3207 3328 3277 Quo
3378 3215 3530 3266 motu

1939 3297 2210 3353 receditur
2236 3295 2305 3351 ab
2330 3296 2423 3352 illo
2448 3295 2593 3353 l'onte
2618 3298 2761 3366 vitm,
2788 3298 2941 3369 cujus
2966 3298 3131 3355 solius
3161 3299 3353 3355 haustu
3373 3300 3529 3371 justi-

1940 3388 2014 3444 tia
2042 3386 2262 3457 bibitur,
2298 3387 2438 3444 bona
2480 3388 2683 3444 scilicet
2712 3388 2852 3457 vita;
2884 3399 2938 3445 et
2965 3389 3034 3444 ab
3062 3389 3152 3445 illo
3176 3390 3533 3447 incommuta-

1940 3478 2035 3536 biii
2055 3478 2277 3550 lumine,
2295 3480 2448 3552 cujus
2468 3481 2871 3554 participatione
2896 3481 3075 3537 anima
3104 3482 3382 3539 rationalis
3399 3498 3535 3554 quo-

1943 3570 2282 3645 dam‘modo
2333 3574 2644 3629 accenditur
2707 3583 2765 3629 ut
2814 3575 2885 3629 sit
2942 3574 3102 3629 etiam
3157 3575 3271 3645 ipsa
3335 3576 3534 3632 factum

1944 3672 2289 3734 creatumque
2315 3663 2494 3719 lumen
2519 3682 2533 3718 :
2561 3665 2698 3720 sicut
2721 3675 2834 3720 erat
2860 3664 3092 3720 Joannes
3119 3663 3325 3720 lucerna
3349 3664 3534 3721 ardens

1943 3764 1992 3808 et
2016 3754 2188 3809 lucens
2216 3754 2396 3827 (Joan.
2429 3771 2485 3820 v,
2519 3756 2645 3829 55);
2669 3758 2756 3826 qui
2790 3764 2965 3812 tamen
2993 3756 3538 3827 undeluceretagno-

1945 3861 2122 3913 scens,
2142 3845 2276 3915 Nos,
2294 3844 2486 3919 inquit,
2504 3849 2566 3903 de
2584 3847 2896 3920 plenitudine
2907 3848 3016 3920 ejus
3026 3847 3310 3917 accepimus
3328 3863 3348 3901 :
3361 3846 3537 3918 cujus,

1948 3944 2052 4002 nisi
2080 3942 2223 3998 illius
2250 3938 2429 4012 utique
2466 3940 2522 3994 in
2564 3939 2717 4009 cujus
2740 3939 3140 4009 comparatione
3165 3938 3400 3994 Joannes
3428 3954 3538 3996 non

1949 4044 2066 4092 erat
2080 4033 2300 4090 lumen?
2320 4030 2457 4087 illud
2476 4031 2618 4088 enim
2634 4040 2740 4086 erat
2760 4047 2932 4085 verum
2946 4030 3117 4085 lumen
3134 4030 3270 4102 quod
3282 4031 3539 4086 illuminat

1950 4145 2150 4184 omnem
2176 4128 2431 4182 hominem
2454 4126 2724 4179 uenientem
2751 4124 2805 4179 in
2825 4124 2959 4178 hunc
2978 4124 3227 4179 mundum
3251 4123 3360 4197 (Id.
3384 4141 3424 4192 t,
3448 4124 3540 4193 16,

1952 4218 2030 4290 9).
2048 4217 2284 4274 Proinde
2307 4232 2429 4272 cum
2459 4216 2689 4271 dixisset
2713 4215 2767 4271 in
2791 4215 2980 4271 eodem
3011 4215 3239 4285 psalmo,
3269 4215 3545 4273 Prwtendc

1952 4309 2349 4366 misericordiam
2377 4318 2515 4361 tuam
2552 4308 2821 4363 scientibus
2846 4316 2917 4376 te,
2938 4316 2985 4363 et
3008 4308 3266 4379 justitiam
3296 4319 3437 4364 tuam
3460 4308 3541 4364 his

1950 4401 2038 4475 qui
2065 4409 2199 4455 recto
2222 4408 2339 4454 sunt
2370 4398 2559 4457 corde:
2586 4397 2707 4453 Non
2735 4399 2930 4466 veniat,
2965 4398 3153 4469 inquit,
3186 4399 3311 4453 mihi
3340 4416 3427 4472 pes
3450 4417 3541 4456 su-

1953 4491 2163 4566 perbia,
2206 4499 2253 4545 et
2277 4507 2458 4544 manus
2483 4500 2806 4563 peccatorum
2834 4506 2935 4544 non
2961 4497 3154 4544 moveat
3178 4492 3197 4523 ⁷
3216 4507 3295 4545 me
3319 4507 3334 4544 :
3358 4492 3428 4545 ibi
3455 4508 3542 4547 ce-

1953 4584 2181 4651 ciderunt
2200 4599 2370 4639 omnes
2387 4583 2477 4654 qui
2505 4592 2781 4653 operantur
2798 4582 3146 4653 iniquitatem,“
3173 4581 3374 4653 apulsi
3394 4588 3543 4652 sunt,

1955 4688 2047 4730 nec
2092 4682 2363 4747 potuerunt
2398 4685 2533 4730 stare
2576 4673 2750 4743 (Psal.
2780 4688 2955 4740 xxxv,
2983 4672 3164 4744 8-15).
3204 4672 3314 4728 llac
3340 4672 3539 4744 quippe

1954 4767 2248 4838 impietate,
2274 4781 2383 4838 qua
2405 4766 2587 4822 tribuit
2607 4765 2708 4846 sibi
2737 4765 2962 4837 quisque
2986 4764 3130 4837 quod
3151 4765 3247 4821 Dei
3275 4773 3381 4833 est,
3415 4763 3537 4835 pel-

1955 4861 2082 4918 litur
2100 4860 2155 4917 in
2176 4861 2421 4919 tenebras
2438 4874 2585 4925 suas,
2605 4875 2724 4932 qua:
2747 4869 2871 4916 sunt
2885 4875 3046 4932 opera
3071 4860 3387 4941 iniquitatis.
3402 4860 3536 4919 Hac

1957 4954 2101 5012 enim
2126 4954 2287 5026 plane
2320 4952 2437 5026 ipse
2457 4950 2589 5011 facit
2607 4991 2626 5022 ,
2655 4962 2715 5009 et
2738 4951 2808 5008 ad
2837 4952 2952 5009 haec
2970 4956 2993 4987 ⁸
3016 4952 3287 5025 implenda
3317 4953 3427 5011 sibi.
3457 4961 3553 5013 est

2029 5146 2226 5220 inditi,
2257 5144 2405 5220 siuutl
2444 5148 2514 5197 et.
2546 5150 2607 5196 At
2652 5143 3003 5208 manuscripti,
3027 5144 3543 5210 διασκευωρε-

1961 5223 2089 5270 cum,
2115 5208 2215 5260 alla
2235 5208 2330 5260 cui.

2027 5275 2050 5306 ι
2066 5278 2114 5320 ιιι
2134 5280 2262 5331 Mss,
2285 5272 2664 5333 «inuemar
2692 5276 2870 5333 mnus
2889 5275 3091 5333 peccati.

2028 5329 2291 5407 ft‘lerique
2330 5341 2463 5407 uss,
2483 5329 2735 5407 ultra
2869 5329 3205 5407 dominamur.

1979 5398 2049 5470 ’.ι
2087 5392 2309 5460 Belgicus
2329 5396 2486 5446 codex
2523 5401 2570 5443 s.
2607 5392 2802 5444 tmandi
2834 5397 3081 5458 praeterit,
3119 5407 3207 5458 per
3238 5393 3447 5447 litteer
3476 5392 3524 5449 lc

1964 5471 2604 5574 guicallieanletvaticanl
2634 5522 2773 5581 Mss,
2811 5522 2858 5571 et
2892 5522 3153 5573 tunam
3178 5516 3427 5586 accipiatis
3462 5491 3586 5588 po‘

2187 5644 2425 5720 ,ριρτιτιιιε
2453 5648 2560 5695 ωε-
2591 5644 2690 5720 ἐξίίὲ
2713 5648 3087 5720 «ease-Lm
3109 5640 3275 5708 παίετε
3302 5652 3357 5695 νηί
3382 5658 3561 5711 supcr-

1972 5710 2116 5763 bt'am.
2138 5705 2258 5760 Fditi
2274 5705 2411 5767 vero,
2434 5720 2527 5758 non
2551 5709 2690 5771 affert
2709 5705 2999 5768 superbiam.
3173 5705 3183 5708 ⁷
3438 5705 3452 5711 ⁷

2036 5776 2055 5808 ⁷
2092 5774 2241 5824 aditi.
2266 5777 2497 5823 mowmt.
2523 5779 2579 5819 At
2615 5780 2739 5824 uss.
2781 5769 2965 5817 moueat
3001 5776 3022 5816 :
3066 5773 3206 5819 etex
3253 5772 3324 5824 Μ
3362 5769 3530 5824 plures

2036 5785 2054 5808 "
2092 5785 2241 5832 cuiu,
2266 5785 2497 5823 moveant.
2523 5785 2579 5819 At
2615 5785 2739 5830 mss»,
2781 5785 2964 5839 πισννεᾳι
3001 5785 3022 5816 .'
3066 5785 3206 5819 ctex
3253 5785 3332 5837 1'3.
3358 5785 3557 5849 plures.A

1975 5837 2095 5895 loco,
2125 5842 2441 5905 peccatorum,
2463 5835 2996 5905 [labentupeccatorrsa
3028 5904 3035 5905 ί
3071 5891 3083 5905 Ι
3108 5890 3120 5905 ¹

2038 5903 2058 5931 ⁸
2084 5890 2154 5950 sic
2177 5906 2281 5949 Mss.
2310 5898 2425 5946 Βάλιὶ
2447 5903 2629 5956 autem,
2652 5890 2767 5957 facit
2794 5892 2996 5955 ipsequi
3015 5891 3083 5945 ad
3101 5890 3222 5952 hare.
