3984 6532
453 376 563 435 207

457 499 702 556 idoneus.
730 498 904 570 Opera
939 513 1066 554 vero
1090 495 1306 568 justitire
1332 510 1437 549 non
1466 494 1621 561 facit,
1653 493 1753 549 nisi
1783 502 2037 563 quantum

458 608 528 648 ex
554 591 649 648 illo
671 593 814 648 ionte
842 599 1000 661 atque
1025 604 1088 643 ex
1118 587 1210 641 illo
1241 587 1440 641 lumine
1467 584 1711 658 percipit,
1730 585 1817 641 ubi
1844 585 2039 639 nullius

455 686 703 757 indigens
732 685 837 738 vita
866 691 967 747 est,
1016 691 1070 737 et
1114 681 1203 736 ubi
1246 697 1352 735 non
1403 690 1487 737 est
1533 679 1896 746 commutatio,
1940 693 2039 733 nec.

456 775 714 831 momenti
736 772 1069 828 obumbratis
1097 769 1301 844 (Jacobi
1330 788 1368 838 ι,
1398 770 1510 842 17).

531 867 619 921 12.
661 865 785 920 Ideo
814 864 1006 919 Paulus
1032 863 1353 935 Apostolus,
1386 862 1478 933 qui
1523 877 1643 918 cum
1670 860 1862 916 Saulus
1891 861 2036 931 prius

458 969 741 1016 vocaretur
774 957 909 1031 (Act.
936 973 1050 1023 uti,
1081 954 1161 1029 9),
1192 972 1303 1012 non
1328 954 1398 1012 ob
1425 955 1599 1023 aliud,
1628 963 1880 1026 quantum
1908 953 2038 1007 mihi

455 1050 685 1116 videtur,
717 1049 821 1105 hoc
848 1064 1044 1105 nomen
1073 1048 1254 1119 elegit,
1285 1046 1385 1102 nisi
1415 1054 1473 1101 ut
1500 1062 1559 1102 se
1581 1045 1887 1101 ostenderet
1916 1059 2038 1114 par-

454 1159 599 1212 vum,
651 1151 903 1215 tanquam
953 1141 1231 1197 minimum
1276 1142 1295 1173 ί
1336 1139 1752 1212 Apostolorum;
1812 1137 2038 1193 multum

451 1242 642 1291 contra
688 1232 948 1304 superbos
985 1239 1042 1289 et
1080 1240 1414 1303 arrogantes,
1459 1238 1514 1285 et
1539 1229 1609 1285 de
1650 1229 1761 1285 suis
1789 1228 2040 1300 operibus

452 1333 863 1397 msumentcs,
921 1340 1019 1397 pro
1078 1322 1503 1380 commendanda
1548 1322 1649 1377 ista
1699 1322 1795 1378 Dei
1845 1320 2038 1393 gratia,

451 1415 668 1473 fortiter
704 1426 864 1488 atque
900 1415 1095 1472 acriter
1135 1415 1394 1472 dimicans
1422 1432 1436 1468 :
1464 1414 1587 1484 quia
1624 1428 1808 1468 revera
1851 1412 1904 1468 in
1944 1412 2040 1468 illo

452 1507 756 1565 evidentior
781 1515 835 1563 et
860 1507 1054 1563 clarior
1079 1507 1346 1578 apparuit,
1365 1506 1454 1578 qui
1481 1521 1602 1561 cum
1635 1504 1755 1560 talia
1784 1519 2038 1576 operare-

452 1605 543 1653 tur
564 1597 910 1655 vehementer
944 1597 1237 1654 Ecclesiam
1264 1598 1357 1653 Dei
1402 1612 1730 1668 persequens
1747 1637 1765 1664 ,
1796 1610 1894 1666 pro
1919 1595 2038 1666 qui-

451 1689 556 1746 bus
579 1705 790 1745 summo
829 1689 1090 1760 supplicio
1117 1689 1307 1761 dignus
1331 1687 1461 1756 fuit,
1492 1687 1913 1744 misericbrdiam
1942 1703 2040 1758 pro

452 1780 798 1836 damnatione
842 1781 1099 1852 suscepit,
1148 1790 1204 1836 et
1246 1797 1344 1852 pro
1387 1795 1544 1852 paena
1589 1788 1907 1838 consecutus
1959 1788 2042 1834 est

452 1873 702 1945 gratiam,
733 1874 925 1931 merito
966 1888 1065 1946 pro
1104 1873 1221 1944 ejus
1263 1872 1573 1930 defensione
1596 1874 1618 1905 ¹
1644 1872 1838 1928 clamat
1881 1880 2040 1943 atque

453 1972 750 2033 concertat,
782 1980 884 2021 nec
927 1965 981 2020 in
1030 1980 1089 2021 re
1133 1964 1394 2036 profunda
1440 1973 1495 2020 et
1542 1964 1700 2019 nimis
1727 1962 1904 2021 abdita
1931 1978 2035 2018 non

448 2055 887 2128 intelligentium,
916 2065 973 2112 et
996 2055 1159 2112 verba
1187 2071 1281 2112 sua
1320 2072 1453 2113 sana
1488 2057 1541 2111 in
1574 2072 1881 2126 perversum
1910 2070 2036 2112 sen—

448 2162 572 2203 sum
602 2147 1028 2218 detorquentium
1056 2157 1208 2203 curat
1244 2147 1533 2215 invidiam;
1577 2148 1704 2203 dum
1746 2157 1922 2204 tamen
1952 2148 2036 2202 in-

451 2245 769 2294 cunctanter
796 2238 1051 2308 prmdicet
1077 2239 1275 2294 donum
1305 2239 1419 2304 Dei,
1449 2254 1556 2309 quo
1597 2255 1704 2295 uno
1732 2240 1865 2295 salvi
1904 2241 2037 2297 ﬁunt

445 2328 541 2384 lilii
568 2329 937 2400 promissionis
955 2370 971 2395 ,
999 2330 1091 2386 ﬁlii
1128 2330 1375 2386 beneﬁcii
1403 2329 1606 2400 divini,
1636 2331 1731 2385 ﬁlii
1769 2331 1953 2401 gratia:
1981 2339 2037 2387 et

444 2421 862 2488 misericordiae,
898 2422 991 2477 filii
1016 2422 1343 2478 Testamenti
1396 2422 1551 2479 Novi.
1601 2422 1861 2492 Primum,
1891 2423 2035 2494 quod

445 2515 623 2573 omnis
651 2513 768 2596 ejus
793 2514 1042 2570 salutatio
1070 2514 1149 2569 sic
1174 2530 1234 2570 se
1260 2513 1417 2571 habet
1446 2533 1460 2570 :
1490 2512 1667 2569 Gratia
1695 2514 1832 2568 vobis
1860 2523 1908 2568 et
1932 2531 2035 2585 pax

443 2622 478 2661 α
505 2604 615 2659 Deo
643 2604 800 2661 Patre
829 2614 876 2660 et
907 2604 1124 2660 Domino
1150 2604 1278 2659 Jesu
1303 2603 1506 2661 Christo
1536 2606 1556 2676 (
1580 2604 1738 2659 Initio
1775 2603 2033 2675 Epistola-

443 2697 604 2767 rum).
638 2696 875 2764 Deinde,
918 2696 984 2752 ad
1019 2696 1291 2752 Romanos
1320 2710 1457 2766 pene
1501 2696 1615 2766 ipsa
1655 2695 1878 2766 quaestio
1920 2694 2034 2752 sola

443 2796 710 2856 versatur,
753 2796 858 2842 tam
886 2788 1216 2859 pugnaciter,
1250 2796 1355 2842 tam
1394 2786 1778 2857 multipliciter,
1819 2793 1882 2841 ut
1909 2787 2033 2840 fati-

443 2889 535 2950 get
559 2878 773 2951 quidem
812 2878 1035 2950 legentis
1077 2878 1459 2943 intentionem,
1490 2879 1584 2933 sed
1624 2886 1799 2932 tamen
1842 2876 2031 2948 fatiga-

443 2969 592 3025 tione
634 2969 750 3024 utili
779 2985 842 3024 ac
879 2967 1081 3025 salubri
1128 2986 1143 3024 :
1187 2977 1247 3023 ut
1285 2968 1555 3024 interioris
1594 2969 1824 3026 hominis
1863 2971 2034 3041 magis

443 3070 695 3130 exesaeat
720 3061 979 3127 membra,
1013 3076 1172 3132 quam
1201 3059 1426 3132 frangat.

509 3151 738 3209 CAPUT
776 3151 915 3206 VIII.
940 3180 1013 3194 —-
1051 3152 1137 3209 l3.
1186 3151 1480 3208 Observatio
1531 3153 1678 3224 legis.
1726 3152 2030 3208 Judworum

443 3246 681 3318 gloriatio
748 3246 934 3318 qualis.
991 3245 1168 3301 Timor
1210 3263 1389 3317 preme.
1454 3246 1781 3303 Circumcisio
1840 3250 2027 3303 cordis.

441 3339 718 3411 Pelagiani
749 3340 804 3394 in
831 3356 931 3412 quo
979 3338 1144 3395 Deum
1185 3349 1371 3397 nostrte
1405 3341 1783 3412 justiﬁcationis
1853 3351 2030 3397 aucto-

442 3446 547 3486 rem
596 3439 896 3502 agnoscunt.
972 3430 1099 3487 Inde
1166 3439 1291 3487 sunt
1332 3448 1450 3502 qua:
1494 3448 1655 3503 supra
1704 3448 2032 3489 commemo-

441 3523 577 3577 ravi.
623 3522 749 3579 Inde
797 3521 1049 3594 estquod
1100 3522 1340 3578 Judazum
1393 3522 1857 3595 arguit,eumque
1901 3523 2032 3581 dicit

440 3612 681 3669 Judmum
753 3613 1115 3683 cognominari
1143 3654 1160 3679 ,
1246 3622 1302 3669 et
1360 3628 1695 3685 nequaquam
1762 3615 1815 3670 id
1886 3616 2027 3685 quod

439 3702 723 3773 proﬁtetur
773 3703 1016 3774 implere.
1074 3703 1136 3759 Si
1160 3714 1327 3758 autem
1371 3715 1425 3759 tu
1452 3746 1469 3773 ,
1520 3705 1734 3776 inquit,
1812 3704 2031 3760 Iudaeus

439 3795 831 3866 cognominaris,
864 3804 908 3849 et
934 3795 1199 3866 requiescis
1227 3797 1282 3850 in
1311 3797 1436 3869 lege,
1468 3808 1514 3851 et
1551 3798 1787 3868 gloriaris
1819 3799 1870 3852 in
1890 3796 2023 3866 Deo,

438 3894 488 3939 et
512 3886 645 3940 nosti
672 3886 975 3941 voluntatem
1001 3886 1046 3955 ³,
1073 3896 1118 3940 et
1150 3887 1333 3958 probas
1361 3888 1603 3942 distantia
1630 3888 1727 3962 (a),
1754 3890 2029 3946 instructus

439 3991 504 4030 ex
533 3974 659 4047 lege,
691 3976 906 4044 conﬁdis
935 3985 983 4030 te
1020 3977 1185 4047 ipsuut
1209 3977 1389 4032 ducem
1414 3994 1519 4033 esse
1554 3995 1801 4033 caecorum
1820 4020 1833 4045 ,
1860 3980 2029 4034 lumen

439 4080 613 4121 eorum
641 4067 729 4134 qui
766 4067 818 4120 in
848 4067 1098 4134 tenebris,
1143 4068 1444 4123 eruditorem
1471 4069 1833 4141 insipientium,
1865 4073 2029 4143 magi-

439 4167 601 4215 strum
624 4159 916 4228 infantium,
944 4158 1205 4213 habentem
1235 4162 1453 4230 formam
1474 4162 1698 4215 scientia:
1733 4171 1781 4215 et
1805 4163 2028 4217 ueritatis

439 4249 495 4304 in
520 4248 649 4320 lege.
696 4248 796 4314 Qui
835 4265 953 4322 ergo
997 4250 1153 4304 alium
1198 4249 1344 4305 doces
1363 4291 1377 4317 ,
1408 4260 1456 4306 te
1494 4253 1663 4321 ipsum
1706 4270 1807 4308 non
1835 4254 1981 4310 doces
2002 4256 2028 4309 ?

439 4343 529 4415 qui
567 4342 814 4413 prtedicas
857 4359 957 4397 non
1001 4342 1298 4411 furandum,
1345 4343 1579 4414 furoris?
1624 4345 1711 4415 qui
1753 4345 1879 4401 dicis
1925 4363 2026 4401 non

438 4434 850 4501 adulterandum,
880 4433 1183 4489 adulteras?
1209 4434 1296 4503 qui
1325 4434 1630 4490 abominaris
1662 4436 1828 4505 idola,
1868 4440 2030 4493 sacri-

440 4529 626 4602 legium
649 4529 777 4599 facis
797 4530 823 4583 ?
844 4529 932 4600 qui
955 4529 1017 4582 in-
1032 4530 1140 4600 lege
1166 4528 1419 4600 gloriaris,
1450 4546 1539 4599 per
1564 4531 2027 4600 jn'tevaricatiouem

439 4621 565 4692 legis
588 4619 756 4674 Deum
783 4607 1105 4674 inhonorus?
1140 4618 1343 4695 Nomen
1376 4620 1508 4674 enim
1533 4619 1632 4675 Dei
1669 4638 1759 4693 per
1794 4638 1881 4677 vos
1918 4623 2027 4678 bla-

439 4713 733 4783 sphematur
757 4712 810 4765 in
844 4708 1105 4776 Gentibus,
1138 4709 1263 4764 sicut
1292 4711 1533 4780 scriptum
1561 4721 1653 4766 est.
1699 4710 2026 4769 Circumcisio

440 4802 643 4874 quidem
670 4802 905 4873 prodest,
934 4802 978 4856 si
1008 4792 1167 4873 legem
1193 4800 1448 4855 custodias
1472 4816 1491 4857 :
1519 4802 1564 4856 si
1590 4810 1757 4857 autem
1784 4804 2026 4876 praevari-

440 4904 584 4950 cator
627 4893 751 4966 legis
786 4894 875 4958 sis,
916 4893 1228 4949 circumcisio
1270 4903 1357 4946 tua
1405 4894 1708 4965 praeputium
1749 4896 1886 4965 facta
1930 4906 2023 4950 est.

442 4989 507 5044 Si
548 4988 702 5060 igitur
749 4985 1051 5057 prwputium
1088 4986 1318 5057 justitias
1363 4984 1488 5057 legis
1538 4986 1812 5055 custodiat,
1861 5004 2027 5043 nonne

441 5080 751 5153 prteputium
772 5079 883 5149 ejus
911 5079 965 5131 in
992 5077 1418 5131 circumcisionem
1443 5078 1775 5149 reputabitur,
1803 5089 1852 5132 et
1880 5080 2030 5150 judi-

414 5174 574 5228 lcabit
598 5170 737 5249 quod
764 5186 827 5225 ea:
850 5179 1035 5223 natura
1063 5178 1136 5223 est
1161 5170 1466 5240 praeputium
1493 5168 1651 5241 legem
1690 5172 1954 5240 perﬁciens
1980 5172 2022 5241 ⁸,

409 5310 419 5339 _.
442 5276 491 5322 te
514 5266 598 5337 qui
625 5280 715 5337 per
739 5262 957 5318 litteram
980 5272 1028 5316 et
1054 5262 1482 5316 circumcisionem
1508 5263 1865 5333 praevaricator
1902 5266 2024 5337 legis

442 5359 539 5413 es?
566 5355 689 5411 Non
710 5355 845 5411 enim
872 5354 957 5426 qui
985 5354 1036 5406 in
1065 5352 1328 5423 manifesto
1352 5352 1566 5406 Judwus
1591 5363 1661 5407 est
1682 5396 1696 5421 ,
1732 5371 1888 5424 neque
1914 5373 2029 5428 qua:

508 5513 529 5583 ξ
551 5519 605 5583 te.
623 5509 1020 5583 ,υιθείξειιξθν
1290 5505 1534 5557 ηιίθηπιαε·

507 5574 530 5605 ⁸
551 5573 637 5634 Hic
659 5570 999 5634 editiaddu'nt,
1024 5570 1287 5634 prwcipue.

506 5633 690 5693 inditi,
720 5628 1904 5696 uotwuaternejus.Abest,ejus,amanusa-iptls
1928 5641 2027 5686 eta

441 5705 608 5758 greco
630 5691 773 5746 textu
794 5691 1018 5756 Αροδιοη·
1044 5691 1058 5694 ⁷
1384 5691 1392 5693 Ὗ
1810 5691 1826 5696 -

510 5753 1170 5826 fsicomnes‘manuscripti.
1195 5761 1250 5803 At
1276 5753 1412 5817 editi,
1438 5752 1591 5820 legent
1606 5769 1955 5815 εοηδιιηψιαηεο

508 5812 585 5879 (a)
613 5822 796 5881 αωοβ,
816 5814 868 5866 ιὰ
889 5812 1221 5878 diaphéfonta.

1391 374 1480 431 DE
1517 374 1786 433 SPIRITU
1826 374 1916 431 ET
1953 373 2273 445 LI'I‘TERA,
2314 380 2371 437 S.
2411 382 2782 442 AUGUSTINI

3620 405 3739 466 2οᾶ

2144 494 2197 549 in
2228 499 2494 570 manifesto
2536 502 2589 556 in
2617 520 2766 559 carne
2791 515 2860 560 est
2895 507 3245 577 circumcisio;
3273 514 3363 568 sed
3400 515 3489 587 qui
3525 517 3578 572 in
3607 520 3719 577 abs-

2144 590 2345 645 condito
2384 592 2599 650 Judtcus
2641 606 2743 663 est,
2782 608 2827 652 et
2865 600 3176 657 circumcisio
3201 604 3367 658 cordis
3394 608 3444 661 in
3472 609 3656 678 spiritu
3679 615 3718 682 ί,

2142 697 2244 736 non
2283 683 2468 751 littera,
2507 689 2653 757 cujus
2679 690 2790 745 laus
2829 708 2929 746 non
2966 711 3031 748 ea:
3065 694 3378 765 hominibus,
3408 700 3498 754 sed
3526 717 3591 755 ea:
3618 701 3718 759 Deo

2143 782 2215 827 est
2237 772 2410 846 (Rom.
2438 793 2496 844 ιι,
2526 778 2744 853 17-29).
2771 782 2868 841 Hic
2893 785 3250 842 manifestavit
3275 790 3717 860 quemadmodum

2143 866 2364 938 dixerit,
2399 872 2632 943 gloriaris
2669 875 2724 930 in
2754 876 2880 933 Deo.
2930 878 3062 935 Nam
3111 882 3295 954 utique
3340 884 3387 939 si
3434 900 3562 943 vere
3610 889 3720 945 talis

2142 957 2358 1015 Judaeus
2401 962 2718 1033 gloriaretur
2763 968 2817 1023 in
2852 969 2984 1038 Deo,
3032 987 3098 1027 eo
3140 973 3301 1037 modo
3345 992 3452 1046 quo
3495 981 3723 1048 postulat

2141 1054 2330 1123 gratia,
2357 1069 2477 1125 qua:
2504 1073 2610 1113 non
2636 1075 2857 1131 operum
2885 1064 3111 1133 meritis,
3137 1066 3230 1122 sed
3255 1070 3482 1138 gratuito
3499 1070 3520 1102 ⁵
3546 1071 3720 1137 datur,

2142 1156 2211 1198 ex
2238 1144 2350 1201 Deo
2372 1156 2517 1203 esset
2558 1149 2674 1206 laus
2717 1152 2854 1223 ejus,
2899 1171 3006 1211 non
3041 1172 3107 1213 ex
3134 1156 3459 1216 hominibus.
3510 1161 3618 1219 Sed
3658 1165 3721 1219 ita

2142 1234 2505 1306 gloriabantur
2531 1240 2585 1298 in
2613 1243 2745 1312 Deo,
2778 1245 2922 1303 velut
2947 1250 3053 1320 qui.
3070 1250 3171 1306 soli
3196 1255 3517 1312 meruissent
3556 1257 3724 1329 legem

2142 1326 2259 1398 ejus
2288 1331 2563 1402 accipere,
2606 1335 2897 1392 secundum
2939 1338 3083 1394 illam
3127 1357 3313 1398 vocem
3348 1343 3581 1413 Psalmi,
3613 1326 3722 1419 qua

2142 1420 2343 1478 dictum
2369 1436 2472 1493 est,
2502 1426 2624 1482 Non
2652 1429 2770 1499 fecit
2794 1432 2866 1485 sic
2890 1431 2986 1487 ulli
3014 1435 3173 1504 genti,
3204 1444 3251 1491 et
3270 1437 3476 1508 judicia
3501 1456 3597 1494 sua
3625 1458 3723 1496 non

2143 1516 2482 1588 manifestavit
2520 1520 2590 1576 eis
2616 1521 2786 1590 (Psal.
2812 1538 2986 1579 cnvn
3006 1566 3022 1592 ,
3048 1523 3176 1599 20).
3220 1526 3391 1596 Quam
3428 1537 3608 1586 tamen
3633 1532 3725 1588 Dei

2143 1606 2316 1679 legem
2341 1622 2439 1664 sua
2458 1609 2666 1680 justitia
2690 1628 2750 1669 se
2778 1614 3170 1673 arbitrabantur
3195 1618 3439 1692 implere,
3460 1636 3586 1677 cum
3610 1638 3726 1678 ma-

2141 1700 2225 1771 gis
2253 1700 2372 1772 ejus
2400 1704 2842 1774 praavaricatores
2870 1718 3070 1765 essent.
3104 1709 3258 1767 Unde
3286 1710 3394 1767 illis
3433 1712 3570 1768 iram
3596 1729 3725 1784 ope-

2142 1792 2361 1847 rabatur
2400 1791 2577 1867 (Rom.
2601 1810 2690 1862 1v,
2724 1796 2835 1866 l5),
2877 1798 3180 1856 abundante
3208 1811 3428 1871 peccato
3448 1845 3462 1870 ,
3495 1804 3635 1875 quod
3659 1805 3730 1860 ab

2140 1882 2436 1939 scientibus
2470 1886 2898 1957 perpetrabatur.
2950 1888 3085 1956 Quia
3127 1899 3182 1946 et
3213 1892 3535 1964 quicumque
3568 1893 3731 1951 facie-

2140 1976 2271 2033 bant
2297 1978 2440 2049 quod
2462 1978 2545 2034 lex
2574 1979 2792 2049 iubebat
2814 2022 2831 2049 ,
2859 1997 2969 2039 non
2991 1983 3277 2055 adjuvante
3293 1986 3484 2057 spiritu
3511 1990 3723 2058 gratiae,

2141 2068 2333 2124 timore
2360 2084 2533 2139 poena:
2560 2069 2860 2139 faciebant,
2886 2088 2993 2129 non
3035 2089 3218 2131 amore
3247 2076 3470 2147 justitia:
3495 2096 3510 2133 :
3542 2094 3608 2134 ac
3633 2096 3730 2150 per

2140 2157 2245 2216 hoc
2268 2175 2448 2217 coram
2480 2162 2589 2220 Deo
2629 2178 2734 2219 non
2783 2174 2899 2220 erat
2941 2166 2993 2220 in
3040 2168 3333 2236 voluntate,
3360 2169 3503 2240 quod
3546 2186 3728 2226 coram

2140 2252 2445 2309 hominibus
2472 2256 2762 2326 apparebat
2792 2256 2846 2312 in
2872 2272 3035 2328 opere
3067 2276 3081 2313 :
3114 2259 3398 2331 potiusque
3420 2276 3488 2316 ex
3526 2261 3620 2317 illo
3649 2262 3732 2317 rei

2142 2345 2478 2412 tenebantur,
2528 2347 2671 2418 quod
2714 2362 2808 2404 eos
2857 2358 3080 2406 noverat
3108 2351 3249 2406 Deus
3290 2350 3471 2420 malle,
3518 2353 3565 2408 si
3609 2352 3731 2408 ﬁeri

2140 2446 2322 2509 posset
2364 2439 2596 2510 impune,
2638 2441 2990 2498 committere.
3035 2442 3506 2500 Circumcisionem
3546 2457 3730 2502 autem

2141 2529 2320 2585 cordis
2345 2530 2506 2598 dicit,
2530 2546 2716 2601 puram
2750 2532 2956 2589 scilicet
2977 2534 3046 2590 ab
3073 2535 3219 2591 omni
3264 2536 3446 2592 illicita
3471 2539 3735 2608 concupi-

2142 2620 2347 2676 scentia
2375 2621 2703 2679 voluntatem
2739 2640 2754 2676 :
2784 2624 2928 2695 quod
2953 2640 3060 2680 non
3100 2626 3159 2683 lit
3202 2626 3379 2683 littera
3408 2627 3635 2684 docente
3674 2639 3736 2684 et

2138 2713 2395 2779 minante,
2425 2713 2520 2769 sed
2558 2715 2750 2785 spiritu
2786 2715 3072 2787 adjuvante
3112 2728 3273 2789 atque
3310 2731 3554 2776 sanante.
3600 2721 3733 2779 Ideo

2139 2804 2257 2860 laus
2282 2805 2465 2860 talium
2499 2821 2604 2861 non
2636 2822 2703 2863 ex
2743 2807 3050 2865 hominibus
3073 2850 3088 2876 ,
3131 2810 3227 2866 sed
3256 2827 3322 2867 ex
3350 2812 3463 2868 Deo
3488 2822 3604 2881 est,
3632 2816 3733 2886 qui

2140 2912 2235 2967 per
2276 2911 2427 2952 suam
2473 2899 2697 2968 gratiam
2748 2909 2965 2970 praestat
3011 2901 3153 2958 unde
3190 2901 3490 2971 laudentur,
3521 2904 3589 2961 de
3617 2922 3736 2976 quo

2138 2986 2371 3058 dicitur,
2424 2988 2492 3043 In
2540 2989 2761 3045 Domino
2809 2990 3101 3048 laudabitur
3144 2995 3318 3049 anima
3362 3013 3475 3053 mea
3528 2996 3731 3068 (Psal.

2136 3096 2347 3148 xxxm,
2374 3081 2466 3151 5);
2499 3090 2552 3135 et
2581 3081 2666 3136 cui
2707 3081 2929 3150 dicitur,
2961 3084 3116 3155 Apud
3154 3094 3202 3141 te
3242 3087 3353 3142 laus
3390 3105 3503 3143 mea
3540 3089 3735 3161 (Psul.

2136 3169 2374 3243 xxr,26)
2418 3187 2430 3223 :
2473 3187 2580 3225 non
2603 3172 2788 3243 quales
2814 3173 2886 3228 illi
2913 3177 3149 3245 suntqui
3196 3177 3585 3234 Deumlaudari
3625 3196 3733 3237 vo-

2137 3261 2254 3317 lunt
2274 3262 2413 3334 quod
2434 3263 2677 3320 homines
2709 3275 2835 3321 sunt
2856 3307 2872 3335 ,
2908 3284 2969 3323 se
3014 3277 3190 3325 autem
3220 3270 3363 3341 quod
3391 3271 3553 3342 justis
3576 3284 3701 3329 unt.

2210 3353 2300 3408 14.
2334 3370 2353 3404 ‹
2388 3352 2493 3408 Sed
2524 3352 2823 3423 laudamus,
2853 3374 2874 3409 ι
2906 3356 3173 3428 inquiunt,
3208 3379 3228 3413 ‹
3260 3371 3312 3416 et
3328 3361 3494 3417 Deum
3525 3374 3730 3421 nostra:

2143 3463 2163 3495 ‹
2195 3443 2591 3515 justiﬁcationis
2627 3456 2924 3516 auctorem,
2964 3449 3019 3505 in
3064 3466 3131 3507 eo
3163 3453 3303 3522 quod
3344 3453 3513 3523 legem
3550 3455 3728 3524 dedit,

2142 3553 2163 3587 ι
2200 3535 2352 3606 cujus
2379 3535 2572 3591 intuitu
2596 3539 2901 3594 noverimus
2938 3541 3388 3610 quemadmodum
3413 3544 3596 3601 vivere
3623 3547 3727 3603 de-

2142 3645 2163 3679 ι
2195 3626 2436 3682 beamus.
2460 3645 2481 3680 ι
2513 3626 2625 3683 Nec
2648 3629 2871 3685 audiunt
2899 3631 3040 3702 quod
3067 3632 3266 3703 legunt,
3292 3633 3424 3700 Quia
3449 3653 3549 3692 non
3564 3639 3731 3710 justi-

2136 3720 2367 3789 ficabitur
2392 3736 2455 3774 ea:
2483 3719 2591 3792 lege
2617 3722 2779 3777 omnis
2817 3738 2936 3776 caro
2975 3740 3145 3779 coram
3170 3724 3299 3780 Deo.
3347 3727 3531 3784 Potest
3575 3731 3728 3786 enim

2136 3809 2255 3865 ﬁeri
2298 3825 2476 3865 coram
2524 3809 2851 3881 hominibus,
2901 3831 3007 3869 non
3051 3825 3230 3872 autem
3272 3832 3450 3873 coram
3490 3819 3581 3875 illo
3632 3824 3731 3893 qui

2132 3899 2312 3956 cordis
2352 3901 2520 3972 ipsius
2549 3912 2604 3959 et
2643 3904 2843 3961 intimae
2871 3906 3157 3964 voluntatis
3194 3910 3463 3980 inspector
3485 3923 3568 3969 est
3587 3956 3602 3979 ,
3631 3898 3730 3973 ubi

2133 3990 2278 4045 videt
2298 4031 2312 4056 ,
2341 3992 2550 4048 etiamsi
2580 3994 2721 4049 aliud
2754 3995 2912 4051 faciat
2940 3995 3031 4068 qui
3068 3997 3236 4069 legem
3270 4001 3451 4068 timet,
3484 4005 3613 4075 quid
3646 4014 3729 4060 ta-

2135 4096 2258 4137 men
2287 4083 2465 4138 mallet
2492 4082 2689 4151 l‘acere,
2712 4085 2757 4140 si
2781 4085 2983 4143 liceret.
3013 4090 3090 4143 Ac
3110 4105 3177 4145 ne
3202 4091 3479 4162 quisquam
3508 4104 3731 4162 putaret

2134 4172 2225 4227 hic
2248 4174 2564 4244 Apostolum
2605 4191 2668 4230 ea
2714 4176 2828 4246 lege
2871 4177 3073 4235 dixisse
3102 4181 3370 4237 neminem
3409 4180 3763 4254 justiﬁeari,‘

2135 4279 2257 4333 qua:
2283 4263 2336 4319 in
2367 4268 2717 4322 sacramentis
2741 4269 3011 4325 veteribus
3033 4272 3200 4326 multa
3231 4275 3470 4330 continet
3495 4274 3728 4348 ﬁgurata

2132 4365 2420 4425 prmcepta,
2469 4356 2611 4413 unde
2648 4359 2807 4414 etiam
2849 4359 2963 4431 ipsa
3007 4371 3090 4417 est
3134 4364 3467 4422 circumcisio
3512 4372 3727 4437 carnis,

2131 4461 2290 4519 quam
2317 4448 2405 4504 die
2445 4459 2639 4508 octavo
2667 4455 2911 4524 accipere
2940 4457 3143 4526 parvuli
3178 4458 3315 4529 jussi
3355 4470 3482 4517 sunt
3508 4461 3725 4531 (Leuit.

2132 4555 2225 4605 xn,
2258 4540 2358 4611 5);
2400 4543 2651 4599 continuo
2689 4545 2963 4615 snbjunxit
2999 4562 3157 4618 quam
3195 4550 3367 4622 legem
3390 4551 3634 4627 Jdixerit,
3671 4567 3732 4612 et

2131 4630 2226 4698 ait,
2259 4631 2363 4688 Per
2388 4634 2545 4706 legem
2587 4636 2721 4690 enim
2763 4638 2984 4708 cognitio
3023 4640 3234 4711 peccati.
3283 4640 3382 4698 Illa
3425 4642 3587 4715 igitur
3631 4645 3727 4702 lex

2106 4732 2248 4788 ~est,
2276 4722 2344 4778 de
2370 4739 2473 4794 qua
2503 4733 2687 4795 postea
2716 4725 2874 4793 dicit,
2904 4725 3180 4783 Peccatum
3227 4748 3330 4787 non
3366 4735 3577 4804 cognovi
3620 4737 3730 4791 nisi

2134 4827 2223 4882 per
2250 4813 2429 4885 legem.
2474 4813 2614 4868 Nam
2642 4817 3098 4887 concupiscentiam
3133 4821 3411 4877 nesciebam
3432 4864 3449 4891 ,
3490 4824 3589 4879 nisi
3636 4826 3728 4882 lea:

2132 4901 2338 4969 diceret,
2370 4899 2495 4958 Non
2519 4907 2839 4975 concupisces
2867 4906 3043 4980 (Rom.
3070 4926 3164 4977 vn,
3199 4910 3275 4983 7).
3319 4912 3454 4969 Nam
3482 4915 3610 4987 quid
3638 4928 3730 4975 est

2132 4991 2295 5058 aliud,
2328 4990 2434 5047 Per
2461 4993 2619 5064 legem
2648 4996 2781 5049 enim
2808 4997 3027 5067 cognitio
3054 5002 3294 5070 peccati?

2201 5082 2429 5140 CAPUT
2466 5083 2559 5143 IX.
2608 5115 2681 5125 —
2727 5087 2814 5142 l5.
2859 5088 3070 5144 Iustitia
3114 5090 3210 5146 Dei
3257 5093 3582 5167 manifestata
3628 5116 3729 5169 per

2131 5173 2317 5247 Legem
2344 5186 2392 5230 et
2418 5175 2718 5248 Prophetas.
2751 5178 2850 5234 llic
2871 5178 3011 5237 forte
3036 5181 3178 5238 dicat
3203 5184 3293 5241 illa
3318 5187 3548 5244 humana
3579 5205 3728 5261 prae-

2132 5270 2385 5339 snmptio,
2415 5270 2668 5340 ignorans
2697 5271 2790 5327 Dei
2816 5272 3100 5343 justitiam,
3129 5286 3184 5334 et
3208 5282 3562 5337 suam.volens
3588 5299 3724 5339 con-

2133 5360 2382 5428 stituere,
2430 5362 2621 5417 merito
2669 5363 2868 5420 dixisse
2913 5366 3225 5437 Apostolum
3251 5409 3266 5435 ,
3322 5370 3454 5438 Quia
3501 5390 3562 5428 ea:
3611 5376 3727 5444 lege

2132 5467 2278 5506 nemo
2314 5453 2679 5523 justiﬁcabitur
2703 5469 2723 5509 :
2751 5455 2987 5513 ostendit
3029 5458 3170 5513 ettim
3222 5464 3587 5520 tantummodo
3629 5464 3722 5521 lex

2133 5544 2261 5616 quid
2306 5545 2605 5601 faciendum
2631 5587 2645 5615 ,
2678 5547 2870 5618 quidve
2893 5549 3189 5606 cavendum
3217 5553 3322 5622 sit,
3363 5563 3423 5611 ut
3451 5555 3593 5626 quod
3623 5557 3722 5612 illa

2169 5698 2350 5778 simili
2373 5712 2483 5749 eum
2503 5701 2789 5763 quibusdam
2814 5711 2941 5767 Mss,
2962 5709 3010 5763 et
3040 5706 3402 5778 ctrcwttclsionc
3422 5708 3586 5775 cordis
3614 5708 3727 5776 spi-

2134 5765 2354 5874 ruri‘res
2378 5830 2504 5885 Mss,
2521 5822 2750 5889 gratuita.
