3984 6508
215 358 308 419 209

215 466 492 530 ostenderit
517 465 787 525 voluntas
816 467 1064 538 impleat,
1090 480 1150 523 ac
1172 467 1248 524 sic
1277 467 1438 522 homo
1463 466 1804 537 justiﬁcetur,

220 581 322 622 non
347 579 433 632 per
456 559 593 631 legis
621 561 949 632 imperium,
975 560 1068 616 sed
1097 575 1192 631 per
1215 560 1442 615 liberum
1469 559 1747 614 arbitrium
1769 560 1808 611 ‘.

220 659 335 727 Sed,
365 671 396 710 o
424 656 618 722 homo,
663 655 896 710 attende
935 654 1078 726 quod
1115 653 1354 725 sequitur
1387 672 1400 708 :
1435 652 1588 708 Nunc
1627 660 1812 716 autem,

218 749 389 818 inquit,
424 748 540 802 sine
570 747 685 818 lege
704 747 923 818 justitia
946 746 1046 802 Dei
1073 747 1396 818 manifestata
1423 755 1514 814 est,
1550 745 1818 816 testiﬁcata

213 858 292 910 per
329 839 523 911 Legem
569 848 620 893 et
665 837 991 909 Prophetas.
1036 840 1299 895 Parumne
1350 841 1562 894 insonat
1607 835 1820 893 surdis?

208 931 454 994 Iustitia,
489 929 710 1000 inquit,
738 928 842 985 Dei
885 930 1206 1001 manifestata
1248 939 1340 985 est.
1383 931 1530 1006 Hanc
1577 929 1822 1001 ignorant

211 1024 292 1094 qui
341 1036 507 1076 suam
557 1023 752 1077 volunt
797 1023 1132 1078 constituere
1180 1039 1194 1077 :
1239 1021 1364 1077 huic
1409 1023 1430 1054 ³
1475 1023 1663 1076 ιιοΙιιιιι
1702 1033 1822 1076 esse

215 1113 434 1182 subjecti
470 1113 661 1187 (Rom.
691 1130 748 1178 x,
781 1114 877 1186 3).
906 1114 1136 1181 Iustitia,
1165 1113 1354 1184 inquit,
1394 1113 1485 1167 Dei
1502 1113 1822 1186 manifestata

210 1217 274 1262 est
295 1224 315 1260 :
344 1221 463 1262 non
497 1207 674 1273 dixit,
706 1205 924 1263 Iustitia
952 1206 1207 1274 hominis,
1235 1205 1319 1260 vel
1357 1205 1562 1275 justitia
1592 1203 1822 1276 preprize

209 1299 546 1364 voluntatis;
595 1297 718 1364 sed,
767 1298 970 1367 iustitia
1013 1297 1140 1362 Dei,
1175 1311 1280 1350 non
1319 1311 1425 1366 qua
1464 1295 1606 1351 Deus
1646 1294 1822 1364 justus

209 1403 300 1457 est,
331 1392 438 1447 sed
467 1408 580 1463 qua
609 1391 785 1446 induit
808 1391 1108 1458 hominem,
1140 1405 1258 1444 cum
1281 1389 1538 1460 justiticat
1576 1388 1820 1459 impium.

216 1487 332 1541 llaec
398 1484 737 1540 testiﬁcatur
791 1498 890 1553 per
938 1482 1134 1554 Legem
1187 1490 1242 1537 et
1287 1481 1581 1552 Prophetas
1631 1499 1646 1538 :
1700 1479 1824 1536 huic

210 1577 404 1648 quippe
447 1575 829 1630 testimonium
861 1572 1270 1644 perhibentLex
1296 1581 1352 1628 et
1371 1572 1674 1643 Proplietze.
1706 1572 1818 1628 Lex

217 1669 458 1740 quidem,
494 1669 605 1723 hoc
635 1668 773 1738 ipso,
803 1667 948 1737 quod
987 1665 1222 1736 jubendo
1251 1673 1305 1721 et
1343 1665 1597 1720 minando
1627 1671 1681 1718 et
1723 1679 1822 1718 ne-

218 1763 413 1817 minem
434 1761 800 1831 justiﬁcando
829 1760 962 1814 satis
993 1759 1210 1823 indicat,
1238 1757 1383 1814 dono
1413 1759 1505 1812 Dei
1541 1755 1824 1828 justiﬁcari

219 1855 494 1909 hominem
538 1868 636 1923 per
664 1851 993 1922 adjutorium
1023 1850 1238 1922 spiritus
1269 1868 1282 1904 :
1313 1850 1596 1920 Prophetas
1620 1857 1821 1916 autem,

223 1948 339 2017 quia
362 1945 419 2000 id
449 1945 605 2016 quod
635 1945 1026 2016 praedixerunt,
1052 1942 1244 1998 Christi
1276 1942 1517 2012 implevit
1544 1942 1822 1998 adventus.

225 2038 347 2093 Nam
375 2038 510 2091 hinc
539 2036 792 2108 sequitur
813 2044 869 2091 et
896 2034 1153 2106 adjungit,
1183 2033 1388 2100 dicens,
1427 2033 1635 2088 Iustitia
1660 2040 1826 2089 autem

221 2127 309 2181 Dei
350 2145 446 2198 per
487 2128 654 2197 ﬁdem
677 2125 806 2181 Iesu
831 2125 1038 2192 Christi,
1092 2125 1192 2180 hoc
1232 2133 1336 2190 est,
1385 2139 1482 2195 per
1528 2125 1685 2181 tidem
1723 2140 1824 2196 qua

224 2219 459 2275 creditur
487 2220 547 2273 in
574 2218 878 2274 Christum.
921 2215 1072 2273 Sicut
1114 2225 1291 2272 autem
1327 2217 1427 2272 ista
1469 2215 1600 2272 ﬁdes
1626 2215 1826 2273 Christi

230 2313 367 2368 dicta
393 2322 478 2368 est
502 2329 614 2367 non
647 2327 753 2381 qua
781 2310 949 2367 credit
975 2309 1216 2366 Christus
1257 2328 1270 2364 :
1311 2310 1388 2366 sic
1412 2318 1467 2366 et
1502 2310 1588 2365 illa
1620 2309 1827 2381 justitia

237 2405 324 2458 Dei
366 2419 476 2458 non
519 2418 624 2474 qua
668 2403 846 2473 justus
887 2410 972 2459 est
1010 2401 1168 2456 Deus.
1209 2399 1507 2472 Utrumque
1544 2401 1688 2457 enim
1726 2417 1827 2457 no-

232 2503 398 2550 strum
427 2503 552 2559 est;
595 2494 693 2549 sed
723 2493 847 2548 ideo
873 2493 966 2548 Dei
995 2500 1050 2548 et
1071 2491 1268 2548 Christi
1297 2493 1507 2558 dicitur,
1531 2493 1679 2563 quod
1711 2493 1828 2563 ejus

231 2587 383 2641 nobis
416 2587 673 2656 largitate
701 2585 952 2640 donatur.
985 2585 1194 2640 iustitia
1225 2600 1353 2657 ergo
1376 2585 1471 2641 Dei
1499 2585 1520 2617 ³
1546 2585 1662 2641 sine
1688 2586 1825 2657 lege,

238 2693 345 2732 non
389 2679 514 2733 sine
549 2681 664 2748 tege
703 2677 1042 2732 manifestata
1085 2683 1185 2731 est.
1229 2675 1508 2745 Quomodo
1548 2677 1691 2731 enim
1734 2691 1830 2750 per

246 2767 424 2838 legem
457 2768 750 2833 testiﬁcata,
777 2767 823 2822 si
854 2768 974 2823 sine
1001 2765 1117 2837 lege
1143 2765 1514 2822 manifestata?
1543 2765 1646 2822 Sed
1672 2766 1833 2838 justi-

249 2860 324 2912 tia
353 2859 451 2913 Dei
478 2857 596 2914 sine
621 2858 730 2929 lege
755 2866 860 2924 est,
902 2873 1063 2928 quam
1093 2859 1233 2914 Deus
1257 2872 1356 2928 per
1381 2858 1623 2928 spiritum
1647 2861 1832 2930 gratiae

250 2950 488 3006 credenti
532 2949 735 3005 confert
780 2951 899 3005 sine
942 2949 1206 3020 adjutorio
1247 2950 1401 3021 legis,
1448 2951 1550 3006 hoc
1578 2959 1692 3018 est,
1725 2966 1830 3006 non

249 3044 429 3112 adjuto
466 3058 496 3097 a
535 3044 652 3114 lege
676 3043 718 3098 ⁸.
761 3042 1203 3114 Quandoquidem
1249 3058 1345 3114 per
1386 3043 1556 3115 legem
1599 3043 1833 3099 ostendit

244 3136 440 3190 homini
464 3135 832 3192 inﬁrmitatem
861 3150 1046 3202 suam,
1086 3144 1144 3190 ut
1167 3133 1234 3190 ad
1264 3135 1382 3206 ejus
1410 3136 1832 3191 misericordiam

235 3243 331 3298 per
358 3227 518 3282 ﬁdem
550 3227 872 3298 confugiens
897 3235 1176 3282 sanaretur
1201 3225 1244 3280 '.
1275 3227 1352 3282 De
1384 3226 1643 3297 sapientia
1674 3227 1831 3297 quip-

231 3333 296 3386 pe
315 3319 429 3386 ejus
449 3318 662 3372 dictum
700 3327 806 3387 est,
829 3317 972 3390 quod
1003 3319 1160 3389 legem
1181 3327 1228 3372 et
1249 3319 1645 3373 misericordiam
1663 3320 1717 3373 in
1735 3319 1834 3374 lin-

227 3427 326 3480 gua
354 3419 526 3479 portet
554 3409 576 3482 (
593 3409 755 3465 Prov.
782 3426 872 3478 ιιι,
913 3411 1010 3477 l6,
1035 3428 1134 3465 sec.
1161 3410 1339 3480 LXX)
1365 3429 1378 3467 :
1411 3413 1579 3484 legem
1609 3413 1832 3481 scilicet,

227 3514 325 3568 qua
354 3515 484 3554 reos
535 3499 703 3554 faciat
744 3499 1048 3570 superbos;
1095 3500 1516 3556 misericordiam
1544 3517 1703 3570 vero,
1731 3519 1835 3574 qua

222 3590 482 3659 justiﬁeet
511 3591 848 3647 humiliatos.
881 3589 1094 3646 Iustitia
1129 3608 1257 3663 ergo
1282 3592 1381 3648 Dei
1409 3611 1497 3664 per
1533 3595 1684 3664 ﬁdem
1707 3594 1834 3650 Iesu

225 3680 412 3736 Christi
449 3700 506 3737 in
541 3697 726 3738 omnes
763 3684 850 3754 qui
891 3683 1100 3739 credunt
1122 3702 1141 3740 :
1170 3701 1270 3739 non
1295 3686 1430 3740 enim
1453 3696 1526 3740 est
1559 3687 1832 3743 distinctio.

227 3772 416 3829 Omnes
468 3775 612 3830 enim
657 3784 1030 3844 peccaverunt,
1075 3782 1120 3830 et
1159 3785 1302 3848 egent
1355 3777 1519 3848 gloria
1561 3777 1678 3844 Dei,
1729 3793 1836 3834 non

223 3866 388 3934 gloria
417 3881 547 3920 sua.
578 3865 725 3934 Quid
754 3867 896 3922 enim
925 3866 1146 3935 habent,
1177 3867 1318 3938 quod
1346 3885 1452 3924 non
1482 3870 1837 3941 acceperunt?

225 3956 279 4011 Si
321 3968 516 4013 autem
563 3966 929 4028 acceperunt,
980 3957 1106 4028 quid
1151 3959 1481 4028 gloriantur,
1529 3961 1681 4031 quasi
1728 3975 1837 4016 non

221 4051 540 4121 acceperint
567 4049 627 4120 (l
657 4049 778 4106 Cor.
811 4067 882 4117 iv,
911 4051 1021 4121 7)?
1073 4050 1244 4120 Egerit
1291 4051 1469 4122 itaque
1516 4053 1678 4123 gloria
1717 4053 1833 4120 Dei,

224 4150 274 4194 et
299 4141 424 4196 ride
464 4140 602 4210 quid
645 4149 944 4210 sequatur:
973 4140 1258 4211 Justiﬁcati
1293 4142 1449 4213 gratis
1491 4159 1583 4214 per
1620 4144 1838 4214 gratiam

221 4232 381 4301 ipsius
427 4231 635 4303 (Rom.
666 4247 754 4297 ιιι,
783 4231 1019 4302 20-24).
1068 4231 1182 4287 Νοιι
1215 4232 1390 4304 itaque
1432 4233 1706 4302 justiﬁcati
1746 4250 1840 4305 per

225 4321 394 4393 legem
417 4365 435 4389 ,
480 4339 593 4378 non
617 4321 896 4392 iustiﬁcati
925 4337 1021 4392 per
1049 4323 1315 4393 propriam
1342 4325 1668 4380 voluntatem
1700 4342 1712 4380 :
1744 4324 1838 4380 sed

219 4416 505 4484 justi/icui
557 4414 725 4486 gratis
761 4431 852 4486 per
902 4414 1118 4486 gratiam
1153 4415 1352 4486 ipsius;
1392 4430 1498 4470 non
1543 4415 1684 4486 quod
1723 4416 1842 4472 sine

232 4507 521 4562 voluntate
550 4516 739 4562 nostra
766 4506 878 4576 ﬁat,
911 4506 1007 4563 sed
1046 4507 1291 4563 voluntas
1321 4516 1502 4564 nostra
1544 4509 1842 4565 ostenditur

227 4601 438 4656 inﬁma
495 4616 596 4671 per
640 4601 837 4672 legem,
889 4609 947 4656 ut
989 4609 1141 4658 sanet
1180 4603 1346 4673 gratia
1389 4603 1742 4669 voluntatem,
1789 4612 1844 4661 et

229 4701 414 4747 sanata
440 4691 712 4747 voluntas
753 4693 973 4762 impleat
1018 4692 1208 4764 legem,
1257 4707 1363 4748 non
1406 4695 1697 4750 constituta
1741 4695 1842 4751 sub

232 4783 365 4852 lege,
400 4798 517 4838 nec
542 4783 792 4853 indigens
819 4783 954 4854 lege.

295 4875 546 4932 CAPUT
584 4875 656 4932 Χ.
683 4905 758 4917 -
796 4875 886 4931 16.
924 4876 1188 4944 Quomodo
1223 4875 1368 4949 justo
1411 4895 1515 4933 non
1561 4881 1726 4950 posita
1771 4889 1843 4934 est

232 4970 330 5023 lex.
357 5000 435 5011 —
460 4968 626 5024 Iusto
665 4970 811 5024 enim
860 4971 943 5025 lea:
994 4986 1097 5024 non
1142 4980 1213 5025 est
1258 4973 1422 5043 posita
1450 4988 1468 5026 :
1495 4989 1611 5043 qua:
1665 4982 1842 5028 tamen

233 5063 364 5115 bona
393 5072 506 5129 est,
533 5064 578 5118 si
603 5062 716 5131 quis
755 5079 816 5116 ea
853 5061 1074 5133 legitime
1100 5071 1292 5117 utatur.
1325 5063 1452 5120 llmc
1476 5063 1584 5119 duo
1614 5066 1845 5136 Aposto-

233 5154 313 5208 lus
333 5156 498 5210 velut
523 5155 665 5208 inter
689 5167 748 5208 se
773 5154 1041 5208 contraria
1066 5164 1409 5221 connectens,
1434 5165 1616 5211 monet
1641 5165 1846 5212 movet-

231 5263 336 5317 que
381 5248 659 5303 lectorem
703 5247 771 5302 ad
818 5247 1256 5317 perscrutandam
1301 5249 1653 5320 quaestionem
1685 5259 1847 5321 atque

233 5341 583 5397 solvendam.
617 5339 903 5408 Quomodo
933 5341 1074 5396 enim
1116 5341 1248 5396 bona
1290 5351 1362 5396 est
1400 5343 1503 5410 lex,
1545 5343 1589 5398 si
1635 5343 1749 5416 quis
1787 5359 1848 5399 ea

239 5432 468 5500 legitime
495 5443 672 5486 utatur
701 5432 753 5505 (ι
778 5427 917 5487 Tim.
945 5447 981 5497 ι,
1015 5432 1068 5498 9,
1097 5431 1190 5503 8);
1225 5433 1272 5489 si
1301 5432 1463 5489 etiam
1495 5433 1638 5504 quod
1670 5435 1849 5504 sequi-

298 5547 314 5576 ί
344 5544 585 5614 Plerique
593 5544 923 5614 .‘manuscripti
946 5544 1113 5614 verbis
1140 5545 1246 5614 istis
1267 5551 1453 5608 carent,
1489 5557 1582 5596 non
1619 5557 1708 5610 per
1731 5542 1850 5608 legis

241 5605 633 5670 amarissimam
656 5619 746 5670 per
767 5605 976 5670 tiberim:
990 5605 1260 5658 arbitrium.

302 5671 323 5700 ³
350 5668 453 5717 Soli
485 5669 620 5727 editi,
644 5667 693 5718 et
711 5667 846 5718 huic.

299 5731 320 5762 ³
344 5738 450 5780 Hoc
475 5728 582 5778 loco
598 5731 913 5792 manuscripti
937 5733 1173 5792 omittunt,
1196 5729 1302 5782 Dei.

297 5792 320 5864 ξ
344 5797 562 5864 Er.
587 5798 637 5841 et
660 5792 895 5864 plerique
919 5801 1046 5856 Mss,
1067 5806 1160 5845 non
1180 5794 1378 5857 adjutus
1409 5806 1440 5845 a
1461 5793 1579 5860 lege.

299 5854 323 5888 ⁸
344 5853 517 5904 Pditio
535 5853 905 5911 ωιζεωιειιιτ.

1650 353 1853 411 LIBER
1893 355 2091 413 UNUS.

3395 372 3503 431 210

1923 475 2006 522 ιιιι·
2049 485 2234 525 verum
2273 479 2373 538 est,
2421 475 2605 532 Sciens
2647 477 2762 547 hoc,
2811 479 2930 550 quia
2965 480 3114 552 justo
3153 482 3238 538 lea:
3281 501 3380 540 non
3427 488 3506 542 est

1921 559 2130 630 posita?
2181 562 2312 617 Nam
2344 566 2462 634 quis
2512 567 2746 638 legitime
2783 571 2950 627 utitur
2997 571 3115 644 lego
3142 573 3243 628 nisi
3281 575 3503 645 justus?

1920 652 2066 707 Atei
2096 668 2201 708 non
2230 664 2313 709 est
2339 657 2530 726 posita,
2561 660 2653 715 sed
2700 661 2916 732 injusto.
2965 664 3046 719 An
3073 673 3127 721 et
3153 663 3402 736 injustas,
3448 679 3508 725 ut

1917 744 2255 813 justiﬁcetur,
2306 748 2355 802 id
2395 757 2493 815 est,
2539 761 2599 806 ut
2638 751 2812 822 justus
2852 755 2962 822 ﬁat,
3001 755 3233 827 legitime
3271 759 3389 830 lege
3425 761 3508 818 uti

1921 835 2099 900 debet,
2146 853 2246 907 qua
2294 847 2540 909 tanquam
2584 842 2872 916 paedagogo
2915 847 3239 916 perducatur
3279 849 3347 904 ad
3386 865 3510 921 gra-

1925 927 2051 983 tiam
2081 927 2275 1002 (Gatat.
2307 947 2383 997 ιιι,
2411 931 2527 1001 24),
2555 947 2652 1002 per
2674 949 2834 1004 quam
2865 936 3036 993 solam
3063 939 3204 1011 quod
3235 940 3323 996 lex
3355 941 3510 1012 jubet

1925 1020 2092 1088 possit
2133 1020 2398 1092 implere?
2438 1023 2540 1080 Per
2577 1024 2747 1094 ipsam
2786 1027 2986 1098 quippe
3019 1029 3342 1098 justiﬁeatur
3381 1049 3509 1105 gra-

1926 1109 2014 1174 tis,
2067 1109 2120 1165 id
2163 1121 2266 1178 est,
2320 1114 2481 1169 nullis
2525 1128 2743 1172 suorum
2799 1131 3026 1188 operum
3084 1124 3510 1190 praecedentibus

1924 1201 2167 1266 meritis;
2215 1205 2436 1273 alioquin
2474 1207 2638 1278 gratia
2683 1209 2798 1278 jam
2842 1225 2944 1263 non
2996 1219 3068 1265 est
3114 1215 3278 1282 gratia
3319 1214 3506 1283 (Rom.

1924 1307 2001 1360 ιι,
2033 1294 2086 1364 6)
2131 1313 2142 1347 :
2183 1297 2395 1365 quando
2435 1298 2651 1368 quidem
2691 1299 2812 1355 ideo
2844 1299 3026 1366 datur,
3069 1317 3175 1357 non
3213 1305 3335 1374 quia
3371 1305 3511 1362 bona

1926 1403 2088 1458 opera
2117 1388 2358 1455 fecimus,
2406 1391 2499 1445 sed
2542 1400 2598 1446 ut
2636 1407 2698 1446 ea
2744 1391 2922 1448 facere
2962 1395 3270 1462 valeamus;
3316 1395 3366 1450 id
3406 1407 3508 1462 est,

1927 1495 2030 1535 non
2076 1482 2196 1551 quia
2236 1482 2405 1552 legem
2451 1483 2804 1552 implevimus,
2836 1485 2930 1540 sed
2974 1493 3033 1540 ut
3071 1486 3241 1557 legem
3283 1487 3508 1557 implere

1929 1573 2212 1643 possimus.
2247 1569 2352 1628 ‘llle
2391 1575 2534 1628 enim
2580 1575 2731 1637 dixit,
2780 1575 2902 1630 Non
2945 1579 3056 1631 veni
3097 1579 3286 1632 soluere
3325 1580 3506 1648 legem,

1927 1664 2015 1718 sed
2053 1665 2260 1734 implere
2302 1665 2528 1736 (Μαιιιι.
2575 1683 2640 1732 v,
2683 1667 2790 1737 Π)
2835 1684 2847 1720 :
2891 1665 2958 1721 de
2997 1683 3106 1738 quo
3158 1669 3357 1723 dictum
3407 1679 3508 1734 est,

1938 1752 2167 1808 Vidimus
2210 1755 2425 1825 gloriam
2466 1757 2607 1826 ejus,
2647 1757 2863 1826 gloriam
2902 1767 3145 1826 tanquam
3187 1758 3444 1829 Unigeuiti
3481 1777 3516 1812 a

1930 1844 2104 1910 Patre,
2148 1848 2350 1915 plenum
2388 1848 2553 1918 gratia
2590 1858 2635 1901 et
2668 1849 2873 1903 veritate
2914 1848 3108 1919 (Joan.
3150 1867 3187 1913 ι,
3217 1851 3342 1919 id).
3387 1850 3515 1906 Haec

1928 1945 2011 1991 est
2045 1937 2212 2006 gloria
2251 1938 2320 1994 de
2361 1954 2463 2008 qua
2497 1939 2697 1994 dictum
2737 1949 2839 2005 est,
2885 1939 3072 1997 Omnes
3116 1943 3250 1996 enim
3277 1959 3516 2011 peccave-

1928 2038 2064 2094 runt,
2110 2039 2156 2083 et
2195 2013 2345 2101 egent.
2376 2031 2540 2102 gloria
2561 2031 2658 2085 Dei
2693 2049 2711 2086 :
2749 2041 2804 2088 et
2841 2031 2955 2087 litec
2989 2041 3073 2088 est
3097 2033 3267 2103 gratia
3303 2033 3371 2088 de
3410 2047 3517 2103 qua

1929 2121 2181 2176 continuo
2219 2120 2364 2186 dicit,
2404 2120 2680 2190 Justiﬁcati
2726 2122 2886 2193 gratis
2933 2139 3022 2192 per
3063 2123 3282 2194 gratiam
3324 2123 3512 2193 ipsius.

1931 2211 2161 2282 lnjustus
2203 2226 2331 2283 ergo
2377 2213 2612 2282 legitime
2661 2214 2778 2284 lege
2829 2213 3014 2280 utitur,
3069 2223 3128 2268 ut
3169 2217 3346 2282 justus
3377 2211 3512 2278 ﬁat;

1929 2303 2072 2374 quod
2095 2319 2214 2359 cum
2247 2304 2416 2359 lactus
2453 2305 2628 2369 luerit,
2659 2319 2723 2360 ea
2761 2306 2872 2376 jam
2911 2321 3018 2361 non
3045 2313 3224 2361 utatur
3263 2315 3517 2376 tanquam

1932 2395 2178 2452 vehiculo
2219 2412 2340 2452 cum
2369 2397 2688 2466 pervenerit,
2718 2399 2802 2453 vel
2846 2398 3040 2468 potius,
3083 2406 3141 2452 ut
3176 2413 3336 2467 supra
3375 2397 3518 2452 dicta

1932 2488 2274 2543 similitudine
2313 2489 2553 2557 Apostoli
2590 2498 2727 2554 utar,
2776 2497 3025 2558 tauquam
3070 2488 3358 2558 paedagogo
3394 2501 3519 2544 cum

1933 2581 2174 2638 eruditus
2219 2581 2399 2637 fuerit.
2442 2581 2720 2649 Quomodo
2765 2582 2906 2636 enim
2952 2581 3099 2652 justo
3146 2581 3231 2636 lex
3284 2595 3392 2636 non
3432 2589 3519 2636 est

1934 2672 2122 2742 posita,
2152 2672 2196 2726 si
2226 2671 2445 2742 etjusto
2469 2680 2552 2727 est
2584 2672 2906 2738 necessaria,
2936 2688 3042 2726 non
3067 2687 3170 2743 qua
3197 2672 3426 2740 injustus
3448 2671 3520 2726 ad

1927 2765 2306 2836 justilicantem
2346 2765 2570 2836 gratiam
2611 2763 2953 2834 perducatur,
2997 2762 3093 2819 sed
3135 2779 3240 2835 qua
3284 2763 3522 2834 legitime

1928 2857 2038 2928 jam
2063 2857 2238 2927 justus
2265 2856 2482 2910 utatur?
2507 2855 2590 2911 An
2618 2855 2777 2917 forte,
2807 2857 2914 2910 imo
2933 2869 3063 2911 vero
3089 2869 3196 2910 non
3237 2854 3395 2920 forte,
3423 2854 3523 2910 sed

1935 2957 2101 3015 certe,
2129 2949 2208 3006 sic
2236 2949 2470 3020 legitime
2510 2948 2674 3004 utitur
2699 2951 2716 2980 ¹
2749 2949 2865 3019 lege
2883 2948 2994 3018 jam
3029 2949 3227 3020 justus,
3256 2962 3378 3003 cum
3400 2962 3524 3004 eam

1939 3039 2201 3096 terrendis
2233 3040 2456 3112 imponit
2480 3039 2708 3111 injustis,
2737 3047 2794 3094 ut
2817 3055 2938 3095 cum
2968 3048 3022 3096 et
3049 3039 3103 3094 in
3133 3038 3261 3110 ipsis
3286 3039 3525 3109 coeperit

1941 3133 2143 3188 inolita:
2180 3132 2625 3203 concupiscentiae
2669 3134 2888 3188 morbus
2917 3133 3185 3188 incentivo
3206 3132 3528 3204 prohibitio-

1937 3225 2022 3280 nis
2050 3233 2104 3280 et
2136 3225 2354 3281 cumulo
2378 3225 2830 3296 praevaricationis
2858 3225 3063 3296 augeri,
3091 3225 3399 3295 confugiant
3419 3239 3524 3297 per

1938 3319 2097 3376 ﬁdem
2122 3319 2190 3375 ad
2225 3318 2606 3390 justiﬁcantem
2647 3319 2894 3390 gratiam,
2924 3327 2979 3374 et
3007 3334 3102 3388 per
3129 3317 3330 3374 donum
3357 3317 3524 3388 spiri-

1940 3419 2024 3466 tus
2053 3411 2311 3466 suavitate
2335 3410 2556 3480 justitia:
2583 3409 2829 3465 delectati
2855 3424 3069 3480 pinnam
3098 3409 3290 3465 litteris
3314 3408 3522 3464 minan-

1940 3504 2007 3558 tis
2032 3501 2300 3558 evadant?
2346 3502 2421 3557 lta
2456 3518 2562 3556 non
2589 3511 2744 3557 erunt
2770 3501 3056 3566 contraria,
3089 3515 3264 3572 neque
3295 3501 3435 3557 inter
3461 3513 3526 3556 se

1939 3594 2045 3650 duo
2069 3595 2168 3650 ista
2195 3595 2523 3664 pugnabunt,
2558 3593 2804 3649 utetiam
2845 3594 3019 3663 justus
3061 3592 3202 3650 bona
3243 3593 3359 3664 lege
3387 3591 3527 3662 legi-

1941 3690 2068 3746 time
2106 3698 2317 3756 utatur,
2349 3696 2405 3744 et
2447 3696 2627 3744 tamen
2651 3687 2797 3758 justo
2826 3687 2912 3742 lex
2937 3686 3109 3757 posita
3140 3701 3249 3742 non
3273 3687 3342 3740 sit
3367 3704 3382 3741 :
3415 3700 3526 3741 non

1941 3782 2080 3838 enim
2125 3796 2190 3836 ex
2229 3796 2292 3836 ea
2330 3779 2653 3850 justiﬁcatus
2687 3787 2791 3846 est,
2835 3777 2931 3833 sed
2973 3793 3041 3832 ex
3081 3777 3197 3847 lege
3242 3776 3387 3843 ﬁdei,
3417 3790 3526 3847 qua

1941 3872 2170 3930 credidit
2195 3871 2341 3925 nullo
2366 3870 2526 3925 modo
2555 3883 2711 3940 posse
2738 3883 2850 3923 suae
2876 3867 3169 3922 inﬁrmitati
3198 3867 3265 3921 ad
3291 3866 3522 3938 implen-

1941 3963 2008 4018 da
2033 3978 2117 4031 ea,
2145 3977 2263 4033 quae
2300 3961 2385 4017 lex
2413 3962 2667 4017 factorum
2695 3961 2716 3992 ¹¹
2740 3959 2953 4030 juberet
2972 3999 2988 4025 ,
3019 3958 3123 4015 nisi
3149 3957 3328 4014 divina
3355 3959 3527 4030 gratia

1942 4055 2234 4112 subveniri.

2018 4149 2104 4204 l7.
2137 4148 2261 4203 ideo
2290 4147 2436 4213 dicit,
2472 4147 2569 4203 Ubi
2595 4157 2668 4203 est
2711 4162 2830 4219 ergo
2869 4147 3106 4218 gloriatio
3145 4148 3274 4202 tua?
3302 4145 3528 4201 Exelusa

1944 4250 2035 4295 est.
2075 4239 2176 4294 Per
2200 4257 2351 4311 quam
2379 4238 2538 4311 legem
2559 4241 2585 4295 ἵ
2623 4241 2875 4309 factorum
2896 4240 2921 4292 ?
2948 4237 3068 4293 Non
3088 4280 3103 4304 ,
3132 4239 3221 4294 sed
3248 4255 3336 4308 per
3370 4239 3529 4309 legem

1945 4332 2064 4402 fidei
2094 4331 2267 4403 (Rom.
2297 4348 2373 4396 ιιι,
2404 4332 2518 4402 27).
2567 4332 2689 4391 Sive
2713 4331 3081 4403 gloriationem
3119 4331 3314 4386 dixerit
3338 4331 3528 4386 lauda-

1945 4424 2128 4491 bilem,
2152 4439 2269 4493 quzc
2301 4423 2352 4478 in
2381 4423 2609 4479 Domino
2632 4433 2735 4489 est,
2764 4440 2987 4495 eamque
3017 4425 3312 4490 exclusam,
3340 4424 3394 4478 id
3422 4435 3527 4489 est,

1947 4531 2054 4571 non
2084 4525 2142 4569 ut
2165 4514 2475 4570 abscederet
2503 4515 2706 4585 pulsam
2729 4556 2742 4580 ,
2771 4515 2864 4570 sed
2907 4526 2964 4569 ut
3005 4516 3268 4570 emineret
3296 4529 3524 4584 expres—

1948 4623 2080 4662 sam.
2128 4605 2280 4663 Unde
2315 4615 2370 4660 et
2410 4606 2716 4661 exclusores
2759 4605 3006 4660 dicuntur
3047 4603 3528 4676 quidamartilices

1947 4699 2253 4769 argentarii.
2301 4698 2435 4754 Hinc
2472 4706 2555 4752 est
2593 4705 2648 4752 et
2695 4697 2827 4752 illud
2867 4697 2919 4752 in
2965 4697 3212 4762 Psalmis,
3255 4695 3324 4752 Ut
3360 4698 3534 4752 exelu-

1949 4791 2137 4844 dantur
2163 4791 2199 4843 ii
2225 4790 2311 4860 qui
2351 4789 2548 4859 probati
2585 4798 2698 4843 sunt
2735 4796 2943 4860 argento
2974 4786 3144 4861 (Psal.
3174 4802 3352 4853 van,
3379 4789 3443 4844 51
3469 4788 3487 4858 )
3516 4807 3534 4845 :

1951 4883 2052 4939 hoc
2089 4892 2192 4949 est,
2236 4892 2294 4938 ut
2331 4883 2601 4939 emineant
2638 4884 2729 4954 qui
2772 4883 2978 4953 probati
3015 4892 3142 4937 sunt
3178 4883 3392 4954 eloquio
3426 4883 3536 4936 Βο-

1951 4976 2101 5031 mini.
2141 4975 2274 5031 Nam
2302 4984 2356 5030 et
2397 4975 2522 5029 alibi
2553 4974 2750 5030 dicitur
2786 4992 2799 5029 :
2841 4973 3062 5044 Eloquia
3095 4973 3302 5028 Domini
3339 4974 3540 5042 eloquia

1951 5078 2108 5131 casta,
2151 5076 2416 5138 argentum
2450 5068 2565 5138 igne
2603 5067 2943 5120 examinatum
2983 5064 3157 5136 (l’sal.
3188 5081 3267 5134 II,
3295 5066 3369 5136 7).
3411 5064 3537 5120 Sive

1952 5159 2320 5230 gloriationem
2358 5158 2604 5211 vitiosam
2644 5156 2710 5212 de
2750 5157 2997 5226 superbia
3037 5157 3340 5212 venientem
3385 5171 3538 5211 com—
3593 5173 3607 5211 ξ·

1953 5267 2252 5307 memorare
2296 5250 2560 5316 voluerit,
2605 5263 2791 5305 eorum
2837 5249 3078 5316 scilicet,
3128 5249 3218 5320 qui
3266 5263 3384 5304 cum
3436 5248 3519 5303 sib

1949 5345 2093 5414 juste
2117 5343 2364 5398 videnlur
2392 5342 2591 5408 vivere,
2621 5341 2692 5395 ita
2731 5341 3042 5412 gloriantur,
3070 5340 3223 5411 quasi
3251 5354 3357 5394 non
3384 5351 3540 5393 acce-

1955 5436 2172 5508 perint:
2203 5449 2430 5506 eamque
2467 5449 2574 5489 non
2612 5449 2706 5504 per
2737 5435 2905 5506 legem
2939 5434 3198 5490 factorum
3225 5433 3268 5500 ³,
3311 5431 3404 5487 sed
3442 5446 3540 5502 per

1958 5531 2130 5602 legem
2173 5527 2296 5586 ﬁdei
2335 5528 2464 5584 dicit
2503 5527 2797 5594 exclusam,
2843 5527 2896 5582 id
2935 5535 3036 5594 est,
3077 5526 3304 5596 ejectum
3347 5532 3402 5581 et
3438 5525 3538 5582 ab-
3591 5551 3606 5568 -

2022 5668 2039 5698 ί
2065 5672 2113 5714 ιιι
2135 5670 2250 5714 ante
2275 5663 2485 5723 excusis,
2507 5667 2685 5712 utatur.

2019 5729 2041 5760 ¹
2067 5734 2166 5776 Duo
2185 5723 2360 5787 Belgici
2380 5732 2487 5774 Mss.
2513 5727 2759 5787 omittunt,
2781 5724 3032 5786 factorum.

2023 5790 2044 5822 ³
2067 5789 2202 5848 editi,
2219 5780 2357 5853 quasi
2379 5801 2471 5836 non
2501 5780 2911 5849 accepeiiiit'eam
2938 5799 2955 5838 :
2980 5797 3126 5850 quam
3146 5797 3240 5837 non
3282 5798 3370 5853 per
3393 5780 3546 5851 legem

1962 5853 2211 5914 factorum.
2234 5851 2534 5912 Castigantur
2557 5863 2623 5898 ex
2648 5856 2752 5897 Mss.
