3984 6526
502 385 603 445 ιιι

499 501 739 572 ieetam;
773 497 904 569 quia
938 506 1036 566 per
1069 493 1245 564 legem
1275 489 1401 546 fidei
1438 490 1667 561 quisque
1701 488 1995 559 cognoscit,
2027 487 2081 542 si

501 591 631 664 quid
668 592 804 648 bene
840 588 1003 652 vivit,
1045 584 1138 640 Dei
1174 583 1341 654 gratia
1374 595 1435 638 se
1482 581 1717 649 habere,
1762 589 1817 636 et
1859 587 1920 635 ut
1960 594 2084 650 per-

505 685 712 743 ﬁciatur
746 682 802 739 in
837 677 1126 737 dilectione
1164 674 1405 747 iustitiae,
1446 689 1555 731 non
1595 689 1657 731 se
1702 671 1914 729 aliunde
1946 686 2078 728 con-

501 783 828 835 σθαιιινυωρ

533 936 540 945 ἢ
570 858 795 921 CAPUT
822 857 915 916 XI.
941 883 1017 905 ν·-
1051 857 1142 917 18.
1171 855 1419 915 Pietatem
1452 871 1563 912 esse
1611 853 1931 925 sapientiam.
1970 850 2080 945 Vlu-

497 944 640 1013 stitia
667 953 764 1009 Dei
784 952 925 1011 dicta
958 967 1117 1023 quam
1142 950 1281 1011 Deus
1310 949 1453 1020 facit.
1503 948 1634 1017 Quae
1657 946 1907 1018 cogitatio
1931 944 2077 1015 pium

494 1046 646 1113 facit,
682 1044 807 1115 quia
840 1044 1013 1115 pietas
1049 1053 1135 1102 est
1172 1058 1297 1099 vero
1328 1042 1589 1114 sapientia
1619 1058 1634 1097 :
1673 1041 1924 1111 pietatem
1959 1038 2080 1095 dico

492 1153 656 1208 quam
684 1137 860 1196 Grani
884 1145 1153 1193 Θωσκιαω
1176 1143 1371 1191 vocant
1400 1152 1416 1189 :
1445 1134 1558 1204 ipsa
1585 1134 1782 1204 quippe
1807 1138 2103 1187 commen-'

492 1230 621 1287 data
647 1238 748 1298 est,
792 1245 915 1286 cum
942 1230 1144 1285 dictum
1168 1238 1252 1283 est
1285 1226 1505 1290 homini,
1548 1225 1687 1297 quod
1731 1226 1784 1282 in
1810 1225 1949 1279 libro
1976 1222 2078 1279 Job

495 1320 709 1392 legitur,
736 1318 881 1375 Ecce
893 1321 1054 1389 pietas
1079 1327 1152 1374 est
1166 1319 1418 1389 sapientia
1447 1315 1567 1388 (Job
1601 1331 1769 1371 xxviii
1788 1357 1802 1379 ,
1822 1314 1936 1386 28).
1961 1322 2082 1370 Θεο-

496 1423 654 1470 σωιια
692 1429 853 1484 porro
886 1414 933 1467 si
977 1412 1045 1468 ad
1085 1412 1232 1468 verbi
1270 1412 1528 1482 originem
1571 1410 1734 1466 latine
1769 1423 2077 1479 expressam

494 1506 969 1576 interpretaretur,
1007 1505 1301 1560 Dei'cultus
1341 1505 1445 1559 diei
1480 1510 1711 1573 poterat,
1758 1502 1848 1574 qui
1896 1502 1948 1555 in
1974 1499 2078 1560 hoc

493 1599 729 1655 maxime
754 1598 1073 1655 constitutus
1099 1607 1203 1663 est,
1242 1605 1300 1651 ut
1323 1596 1498 1650 anima
1526 1595 1575 1650 ei
1605 1609 1713 1650 non
1742 1592 1813 1648 sit
1846 1593 2074 1662 ingrata.

497 1689 654 1746 Unde
698 1698 754 1746 et
788 1692 842 1746 in
878 1691 994 1762 ipso
1029 1690 1312 1746 verissimo
1353 1696 1408 1745 et
1444 1687 1703 1758 singulari
1732 1686 2029 1741 ‘sacrilicio
2059 1727 2074 1753 ,

493 1783 724 1839 Domino
749 1784 860 1839 Deo
882 1792 1069 1838 nostro
1109 1798 1269 1850 agere
1296 1783 1494 1853 gratias
1539 1781 1907 1836 admonemur.
1961 1778 2080 1833 Erit

493 1885 673 1931 autem
699 1876 925 1947 ingrata,
952 1875 998 1932 si
1022 1875 1164 1946 quod
1192 1875 1266 1929 illi
1296 1890 1361 1930 ex
1391 1875 1503 1929 Deo
1528 1882 1629 1939 est,
1670 1871 1771 1928 sibi
1810 1870 2075 1939 tribuerit,

491 1968 865 2039 praecipueque
886 1968 1167 2040 justitiam,
1208 1967 1359 2037 cuius
1397 1966 1652 2038 operibus
1679 1966 1823 2020 velut
1845 1964 2077 2035 propriis

489 2069 547 2117 et
575 2060 718 2116 velut
752 2075 785 2114 ι
826 2062 1111 2129 semetipsa
1150 2060 1364 2116 sibimet
1405 2058 1601 2128 partis,
1646 2068 1754 2112 non
1789 2056 2078 2127 vulgariter

490 2158 742 2219 tanquam
768 2164 835 2205 ex
862 2150 1061 2204 divitiis
1101 2161 1191 2203 aut
1228 2149 1593 2204 membrorum
1638 2146 1809 2204 forma
1840 2156 1931 2202 aut
1958 2147 2080 2203 elo-

489 2242 728 2311 quentia,
762 2242 1096 2311 caeterisque,
1128 2241 1243 2296 sive
1278 2241 1516 2296 externis
1538 2241 1653 2295 sive
1691 2240 1938 2305 internis,
1962 2239 2076 2294 sive

483 2333 731 2401 corporis
754 2332 867 2387 sive
890 2332 1055 2385 animi
1080 2331 1254 2397 bonis,
1273 2346 1394 2401 qum
1418 2330 1617 2385 habere
1644 2330 1802 2385 etiam
1829 2328 2077 2385 scelerati

482 2424 682 2491 solent,
726 2424 825 2479 sed
857 2433 1107 2494 tanquam
1152 2425 1219 2479 de
1257 2424 1324 2481 iis
1352 2439 1470 2494 quae
1506 2424 1722 2494 proprie
1764 2431 1890 2478 sunt
1934 2423 2074 2478 bona
2110 2489 2113 2491 ἓ

487 2513 752 2571 bonorum
782 2516 937 2587 quasi
970 2518 1241 2586 sapienter
1276 2516 1297 2549 '
1324 2515 1560 2569 inﬂatur.
1589 2515 1707 2581 Quo
1725 2515 1855 2569 vitio
1874 2514 2075 2584 repulsi

487 2620 520 2661 ι
541 2606 740 2663 divinae
765 2609 1057 2664 stabilitate
1094 2608 1427 2673 sbstantias,
1457 2608 1617 2662 etiam
1643 2607 1822 2676 magni
1856 2606 2074 2676 quidam

480 2700 587 2754 viri
624 2700 692 2755 ad
732 2699 1043 2755 idololatriae
1064 2700 1303 2757 dedecus
1330 2699 1688 2755 deﬂuxerunt.
1738 2697 1895 2755 Unde
1928 2697 2071 2754 idem

484 2791 761 2861 apostolus
779 2793 833 2848 in
861 2792 1048 2848 eadem
1073 2792 1333 2863 Epistola,
1360 2792 1413 2847 in
1435 2806 1537 2862 qua
1564 2790 1856 2847 vehemens
1881 2788 2071 2846 defen-
2091 2781 2127 2816 ’τ

484 2894 580 2937 aer
597 2891 681 2938 est
716 2884 918 2953 gratim,
949 2894 1075 2939 cum
1097 2899 1159 2941 se
1202 2884 1427 2939 dixisset
1454 2897 1575 2939 esse
1615 2880 1821 2939 Graecis
1845 2897 1908 2937 ac
1936 2883 2070 2937 Bac-‘-

484 2972 653 3039 baris,
683 2975 1011 3045 sapientibus
1040 2985 1099 3031 et
1124 2976 1497 3046 insipientibus
1523 2973 1844 3040 debitorem,
1872 2981 1927 3029 et
1951 2973 2073 3029 ideo

480 3065 628 3134 φοί
650 3065 719 3121 ad
745 3065 919 3136 ipsum
959 3067 1267 3136 pertineret,
1301 3075 1605 3138 promptum
1639 3079 1760 3122 esse
1785 3073 1843 3121 et
1870 3065 1954 3119 his
1979 3064 2092 3141 qui.

478 3155 677 3212 Reum
714 3167 899 3214 essent
944 3159 1356 3228 evangelizare:
1412 3156 1534 3213 Non
1582 3157 1715 3213 enim
1756 3156 2067 3229 confundor,

470 3247 680 3319 inquit,
705 3249 770 3304 de
799 3250 1076 3321 Esaugelio
1102 3265 1123 3315 ς
1150 3251 1311 3306 virtus
1336 3249 1469 3306 enim
1499 3249 1593 3305 Dei
1644 3258 1720 3305 est
1762 3246 1818 3304 in
1852 3249 2089 3326 salutem

482 3340 626 3394 «nni
652 3340 892 3408 credenti,
917 3340 1106 3397 Judao
1127 3342 1348 3412 primum
1374 3351 1420 3396 et
1449 3339 1649 3397 Graeco.
1695 3340 1907 3396 Iustitia
1935 3342 2070 3396 enim

484 3429 587 3487 Dei
604 3431 663 3487 in
680 3447 739 3487 eo
765 3431 1016 3489 recolam
1042 3449 1107 3489 es
1127 3434 1231 3504 ﬁde
1248 3435 1305 3490 in
1332 3435 1504 3504 ﬁdem,
1534 3437 1665 3490 sicut
1696 3437 1943 3505 scriptum
1967 3444 2064 3503 est,
2096 3494 2101 3499 κ

476 3521 668 3578 Justus
692 3532 857 3578 autem
882 3540 946 3579 ea:
973 3524 1074 3593 ﬁde
1093 3525 1235 3579 sisit.
1296 3525 1422 3581 Hice
1444 3535 1528 3582 est
1552 3525 1757 3597 justitia
1786 3527 1879 3591 Dei
1905 3569 1917 3591 ,
1949 3534 2068 3598 Quae

482 3612 547 3670 in
567 3613 909 3671 Testamento
932 3616 1115 3672 Veteri
1131 3616 1322 3681 velata,
1350 3619 1403 3672 in
1427 3617 1573 3673 Novo
1600 3618 1877 3674 reveletur
1906 3636 1920 3675 :
1947 3633 2067 3689 quae
2106 3627 2111 3682 ζ

483 3701 608 3762 ideo
626 3704 832 3774 iustitia
860 3705 956 3760 Dei
972 3706 1187 3771 dicitur,
1209 3707 1352 3778 quod
1376 3708 1731 3780 impediendo
1752 3725 1871 3765 eam
1893 3711 2069 3781 justos

481 3793 647 3861 iacit;
674 3798 829 3853 sicut
848 3798 1150 3855 Bentt'nisst
1175 3801 1317 3856 salus
1339 3800 1511 3873 (Paul.
1538 3817 1619 3871 ιιι,
1651 3803 1725 3871 9),
1770 3819 1874 3874 qua
1895 3805 2070 3861 salvos
2093 3809 2096 3811 Α

482 3886 635 3945 facit.
656 3891 725 3946 Et
751 3891 866 3947 haec
888 3899 976 3948 est
992 3892 1146 3960 tides,
1174 3909 1241 3949 ex
1263 3909 1368 3965 qua
1389 3905 1445 3950 et
1469 3895 1523 3949 in
1546 3911 1704 3966 quam
1733 3895 1755 3929 ³
1776 3897 2067 3967 reveletur,

484 3996 565 4037 ex.
582 3981 689 4037 ﬁde
703 3983 913 4039 scilicet
924 3985 1382 4051 nnnuntiantium,
1406 3987 1460 4041 in
1482 3986 1641 4043 iidem
1664 3988 2027 4045 obedientium
2051 4006 2067 4045 :
2100 3979 2105 4001 ²

482 4087 588 4143 qua
616 4072 718 4128 lide
758 4074 883 4130 Jesu
930 4073 1150 4142 Christi,
1196 4077 1250 4131 id
1298 4085 1400 4141 est,
1439 4094 1601 4149 quam
1641 4080 1799 4136 nobis
1843 4080 2068 4136 contulit

484 4162 753 4231 Christus,
794 4166 1067 4221 credimus
1102 4182 1175 4223 ex
1218 4167 1332 4223 Deo
1377 4171 1533 4225 nobis
1574 4185 1716 4237 esse,
1754 4171 2108 4243 pleniusque“

482 4253 718 4311 futurum
740 4270 863 4311 esse
879 4256 1021 4327 quod
1039 4256 1182 4326 iuste
1199 4258 1428 4313 vivimus
1454 4276 1467 4323 ;
1492 4260 1633 4317 unde
1659 4261 1734 4318 illi
1754 4276 1819 4319 ea
1846 4262 2086 4333 pietate,‘

482 4362 587 4417 qua
612 4348 765 4404 solus
780 4349 1038 4404 colendus
1060 4359 1167 4418 est,
1188 4352 1383 4422 gratias
1409 4353 1637 4424 agimus.

552 4438 781 4499 CAPUT
804 4439 921 4496 xu.
945 4470 1019 4484 --
1036 4441 1126 4498 is.
1153 4441 1385 4514 Cognitio
1414 4444 1509 4500 Dei
1536 4462 1626 4518 per
1649 4455 1927 4505 οηαιιποε.
1952 4447 2065 4506 Lex
2104 4432 2108 4436 ’

483 4530 592 4586 sius
604 4531 790 4602 gratia.
821 4531 930 4587 Nec
950 4532 1216 4590 immerito
1232 4549 1295 4590 se
1316 4536 1600 4607 Apostolus
1619 4555 1685 4594 ex
1709 4539 1811 4596 hoc
1835 4540 2063 4599 articulo
2108 4544 2111 4547 ’

481 4625 746 4681 θωνα-(ἐι
780 4625 848 4680 ad
871 4640 970 4682 eos
1002 4641 1123 4683 cum
1161 4627 1516 4687 detestatione
1543 4636 2067 4706 eommemorandos,

483 4714 574 4783 qui
607 4714 736 4769 vitio
773 4716 886 4782 illo,
923 4717 1068 4787 quod
1095 4722 1339 4789 superius
1365 4725 1681 4793 memoravi,
1724 4726 1870 4784 leves
1899 4736 1955 4785 et
1979 4730 2065 4784 in-

482 4806 615 4869 ﬂati,
635 4821 701 4862 ac
720 4822 818 4877 per
833 4823 896 4864 se
934 4810 1079 4880 ipsos
1102 4812 1247 4867 velut
1282 4820 1381 4884 per
1408 4815 1569 4872 inane
1590 4817 1807 4888 sublati,
1841 4820 1930 4877 ubi
1957 4838 2065 4878 non

480 4899 912 4968 requiescerent,
952 4902 1049 4958 sed
1093 4903 1247 4961 fracti
1292 4907 1623 4979 dissilirent,
1668 4912 1723 4969 in
1768 4913 2070 4986 iigmenta‘

480 4989 745 5047 idolorum
767 4999 1024 5064 tanquam
1053 4996 1107 5052 in
1137 4996 1341 5069 lapides
1377 4986 1712 5061 deciderunt.
1755 5005 1890 5075 Quia
1922 5010 2065 5066 enim

479 5084 947 5142 mnatde
988 5087 1241 5158 pietatem
1287 5091 1450 5163 seei,
1492 5110 1596 5168 qua
1636 5098 1780 5154 Deo.
1791 5078 2119 5172 iustificati.

477 5174 615 5243 grati
656 5189 793 5232 esse.
820 5176 1109 5249 debemus,
1146 5184 1291 5239 velut
1328 5190 1655 5244 contrarium
1698 5193 1841 5261 quod
1879 5194 2064 5254 detes-

480 5279 715 5324 tanemur
730 5270 1064 5328 subiciemus
1093 5291 1109 5327 :
1140 5273 1413 5333 Revelatur
1445 5281 1600 5349 enim,
1645 5285 1833 5355 inquit,
1862 5288 1941 5342 ira
1972 5287 2069 5345 Dei

477 5357 543 5416 ds
566 5360 695 5417 uio
717 5377 875 5433 super
901 5378 1105 5420 attinent
1139 5368 1446 5439 impietatem
1479 5381 1526 5428 ct
1560 5375 1861 5446 injustitiant
1902 5379 2066 5436 homi-

543 5602 559 5635 ¹
586 5603 724 5667 Edlti,
743 5611 790 5656 et
810 5604 863 5657 in
888 5603 1141 5681 singulari.
1183 5611 1358 5671 Abest,
1392 5612 1471 5672 in,
1496 5628 1522 5663 a
1559 5620 1912 5681 manuscriptis.

540 5665 561 5696 8
587 5671 688 5696 nun
726 5680 756 5696 ο
796 5667 999 5696 laniata...
1037 5674 1370 5696 nm......,...:.,.:..
1417 5676 1636 5696 ...ξιιμ-λ
1702 5692 1753 5696 μ.
1818 5681 1830 5696 ρ
1883 5695 1888 5696 ,

480 5667 561 5775 te;
587 5671 688 5716 Duo
726 5680 757 5717 e
796 5667 1002 5733 Belgicis
1036 5667 1373 5735 manuscriptis
1414 5667 1667 5739 omittunt,
1691 5667 2060 5748 quasivsapien-

504 5788 864 5885 ,ξειῆιὶνειίιι
894 5807 1010 5867 qua.
1054 5797 1377 5848 Ennianur
1409 5812 1475 5852 ex
1516 5805 1873 5870 mannsoviptis.

580 5850 946 5909 Cumbronensis
966 5864 1072 5917 nisu
1089 5858 1376 5921 ﬁ'aantcnta.

1430 374 1535 431 DE'
1559 372 1829 432 SPIRITU
1866 370 1956 428 ET
1994 369 2317 439 LITTERA,
2369 372 2426 429 S.
2466 374 2836 434 AUGUSTINI

2192 501 2314 540 num
2354 503 2526 543 eorum
2565 492 2655 562 qui
2686 492 2941 549 veritatem
2980 490 3035 550 in
3071 495 3321 570 irgustitia
3348 498 3571 557 detinent
3601 514 3622 557 .'
3656 504 3773 574 quis

2188 582 2327 652 quod
2344 590 2516 636 notum
2541 591 2614 638 est
2638 579 2756 651 Dei,
2778 584 3102 657 manifestum
3126 597 3200 643 est
3225 589 3281 644 in
3304 589 3408 645 illis
3432 606 3451 657 ;
3483 590 3625 649 Deus
3646 594 3771 653 enim

2187 671 2289 726 illis
2313 672 2673 745 manifestaoit.
2701 675 2986 735 Invisibilia
3003 678 3136 733 enim
3156 680 3288 753 ejus,
3313 697 3346 736 a
3368 692 3602 739 creatura
3626 701 3768 742 mttu-

2187 763 2270 829 di,
2314 780 2402 835 per
2442 781 2501 820 ea
2542 782 2656 837 qua:
2683 767 2821 838 facta
2869 775 3020 838 sunt,
3057 769 3313 827 intellecta
3359 774 3767 844 conspiciuntur;

2184 857 2487 926 sempiterna
2527 876 2722 935 quoque
2761 860 2917 917 uirtus
2954 862 3066 933 ejus
3107 879 3170 918 ac
3213 862 3484 934 divinitas,
3522 875 3580 922 ut
3619 867 3638 898 ⁸
3674 867 3771 925 sint

2178 946 2546 1004 inexcusabiles
2586 967 2605 1005 :
2632 952 2751 1023 quia
2788 961 3140 1025 cognoscentes
3164 951 3352 1023 Deum,
3396 970 3499 1014 non
3525 963 3585 1017 ut
3608 955 3770 1015 Desint

2184 1040 2591 1113 gtoriﬁcaverunt
2609 1085 2625 1111 ,
2656 1054 2744 1098 aut
2767 1045 2960 1119 gratias
2994 1056 3203 1120 egerunt
3224 1089 3242 1119 ,
3271 1047 3363 1103 sed
3385 1058 3697 1109 nam
3718 1052 3770 1108 in

2185 1132 2568 1203 cogitationibus
2621 1135 2755 1201 suis,
2805 1145 2853 1192 et
2894 1137 3222 1195 obscuratum
3272 1148 3347 1197 est
3394 1139 3644 1215 insipiens
3686 1158 3770 1199 cor

2184 1240 2356 1278 eorum
2381 1240 2400 1279 :
2432 1224 2649 1279 dicentes
2682 1243 2736 1280 se
2770 1244 2877 1285 esse
2911 1230 3196 1301 sapientes,
3221 1229 3365 1305 stulti
3402 1233 3529 1303 {acti
3560 1242 3700 1301 sunt,
3730 1243 3772 1288 et

2183 1327 2494 1373 mutaverunt
2509 1320 2734 1392 gloriam
2762 1322 3158 1394 incorruptibilis
3194 1323 3289 1379 Dei
3314 1325 3367 1379 in
3391 1325 3772 1387 similitudinem

2181 1409 2418 1481 imaginis
2447 1411 2784 1481 corruptibilis
2804 1412 3042 1481 hominis,
3072 1424 3119 1469 et
3145 1415 3426 1482 uolucrum,
3467 1427 3515 1473 et
3542 1420 3769 1488 quadru-

2184 1501 2388 1572 pedum,
2416 1511 2461 1556 et
2485 1505 2790 1574 serpentium
2822 1502 2994 1579 (Rom.
3016 1521 3055 1574 i,
3089 1507 3303 1577 14-23).
3351 1507 3482 1567 Vide
3508 1509 3767 1580 quemad-

2182 1591 2398 1647 modum
2441 1607 2549 1648 non
2585 1609 2680 1650 eos
2725 1594 2919 1651 dixerit
2940 1597 3179 1652 verilatis
3219 1598 3456 1671 ignaros,
3495 1599 3592 1656 sed
3629 1600 3770 1677 quod

2180 1685 2456 1740 veritatem
2479 1686 2530 1739 in
2552 1685 2829 1757 iniquitate
2848 1687 3192 1745 detinuerint.
3226 1690 3362 1760 Quia
3388 1694 3549 1751 vero’
3575 1708 3768 1755 occur-

2180 1776 2335 1832 rebat
2379 1779 2576 1844 animo,
2608 1787 2667 1834 ut
2694 1791 3025 1850 quaereretur
3053 1782 3195 1838 unde
3220 1782 3331 1838 illis
3372 1799 3496 1843 esse
3536 1786 3772 1859 potuerit

2181 1868 2412 1939 COgnitio
2449 1869 2711 1935 veritatis,
2734 1871 2930 1942 quibus
2975 1871 3116 1928 Deus
3158 1873 3334 1946 legem
3360 1890 3469 1931 non
3512 1876 3767 1945 dederat;

2142 2027 2144 2031 ν
2181 1972 2356 2028 neque
2383 1958 2485 2015 hoc
2507 1962 2672 2016 tacuit
2698 1962 2840 2018 unde
2865 1962 3064 2020 habere
3094 1965 3401 2035 potuerint:
3428 1981 3525 2036 per
3544 1966 3771 2027 visibilis

2181 2065 2412 2121 namque
2437 2064 2697 2108 creatura:
2726 2054 3034 2124 pervenisse
3065 2071 3159 2112 eos
3197 2056 3333 2113 dixit
3361 2057 3430 2113 ad
3459 2059 3767 2133 intelligen-

2180 2143 2309 2197 tiam
2356 2143 2697 2200 invisibilium
2728 2146 3050 2202 Creatoris’.
3092 2147 3358 2218 Quoniam
3384 2166 3602 2220 revera,
3634 2152 3771 2211 sicut

2178 2254 2371 2309 magna
2412 2237 2659 2313 ‘ingenia
2708 2257 2952 2311 quaerere
2990 2245 3361 2315 perstiterunt,
3409 2245 3490 2301 sic
3530 2244 3772 2307 invenire

2177 2338 2487 2400 potuerunt.
2538 2331 2637 2387 Ubi
2683 2346 2814 2407 ergo
2856 2334 3141 2404 impietas?
3189 2334 3322 2402 Quia
3368 2335 3624 2395 videlicet
3660 2353 3772 2395 ctuti

2178 2424 2524 2495 cognovissent
2566 2421 2751 2492 Deum,
2786 2443 2892 2481 non
2941 2428 3069 2481 sicut
3118 2426 3288 2483 Deum
3337 2429 3768 2503 gloriﬁcaverunt.

2178 2524 2269 2571 aut
2305 2517 2497 2587 gratias
2538 2525 2766 2591 egerunt,
2802 2516 2892 2574 sed
2940 2530 3251 2595 evanuerunt
3289 2521 3344 2575 in
3383 2521 3772 2593 cogitationibus

2177 2608 2302 2664 suis.
2324 2606 2525 2663 Eorum
2546 2609 2762 2681 proprie
2782 2611 2990 2667 vanitas
3013 2612 3235 2689 morbus
3256 2621 3358 2682 est,
3380 2613 3507 2689 qui‘
3535 2628 3596 2673 se
3621 2613 3768 2684 ipsos

2177 2697 2461 2766 seducunt,
2492 2697 2621 2753 dum
2662 2699 2912 2757 videntur
2951 2700 3053 2757 sibi
3079 2687 3279 2774 aliquid
3317 2687 3439 2765 esse
3464 2718 3590 2760 cum
3634 2703 3772 2759 nihil

2178 2790 2287 2847 sint
2316 2790 2512 2863 (Galat.
2552 2808 2628 2860 v1,
2673 2792 2750 2865 5).
2804 2793 3045 2865 Denique
3089 2794 3193 2851 hoc
3244 2804 3455 2857 tumore
3499 2794 3773 2868 superbiat

2178 2896 2299 2939 sese
2348 2882 2749 2949 obumbrantes,
2781 2884 2933 2957 cujus
2972 2885 3167 2957 pedem
3195 2886 3296 2941 sibi
3326 2902 3434 2945 non
3463 2887 3651 2943 venire
3670 2886 3774 2947 ede-

2179 2982 2425 3046 precatur
2449 2983 2663 3032 sanctus
2686 2975 2776 3031 ille
2800 2989 2985 3033 cantor
2999 2977 3041 3045 ⁸,
3060 2979 3149 3050 qui
3176 2977 3339 3044 dixit,
3368 2976 3434 3037 In
3460 2979 3656 3035 lentiae
3681 2987 3770 3036 tuo

2176 3066 2449 3123 videbimus
2479 3067 2648 3123 lumen
2678 3064 2859 3138 (Psal.
2892 3084 3061 3135 xxxv,
3106 3070 3196 3138 l2,
3231 3062 3357 3144 10);
3409 3070 3477 3129 ab
3520 3072 3639 3143 ipso
3684 3069 3773 3131 lu-

2175 3159 2322 3214 mine
2364 3159 2819 3217 incommutabilis
2846 3159 3086 3215 veritatis
3115 3161 3294 3219 aversi
3331 3170 3476 3229 suut,
3508 3170 3556 3217 et
3580 3159 3773 3219 abacu-

2176 3260 2344 3306 ratum
2385 3260 2460 3306 est
2503 3252 2746 3323 insipiens
2794 3268 2882 3306 cor
2930 3269 3124 3309 eorum.
3188 3251 3305 3308 Non
3351 3251 3494 3311 enim
3551 3252 3773 3323 sapiens

2176 3356 2290 3411 cor,
2315 3343 2557 3415 quamvis
2583 3345 2957 3416 cognovissent
2991 3344 3163 3401 Deum
3180 3360 3199 3414 ς
3232 3344 3327 3403 sed
3372 3344 3637 3415 insipiens
3676 3359 3772 3418 po-

2172 3435 2303 3500 tius,
2327 3435 2449 3505 quia
2480 3450 2586 3491 non
2615 3434 2753 3489 sicut
2778 3435 2946 3491 Deuui
2974 3434 3425 3504 gloriﬁcaverunt,
3449 3444 3540 3490 aut
3563 3434 3771 3506 gratias

2176 3534 2419 3595 egerunt.
2450 3523 2597 3579 Dixit
2618 3525 2765 3581 enim
2795 3525 3010 3591 homini,
3042 3524 3174 3583 Ecce
3196 3527 3359 3599 pietas
3378 3534 3452 3581 est
3473 3524 3772 3596 sapiastia:

2175 3629 2240 3672 ac
2267 3630 2364 3686 per
2386 3617 2490 3673 hoc
2531 3616 2750 3674 dicentes
2778 3635 2831 3673 se
2857 3635 2962 3674 esse
2985 3619 3259 3691 sapientes,
3292 3618 3436 3691 quod
3464 3634 3572 3675 non
3613 3619 3772 3676 aliter

2174 3708 2577 3781 intelligendum
2618 3719 2721 3780 est,
2764 3711 2891 3781 nisi,
2936 3710 3040 3772 hoc
3076 3712 3255 3785 ipsum
3298 3711 3404 3770 sibi
3446 3711 3771 3780 tribuentes.

2175 3804 2318 3859 stulti
2346 3805 2469 3875 facti
2492 3812 2631 3860 sunt.

2245 3895 2337 3951 20.
2367 3896 2486 3953 Jam
2516 3912 2634 3968 quae
2664 3905 2962 3969 sequuntur
2989 3897 3117 3969 quid
3137 3912 3272 3973 opus
3298 3904 3385 3955 est
3409 3896 3634 3956 dicere!
3671 3897 3773 3958 Per

2174 3987 2316 4045 hanc
2352 3990 2550 4062 quippe
2591 3990 2921 4062 impietatem
2953 3991 3030 4049 illi
3072 3990 3342 4059 homines,
3380 3992 3480 4063 illi,
3520 3992 3773 4063 indm.

2154 4083 2423 4139 .bomines
2443 4082 2533 4154 qui
2564 4098 2660 4155 per
2679 4093 2976 4143 creaturam
2993 4084 3300 4161 Creatorem
3319 4099 3657 4157 cognosce”
3680 4099 3775 4155 po-

2165 4175 2412 4240 tuerunt,
2453 4189 2561 4245 quo
2610 4174 2867 4247 prolapsi,
2906 4191 3033 4233 cum
3084 4177 3229 4235 Deus
3271 4177 3517 4247 superbis
3564 4175 3778 4237 resistit

2176 4266 2383 4341 (Jacobi
2402 4284 2475 4338 iV,
2508 4266 2588 4340 6),
2610 4276 2772 4340 atque
2801 4269 2891 4327 ubi
2916 4268 3149 4329 demersi
3164 4269 3333 4340 sint'.
3363 4269 3558 4332 muns
3596 4267 3777 4339 ipsis:

2174 4358 2432 4437 Epistolas
2460 4361 2839 4432 consequentia
2876 4360 3092 4430 docent,
3121 4376 3280 4433 quam
3317 4360 3779 4423 ltitiam

2174 4452 2358 4509 ratur8
2392 4467 2424 4507 a
2449 4451 2624 4509 nobis.
2658 4452 2844 4531 Neque
2870 4452 3015 4511 enim
3040 4453 3147 4511 isto
3172 4468 3345 4527 opere,
3376 4452 3519 4513 huic
3545 4452 3776 4524 Epistor

2175 4544 2282 4602 lam
2312 4543 2682 4615 exponendam
2710 4544 3070 4615 suscepimus,
3086 4544 3187 4603 sed
3212 4545 3333 4619 eius
3359 4546 3595 4609 maxime
3616 4548 3781 4610 ιαιίο

2174 4638 2356 4697 monio
2384 4637 2756 4696 demonstrare
2779 4647 3036 4708 quantum
3076 4653 3365 4711 possumus
3390 4640 3634 4708 ultimus.
3664 4656 3779 4701 non

2110 4799 2119 4809 '
2158 4729 2230 4793 in
2261 4745 2326 4786 eo
2354 4745 2453 4785 nos
2481 4729 2736 4785 divinitus
2761 4729 3001 4799 adjuvari
3037 4730 3106 4785 ad
3129 4731 3456 4802 operandam
3479 4732 3778 4803 justitiam.

2175 4821 2317 4896 quod
2345 4822 2517 4892 legem
2535 4821 2678 4877 Deus
2702 4820 2851 4877 dedit
2870 4822 3089 4892 plenam
3118 4822 3274 4881 bonis
3297 4826 3604 4896 sanctisque
3626 4841 3783 4896 pm-

2174 4914 2378 4985 ceptis;
2408 4912 2501 4968 sed
2530 4912 2671 4983 quod
2700 4911 2812 4982 ipsa
2838 4912 3088 4973 voluntas
3119 4923 3320 4983 nostra,
3348 4916 3469 4973 sine
3493 4931 3603 4987 qua
3635 4932 3781 4987 ope-

2175 5005 2283 5060 rari
2330 5004 2532 5059 bonum
2576 5018 2680 5061 non
2734 5018 3054 5074 possumus,
3103 5005 3386 5081 adjuvetur
3432 5015 3491 5067 et
3531 5009 3782 5079 erigatur

2175 5096 2446 5169 impartito
2474 5095 2666 5167 spiritu
2712 5097 2920 5169 gratiae,
2946 5098 3067 5157 sine
3096 5115 3201 5171 quo
3226 5100 3496 5173 adiutorio
3520 5101 3777 5161 hmine

2173 5186 2265 5247 illa
2303 5188 2475 5244 littora
2507 5195 2591 5245 est
2625 5187 2898 5258 occidens,
2925 5189 3049 5264 quia
3074 5206 3202 5255 reos
3229 5195 3407 5264 potius
3440 5195 3780 5266 βρενθείω-

2234 5373 2420 5445 ἶὲίὲἓῇο
2440 5372 2602 5445 δειμα-
2627 5374 2793 5445 Αδθειε
2811 5374 2952 5445 ειμι-³
2972 5383 3082 5445 μεθ·
3109 5384 3161 5429 ει
3181 5390 3409 5445 amco-

2235 5438 2260 5475 ι
2274 5434 2551 5550 Mitigat“
2572 5434 2872 5495 occurrebat,
2884 5434 3066 5489 caussa
3091 5434 3343 5503 partic'ula,
3370 5453 3496 5492 vero.

2238 5498 2262 5533 ³
2280 5498 2383 5550 Sola
2472 5500 2555 5550 'lio
2572 5505 2702 5550 ων..
2715 5499 2961 5550 invisibilis
2978 5501 3236 5550 aectoris.

2238 5498 2262 5559 Ρ
2280 5498 2383 5550 Sola
2409 5498 2555 5551 editio
2572 5505 2702 5559 Levi,
2715 5499 2961 5555 invisibilis
2978 5498 3236 5555 Creatoris.

2232 5554 2261 5595 ι
2280 5569 2334 5609 in
2357 5568 2483 5619 stes,
2508 5566 2578 5611 sic
2598 5554 2793 5625 magna.

2134 5622 2138 5627 ‘
2235 5624 2257 5689 If
2281 5630 2411 5682 iov.,
2436 5637 2545 5687 quo.
2572 5622 2751 5675 Amfet
2775 5630 2870 5685 Er.,
2896 5624 3009 5689 quia
3034 5638 3052 5677 :
3075 5628 3238 5680 minus
3259 5627 3410 5679 bene.

2235 5684 2257 5759 ς
2279 5684 2458 5759 omnes
2479 5694 2606 5745 Mss,
2631 5684 2866 5738 cantator.
