3984 6508
246 410 393 472 donis
412 413 583 473 tenet.
620 422 799 479 quam
834 407 1101 491 iustiﬁcat
1136 405 1344 480 impios.
1383 403 1519 462 Nam
1556 401 1696 460 sicut
1728 401 1838 457 illis

240 516 335 579 per
396 508 702 559 «saturam
782 501 1155 581 cognitoribus
1219 496 1530 556 Creatoris‘
1592 509 1657 552 ea
1719 493 1836 563 ipsa

242 594 459 669 cognitio
494 592 639 647 nihil
681 592 900 663 profuit
941 593 1013 650 ad
1048 592 1295 656 sahttem,
1319 589 1442 660 quia
1481 593 1835 659 cognoscentes

241 688 407 750 Delon,
428 700 535 739 non
558 684 699 739 sicut
727 683 905 739 Deum
934 684 1361 758 gloriﬁcaverunt,
1389 688 1477 735 aut
1503 677 1695 752 gratias
1716 692 1838 748 cge-

236 786 364 842 mt,
397 776 633 830 dicentes
652 793 711 831 se
735 793 845 831 esse
880 777 1135 847 sapientes
1152 790 1175 829 :
1194 774 1262 828 ita
1285 788 1379 828 eos
1396 772 1483 851 qui
1506 785 1601 843 per
1624 771 1794 840 legem
1812 768 1836 802 ⁸

228 876 560 938 cognoscam
575 867 1043 939 quemadmodum
1064 867 1132 921 sit
1158 864 1359 920 homini
1383 863 1689 929 vivendum,
1722 875 1828 916 non

226 960 607 1033 iustiﬁcatipsa
623 959 884 1028 cognitio,
907 959 1033 1031 quia
1056 959 1268 1013 volentes
1287 973 1430 1011 suam
1436 955 1692 1026 justitiam
1707 969 1834 1007 con-

231 1054 440 1113 stituere,
474 1053 707 1121 iustitia
725 1051 823 1105 Dei
853 1068 960 1105 non
989 1060 1105 1105 sunt
1123 1049 1330 1119 subjecti
1356 1046 1529 1119 (Rom.
1557 1062 1614 1110 ι,
1643 1045 1718 1116 ὃ).

290 1144 531 1199 CAPUT
580 1144 731 1200 Xiil.
784 1173 860 1185 --
914 1145 1009 1199 2i.
1069 1142 1174 1198 Lex
1207 1155 1414 1213 operum
1461 1149 1509 1195 at
1559 1140 1641 1194 (ea:
1689 1137 1831 1207 ﬁdei.

227 1240 322 1297 Lex
352 1254 499 1309 ergo
552 1238 845 1305 factorum,
876 1238 930 1293 id
978 1247 1082 1300 est,
1125 1250 1366 1307 operum,
1394 1248 1493 1304 per
1516 1247 1673 1303 quam
1722 1245 1829 1285 non

224 1332 535 1389 excluditur
554 1332 646 1386 illa
677 1332 949 1403 gloriatio,
983 1339 1039 1386 et
1057 1331 1139 1385 lex
1174 1327 1317 1391 lidei,
1351 1340 1622 1396 perquam
1649 1323 1829 1377 exclu-

224 1425 377 1490 ditur,
402 1440 523 1495 quo
554 1426 702 1479 inter
729 1439 791 1478 se
819 1422 1089 1489 diderant,
1120 1436 1295 1490 opem
1322 1419 1549 1489 pretium
1587 1426 1668 1471 est
1694 1431 1829 1470 con-

222 1514 459 1572 siderare
481 1534 498 1569 :
525 1516 575 1569 si
599 1525 785 1569 tamen
822 1514 1064 1569 valemus
1107 1512 1382 1566 advertere
1420 1520 1581 1580 atque
1621 1507 1827 1563 (iscor-

224 1622 356 1663 nere.
382 1606 518 1661 Cito
538 1606 726 1663 enim'
744 1607 973 1678 quisque
991 1605 1181 1661 dixerit
1200 1605 1369 1675 legem
1391 1616 1611 1674 operum
1634 1615 1753 1655 esse
1772 1600 1828 1655 in

223 1698 523 1766 Judaismo,
555 1700 733 1770 legem
777 1708 957 1753 autem
987 1696 1111 1752 ﬁdei
1148 1696 1200 1750 in
1237 1692 1667 1759 Christiaiiismo,
1697 1705 1827 1761 pro—

225 1801 398 1864 pterea
428 1793 571 1862 quia
615 1791 959 1847 circumcisio
997 1799 1294 1858 maioraque
1331 1800 1494 1857 opera
1527 1784 1649 1839 talia
1691 1783 1821 1853 legis

226 1893 357 1947 sunt,
391 1899 527 1952 qum
558 1884 865 1937 Christiana
900 1883 1013 1953 jam
1038 1880 1314 1950 disciplina
1341 1894 1448 1933 non
1479 1884 1657 1932 servat
1685 1892 1698 1929 :
1732 1874 1828 1930 sed

228 1984 476 2045 quantum
498 1973 658 2028 fallat
674 1975 780 2030 ista
797 1974 1069 2035 discretio,
1080 1973 1187 2040 jam
1204 1970 1293 2025 diu
1311 1969 1524 2040 quidem
1544 1978 1629 2024 est
1646 1974 1705 2021 nt
1721 1982 1828 2021 mo-

226 2066 372 2123 lhnur
383 2067 713 2133 asta-dero,
730 2076 788 2122 et
803 2067 975 2121 acutis
986 2066 1053 2120 ad
1069 2062 1508 2135 dignoscendum,
1522 2061 1722 2131 tibique
1734 2074 1829 2130 po-

225 2160 487 2216 tissimum
519 2176 588 2216 ac
615 2161 817 2216 talibus
843 2159 1072 2214 fortasse
1089 2158 1197 2229 jam
1223 2156 1590 2212 ostendimus:
1612 2168 1827 2209 verum-

228 2261 399 2307 tamen
421 2253 693 2323 quoniam
721 2268 811 2308 res
841 2267 1029 2323 magna
1059 2259 1160 2318 est,
1188 2265 1294 2305 non
1324 2247 1740 2320 incongruenter
1768 2245 1823 2301 in

234 2358 301 2399 eo
322 2342 720 2400 manifestands
746 2344 989 2415 pluribus
1010 2342 1167 2397 etiam
1195 2349 1356 2411 atque
1392 2340 1553 2395 etiam
1579 2338 1824 2395 testimo-

230 2434 329 2488 niis
349 2436 729 2490 immomnur.
747 2434 922 2504 ipsum
939 2434 1082 2490 enim
1097 2432 1226 2488 dicit
1248 2431 1421 2503 legem
1446 2447 1511 2487 ex
1536 2446 1638 2502 qua
1664 2441 1825 2485 nemo

225 2527 571 2599 instilles-uir,
598 2545 762 2602 quam
788 2530 917 2585 dicit
955 2529 1283 2584 subintrasse
1321 2537 1380 2585 ut
1403 2527 1700 2585 abundaret
1727 2529 1825 2584 de-

231 2620 415 2676 lictum
435 2621 615 2693 (Rom.
633 2621 826 2691 v,20),
848 2637 1009 2694 quam
1035 2630 1211 2678 tamen
1236 2637 1305 2677 ne
1330 2623 1610 2693 quisquam
1633 2623 1701 2677 ob
1722 2621 1826 2677 hoc

232 2711 523 2783 imperitus
548 2723 781 2783 meret
820 2720 878 2769 et
917 2713 1208 2784 sacrilegus
1245 2722 1552 2781 accusaret,
1584 2711 1825 2768 defendit

240 2806 399 2869 cam,
444 2803 667 2859 dicens:
694 2823 715 2855 ε
741 2804 878 2872 Quid
921 2821 1049 2876 ergo
1094 2805 1365 2861 dicemus?
1390 2806 1499 2862 Lex
1545 2814 1821 2876 peccatum

238 2894 367 2948 est!
384 2896 542 2949 Absit
562 2912 578 2948 :
599 2895 693 2949 sed
715 2904 992 2964 peccatum
1018 2911 1121 2951 non
1138 2898 1361 2967 cognovi
1377 2896 1478 2951 nisi
1500 2912 1594 2967 per
1610 2897 1782 2970 legem
1803 2912 1818 2951 :

236 3001 361 3040 nam
378 2987 867 3056 concupiscentiam
885 2989 1187 3044 nesciebam
1213 2989 1315 3044 nisi
1345 2989 1433 3044 lex
1456 2988 1679 3055 diceret,
1700 2987 1819 3044 Non

234 3080 594 3148 concupisces.
621 3078 919 3136 Occasione
942 3080 1122 3155 itaque
1140 3090 1355 3155 accepta
1376 3124 1392 3150 ,
1426 3074 1700 3153 peccatum
1725 3096 1821 3152 per

226 3168 529 3224 mandatum
560 3179 842 3240 operatum
865 3181 949 3227 est
978 3171 1030 3225 in
1058 3187 1145 3227 me
1182 3186 1396 3228 omnem
1434 3173 1820 3246 concupiscen-

219 3258 361 3313 ism.
397 3279 420 3312 ι
454 3260 602 3316 Dicit
625 3262 824 3330 etiam,
859 3280 885 3315 ς
929 3260 1041 3318 Lex
1083 3262 1299 3336 quidem
1331 3275 1546 3333 sancta,
1573 3274 1629 3323 et
1669 3282 1821 3322 mana

211 3349 391 3411 datum
418 3364 683 3413 sanctum
707 3363 765 3415 et
780 3355 986 3429 justum
1006 3366 1060 3415 et
1086 3358 1318 3426 bonum;
1343 3359 1437 3417 sed
1461 3368 1737 3430 peccatum
1762 3366 1822 3417 ut

211 3460 465 3521 apparat
513 3461 836 3522 peccatum,
861 3467 959 3524 per
1000 3452 1201 3508 bonum
1241 3453 1372 3509 mihi
1415 3459 1696 3525 operatum
1737 3462 1821 3512 est

208 3553 441 3597 mortem
479 3562 503 3596 ι
535 3542 649 3615 (Id.
677 3560 791 3615 vn,
821 3542 985 3617 ’1-15).
1018 3545 1136 3615 ipsa
1162 3554 1247 3602 est
1288 3562 1415 3620 ergo
1457 3548 1635 3603 littera
1673 3549 1817 3604 occi-

208 3634 370 3699 dens.
399 3651 533 3706 quas
574 3636 742 3703 dicit,
780 3656 802 3691 ι
836 3637 954 3693 Non
992 3639 1379 3711 concupisces:
1412 3658 1431 3693 ι
1462 3640 1531 3697 de
1556 3657 1659 3711 qua
1687 3641 1816 3697 item

207 3725 330 3783 dicit
375 3727 537 3798 quoa
581 3729 747 3799 paulo
788 3737 916 3785 ante
957 3731 1406 3799 commemoravi,
1446 3750 1465 3784 ‹
1503 3733 1605 3786 Per
1645 3732 1817 3803 legem

205 3819 341 3874 enim
370 3820 628 3890 cognitio
668 3820 898 3890 peccati.
929 3820 1080 3887 Nunc
1102 3830 1278 3876 autem
1311 3821 1426 3876 sine
1456 3821 1574 3893 lege
1614 3821 1817 3892 justitia

205 3906 293 3964 Dei
312 3910 673 3965 manifestata
701 3920 817 3979 est,
839 3911 1120 3967 testificata
1145 3928 1243 3984 per
1266 3912 1463 3983 Legem
1491 3921 1545 3968 et
1572 3914 1816 3985 Pr0phe-

203 4007 309 4066 tas,
333 4001 561 4072 justilia
586 4011 771 4059 autem
809 4003 905 4058 Dei
931 4019 1031 4079 per
1060 4003 1220 4059 iidem
1246 4003 1375 4059 Jesu
1400 4004 1594 4061 Christi
1620 4005 1671 4060 in
1701 4021 1818 4061 om-

201 4106 294 4149 nes
337 4094 441 4167 qui
496 4094 778 4151 credunt:
807 4109 913 4152 non
957 4095 1100 4151 enim
1146 4105 1227 4151 est
1270 4095 1560 4153 distinctio.
1612 4096 1814 4155 Omnes

200 4187 341 4242 enim
393 4183 808 4263 peccaverunt,
855 4195 912 4244 et
958 4196 1117 4259 egent
1166 4187 1333 4259 gloria
1385 4189 1480 4244 Dei
1505 4207 1520 4244 :
1538 4189 1813 4260 iustificati

199 4279 361 4350 gratis
385 4295 498 4351 per
519 4279 757 4350 gratiam
784 4279 951 4353 ipsius
969 4322 985 4347 ,
1007 4294 1105 4350 per
1130 4279 1553 4351 redemptionem
1588 4297 1709 4353 qua:
1731 4291 1814 4339 est

198 4369 253 4424 in
272 4369 506 4429 Christo
526 4370 691 4437 Iesu;
711 4386 870 4441 quem
887 4370 1165 4444 proposuit
1179 4372 1320 4430 Deus
1339 4372 1767 4449 propitiatorium
1789 4375 1814 4409 ⁸

202 4476 292 4539 per
322 4462 501 4518 ﬁdem
524 4463 588 4517 in
605 4462 870 4534 sanguine
890 4463 1088 4533 ipsius,
1116 4464 1182 4520 ad
1202 4466 1565 4522 ostensionem
1589 4466 1811 4537 iustitia:

200 4555 339 4625 eius,
367 4564 612 4627 propter
638 4556 979 4628 propositum
1023 4558 1437 4630 praecedentium
1466 4570 1807 4631 peccatorum

200 4645 253 4700 in
290 4645 387 4701 Dei
424 4647 733 4717 patientia,
756 4646 825 4703 ad
851 4649 1234 4706 ostendendam
1258 4649 1518 4720 justitiam
1563 4651 1728 4723 ipsius
1757 4652 1811 4709 in

198 4737 299 4792 hoc
322 4747 622 4809 tempore,
650 4746 715 4794 ut
752 4739 824 4794 sit
856 4740 1030 4811 justus
1053 4750 1107 4796 et
1141 4740 1433 4812 iustiﬁcans
1462 4758 1583 4800 eum
1626 4745 1715 4816 qui
1746 4762 1812 4804 ex

201 4828 303 4885 Ide
328 4842 419 4888 est
456 4831 607 4888 Iesu.
645 4849 668 4885 ι
698 4831 905 4888 Deinde
940 4833 1199 4889 sublniert
1222 4835 1364 4890 unde
1392 4851 1535 4891 nunc
1558 4837 1766 4909 agimus
1790 4857 1806 4896 :

203 4937 225 4972 ι
256 4920 359 4977 [ibi
390 4928 490 4978 est
526 4936 657 4993 ergo
682 4922 930 4994 gloriatio
968 4923 1098 4979 tua?
1120 4925 1346 4982 Exclusa
1372 4935 1471 4982 est.
1516 4926 1621 4984 Per
1648 4943 1808 5005 quam

199 5010 371 5085 legem
385 5013 416 5067 ἲ
450 5012 719 5069 factorum
733 5013 761 5069 τ
782 5013 901 5069 Νοιι
915 5055 931 5080 ,
962 5014 1057 5072 sed
1081 5028 1171 5087 per
1186 5017 1363 5089 legem
1385 5016 1511 5074 fidei
1538 5037 1558 5072 ι
1590 5016 1703 5091 (Id.
1726 5036 1804 5087 ur,

196 5101 287 5172 αὴ
312 5103 446 5178 27).
474 5104 591 5160 Lex
617 5120 754 5176 ergo
782 5104 885 5161 ista
913 5105 1170 5164 factorum
1194 5111 1307 5182 ipsa
1355 5119 1439 5166 est
1483 5126 1601 5182 quae
1644 5113 1804 5183 dicit,

202 5193 323 5248 Non
348 5196 727 5266 concupisces:
748 5196 875 5269 quia
915 5213 1011 5268 per
1035 5199 1176 5253 illam
1211 5199 1451 5279 cognitio
1477 5205 1678 5273 peccati
1704 5213 1805 5261 est.

201 5283 334 5341 Volo
362 5285 538 5357 igitur
564 5288 741 5357 scire,
774 5287 820 5344 si
844 5288 967 5360 quis
1009 5288 1143 5345 mihi
1166 5289 1344 5348 dicere
1373 5294 1602 5364 audeat,
1626 5305 1807 5353 utrum

197 5376 286 5434 kx
313 5377 453 5435 ﬁdei
476 5394 590 5435 non
614 5379 791 5449 dicat,
814 5378 939 5435 Non
963 5383 1297 5453 concupisces.
1330 5383 1388 5442 Si
1418 5388 1561 5443 enim
1591 5403 1700 5445 non
1724 5388 1808 5446 di-

199 5469 311 5541 cit,
342 5472 483 5543 quid
506 5487 688 5529 causae
711 5480 798 5529 est
819 5488 918 5529 cur
952 5488 1060 5529 non
1083 5474 1137 5531 in
1167 5490 1233 5533 ea
1256 5478 1416 5553 positi
1444 5481 1620 5545 securi
1646 5491 1805 5557 atque

218 5604 223 5607 '
971 5609 1251 5708 “omittunt,
1271 5615 1526 5669 Creatoris.

263 5728 439 5791 Nov.
462 5727 837 5782 cumnonnullis
853 5738 978 5790 ms,
1006 5739 1141 5785 Recte
1162 5735 1309 5791 enim.

254 5789 288 5859 ,δ
305 5798 446 5849 Tres
464 5806 495 5847 e
508 5796 655 5849 vatio.
666 5801 801 5856 ω,
818 5791 1193 5861 propitiatorem.

1671 285 1877 345 LIBER
1890 236 1898 244 ‘
1914 285 2118 345 UNUS.

3426 295 3533 353 214

1947 400 2167 471 impune
2206 401 2520 469 peccemus?
2536 400 2652 459 Hoc
2673 417 2817 460 enim
2843 410 2899 463 et
2925 403 3000 462 illi
3030 418 3351 477 putaverunt
3379 408 3531 481 Apo-

1898 524 1904 531 ο
1946 491 2142 545 stolum
2169 490 2349 547 dicere
2368 533 2383 557 ,
2408 491 2480 548 de
2506 494 2695 565 quibus
2721 497 2795 551 ait
2818 514 2831 551 :
2855 494 2927 552 Et
2949 498 3077 552 sicut
3102 496 3281 553 dicunt
3299 515 3389 555 nos
3420 503 3532 571 qui»

1945 581 2064 636 dam
2092 582 2258 637 dicere
2279 625 2294 650 ,
2325 585 2576 655 («huius
2605 588 2775 658 maia,
2802 598 2859 645 ut
2880 590 3085 646 veniant
3120 592 3252 647 bona
3271 634 3285 658 ,
3314 609 3531 662 quorum

1933 673 2189 745 judicium
2200 675 2399 746 justum
2419 686 2494 731 est
2511 678 2531 710 ⁸
2547 676 2724 748 (Rom.
2745 697 2822 749 ut,
2844 680 2922 756 8).
2949 682 3002 738 Si
3025 692 3202 739 autem
3227 684 3532 742 dicitetiam

1943 763 2092 835 ipsa,
2127 763 2250 819 Non
2293 768 2645 839 concupisces;
2682 772 2823 828 sicut
2869 784 2974 828 tam
3004 776 3027 808 ⁸
3057 775 3223 831 multa
3264 787 3531 848 praecepta

1884 880 1891 885 -
1940 857 2247 928 evangelica
2290 868 2344 914 et
2389 863 2682 932 apostolica
2728 865 3000 922 testiﬁcari
3048 878 3101 925 et
3147 870 3378 928 clamare
3421 887 3529 928 non

1903 959 2379 1021 -cessnnt:quare
2434 953 2520 1009 lex
2579 953 2839 1011 factorum
2876 959 3035 1014 etiam
3080 960 3196 1033 ipsa
3243 979 3349 1021 non
3397 964 3530 1020 dici-

1939 1043 2069 1096 tur?
2094 1042 2276 1113 Neque
2314 1044 2457 1099 enim
2481 1046 2601 1116 quia
2637 1062 2741 1103 non
2772 1048 2935 1103 habet
2975 1064 3137 1120 Opera
3179 1063 3417 1111 veterum
3445 1070 3530 1111 sa-

1898 1163 1903 1169 -
1940 1144 2333 1188 crameutorum
2361 1177 2376 1203 ,
2403 1137 2825 1193 circumcisionis
2871 1140 3117 1196 videlicet
3159 1151 3318 1215 atque
3364 1156 3527 1203 caete-

1940 1239 2142 1289 rorum,
2176 1226 2296 1279 ideo
2327 1242 2432 1282 non
2463 1238 2586 1282 sunt
2611 1242 2774 1299 opera
2802 1246 2921 1301 qua:
2952 1232 3109 1287 habet
3134 1234 3189 1287 in
3220 1249 3528 1295 sacramen-

1940 1317 2008 1370 tis
2036 1318 2144 1370 suis
2166 1316 2291 1374 huic
2321 1321 2547 1390 tempori
2575 1320 2597 1354 ³
2618 1323 2897 1393 congruis;
2920 1332 3012 1379 aut
3035 1340 3163 1381 vero
3186 1327 3255 1382 de
3276 1332 3530 1399 operibus

1939 1419 2395 1466 sacramentorum
2427 1417 2653 1483 quaestio
2678 1414 2794 1483 iuit,
2826 1416 3041 1485 quando
3067 1418 3270 1475 mentio
3296 1420 3430 1491 legis
3458 1423 3528 1480 ob

1939 1497 2042 1554 hoc
2088 1501 2273 1568 ﬂebat,
2309 1504 2429 1574 quia
2460 1520 2556 1574 per
2604 1505 2775 1575 ipsam
2803 1507 3037 1577 cognitio
3078 1509 3285 1580 peccati
3327 1522 3441 1580 est,
3473 1523 3528 1571 et

1934 1590 2057 1646 ideo
2079 1607 2145 1647 ex
2173 1609 2236 1649 ea
2265 1611 2423 1651 nemo
2442 1596 2766 1667 justiticatur
2793 1618 2806 1654 :
2831 1601 2973 1656 unde
2998 1618 3105 1659 non
3136 1620 3232 1675 per
3256 1604 3400 1662 illam
3429 1622 3528 1662 ex-

1902 1700 1903 1703 ‘
1935 1682 2079 1738 clusa
2107 1693 2189 1740 est
2208 1685 2475 1756 gloriatio,
2507 1690 2599 1744 sed
2625 1706 2719 1759 per
2743 1690 2914 1761 legem
2942 1680 3097 1761 fidei,
3128 1710 3191 1751 ex
3224 1696 3526 1772 quajustus

1932 1774 2082 1829 vivit;
2111 1775 2217 1831 Sed
2246 1778 2498 1848 numquid
2525 1789 2579 1836 et
2604 1796 2702 1851 per
2730 1783 2885 1837 istam
2925 1798 3031 1838 non
3062 1784 3119 1840 iit
3140 1787 3374 1858 cognitio
3398 1803 3525 1866 pec-

1931 1870 2057 1935 cati,
2090 1884 2209 1924 cum
2244 1880 2298 1927 et
2326 1873 2438 1943 ipsa
2465 1875 2626 1940 dicat,
2657 1874 2781 1931 Non
2810 1879 3169 1951 concupisces?

2003 1959 2092 2013 89..
2121 1961 2257 2027 Quid
2280 1964 2436 2033 igitur
2461 1966 2701 2031 interest,
2732 1967 2967 2024 breviter
2991 1970 3182 2026 dicam.
3207 1970 3369 2041 Quod
3387 1986 3525 2045 ope-

1930 2065 2052 2105 rum
2094 2054 2177 2108 lex
2219 2056 2471 2111 minando
2513 2058 2773 2127 imperat,
2815 2059 2919 2117 hoc
2948 2062 3070 2118 lidei
3127 2064 3211 2118 lex
3251 2065 3523 2122 credendo

1932 2142 2202 2215 impetrat.
2248 2147 2342 2203 Ilia
2368 2149 2523 2217 dicit,
2551 2149 2673 2205 Non
2700 2154 3023 2223 concupisces
3052 2154 3246 2227 (Exod.
3269 2173 3362 2223 xx,
3391 2156 3517 2228 l7);

1931 2236 2031 2292 ista
2057 2238 2217 2306 dicit,
2247 2239 2372 2298 Cum
2410 2242 2591 2297 scirent
2622 2245 2741 2314 quia
2766 2261 2917 2300 nemo
2937 2263 3051 2301 esse
3073 2256 3235 2317 potest
3263 2250 3523 2305 continetis

1928 2327 2031 2403 nisi
2051 2326 2191 2383 Deus
2217 2331 2319 2396 det,
2351 2339 2399 2385 et
2433 2331 2529 2386 hoc
2564 2332 2735 2401 ipsum
2759 2342 2867 2389 erat
2892 2336 3156 2407 sapientia:
3177 2378 3193 2402 ,
3217 2338 3347 2393 scire
3373 2340 3522 2410 cujus

1935 2426 2062 2473 esset
2108 2420 2207 2473 hoc
2242 2420 2471 2489 donum;
2500 2422 2607 2477 adii
2650 2423 2955 2492 Dominum,
3000 2436 3051 2481 et
3092 2428 3389 2500 deprecatus
3407 2444 3523 2485 sunt

1927 2512 2088 2583 (Sep.
2118 2529 2233 2582 non,
2263 2514 2380 2587 9i).
2410 2515 2527 2586 ipsa
2554 2525 2637 2572 est
2668 2518 2753 2573 illa
2778 2520 3037 2589 sapientia
3062 2536 3181 2592 qua:
3206 2522 3376 2592 pietas
3414 2539 3518 2580 vo-

1929 2614 2100 2670 catur,
2120 2619 2227 2675 qua
2248 2605 2440 2661 colitur
2461 2607 2619 2663 Pater
2635 2609 2915 2677 luminum,
2945 2626 2973 2665 a
2999 2624 3109 2682 quo
3129 2621 3213 2669 est
3235 2629 3396 2670 omne
3423 2614 3521 2671 da-

1928 2702 2042 2749 tum
2067 2696 2357 2766 optimum,
2380 2706 2435 2753 et
2467 2713 2627 2754 omne
2663 2699 2871 2755 domun-
2903 2701 3195 2772 permotum
3237 2704 3442 2777 (Jacobi
3475 2722 3515 2774 ι,

1928 2787 2044 2858 17).
2073 2785 2281 2844 Colitur
2304 2798 2482 2845 autem
2505 2791 2770 2848 sacriﬁcio
2795 2793 2969 2849 laudis
2987 2795 3324 2868 actionisque
3346 2795 3379 2831 ⁸
3397 2812 3520 2869 gra-

1927 2878 2141 2946 tiarum,
2174 2880 2422 2935 utcultor
2440 2880 2557 2952 ejus
2580 2897 2687 2938 non
2718 2884 2771 2939 in
2796 2898 2857 2940 se
2893 2884 3031 2956 ipso,
3060 2886 3159 2946 sed
3197 2887 3254 2947 in
3285 2887 3520 2964 illogic-

1927 2971 2095 3027 rietur
2122 2972 2325 3045 (llCor.
2352 2990 2406 3042 ι,
2431 2974 2542 3049 l7).
2587 2977 2665 3034 Ac
2692 2991 2790 3049 per
2836 2976 2938 3036 hoc
2975 2980 3095 3052 lege
3121 2998 3343 3053 operum
3388 2985 3519 3044 dicit

1902 3062 2235 3129 .DcusJ'ac
2261 3065 2405 3137 quod
2445 3067 2792 3140 iubeo-:lege
2845 3070 2969 3128 ﬁdei
3016 3073 3213 3130 dicitur
3259 3077 3390 3146 Deo,
3438 3077 3518 3136 Da

1923 3155 2067 3227 quod
2089 3156 2265 3228 jubes.
2301 3157 2424 3215 ideo
2452 3161 2594 3216 enim
2622 3162 2772 3232 jubet
2801 3164 2911 3233 lex,
2962 3174 3020 3221 ut
3049 3167 3333 3226 admoneat
3373 3171 3516 3244 quod

1923 3248 2084 3305 faciat
2101 3249 2263 3317 ﬁdos;
2292 3251 2346 3307 id
2370 3261 2454 3308 est
2472 3295 2486 3319 ,
2517 3263 2576 3309 ut
2600 3256 2685 3310 cui
2708 3255 2947 3327 iubetur,
2980 3259 3024 3315 si
3047 3262 3283 3318 nondum
3307 3273 3506 3335 potest,

1924 3340 2059 3396 sciat
2075 3342 2201 3411 quid
2244 3351 2391 3413 petat
2419 3361 2432 3399 :
2462 3344 2509 3401 si
2537 3355 2715 3403 autem
2763 3350 3018 3406 continuo
3065 3362 3268 3423 potest,
3304 3365 3361 3412 et
3386 3355 3549 3414 obo-.

1923 3433 2134 3527 diontcr
2156 3434 2303 3506 facit,
2332 3438 2490 3495 debet
2516 3441 2677 3497 etiam
2724 3443 2865 3499 scire
2906 3458 3014 3517 quo
3043 3446 3279 3507 donante
3318 3452 3513 3527 possit.

1924 3524 2050 3580 Non
2084 3527 2218 3585 cuius
2257 3529 2493 3600 spiritum
2532 3531 2689 3604 hujus
2712 3534 2892 3590 mundi
2932 3539 3236 3608 accepimus,
3268 3524 3343 3598 ait
3371 3542 3513 3599 idem

1923 3615 2038 3687 ipse
2066 3620 2528 3678 constantissimus
2551 3623 2740 3694 gratim
2770 3625 3123 3696 przedicator;
3150 3629 3243 3685 sed
3277 3632 3514 3705 spiritum

1921 3711 2011 3781 qui
2033 3728 2096 3766 ea:
2122 3711 2232 3767 Deo
2256 3722 2349 3782 est,
2374 3723 2430 3768 ut
2454 3716 2674 3772 sciamus
2697 3732 2813 3787 quas
2834 3735 2868 3773 α
2892 3717 3003 3775 Deo
3044 3721 3237 3777 donata
3274 3740 3387 3780 ωηο
3419 3743 3514 3783 10·

1921 3800 1999 3855 ιδ.
2028 3801 2071 3875 (i
2096 3802 2214 3858 Cor.
2246 3818 2305 3869 ιι,
2338 3803 2449 3879 η).
2477 3806 2609 3875 Quis
2637 3816 2720 3863 est
2745 3815 2927 3865 autem
2946 3811 3167 3882 spiritus
3192 3816 3376 3873 mundi
3417 3817 3517 3874 hu-

1918 3893 2023 3966 jus,
2056 3895 2161 3950 nisi
2187 3897 2454 3968 superbiae
2476 3899 2695 3970 spiritus
2709 3900 2739 3956 τ
2761 3900 2883 3970 Quo
2904 3918 3000 3959 eor
3023 3904 3285 3976 insipiens
3311 3909 3510 3967 obscu-

1900 3996 2099 4060 jsttrm
2124 3997 2211 4045 est
2231 4002 2447 4060 eorum,
2488 3992 2578 4063 qui
2605 3993 2877 4065 cognitum
2902 3994 3071 4053 Deum
3100 4013 3209 4055 non
3239 4007 3301 4056 ut
3342 4002 3512 4059 Deum

1898 4078 2118 4150 'gratias
2136 4080 2343 4152 agendo
2369 4082 2805 4153 gloriﬁcaverunt
2832 4103 2847 4141 :
2870 4102 2971 4144 nec
3004 4088 3112 4145 alio
3140 4089 3335 4162 spiritu
3357 4093 3509 4151 deci-

1918 4169 2138 4242 piuntur
2160 4171 2322 4228 etiam
2362 4173 2475 4241 illi,
2526 4176 2619 4248 qui
2671 4176 2987 4250 ignorantes
3011 4180 3110 4238 Dei
3148 4182 3409 4254 justitiam
3456 4195 3513 4242 et

1919 4273 2071 4317 suam
2089 4261 2349 4333 Notitiam
2379 4266 2619 4325 volentes
2644 4270 2993 4339 constituere,
3027 4274 3252 4346 justitiae
3281 4277 3378 4333 Dei
3402 4294 3512 4335 non

1917 4361 2047 4412 sunt
2082 4354 2327 4426 subjecti.
2372 4356 2529 4416 Unde
2575 4361 2707 4416 mihi
2756 4362 2977 4420 videtur
3011 4367 3183 4438 magis
3225 4384 3345 4425 esse
3386 4368 3511 4427 ildei

1917 4445 2079 4514 illius,
2111 4448 2204 4520 qni
2243 4451 2393 4506 novit
2417 4467 2447 4507 ι
2473 4467 2580 4523 quo
2619 4464 2801 4526 speret
2842 4458 2987 4531 quod
3031 4459 3269 4517 nondum
3310 4461 3506 4534 habet,

1917 4551 2075 4608 quam
2099 4539 2189 4609 qui
2213 4538 2318 4596 sibi
2341 4541 2525 4597 tribuit
2548 4543 2600 4598 id
2627 4545 2773 4615 quod
2794 4546 2986 4603 habet:
3012 4550 3257 4619 quamvis
3290 4552 3508 4624 utrique

1896 4626 2108 4684 .horum
2135 4631 2493 4700 praeferendus
2521 4633 2625 4701 sit,
2665 4636 2757 4705 qui
2799 4645 2854 4692 et
2878 4638 3039 4695 habet
3066 4649 3123 4696 et
3161 4642 3309 4698 novit
3337 4658 3366 4697 a
3395 4659 3505 4716 quo

1916 4718 2109 4787 habet;
2137 4721 2183 4777 si
2212 4730 2391 4779 tamen
2434 4738 2540 4780 non
2571 4740 2632 4782 se
2665 4727 2850 4785 credat
2889 4726 3010 4788 o'sse
3029 4730 3055 4766 '
3081 4735 3237 4805 quod
3268 4737 3509 4795 nondum

1916 4821 2030 4878 est;
2058 4828 2127 4870 ne
2146 4814 2349 4872 incidat
2377 4818 2431 4873 in
2475 4819 2661 4876 vitium
2700 4819 2844 4878 illius
2882 4824 3160 4896 pharisaai,
3206 4828 3298 4901 qui
3338 4844 3508 4903 quan-
3542 4896 3553 4903 _

1915 4917 2075 4976 quam
2104 4906 2214 4962 Deo
2234 4909 2433 4979 gratias
2459 4914 2643 4982 ageret
2661 4926 2726 4969 ex
2758 4914 2822 4971 iis
2847 4931 2967 4988 quae
2991 4918 3241 4993 habebat,
3267 4923 3396 4979 nihil
3420 4930 3506 4981 ta-

1913 4998 2278 5067 mcupotobat
2317 5000 2432 5056 dari
2476 5002 2598 5070 sibi,
2630 5011 2882 5078 tanquam
2928 5009 3097 5067 nihilo
3133 5013 3396 5085 indigeret
3436 5016 3505 5074 ad

1912 5088 2207 5158 erigendum
2238 5091 2679 5161 porﬂciendamve
2717 5097 2977 5169 justitiam
3019 5102 3175 5175 (Luc.
3206 5120 3361 5177 xvm,
3405 5110 3497 5181 ii,

1916 5181 2025 5274 Β).
2055 5182 2149 5239 liis
2187 5184 2351 5256 igitur
2371 5187 2724 5248 consideratis
2752 5182 3201 5272 pcrtractatisque
3240 5217 3339 5274 pro
3366 5202 3502 5261 viri-

1892 5268 2012 5332 ‘bus
2038 5291 2172 5348 quas
2214 5278 2468 5339 Dominus
2492 5281 2696 5341 donare
2736 5284 3004 5362 dignatur,
3048 5268 3346 5366 colligimus
3387 5311 3496 5358 non

1973 5432 2241 5507 rem
2263 5445 2390 5507 ’μιν
2413 5439 3129 5507 Μωααωσοίωω.

1972 5498 2005 5579 1
2017 5498 2314 5564 Manum-ipa
2334 5498 2438 5553 non
2446 5501 2647 5568 habent,
2670 5510 2801 5570 tam;
2818 5498 2986 5572 neque
3003 5507 3056 5559 id
3076 5507 3225 5577 infla,
3248 5516 3296 5567 et
3318 5518 3502 5579 questo.

1894 5556 2996 5719 :“ietoesmuzmewm
3020 5644 3051 5684 α
3081 5639 3443 5703 meum

2015 5695 2192 5738 Omnes
2210 5689 2320 5757 fere
2341 5696 2469 5757 (uss,

1970 5751 2008 5862 ξι
2160 5756 2279 5808 editi
2318 5753 2561 5805 addebant
2584 5768 2646 5806 eo
2665 5751 2792 5823 loco;
2836 5755 2883 5813 si
2915 5761 3079 5817 nam
3109 5772 3207 5817 non
3237 5775 3289 5814 se
3331 5766 3498 5819 credat
