3984 6526
465 480 744 553 iustiﬁcari
792 479 1058 536 hominem
1117 474 1398 546 praeceptis
1445 475 1606 530 bona
1632 475 1756 529 vita:
1805 473 1904 528 nisi
1955 487 2047 544 per

467 574 627 629 ﬁdem
657 574 782 630 Jesu
810 572 1039 633 Christi,
1063 570 1164 624 hoc
1192 576 1308 634 est,
1341 581 1450 623 non
1491 567 1612 638 lege
1654 581 1909 637 operum,
1953 564 2048 621 sed

468 665 590 721 ﬁdet
615 681 629 731 ;
664 680 767 719 non
799 665 974 718 littera
992 703 1007 730 ,
1031 660 1126 716 sed
1149 660 1371 731 spiritu;
1396 673 1504 715 non
1529 657 1790 715 factorum
1816 657 2044 723 meritis,

469 756 564 813 sed
592 755 818 827 gratuita
849 753 1034 823 gratia.

539 834 776 903 CAPUT
816 844 953 900 XIV.
983 873 1051 884 —-
1098 843 1188 900 23.
1240 841 1529 915 Decalogus
1575 857 1771 911 quoque
1839 839 2044 906 occidit,

470 942 568 996 nisi
596 940 727 994 adsit
749 940 932 1010 gratia.
960 938 1214 1006 Quamvis
1235 938 1432 1008 itaque,
1462 937 1582 992 illos
1608 935 1797 1007 quibus
1817 935 2050 990 circum-

469 1031 600 1086 cisio
626 1031 1062 1100 persuadebatur,
1093 1031 1164 1086 ita
1189 1031 1462 1101 corripere
1489 1037 1650 1100 atque
1674 1027 1942 1097 corrigere
1968 1025 2052 1079 vi-

471 1122 660 1176 deatur
688 1123 974 1192 Apostolus
996 1164 1012 1190 ,
1040 1130 1095 1176 ut
1117 1123 1246 1192 legis
1291 1122 1508 1176 nomine
1537 1120 1776 1174 eamdem
1821 1119 2051 1176 circum-

469 1213 726 1268 cisionem
755 1215 1004 1284 appellet,
1032 1223 1364 1283 caeterasquc
1409 1213 1670 1281 ejusmodi
1703 1212 1835 1282 legis
1861 1210 2050 1266 obser-

470 1304 740 1369 vationes,
789 1319 920 1375 quas
968 1313 1218 1375 tanquam
1271 1304 1489 1358 umbras
1543 1302 1708 1358 futuri
1746 1302 1856 1372 jam
1911 1316 2052 1357 nunc

470 1404 730 1468 respuunt
755 1396 1038 1452 Christiani
1064 1439 1079 1462 ,
1130 1397 1182 1452 id
1214 1405 1457 1452 tenentes
1484 1396 1627 1465 quod
1667 1410 1762 1466 per
1781 1395 1902 1450 illas
1927 1409 2049 1449 um-

471 1489 595 1545 bras
639 1488 860 1561 ﬁgurate
903 1488 1350 1560 promittebatur:
1384 1497 1560 1543 tamen
1619 1488 1788 1560 legem
1841 1502 1906 1544 ex
1951 1501 2057 1558 qua

472 1581 740 1636 neminem
767 1581 894 1636 dicit
907 1581 1184 1651 iustiﬁcari
1205 1623 1220 1648 ,
1249 1595 1354 1635 non
1399 1589 1602 1635 tantum
1647 1581 1699 1635 in
1739 1579 1844 1636 illis
1876 1594 2056 1634 sacra-

475 1672 669 1728 mentis
715 1687 835 1742 quae
883 1671 1183 1728 habuerunt
1230 1671 1578 1742 promissivas
1623 1671 1840 1742 ﬁguras,
1873 1683 2057 1724 verum

473 1764 636 1820 etiam
661 1765 718 1820 in
736 1765 844 1821 illis
877 1765 1128 1836 operibus
1147 1765 1260 1830 vult
1285 1765 1530 1836 intelligi,
1556 1780 1674 1835 quae
1704 1764 1945 1832 quisquis
1977 1761 2056 1818 fe-

473 1857 628 1925 cerit,
647 1858 789 1926 iuste
824 1857 953 1912 vivit
983 1873 998 1930 :_
1024 1857 1114 1914 ubi
1159 1865 1245 1914 est
1285 1865 1340 1912 et
1365 1856 1524 1923 illud,
1567 1855 1689 1910 Non
1717 1855 2057 1923 concupisces.

474 1948 655 2018 Atque
674 1957 732 2004 ut
759 1947 862 2004 hoc
887 1948 1029 2020 quod
1047 1948 1274 2004 dicimus
1297 1949 1388 2004 ﬁat
1420 1947 1628 2018 planius
1645 1989 1661 2012 ,
1690 1946 1863 2016 ipsum
1892 1946 2061 2001 Deca-

474 2045 656 2115 logum
688 2045 985 2102 videamus.
1031 2045 1187 2101 Certe
1236 2047 1380 2102 enim
1427 2046 1600 2115 legem
1653 2044 1862 2115 Moyses
1907 2040 2063 2098 mini-

475 2137 748 2194 strandam
774 2137 973 2209 populo
1000 2139 1208 2208 accepit
1232 2138 1284 2194 in
1310 2147 1522 2204 monte,
1545 2138 1795 2206 scriptam
1827 2136 1882 2191 in
1922 2132 2060 2204 lapi-

475 2228 592 2284 deis
621 2228 814 2284 tabulis
855 2229 1022 2300 digito
1065 2231 1158 2286 Dei
1189 2246 1202 2283 :
1229 2229 1344 2285 haec
1389 2230 1574 2285 decem
1609 2230 1891 2299 praeceptis
1931 2242 2063 2282 con-

473 2319 750 2390 stringitur
770 2319 967 2390 (Exod.
1011 2336 1162 2390 xxxi,
1212 2322 1317 2386 18;
1363 2321 1517 2376 Deut.
1545 2337 1621 2386 rx,
1665 2321 1752 2385 10,
1795 2329 1841 2374 et
1890 2318 2062 2374 Exod.

475 2411 610 2482 xx),
633 2412 722 2466 ubi
751 2410 878 2466 nihil
910 2411 978 2468 de
1001 2413 1407 2470 circumcisione
1433 2412 1743 2468 mandatum
1772 2421 1890 2480 est,
1920 2411 2056 2466 nihil

403 2533 410 2540 -
476 2500 544 2556 de
567 2500 797 2556 victimis
833 2516 1086 2572 pecorum
1109 2542 1128 2569 ,
1171 2519 1290 2573 qua:
1342 2517 1502 2558 nunc
1525 2517 1556 2556 a
1603 2501 1920 2557 Christianis
1957 2515 2064 2556 non

475 2595 840 2652 immolantur.
869 2595 929 2652 ln
968 2596 1072 2650 illis
1099 2595 1259 2667 igitur
1285 2595 1472 2650 decem
1505 2595 1818 2664 praeceptis,
1840 2602 2064 2663 excepta

477 2688 684 2744 sabbati
733 2688 1126 2754 observatione,
1154 2686 1361 2742 dicatur
1389 2685 1664 2754 mihiquid
1694 2701 1800 2739 non
1853 2684 1924 2739 sit
1965 2683 2065 2739 ob-

476 2779 799 2836 servandum
820 2795 852 2836 a
880 2780 1189 2847 christiano,
1219 2778 1332 2834 sive
1366 2778 1432 2833 de
1471 2792 1576 2832 non
1601 2775 1857 2832 faciendis
1884 2776 2068 2832 colen-

478 2870 669 2940 disque
695 2869 855 2928 idolis
901 2871 1128 2942 aliisque
1155 2870 1278 2926 ullis
1317 2869 1419 2924 diis
1447 2877 1642 2938 praeter
1682 2885 1846 2924 unum
1879 2883 2064 2925 verum

479 2962 666 3030 Deum,
689 2963 806 3020 sive
832 2963 900 3018 de
924 2978 1032 3018 non
1059 2960 1372 3030 accipiendo
1391 2961 1606 3016 nomine
1641 2961 1736 3016 Dei
1761 2961 1816 3016 in
1843 2974 2061 3026 vanum,

479 3054 592 3110 sive
626 3053 696 3110 de
738 3053 944 3110 honore
986 3052 1293 3124 parentibus
1322 3051 1612 3108 deferendo
1635 3093 1652 3120 ,
1701 3051 1816 3107 sive
1857 3051 1924 3107 de
1970 3043 2066 3107 ca-

479 3147 670 3204 vendis
733 3145 1211 3213 fornicationibus,
1274 3145 1612 3211 homicidiis,
1658 3143 1849 3209 furtis,
1917 3144 2067 3200 falsis

481 3241 838 3310 testimoniis,
881 3241 1189 3310 adulteriis,
1233 3256 1294 3297 re
1339 3240 1516 3298 aliena
1571 3239 1995 3310 concupiscenda
2022 3241 2064 3293 ί.

481 3335 617 3404 Quid
644 3335 836 3392 horum
853 3335 1132 3406 quisquam
1159 3334 1355 3392 dixerit
1372 3333 1719 3390 christianum
1741 3347 1850 3390 non
1866 3333 2066 3389 debere

481 3427 735 3482 servare?
763 3431 846 3482 An
865 3425 1007 3482 forte
1035 3441 1143 3482 non
1180 3428 1337 3482 istam
1365 3426 1535 3496 legem
1561 3440 1682 3496 quae
1711 3426 1766 3480 in
1797 3425 1902 3480 illis
1929 3424 2065 3478 dua-

481 3518 581 3573 bus
603 3517 795 3573 tabulis
831 3518 1027 3588 scripta
1056 3526 1172 3584 est,
1207 3517 1438 3572 litteram
1480 3518 1812 3573 occidentem
1837 3515 2068 3586 appellat

481 3610 806 3680 Apostolus,
836 3609 932 3666 sed
961 3610 1106 3665 illam
1144 3609 1566 3665 circumcisionis
1611 3609 1944 3679 aliorumque
1971 3623 2066 3665 ve-

480 3707 654 3756 terum
671 3700 891 3770 jamque
913 3700 1236 3756 abolitorum
1261 3701 1760 3756 sacramentorum?
1787 3699 1891 3756 Sed
1935 3714 2069 3770 quo-

481 3779 642 3848 modo
677 3792 1002 3862 putabimus,
1051 3806 1173 3847 cum
1211 3792 1268 3846 in
1295 3806 1356 3848 ea
1384 3793 1472 3855 sit,
1526 3789 1651 3846 Non
1699 3792 2023 3862 concupisces
2045 3805 2066 3846 :

480 3898 570 3952 per
593 3882 736 3953 quod
759 3883 1074 3950 mandatum,
1099 3883 1344 3954 quamvis
1367 3889 1599 3936 sanctum
1619 3892 1666 3938 et
1679 3882 1879 3952 justum
1906 3891 1952 3936 et
1978 3882 2068 3937 bo-

480 3993 624 4044 num,
657 3977 836 4047 fefellit
860 3993 960 4044 me,
981 3976 1174 4047 inquit,
1199 3984 1481 4046 peccatum,
1503 3985 1552 4030 et
1573 3993 1665 4046 per
1698 3975 1830 4030 illud
1849 3975 2071 4030 occidit?

480 4067 617 4134 Quid
641 4067 785 4123 enim
815 4068 958 4123 aliud
983 4077 1090 4136 est,
1113 4067 1306 4129 Littera
1325 4068 1546 4122 occidit?

550 4161 641 4216 24.
667 4160 919 4228 Quamvis
943 4161 1242 4216 evidentius
1270 4175 1336 4216 eo
1363 4161 1480 4230 ipso
1500 4160 1620 4214 loco
1640 4161 1708 4214 ad
1731 4159 2060 4226 Corinthios,

481 4251 574 4306 ubi
601 4251 696 4319 ait,
739 4250 930 4305 Littera
975 4251 1177 4316 occidit,
1214 4251 1422 4320 spiritus
1459 4258 1625 4303 autem
1667 4249 1922 4319 vivi/icat;
1961 4264 2068 4306 non

481 4341 642 4396 aliam
667 4340 798 4396 velit
823 4339 1044 4411 intelligi
1069 4341 1324 4407 litteram,
1345 4354 1506 4411 quam
1531 4340 1707 4410 ipsum
1739 4340 2064 4411 Decalogum

482 4431 538 4486 in
562 4431 668 4487 illis
691 4431 896 4502 duabus
924 4431 1119 4486 tabulis
1143 4431 1422 4502 scriptum.
1437 4430 1526 4487 Sic
1544 4431 1687 4487 enim
1701 4430 1831 4486 dicit
1853 4448 1896 4485 ει
1921 4431 2070 4500 Quo-

483 4523 629 4578 niam
673 4523 802 4580 estis
845 4523 1070 4594 epistola
1095 4519 1289 4578 Christi
1321 4523 1623 4578 ministrata
1658 4537 1753 4593 per
1781 4537 1898 4588 nos,
1929 4524 2066 4578 scri-

481 4625 568 4688 pta
591 4631 698 4673 non
721 4623 1040 4683 atramento,
1055 4614 1152 4671 sed
1175 4615 1365 4686 spiritu
1392 4615 1487 4670 Dei
1503 4615 1640 4682 vivi;
1661 4629 1768 4670 non
1784 4615 1842 4670 in
1866 4614 2062 4670 tabulis

483 4707 722 4777 lapideis,
740 4707 836 4762 sed
855 4707 910 4762 in
931 4707 1123 4764 tabulis
1137 4707 1312 4762 cordis
1333 4706 1656 4762 carnalibus.
1672 4705 2062 4762 Conﬁdentiam

481 4807 661 4854 autem
685 4799 847 4856 talem
889 4798 1150 4854 habemus
1177 4813 1272 4868 per
1314 4796 1582 4854 Christum
1625 4797 1690 4852 ad
1735 4799 1928 4863 Deum,
1958 4811 2066 4853 non

483 4891 608 4962 quia
633 4889 814 4946 idonei
853 4889 1022 4945 simus
1061 4891 1298 4960 cogitare
1337 4889 1533 4960 aliquid
1570 4904 1602 4944 a
1641 4890 1796 4946 nobis
1821 4889 1972 4960 quasi
1999 4905 2068 4945 ex

481 4983 908 5054 nobismetipsis;
937 4983 1034 5040 sed
1061 4983 1380 5040 sufﬁcientia
1409 4991 1592 5040 nostra
1619 4998 1683 5039 ex
1713 4984 1822 5040 Deo
1848 4993 1950 5052 est,
1975 4985 2068 5056 qui

483 5077 708 5133 idoneos
733 5091 833 5132 nos
861 5075 988 5131 fecit
1005 5075 1279 5132 ministros
1306 5075 1438 5131 Novi
1456 5075 1784 5130 Testamenti
1803 5116 1820 5142 ,
1847 5091 1954 5131 non
1979 5075 2072 5131 lit-

481 5173 636 5234 terae,
665 5166 763 5224 sed
791 5167 1014 5239 spiritus
1031 5168 1076 5220 ².
1101 5167 1302 5224 Littera
1325 5167 1470 5222 enim
1496 5165 1714 5232 occidit,
1745 5167 1962 5238 spiritus
1981 5181 2068 5222 au-

479 5267 592 5318 tem
614 5257 864 5316 viviﬁcat.
895 5259 952 5316 Si
995 5268 1172 5315 autem
1211 5257 1532 5315 ministratio
1578 5259 1768 5314 mortis
1794 5258 1848 5314 in
1877 5257 2070 5312 litteris

483 5351 710 5423 ﬁgurata
739 5352 794 5406 in
819 5347 1086 5422 lapidibus
1109 5349 1206 5405 fuit
1232 5351 1284 5406 in
1301 5350 1472 5421 gloria
1491 5391 1506 5416 ,
1537 5351 1607 5404 ita
1635 5357 1694 5404 ut
1716 5363 1821 5403 non
1849 5355 2070 5417 possent

479 5443 761 5502 intendere
783 5441 880 5498 ﬁlii
899 5441 1064 5498 israel
1093 5443 1148 5497 in
1169 5441 1358 5498 faciem
1381 5441 1571 5514 Moysi,
1599 5449 1814 5512 propter
1841 5440 2066 5512 gloriam

482 5535 665 5592 vultus
691 5535 806 5607 ejus
847 5549 967 5607 quae
1009 5545 1328 5603 evacuatur;
1357 5551 1523 5606 quare
1549 5551 1655 5590 non
1698 5535 1866 5604 magis
1910 5533 2082 5598 mini-_

543 5671 562 5701 ι
586 5675 708 5719 Tres
727 5669 934 5719 Vaticani
953 5673 1082 5730 uss,
1107 5682 1160 5719 re
1181 5666 1280 5716 alia
1301 5679 1393 5716 non
1409 5663 1805 5730 concupiscenda.

542 5733 563 5762 ³
586 5733 656 5800 sic
677 5731 990 5800 tuamne-rip“
1013 5725 1384 5800 genitivoqtsu,
1417 5725 1569 5800 juxta"
1587 5740 1817 5800 graecum.
1835 5725 1956 5800 Editi
1981 5737 2067 5800 an-

482 5801 582 5858 gam
607 5792 700 5844 hic,
737 5803 832 5858 non
867 5787 1041 5858 migra;
1059 5791 1146 5858 sed
1168 5787 1377 5856 spiritu;
1397 5787 1482 5851 (illi
1505 5787 1667 5837 tanien
1706 5787 1852 5858 infra,
1876 5799 1960 5858 ιλιι.
1987 5787 2076 5848 50,-

479 5854 557 5908 33.
583 5866 694 5903 cum
710 5855 920 5916 antiquis
939 5853 1182 5904 codicibus
1194 5853 1254 5902 'et
1275 5865 1384 5901 cum
1403 5863 1563 5911 gra‘co
1586 5853 1910 5898 consentiunt.

1416 359 1503 415 DE
1540 355 1809 414 SPlRlTU
1847 354 1936 412 ET
1973 353 2294 423 LITTERA,
2331 355 2389 412 S.
2422 355 2788 417 AUGUSTINI

3628 362 3729 425 2l6

2159 473 2344 527 stratio
2386 473 2606 544 spiritus
2648 476 2750 531 erit
2772 475 2829 531 in
2867 475 3079 547 gloria?
3125 475 3184 534 Si
3220 476 3364 535 enim
3410 480 3730 542 ministratio

2155 563 2509 620 damnationis
2564 567 2729 636 gloria
2781 576 2864 623 est
2889 569 2908 599 ί
2931 608 2948 636 ,
3005 569 3172 625 multo
3228 571 3396 642 magis
3446 573 3733 632 abundabit

2153 654 2507 710 ministerium
2549 656 2770 726 justitize
2816 658 2870 712 in
2917 658 3082 729 gloria
3110 680 3128 713 ι
3184 659 3249 734 (li
3295 661 3414 717 Cor.
3463 679 3544 728 Ill,
3591 663 3732 737 2-9).

2155 744 2270 802 Dici
2294 747 2362 802 de
2389 747 2472 803 his
2491 748 2670 804 verbis
2688 751 2852 806 multa
2878 761 3100 822 possunt
3119 755 3160 820 ',
3189 754 3282 808 sed
3307 763 3493 824 postea
3513 755 3735 815 fortasse

2155 839 2521 907 opportunius.
2540 839 2694 897 Nunc
2718 851 2898 898 autem
2919 843 3136 900 adverte
3159 860 3320 914 quam
3338 845 3482 902 dicat
3506 848 3735 906 litteram

2156 946 2276 1001 quae
2303 933 2529 1001 occidit,
2557 935 2642 990 cui
2665 936 2860 992 velute
2885 938 3153 993 contrario
3191 933 3546 996 viviﬁcantem
3585 943 3740 1010 spiri.
3819 965 3824 968 ·

2158 1031 2270 1080 tum
2296 1026 2508 1097 ingerit.
2533 1025 2775 1100 Ea‘certe
2798 1037 2883 1085 est
2906 1031 3227 1086 ministratio
3256 1032 3446 1087 mortis
3465 1033 3520 1088 in
3548 1034 3737 1092 litteris

2161 1118 2384 1189 ﬁgurata
2441 1119 2700 1190 lapideis,
2729 1131 2785 1178 et
2829 1124 3151 1180 ministratio
3198 1125 3592 1194 damnationis;
3621 1131 3741 1198 quia

2163 1210 2250 1266 lex
2273 1211 2623 1282 subintravit,
2645 1224 2704 1269 ut
2731 1215 3026 1273 abundaret
3069 1217 3344 1274 delictum.
3373 1220 3544 1277 Porro
3567 1229 3743 1278 autem

2163 1313 2432 1374 praecepta
2455 1306 2568 1373 ipsa
2594 1313 2700 1361 tam
2731 1315 2856 1362 sunt
2880 1308 3025 1363 utilia
3053 1308 3267 1366 facienti
3295 1320 3456 1381 atque
3480 1312 3742 1381 salubria,

2161 1402 2222 1450 ut
2264 1396 2365 1452 nisi
2391 1397 2510 1467 quis
2538 1412 2600 1454 ea
2628 1397 2850 1466 fecerit,
2879 1399 3042 1454 vitam
3067 1399 3267 1458 habere
3308 1419 3414 1458 non
3443 1406 3638 1474 possit.
3665 1408 3746 1463 An

2163 1499 2290 1542 vero
2317 1496 2535 1557 propter
2563 1504 2730 1544 unum
2772 1501 3100 1561 praeceptum
3125 1491 3267 1562 quod
3309 1492 3382 1550 ibi
3411 1494 3480 1551 de
3525 1495 3748 1554 sabbato

2163 1586 2247 1633 est
2292 1580 2523 1650 positum
2545 1621 2561 1647 ,
2588 1581 2765 1638 dictus
2812 1591 2896 1638 est
2934 1584 3228 1656 Decalogus
3255 1586 3433 1642 littera
3463 1589 3746 1659 occidens,

2164 1673 2415 1742 quoniam
2435 1674 2674 1744 quisquis
2684 1675 2832 1730 illum
2855 1675 2997 1732 diem
3025 1692 3166 1733 nunc
3179 1692 3347 1749 usque
3363 1679 3618 1736 observat
3643 1683 3750 1738 sic-

2165 1773 2223 1818 ut
2245 1765 2420 1822 littera
2446 1778 2629 1832 sonat,
2657 1769 2940 1824 carnaliter
2966 1771 3136 1840 sapit;
3187 1785 3376 1842 sapere
3395 1781 3580 1828 autem
3621 1774 3644 1805 ³
3663 1789 3748 1830 se-

2166 1857 2400 1912 cundum
2427 1873 2642 1915 carnem
2659 1876 2806 1917 mors
2829 1869 2912 1917 est
2929 1862 3104 1928 (Rom.
3121 1878 3234 1930 vm,
3257 1863 3335 1929 6);
3363 1871 3418 1920 et
3441 1865 3535 1919 illa
3559 1879 3754 1924 novem

2166 1960 2432 2022 praecepta
2459 1969 2577 2023 quae
2607 1955 2685 2010 sic
2722 1963 2869 2012 recte
2897 1954 3249 2012 observantur
3277 1965 3335 2012 ut
3361 1957 3562 2028 scripta
3589 1967 3752 2026 sunt,

2168 2060 2275 2101 non
2316 2045 2384 2101 ad
2411 2045 2582 2116 legem
2607 2063 2830 2118 operum
2859 2064 2925 2104 ex
2950 2063 3056 2120 qua
3097 2064 3256 2106 nemo
3281 2049 3629 2120 justiﬁeatur,
3661 2053 3756 2108 sed

2167 2138 2234 2193 ad
2261 2138 2434 2208 legem
2463 2137 2585 2194 ﬁdei
2614 2153 2681 2194 ex
2701 2155 2812 2210 qua
2835 2139 3012 2210 justus
3033 2140 3196 2206 vivit,
3226 2142 3498 2211 pertinere
3521 2142 3758 2213 putanda

2169 2228 2325 2284 sunt?
2351 2228 2480 2296 Quis
2509 2239 2620 2284 tam
2646 2230 2879 2286 absurde
2901 2231 3118 2298 sentiat,
3142 2232 3592 2290 ministrationem
3611 2249 3760 2290 mor-

2170 2319 2238 2374 tis
2265 2319 2317 2374 in
2343 2320 2534 2376 litteris
2565 2320 2842 2391 ﬁguratam
2873 2321 3119 2393 lapideis,
3148 2338 3254 2380 non
3275 2323 3384 2380 dici
3411 2339 3480 2382 ex
3505 2325 3759 2384 omnibus

2171 2410 2356 2466 decem
2383 2412 2686 2481 praeceptis,
2713 2412 2807 2468 sed
2837 2429 2903 2468 ex
2935 2428 3044 2469 uno
3067 2414 3186 2470 solo
3207 2415 3352 2486 quod
3375 2416 3447 2472 ad
3471 2416 3760 2475 sabbatum

2169 2504 2431 2574 pertinet?
2461 2503 2564 2559 Ubi
2602 2519 2730 2576 ergo
2759 2507 3038 2575 ponimus,
3063 2506 3172 2563 Lex
3203 2508 3336 2563 iram
3373 2519 3650 2582 operatur;
3673 2512 3764 2568 ubi

2171 2597 2304 2649 enim
2330 2612 2432 2650 non
2475 2603 2550 2650 est
2601 2596 2683 2651 lea:
2703 2636 2719 2660 ,
2743 2614 2831 2651 nec
2883 2598 3231 2668 prcevaricatio
3269 2598 3383 2670 (Id.
3412 2616 3485 2669 tv,
3512 2601 3646 2672 {5):
3673 2610 3762 2670 et,

2174 2687 2344 2758 Usque
2367 2687 2435 2741 ad
2454 2687 2613 2758 legem
2635 2698 2894 2758 peccatum
2912 2689 2966 2743 in
2999 2690 3190 2746 mundo
3211 2691 3346 2761 fuit;
3373 2701 3640 2763 peccatum
3667 2709 3767 2748 ask

2171 2789 2268 2834 tem
2295 2796 2394 2834 non
2420 2779 2778 2850 deputabatur,
2805 2796 2921 2834 cum
2950 2779 3033 2834 tea;
3069 2795 3173 2836 non
3207 2789 3331 2836 esset
3351 2779 3484 2852 (Id.
3515 2796 3572 2847 v,
3602 2783 3723 2854 i3)
3749 2797 3766 2838 :

2171 2881 2226 2927 ct
2253 2871 2382 2928 illud
2411 2871 2550 2941 quod
2575 2871 2684 2941 jam
2706 2873 2862 2927 toties
2887 2871 3447 2938 commemoravimus,
3471 2871 3576 2928 Per
3599 2872 3770 2943 legens

2172 2962 2390 3032 cognitio
2415 2964 2605 3033 peccati
2628 2961 2740 3034 (1d.
2763 2978 2842 3026 tu,
2859 2962 2955 3032 20)
2982 2981 2995 3018 :
3022 2963 3359 3034 maximeque
3383 2963 3516 3018 illud
3539 2963 3632 3018 ubi
3649 2963 3770 3020 evi-

2171 3054 2386 3110 dentius
2429 3054 2696 3124 expressit
2737 3053 2880 3110 unde
2927 3055 3122 3125 agitur,
3153 3053 3628 3134 Concupiscentiam
3669 3071 3769 3110 me-

2172 3149 2409 3218 sciebam,
2437 3149 2533 3204 nisi
2555 3149 2638 3204 lea;
2656 3149 2862 3215 diceret,
2895 3147 3019 3203 Non
3041 3148 3364 3218 concupisces
3378 3147 3405 3202 ?

2243 3241 2334 3297 25.
2375 3241 2545 3308 Quem
2599 3249 2770 3296 totum
2813 3241 2988 3296 locum
3040 3238 3284 3306 attende,
3315 3247 3372 3296 et
3413 3238 3537 3296 vide
3581 3246 3771 3296 utrum

2171 3334 2460 3405 quidquam
2490 3343 2709 3404 propter
2735 3332 3199 3390 circumcisionem
3223 3333 3312 3390 vel
3337 3332 3624 3390 sabbatum
3641 3375 3658 3401 ,
3682 3333 3769 3390 vel

2178 3424 2306 3494 quid
2331 3423 2474 3480 aliud
2500 3424 2799 3480 umbratilis
2822 3423 3176 3490 sacramenti,
3207 3438 3270 3480 ac
3299 3439 3408 3482 non
3436 3432 3609 3482 totum
3637 3441 3768 3496 pro-

2175 3523 2296 3586 pter
2322 3515 2426 3570 hoc
2449 3515 2619 3582 dicat,
2648 3515 2792 3586 quod
2831 3515 3006 3571 littera
3035 3513 3322 3585 prohibens
3347 3524 3631 3587 peccatum
3659 3532 3770 3573 non

2171 3606 2406 3662 viviﬁcat
2431 3605 2452 3637 ⁸
2483 3605 2778 3672 hominem,
2801 3606 2898 3662 sed
2923 3606 3100 3677 potius
3127 3606 3343 3673 occidit,
3367 3605 3616 3678 augendo
3635 3622 3770 3663 con-

2173 3697 2556 3770 cupiscentiam
2575 3739 2590 3765 ,
2623 3706 2678 3753 et
2722 3698 3057 3768 iniquitatem
3098 3698 3538 3768 praevaricatione
3575 3711 3770 3754 cumu-

2174 3789 2336 3847 lando
2356 3831 2371 3858 ,
2400 3790 2502 3845 nisi
2532 3790 2723 3846 liberet
2749 3789 2924 3862 gratia
2954 3804 3050 3860 per
3089 3789 3262 3863 legem
3289 3788 3414 3846 ﬁdei
3439 3805 3561 3861 qua
3601 3799 3694 3846 est
3718 3793 3772 3848 in

2173 3884 2391 3940 Christo
2433 3881 2594 3950 Jesu,
2624 3898 2744 3938 cum
2789 3871 3104 3939 diffunditur
3139 3883 3372 3938 charitas
3411 3882 3468 3938 in
3511 3881 3772 3938 cordibus

2173 3977 2368 4031 nostris
2416 3991 2515 4046 per
2566 3975 2822 4046 Spiritum
2873 3983 3118 4030 sanctum
3167 3973 3260 4045 qui
3299 3971 3454 4028 datus
3495 3980 3582 4028 est
3607 3973 3773 4028 nobis

2174 4066 2284 4140 (Id.
2330 4083 2384 4135 v,
2415 4068 2494 4138 5).
2526 4065 2658 4122 Cum
2701 4066 2844 4123 enim
2891 4065 3149 4134 dixisset,
3189 4084 3210 4118 ι
3249 4064 3320 4122 Ut
3365 4065 3670 4121 serviamus
3717 4065 3775 4122 in

2172 4161 2406 4216 novitate
2426 4161 2663 4230 spiritus,
2691 4169 2866 4216 etnon
2881 4159 2936 4213 in
2951 4166 3216 4214 vetustate
3240 4157 3430 4214 littera:
3445 4173 3458 4210 :
3475 4157 3616 4225 Quid
3639 4171 3775 4228 ergo

2173 4252 2430 4318 dicemus,
2443 4269 2462 4302 ι
2482 4250 2683 4322 inquit?
2699 4267 2717 4302 ‹
2729 4250 2840 4306 Lex
2857 4257 3130 4320 peccatum
3143 4248 3258 4304 est?
3271 4247 3424 4303 Absit
3439 4264 3451 4300 :
3470 4245 3568 4302 sed
3583 4260 3778 4316 pecca-

2173 4353 2286 4400 tum
2303 4357 2408 4398 non
2421 4343 2667 4414 cognovi,
2685 4342 2788 4397 nisi
2803 4357 2898 4412 per
2913 4341 3107 4412 legem.
3127 4338 3258 4395 Nam
3275 4338 3776 4410 concupiscentiam

2173 4432 2498 4500 nesciebam,
2514 4433 2615 4488 nisi
2627 4431 2714 4488 lex
2725 4433 2946 4498 diceret,
2960 4429 3077 4486 Non
3093 4429 3455 4500 concupisces.
3470 4427 3777 4486 Occasione

2173 4534 2351 4582 autem
2371 4533 2606 4596 accepta,
2627 4533 2904 4596 peccatum
2929 4539 3026 4594 per
3051 4522 3356 4578 mandatum
3382 4529 3670 4592 operatum
3687 4525 3780 4578 est

2174 4621 2227 4676 in
2255 4635 2342 4676 me
2371 4635 2586 4677 omnem
2613 4617 3118 4689 concupiscentiam.
3140 4615 3266 4673 Sine
3281 4615 3400 4686 lege
3413 4613 3556 4670 enim
3573 4629 3780 4684 pecca-

2173 4719 2286 4767 tum
2303 4721 2570 4766 mortuum
2592 4718 2727 4766 erat.
2745 4709 2858 4780 Ego
2876 4717 3054 4764 autem
3071 4707 3314 4762 vivebam
3336 4705 3623 4776 aliquando
3649 4707 3777 4762 sine

2172 4805 2309 4875 lege,
2331 4802 2646 4859 adveniente
2665 4809 2842 4856 autem
2859 4798 3108 4855 mandato
3124 4806 3396 4869 peccatum
3417 4795 3630 4850 revixit.
3655 4795 3778 4865 Ego

2173 4905 2349 4952 autem
2376 4904 2618 4952 mortuus
2643 4906 2784 4960 sum,
2816 4899 2871 4946 et
2889 4891 3160 4946 inventum
3179 4897 3264 4945 est
3290 4886 3422 4942 mihi
3447 4885 3776 4941 mandatum

2173 4989 2316 5062 quod
2337 4997 2454 5045 erat
2495 4987 2547 5042 in
2593 4985 2750 5040 vitam
2772 5025 2788 5050 ,
2813 4984 2917 5039 hoc
2953 4997 3073 5038 esse
3100 4982 3153 5037 in
3199 4989 3447 5036 mortem.
3477 4978 3778 5034 Peccatum

2173 5085 2316 5140 enim
2344 5081 2624 5137 occasione
2648 5087 2866 5148 accepta
2894 5092 2989 5147 per
3013 5075 3317 5132 mandatum
3347 5072 3535 5128 fefellit
3559 5087 3682 5136 me,
3718 5079 3782 5127 et

2173 5157 2268 5250 per
2287 5175 2414 5230 illud
2433 5173 2646 5230 occidit.
2668 5169 2852 5242 Itaque
2873 5171 2956 5226 lex
2981 5168 3194 5240 quidem
3225 5174 3430 5232 sancta,
3453 5173 3506 5220 et
3533 5163 3778 5218 manda-

2174 5277 2286 5322 tum
2315 5273 2578 5333 sanctum,
2601 5272 2655 5320 et
2671 5263 2896 5334 justum,
2923 5269 2980 5317 et
2999 5260 3218 5316 bonum.
3246 5256 3400 5325 Quod
3417 5271 3542 5326 ergo
3560 5254 3776 5310 bonum

2172 5367 2278 5429 est,
2301 5357 2498 5414 factum
2524 5368 2608 5412 est
2630 5355 2762 5412 mihi
2793 5369 2939 5410 mors
2961 5352 3027 5407 ’ἲ
3055 5350 3227 5408 Absit.
3257 5349 3366 5405 Sed
3397 5355 3678 5420 peccatum
3713 5351 3782 5400 ut.

2237 5532 2784 5604 διέρῗῑθίηριρνίβξδξκ
2877 5594 2890 5604 .
3060 5590 3090 5604 ..
3410 5585 3513 5604 ..-ιε

2236 5601 2256 5630 ²
2277 5585 2406 5648 tuliti'
2423 5585 2439 5645 :7
2467 5585 2576 5645 [fici
2597 5596 2658 5645 de
2677 5595 2750 5646 his
2765 5589 2936 5644 'verba
2970 5590 3121 5642 multa
3163 5591 3374 5654 possunt.
3410 5585 3580 5638 Helius
3599 5591 3718 5635 Mss.
3757 5597 3776 5634 :

2175 5659 2360 5711 de
2377 5659 2450 5709 his
2469 5655 2620 5709 verbis
2636 5656 2796 5721 multa,
2810 5661 3020 5721 possunt,

2238 5725 2379 5792 rem:
2396 5728 2478 5792 r—r-
2504 5728 2556 5792 et
2719 5718 2863 5788 εηίηιτ

2236 5786 2256 5816 ὀ
2281 5791 2348 5832 tta
2369 5791 2474 5832 Mss.
2499 5791 2556 5832 At
2578 5777 2712 5841 editi,
2737 5793 2830 5829 non
2841 5777 3098 5842 jztstifthx.

2237 5849 2258 5878 ³
2281 5844 2416 5906 Edili,
2441 5846 2566 5910 quod
2591 5833 2891 5908 crgo’bonuin
2913 5833 2982 5894 est
3009 5839 3200 5906 (bonum
3215 5845 3285 5892 est
3307 5835 3473 5900 enim),
3489 5833 3672 5902 factum
3691 5839 3774 5890 est
