3984 6512
239 366 340 425 Si?

240 482 485 552 appareat
522 484 820 547 peccatum
846 522 865 550 ,
898 495 1001 552 per
1038 481 1232 540 bonum
1277 481 1410 539 mihi
1452 492 1729 554 operatum
1758 495 1846 542 est

242 580 492 636 mortem,
523 578 580 625 ut
615 569 717 627 fiat
738 587 912 645 super
951 575 1168 631 modum
1194 589 1423 646 peccans
1447 585 1718 648 peccatum
1752 593 1846 648 per

239 661 555 718 mandatum.
585 661 812 718 Scimus
839 666 991 720 enim
1023 666 1144 736 quia
1178 666 1260 720 lex
1291 665 1580 736 spiritualis
1605 678 1683 723 est
1707 685 1720 734 ;
1744 683 1845 739 ego

234 763 394 807 autem
426 753 669 808 carnalis
699 769 822 810 sum
845 797 860 822 ,
895 758 1250 813 venumdatus
1276 758 1377 812 sub
1419 767 1654 829 peccato.
1689 760 1845 826 Quod

228 845 358 900 enim
393 860 626 914 operor,
673 847 867 919 ignoro
893 867 908 904 :
935 865 1044 905 non
1067 853 1204 906 enim
1230 851 1371 922 quod
1395 853 1515 907 volo
1533 895 1548 918 ,
1583 853 1682 910 hoc
1709 869 1842 923 ago;

226 937 312 992 ωι
339 937 489 1006 quod
537 937 674 1006 odi,
704 939 836 994 illud
883 941 1043 998 facio.
1087 942 1142 998 Si
1184 952 1359 998 autem
1386 944 1526 1014 quod
1552 945 1712 1012 nolo,
1745 947 1844 1002 hoc

197 1028 387 1100 jfacio;
412 1030 713 1086 consentio
736 1030 867 1102 legi,
891 1035 1147 1103 quoniam
1173 1034 1328 1088 bona.
1361 1033 1512 1090 Nunc
1535 1044 1714 1092 autem
1733 1051 1839 1093 non

200 1103 212 1168 ἒ
227 1121 322 1190 jam
348 1134 456 1190 ego
478 1135 695 1192 operor
720 1125 850 1180 illud
871 1165 888 1189 ,
924 1127 1024 1182 sed
1051 1126 1189 1196 quod
1217 1126 1417 1182 habitat
1448 1127 1500 1182 in
1542 1144 1629 1184 me
1651 1144 1842 1199 peccao

228 1221 346 1265 tum.
378 1211 519 1268 Scio
573 1215 723 1270 enim
756 1218 880 1286 quia
923 1234 1032 1273 non
1066 1218 1265 1273 habitat
1289 1219 1341 1272 in
1370 1234 1455 1273 tne
1476 1259 1490 1282 ,
1519 1217 1622 1275 hoc
1661 1229 1743 1276 est
1785 1221 1842 1277 in

227 1316 375 1356 carne
403 1317 563 1370 mea,
588 1304 821 1360 bonum.
840 1307 993 1362 Velle
1019 1307 1161 1364 enim
1182 1307 1386 1378 adjacet
1411 1309 1565 1376 mihi,
1585 1309 1841 1380 perﬁcere

225 1406 395 1451 autem
424 1397 645 1453 bonum
680 1415 810 1456 non.
829 1399 950 1455 Non
973 1402 1118 1456 enim
1147 1401 1289 1472 quod
1307 1401 1427 1456 volo
1452 1401 1591 1458 facio
1607 1404 1837 1471 bonum;

224 1487 308 1543 sed
332 1487 488 1557 quod
522 1489 661 1546 nolo
689 1491 920 1558 malum,
954 1492 1057 1547 hoc
1079 1507 1197 1562 ago.
1227 1492 1283 1547 Si
1313 1500 1490 1548 autem
1528 1493 1669 1563 quod
1713 1495 1839 1548 nolo

224 1595 313 1651 ego
339 1579 452 1636 hoc
495 1581 647 1638 facio
667 1622 686 1648 ,
710 1583 823 1652 jam
871 1599 983 1638 non
1024 1599 1122 1654 ego
1148 1598 1338 1654 operor
1376 1585 1505 1640 illud
1530 1625 1544 1649 ,
1575 1585 1667 1641 sed
1696 1586 1837 1656 quod

225 1670 421 1725 habitat
448 1671 508 1727 in
543 1689 639 1728 me
667 1681 972 1744 peccatum.
1003 1674 1218 1731 Invenio
1261 1689 1389 1745 ergo
1438 1676 1605 1746 legem
1637 1675 1834 1731 volenti

226 1763 343 1818 mihi
369 1763 564 1820 facere
605 1768 810 1822 bonum
836 1808 851 1834 ,
881 1768 1133 1836 quoniam
1162 1767 1290 1822 mihi
1321 1767 1518 1823 malum
1559 1766 1765 1838 adjacet
1791 1769 1831 1823 ⁸.

226 1855 587 1912 Condelector
621 1859 775 1931 enim
806 1859 908 1928 legi
937 1858 1036 1914 Dei
1083 1857 1370 1914 secundum
1403 1858 1708 1915 interiorem
1737 1860 1834 1914 ho-

227 1945 419 2000 minem
443 1964 458 1999 :
482 1947 653 2002 video
680 1957 862 2003 autem
894 1949 1053 2003 aliam
1097 1949 1266 2020 legem
1313 1949 1366 2003 in
1403 1949 1658 2004 membris
1697 1948 1832 2005 meis

224 2047 613 2107 repugnantem
643 2039 752 2109 legi
780 2038 976 2095 mentis
1003 2053 1134 2094 mete
1153 2082 1168 2106 ,
1201 2047 1256 2095 et
1281 2039 1634 2110 captivantem
1663 2055 1749 2094 me
1776 2039 1830 2094 in

221 2125 329 2197 lege
357 2130 578 2198 peccati
608 2131 653 2195 ³,
679 2145 802 2199 quae
845 2137 932 2185 est
973 2129 1028 2184 in
1069 2130 1324 2186 membris
1349 2129 1502 2185 meis.
1549 2130 1708 2184 Miser
1731 2145 1830 2200 ego

223 2219 415 2287 homo,
441 2220 573 2291 quis
617 2236 711 2276 me
751 2219 1003 2276 liberabit
1045 2220 1111 2277 de
1150 2236 1376 2292 corpore
1405 2221 1590 2276 mortis
1637 2219 1827 2290 hujus?

228 2307 402 2363 Gratia
427 2310 526 2366 Dei
554 2325 658 2381 per
685 2310 872 2366 Iesum
913 2310 1185 2367 Christum
1226 2311 1510 2367 Dominum
1560 2320 1822 2367 nostrum.

227 2398 388 2469 Igitur
408 2415 511 2471 ego
536 2402 656 2470 ipse
684 2410 868 2458 mente
898 2402 1076 2458 servio
1125 2403 1228 2473 legi
1276 2403 1406 2470 Dei,
1438 2417 1600 2458 carne
1641 2411 1823 2458 autem

224 2491 320 2562 legi
349 2494 562 2561 peccati
585 2492 764 2566 (Rom.
791 2509 886 2562 vn,
918 2493 1100 2565 6-25).

288 2583 380 2640 26.
425 2588 666 2657 Apparet
690 2588 850 2659 igitur
879 2588 1069 2643 litterae
1097 2594 1412 2646 vetustatem
1435 2630 1451 2656 ,
1481 2588 1527 2645 si
1556 2589 1694 2646 desit
1718 2603 1823 2645 no-

225 2676 366 2732 vitas
393 2679 617 2747 spiritus
639 2721 656 2746 ,
678 2695 802 2736 reos
840 2680 1017 2737 facere
1044 2681 1218 2751 potius
1243 2681 1551 2753 cognitione
1577 2682 1819 2752 peccati,

233 2782 397 2838 quam
421 2769 658 2827 liberare
681 2787 710 2826 a
731 2783 970 2842 peccato.
1003 2771 1156 2829 Unde
1184 2781 1239 2828 et
1272 2771 1399 2829 alibi
1419 2773 1676 2844 scriptum
1702 2782 1818 2840 est,

231 2859 341 2926 Qui
362 2863 582 2931 apponit
616 2864 898 2930 scietuiam,
947 2867 1156 2935 apponit
1191 2875 1239 2919 et
1279 2864 1501 2919 dolorem
1537 2863 1736 2935 (Eccle.
1768 2879 1818 2933 ι,

231 2951 324 3023 18)
355 2970 368 3008 :
398 2970 507 3009 non
542 2956 666 3026 quia
695 2957 809 3027 ipsa
835 2957 924 3014 lex
957 2958 1154 3012 malum
1187 2967 1304 3022 est,
1331 2957 1426 3013 sed
1445 2957 1568 3028 quia
1594 2956 1817 3013 manda-

226 3050 343 3097 tum
362 3043 562 3100 bonum
585 3044 748 3102 habet
771 3047 829 3101 in
853 3047 1031 3103 littera
1057 3047 1486 3114 demonstrante,
1509 3061 1616 3102 non
1645 3047 1702 3100 in
1725 3045 1820 3101 ad-

213 3132 432 3205 iuvante
462 3137 700 3208 spiritu:
725 3139 870 3210 quod
895 3139 1204 3195 mandatum
1227 3141 1274 3196 si
1308 3141 1368 3195 ﬁt
1387 3141 1580 3196 timore
1605 3155 1778 3210 paena:
1796 3181 1815 3209 ,

210 3240 317 3281 non
334 3241 524 3285 amore
540 3228 806 3299 justitite,
836 3232 1102 3286 serviliter
1131 3231 1226 3299 ﬁt,
1266 3247 1373 3288 non
1418 3231 1731 3292 liberaliter.
1763 3239 1818 3286 et

207 3314 325 3371 ideo
350 3332 457 3374 nec
476 3318 562 3374 Iit.
587 3318 710 3375 Non
736 3322 883 3377 enim
913 3319 1117 3378 fructus
1137 3329 1221 3377 est
1244 3321 1417 3376 bonus
1434 3363 1450 3389 ,
1473 3321 1563 3392 qui
1589 3321 1657 3376 de
1684 3320 1817 3375 cha-

202 3406 374 3464 ritatis
399 3409 596 3468 radice
637 3426 750 3468 non
792 3413 982 3484 surgit.
1012 3413 1183 3468 Porro
1224 3421 1403 3468 autem
1428 3413 1474 3468 si
1499 3412 1640 3467 adsit
1679 3411 1816 3467 ﬁdes

201 3511 316 3570 qua:
345 3514 454 3570 per
487 3501 840 3559 dilectionem
870 3512 1122 3575 operatur
1168 3502 1366 3574 (Galat.
1398 3519 1456 3572 v,
1498 3503 1587 3575 6),
1631 3503 1818 3574 incipit

198 3591 570 3649 condelectari
597 3595 708 3666 legi
729 3595 828 3652 Dei
854 3596 1145 3653 secundum
1172 3597 1484 3652 interiorem
1505 3596 1778 3652 hominem
1795 3637 1812 3665 ,

199 3696 313 3751 qua
335 3683 642 3742 delectatio
688 3702 800 3742 non
838 3687 1067 3755 litterae,
1098 3686 1194 3742 sed
1219 3687 1440 3757 spiritus
1471 3686 1670 3742 donum
1695 3693 1812 3753 est;

195 3774 399 3829 etiamsi
429 3776 545 3831 alia
574 3777 665 3833 lex
688 3779 745 3834 in
774 3778 1032 3836 membris
1054 3779 1228 3834 adhuc
1258 3787 1520 3850 repugnat
1537 3779 1641 3848 legi
1663 3793 1814 3834 men-

197 3864 261 3919 tis
281 3906 299 3932 ,
329 3865 523 3923 donec
553 3869 611 3923 in
632 3869 928 3924 novitatem
947 3912 962 3937 ,
994 3885 1112 3940 quae
1131 3868 1199 3925 de
1223 3869 1311 3925 die
1339 3868 1392 3924 in
1422 3869 1564 3925 diem
1593 3869 1646 3924 in
1676 3869 1815 3924 inte-

195 3955 334 4013 riore
358 3958 600 4015 homine
621 3970 852 4032 augetur
867 4003 884 4028 ,
911 3969 1022 4017 tota
1046 3970 1282 4018 vetustas
1307 3969 1512 4017 mutata
1537 3970 1811 4031 pertrans-

196 4056 312 4113 eat,
368 4048 660 4107 liberante
700 4066 800 4106 nos
842 4051 912 4106 de
958 4066 1182 4124 corpore
1221 4051 1406 4107 mortis
1447 4051 1604 4122 hujus
1643 4052 1812 4122 gratia

195 4137 285 4195 Dei
313 4155 413 4210 per
452 4141 648 4198 Iesum
672 4142 948 4198 Christum
973 4143 1255 4198 Dominum
1279 4153 1543 4198 nostrum.

253 4226 504 4290 CAPUT
540 4231 664 4290 XV.
687 4234 866 4288 -27.
896 4233 1073 4289 Gratia
1101 4237 1156 4289 in
1188 4234 1363 4290 Vetere
1384 4233 1704 4289 Testamento
1726 4236 1808 4290 la-

196 4329 321 4390 ιω,
336 4325 395 4378 in
434 4323 600 4379 Novo
629 4325 903 4380 reuelatur.
935 4326 1064 4382 Haec
1085 4327 1253 4398 gratia
1269 4327 1323 4382 in
1350 4325 1693 4382 Testamento
1718 4341 1809 4381 ve-

195 4423 303 4469 tere
338 4415 532 4471 velata
563 4416 841 4482 latitabat,
864 4432 986 4488 quae
1014 4418 1068 4472 in
1109 4417 1306 4473 Christi
1331 4417 1622 4487 Evangelio
1649 4433 1807 4472 reve-

195 4502 293 4558 lata
319 4514 406 4561 est
432 4504 854 4576 dispensatione
891 4513 1191 4577 temporum
1216 4507 1607 4562 ordinatissima
1629 4549 1643 4572 ,
1673 4508 1811 4562 sicut

194 4590 333 4648 Deus
372 4597 542 4650 novit
580 4606 776 4652 cuncta
823 4597 1127 4667 disponere.
1179 4599 1246 4652 Et
1294 4597 1522 4654 fortasse
1565 4599 1631 4652 ad
1680 4599 1810 4654 illud

193 4683 368 4755 ipsum
395 4687 529 4757 eius
549 4687 832 4743 latibulum
857 4689 1118 4759 pertinet,
1149 4689 1290 4760 quod
1320 4691 1372 4744 in
1412 4705 1478 4744 eo
1508 4689 1770 4760 Decalogo
1789 4732 1805 4755 ,

197 4777 288 4844 qui
311 4776 488 4833 datus
512 4786 600 4834 est
625 4778 681 4833 in
711 4786 897 4834 monte
919 4779 1046 4834 Sina
1065 4821 1080 4845 ,
1123 4779 1224 4834 hoc
1249 4780 1421 4834 solum
1450 4788 1718 4850 przecepto
1745 4781 1808 4834 ﬁ-

192 4877 384 4936 gurato
415 4869 444 4902 ⁸
471 4869 803 4925 occultatum
831 4877 944 4936 est,
976 4869 1117 4940 quod
1144 4870 1211 4926 ad
1236 4870 1514 4926 sabbatum
1556 4871 1804 4940 pertinet.

187 4959 500 5019 Sabbatum
520 4970 703 5018 autem
727 4961 845 5018 dies
874 4961 897 4994 "
923 4961 1357 5017 sanctiﬁcationis
1380 4971 1481 5018 est.
1504 4962 1613 5017 Nec
1634 4970 1806 5027 vacat,

186 5055 333 5125 quod
375 5057 531 5112 inter
563 5057 749 5112 omnia
774 5070 940 5126 opera
967 5069 1086 5124 quae
1121 5053 1252 5111 fecit
1278 5055 1450 5121 Deus,
1498 5054 1607 5110 illic
1634 5055 1808 5123 primo

189 5148 560 5204 sanctiﬁcatio
591 5147 806 5213 sonuit,
833 5147 924 5202 ubi
950 5147 1015 5202 ab
1035 5146 1281 5202 omnibus
1307 5143 1562 5217 operibus
1590 5145 1802 5216 requie-

191 5237 270 5290 vit
291 5237 458 5308 (Gen.
488 5255 530 5295 ιι
549 5279 568 5305 ,
597 5238 655 5310 5)
690 5257 704 5293 :
733 5239 877 5295 unde
899 5253 1037 5294 nunc
1057 5253 1162 5293 non
1186 5247 1272 5293 est
1299 5237 1594 5293 disserendi
1636 5239 1803 5292 locus.

192 5327 612 5396 Verumtamen,
640 5329 786 5401 quod
810 5329 888 5385 rei
908 5329 976 5385 de
1004 5345 1107 5401 qua
1131 5330 1306 5402 agitur
1329 5329 1462 5385 satis
1502 5343 1622 5385 esse
1665 5328 1808 5386 arbi-

185 5440 312 5495 mihi
331 5455 492 5510 mors.
532 5451 591 5495 At
627 5443 942 5510 manusgjipti
978 5449 1148 5510 carent
1184 5443 1261 5494 his
1296 5442 1464 5494 verbis
1502 5442 1694 5510 (bonum
1737 5447 1808 5495 εει

535 5505 824 5580 versatiles
840 5503 1170 5580 ,i'lg‘ldPnilm

257 5574 274 5602 ι
301 5565 460 5628 miti,
483 5565 602 5620 velle
624 5566 810 5629 molitm
827 5565 1036 5628 adjacet.
1062 5567 1237 5629 Abest,
1260 5565 1396 5629 uelle,
1422 5579 1450 5616 a
1469 5568 1806 5629 manuscriptis

188 5640 248 5682 et
268 5645 302 5681 a
323 5627 478 5679 textu
498 5627 726 5692 Apostoli.

255 5697 278 5726 ³
310 5695 392 5741 sic
413 5689 590 5756 mones
610 5703 771 5755 prope
785 5695 896 5740 Uss.
919 5697 973 5740 At
997 5691 1132 5753 editi,
1153 5696 1200 5743 et
1221 5691 1459 5756 captivum
1483 5703 1558 5742 me
1581 5691 1631 5740 in
1654 5689 1804 5756 legem

193 5760 392 5818 peccat:
411 5753 680 5814 ducattein,
705 5753 818 5816 qua:
831 5758 922 5813 est,
942 5758 1036 5802 etc.

258 5820 280 5850 ³
301 5825 425 5865 Lov.
457 5825 515 5881 et
526 5809 781 5881 pauciores
803 5809 931 5875 Mssi,
956 5822 1247 5880 praeceptum
1280 5809 1500 5881 ﬁgd’ate.

255 5880 279 5915 δ
305 5887 441 5936 Vox,
468 5878 584 5939 dies,
605 5880 701 5931 hoc
722 5879 832 5931 loco
853 5878 1045 5929 nonest
1065 5878 1234 5933 in'Mss.

1671 367 1872 428 LIBER
1915 370 2112 432 UNUS.

3417 390 3527 452 218

1957 498 2087 556 tror,
2107 504 2212 546 non
2239 485 2432 548 frustra
2453 487 2544 550 illo
2562 491 2648 553 die
2670 497 2896 570 populus
2916 498 2984 555 ab
3002 500 3148 558 omni
3166 515 3329 574 opere
3347 508 3528 563 servili

1953 581 2218 639 abstinere
2241 594 2534 656 przeceptus
2547 597 2646 655 est,
2661 605 2768 661 quo
2777 592 3098 663 signiﬁcatur
3113 604 3408 664 peccatum,
3424 599 3526 654 nisi

1952 673 2071 742 quia
2094 690 2197 730 non
2221 690 2441 746 peccare
2461 681 2893 738 sanctiﬁcationis
2915 692 3018 753 est,
3047 685 3150 742 hoc
3171 696 3272 752 est,
3288 690 3528 747 muneris

1951 766 2044 820 Dei
2089 782 2182 836 per
2212 768 2464 838 Spiritum
2503 781 2745 829 sanctum
2776 793 2790 830 :
2819 778 2958 847 quod
2988 779 3039 832 in
3069 779 3206 849 lege,
3237 797 3356 852 quae
3392 781 3526 838 dua-

1951 854 2050 910 bus
2079 857 2298 926 lapideis
2321 859 2514 916 tabulis
2547 864 2844 935 conscripta
2879 877 2993 933 est,
3031 870 3202 924 solum
3244 871 3380 926 inter
3417 887 3525 927 caa-

1950 953 2060 1001 tera
2091 949 2144 1002 in
2173 951 2360 1006 umbra
2389 950 2570 1024 ﬁgurae
2611 955 2842 1024 positum
2866 967 2966 1024 est,
2995 957 3047 1013 in
3076 975 3179 1031 qua
3205 960 3374 1016 Judaei
3399 962 3526 1018 sab-

1948 1038 2125 1094 batum
2156 1041 2470 1110 observant;
2517 1053 2577 1100 ut
2605 1045 2706 1102 hoc
2749 1048 2865 1117 ipso
2903 1048 3291 1118 signiﬁcaretur
3317 1062 3526 1123 tempus

1949 1139 2075 1188 tunc
2101 1132 2264 1191 fuisse
2290 1137 2618 1192 occultandas
2641 1140 2824 1209 gratiae
2839 1181 2854 1206 ,
2878 1155 2996 1210 qua:
3017 1139 3164 1195 Novo
3183 1142 3525 1201 Testamento

1947 1225 2120 1280 fuerat
2157 1243 2252 1296 per
2294 1227 2490 1284 Christi
2516 1232 2816 1300 passionem
2837 1274 2852 1299 ,
2877 1240 3126 1302 tanquam
3167 1235 3478 1294 scissionem
3504 1239 3522 1270 ⁸

1945 1316 2072 1382 veli,
2123 1319 2403 1373 revelanda
2457 1319 2666 1390 (Matth.
2693 1337 2860 1386 xxvxt,
2889 1320 3000 1393 5i).
3033 1323 3156 1377 Cum
3181 1324 3312 1378 enim
3351 1335 3524 1382 trans-

1943 1410 2057 1462 ierit
2077 1411 2120 1475 ',
2149 1409 2352 1480 inquit,
2374 1411 2442 1464 ad
2466 1410 2742 1479 Christum,
2763 1417 3018 1484 auferetur
3041 1414 3284 1470 velamen.

2013 1501 2237 1558 CAPUT
2275 1503 2412 1558 XVI.
2451 1534 2521 1544 —
2557 1503 2647 1560 28.
2675 1505 2899 1574 Spiritus
2923 1515 3126 1562 sanctus
3150 1525 3241 1562 cur
3269 1508 3433 1564 dictus
3458 1510 3525 1566 sit

1941 1597 2128 1668 digitus
2165 1595 2279 1653 Dei.
2307 1627 2376 1638 -—
2395 1596 2644 1652 Dominus
2671 1607 2838 1652 autem
2865 1599 3090 1667 Spiritus
3115 1609 3188 1656 est
3205 1616 3225 1665 ;
3245 1602 3330 1656 ubi
3353 1612 3523 1658 autem

1942 1689 2168 1758 Spiritus
2195 1689 2428 1756 Domini,
2462 1690 2532 1744 ibi
2556 1689 2754 1744 libertas
2787 1689 2854 1760 (II
2887 1689 3005 1746 Cor.
3034 1707 3125 1758 ιιι,
3167 1693 3255 1758 16,
3284 1694 3397 1765 17).
3427 1694 3522 1750 Hic

1939 1791 2117 1836 autem
2161 1781 2389 1850 Spiritus
2423 1782 2518 1837 Dei
2542 1824 2557 1847 ,
2593 1783 2744 1852 cujus
2770 1782 2912 1837 dono
2936 1784 3304 1853 justiﬁcamur,
3332 1802 3438 1857 quo
3463 1787 3520 1843 ﬁt

1941 1872 1990 1926 in
2015 1872 2166 1927 nobis
2191 1881 2359 1927 utnon
2387 1887 2608 1942 peccare
2632 1873 2891 1939 delectet,
2914 1875 3004 1929 ubi
3031 1875 3248 1931 libertas
3272 1886 3384 1942 est;
3415 1878 3520 1933 sic-

1939 1973 1996 2018 ut
2033 1973 2228 2034 praeter
2257 1965 2397 2020 hunc
2418 1954 2671 2036 spiritum
2704 1981 2925 2036 peccare
2967 1967 3228 2036 delectat,
3275 1969 3365 2025 ubi
3404 1985 3520 2025 ser-

1935 2055 2096 2123 vitus,
2128 2069 2156 2108 a
2182 2057 2333 2125 cujus
2354 2055 2605 2126 operibus
2644 2056 3018 2113 abstinendum
3043 2057 3064 2090 ³
3090 2067 3171 2114 εει
3200 2077 3214 2114 :
3245 2060 3328 2115 hic
3350 2059 3516 2129 Spiri-

1936 2154 2021 2200 tus
2042 2155 2257 2202 sanctus
2283 2161 2378 2216 per
2402 2161 2561 2218 quem
2584 2147 2898 2203 diffunditur
2925 2149 3157 2204 charitas
3183 2150 3237 2204 in
3263 2150 3517 2207 cordibus

1936 2239 2155 2303 nostris,
2211 2254 2331 2309 qua:
2374 2239 2646 2308 plenitudo
2674 2239 2808 2310 legis
2841 2249 2962 2306 est,
2993 2242 3155 2296 etiam
3196 2241 3392 2314 digitus
3419 2243 3516 2300 Dei

1934 2329 1986 2383 in
2013 2329 2301 2400 Evangelio
2321 2329 2513 2384 dicitur
2539 2328 2688 2400 (Luc.
2718 2347 2801 2396 χι,
2837 2331 2952 2402 20).
2993 2332 3146 2389 Unde
3170 2335 3292 2403 quia
3322 2343 3378 2390 et
3409 2335 3516 2392 illae

1931 2422 2125 2476 tabulae
2150 2422 2312 2492 digito
2339 2422 2433 2476 Dei
2477 2422 2797 2492 conscriptae
2821 2430 2977 2489 sunt,
3005 2431 3058 2478 et
3083 2424 3281 2494 digitus
3312 2426 3405 2481 Dei
3431 2435 3516 2484 est

1928 2514 2157 2584 Spiritus
2183 2515 2274 2569 Dei
2306 2529 2402 2584 per
2439 2530 2601 2584 quem
2639 2515 3053 2584 sanctiﬁcamur,
3085 2524 3145 2571 ut
3166 2532 3238 2572 ex
3282 2517 3387 2573 ﬁde
3433 2519 3512 2573 vi-

1929 2614 2114 2662 ventes
2144 2621 2239 2677 per
2267 2607 2602 2662 dilectionem
2649 2607 2786 2663 bene
2832 2623 3146 2678 operemur;
3191 2627 3349 2681 quem
3397 2627 3507 2669 non

1928 2707 2140 2755 moveat
2168 2699 2270 2754 ista
2300 2699 2644 2769 congruentia
2669 2698 2972 2770 ibidemque
2996 2700 3246 2757 distantia
3288 2701 3351 2758 ιι
3386 2704 3511 2760 Dies

1926 2791 2067 2847 enim
2092 2790 2472 2861 quinquaginta
2519 2797 2894 2860 computantur
2933 2806 2966 2846 a
3013 2792 3369 2850 celebratione
3403 2795 3509 2851 Pa-

1927 2882 2104 2948 schae,
2135 2897 2254 2951 quae
2281 2881 2550 2937 occisione
2576 2881 2813 2951 ﬁgurata:
2837 2883 2954 2938 ovis
2993 2897 3092 2954 per
3131 2883 3348 2956 Moysen
3392 2886 3507 2942 Iieri

1924 2982 2189 3045 praecepta
2232 2982 2316 3028 est
2355 2971 2548 3044 (Exod.
2596 2972 2690 3042 χιι)
2713 3014 2728 3038 ,
2759 2973 2814 3028 in
2839 2973 3280 3042 significationem
3323 2977 3507 3046 utique

1925 3063 2117 3120 futurae
2138 3063 2424 3119 Dominica:
2444 3063 2727 3134 passionis,
2749 3077 2917 3134 usque
2930 3063 2999 3118 ad
3017 3063 3158 3120 diem
3173 3079 3274 3136 qua
3298 3065 3506 3137 Moyses

1925 3157 2094 3229 legem
2113 3157 2319 3227 accepit
2330 3156 2382 3210 in
2397 3155 2590 3211 tabulis
2606 3155 2770 3226 digito
2785 3155 2880 3210 Dei
2894 3156 3213 3227 conscriptis
3229 3173 3244 3212 :
3259 3157 3508 3214 similiter

1926 3251 1994 3307 ab
2039 3251 2306 3308 occisione
2334 3258 2389 3305 et
2413 3250 2807 3305 resurrectione
2832 3247 2972 3304 illius
3000 3249 3091 3320 qui
3129 3249 3267 3305 sicut
3285 3249 3401 3305 ovis
3437 3249 3506 3304 ad

1923 3341 2309 3397 immolandum
2338 3340 2527 3396 ductus
2557 3348 2639 3395 est
2670 3338 2824 3411 (lsai.
2864 3353 2987 3405 Lm,
3018 3339 3099 3409 7),
3125 3337 3506 3410 quinquaginta

1921 3435 2108 3490 diebus
2127 3433 2424 3504 completis,
2449 3440 2798 3504 congregatos
2823 3431 2876 3486 in
2913 3448 3076 3487 unum
3098 3431 3288 3489 ﬁdeles
3307 3433 3505 3503 digitus

1922 3525 2038 3595 Dei,
2073 3527 2175 3585 hoc
2198 3534 2300 3593 est,
2321 3525 2550 3596 Spiritus
2571 3532 2788 3579 sanctus
2814 3523 3056 3595 implevit
3089 3523 3226 3597 (Act.
3255 3540 3327 3592 ιι,
3359 3525 3499 3596 2-4).

1991 3638 2255 3695 CAPUT
2303 3636 2498 3693 XVII.
2537 3667 2608 3678 —
2647 3637 2740 3694 29.
2796 3637 2946 3708 Legis
2992 3636 3237 3693 Mosaicae
3281 3646 3329 3694 et
3365 3654 3510 3694 nova!

1920 3730 2253 3800 comparatio.
2282 3728 2342 3784 In
2369 3727 2470 3784 hac
2516 3728 2744 3784 mirabili
2789 3728 3134 3799 congruentia
3184 3728 3313 3784 illud
3359 3739 3505 3784 certe

1918 3820 2204 3891 plurimum
2224 3819 2415 3886 distat,
2445 3819 2587 3889 quod
2611 3819 2682 3874 ibi
2704 3817 2929 3888 populus
2951 3817 3208 3874 accedere
3233 3817 3300 3873 ad
3327 3817 3504 3873 locum

1919 3912 2009 3968 ubi
2035 3912 2123 3968 lex
2150 3911 2394 3976 dabatur,
2438 3909 2707 3966 horrendo
2738 3917 2941 3964 terrore
2967 3908 3279 3979 prohibetur
3308 3907 3504 3980 (Exod.

1919 4003 2031 4075 xtx)
2063 4021 2078 4058 :
2105 4002 2193 4058 hic
2225 4011 2400 4058 autem
2427 4003 2479 4058 in
2506 4017 2601 4057 eos
2639 4000 2948 4071 supervenit
2971 4001 3202 4070 Spiritus
3242 4009 3460 4056 sanctus
3483 4041 3501 4069 ,

1918 4096 2009 4166 qui
2057 4109 2179 4151 eum
2226 4094 2544 4164 promissum
2571 4101 2940 4162 exspectantes
2987 4092 3041 4147 in
3083 4107 3247 4148 unum
3291 4091 3504 4148 fuerant

1917 4185 2241 4256 congregati.
2278 4183 2353 4240 lbi
2383 4185 2435 4238 in
2462 4184 2655 4239 tabulis
2681 4183 2904 4254 lapideis
2941 4182 3139 4254 digitus
3187 4183 3280 4238 Dei
3305 4197 3496 4253 opera-

1920 4285 2004 4332 tus
2029 4285 2142 4342 est;
2179 4277 2287 4342 hic,
2320 4275 2371 4329 in
2399 4275 2646 4330 cordibus
2673 4276 2969 4332 hominum.
3009 4276 3084 4331 Ibi
3114 4291 3244 4347 ergo
3281 4277 3367 4333 lex
3397 4291 3494 4330 ex-

1917 4370 2180 4431 trinsecus
2202 4367 2370 4438 posita
2395 4375 2512 4435 est,
2555 4381 2660 4438 qua
2687 4367 2872 4438 injusti
2897 4375 3262 4423 terrerentur:
3300 4367 3388 4423 hic
3413 4369 3498 4424 in-

1918 4463 2180 4518 trinsecus
2205 4459 2328 4515 data
2371 4469 2488 4526 est,
2532 4475 2635 4530 qua
2683 4461 3118 4530 justiﬁcarentur.
3166 4459 3319 4516 Nam.
3378 4461 3500 4515 Non

1917 4553 2256 4618 adulterabis,
2290 4551 2411 4606 Non
2439 4551 2766 4606 homicidium
2791 4553 2968 4622 facies,
2996 4551 3118 4606 Non
3141 4553 3462 4622 concupisces
3479 4592 3496 4618 ,

1915 4653 1963 4698 et
1982 4645 2024 4698 si
2049 4643 2182 4714 quod
2208 4652 2278 4696 est
2304 4642 2443 4697 aliud
2473 4643 2797 4707 mandatum,
2827 4641 2970 4712 quod
2995 4643 3179 4712 utique
3206 4642 3261 4696 in
3287 4643 3392 4696 illis
3421 4651 3499 4695 ta-

1915 4734 2054 4790 bulis
2092 4733 2345 4802 scriptum
2373 4741 2455 4787 est
2477 4773 2492 4799 ,
2522 4733 2575 4786 in
2602 4733 2725 4799 hoc,
2768 4733 2958 4803 inquit,
2985 4747 3212 4787 sermone
3247 4733 3498 4802 recapitu-

1916 4827 2070 4894 latur,
2105 4826 2156 4880 in
2187 4839 2254 4880 eo
2280 4824 2423 4896 quod
2465 4823 2647 4895 diliges
2681 4825 2968 4895 proximum
3005 4833 3145 4878 tuum
3186 4832 3425 4893 tanquam
3451 4831 3496 4877 te

1916 4917 2104 4987 ipsum.
2134 4915 2353 4969 Dilectio
2397 4915 2615 4986 proximi
2645 4913 2835 4968 malum
2880 4931 2982 4969 non
3030 4923 3289 4984 aperatur.
3319 4912 3496 4967 Pleni-

1915 5010 2035 5064 tudo
2063 5019 2231 5062 autem
2259 5008 2382 5077 tegis
2408 5017 2480 5061 est
2507 5006 2725 5062 charitas
2749 5005 2923 5078 (Rom.
2954 5021 3045 5060 xm
3067 5047 3082 5074 ,
3114 5004 3181 5071 9,
3212 5004 3326 5074 10).
3371 5004 3496 5059 Ilzec

1914 5115 2019 5156 non
2049 5100 2102 5154 in
2131 5099 2327 5154 tabulis
2353 5099 2651 5167 conscripta
2683 5097 2926 5166 lapideis,
2955 5095 3051 5153 sed
3087 5094 3276 5163 (li/fusa
3317 5103 3393 5148 est
3439 5095 3496 5148 in

1912 5193 2145 5248 cordibus
2169 5193 2353 5247 nostris
2379 5209 2467 5257 per
2489 5190 2740 5262 Spiritum
2767 5200 2997 5245 sanctum
3021 5191 3107 5260 qui
3130 5186 3277 5244 datus
3303 5198 3373 5243 est
3398 5204 3492 5241 no-

1913 5286 1986 5340 bis
2013 5285 2120 5358 (Id.
2157 5301 2212 5352 v,
2239 5285 2316 5356 5).
2349 5284 2460 5339 Lex
2499 5299 2627 5353 ergo
2655 5284 2747 5337 Dei
2791 5293 2871 5337 est
2913 5281 3164 5338 charitas.
3194 5281 3328 5336 Huic
3370 5294 3494 5348 pru—

1912 5377 2081 5432 dentia
2109 5377 2276 5431 carnis
2305 5392 2406 5430 non
2444 5385 2516 5431 εει
2553 5374 2812 5446 subjecta;
2835 5389 2993 5444 neque
3014 5374 3144 5428 enim
3189 5380 3346 5441 potest
3377 5367 3486 5439 (Id.

1910 5484 2002 5524 vin
2025 5511 2041 5537 ,
2071 5469 2124 5540 7)
2154 5487 2166 5522 :
2203 5467 2296 5524 sed
2333 5467 2400 5523 ad
2441 5467 2580 5522 hanc
2626 5465 2960 5537 prudentiam
2987 5464 3162 5520 carnis
3187 5459 3490 5519 terrendam

1973 5627 1992 5660 ί
2012 5633 2062 5676 ιιι
2089 5624 2247 5685 editis,
2267 5621 2508 5676 scissione.

1971 5691 1992 5721 ³
2019 5697 2068 5738 In
2089 5697 2295 5751 quatuor
2314 5697 2438 5751 Mss,
2464 5692 2731 5751 ινιιηειεηδ.

1974 5752 1994 5782 ³
2016 5739 2244 5800 ιιίεέιίἱιὶ
2279 5739 2486 5808 addunt,
2522 5747 2577 5799 id
2611 5755 2680 5800 est
2718 5742 3033 5810 spiritualiter
3066 5739 3493 5806 sabbattzandutu,‘

1910 5815 2034 5876 quod
2052 5827 2079 5861 a
2097 5814 2430 5876 manuscriptis
2446 5813 2602 5876 abest.

1980 5878 1998 5908 ι
2020 5877 2092 5924 sic
2112 5881 2218 5922 Mss.
2245 5867 2749 5950 At
2773 5871 2942 5922 eadem
3355 5873 3368 5880 ’
