3984 6526
523 445 648 490 cum
693 430 747 488 in
795 428 992 488 tabulis
1035 427 1337 486 scribuntur
1360 439 1522 496 opera
1565 424 1870 490 charitatis,
1904 423 1992 478 lex
2015 433 2099 478 est

517 537 776 594 operum,
811 529 866 579 et
909 521 1084 577 littera
1125 515 1373 574 occidens
1409 516 1874 586 praevaricatorem
1922 533 1936 570 :
1977 529 2098 570 cum

519 626 696 674 autem
742 617 858 688 ipsa
901 614 1136 672 charltas
1184 611 1498 670 diffunditur
1549 613 1603 668 in
1665 611 1827 670 corde
1875 611 2098 667 creden-

521 711 688 779 tium,
729 711 816 765 lex
853 717 936 765 est
977 705 1134 777 fidei,
1173 715 1228 764 et
1283 705 1502 780 spiritus
1550 705 1825 772 vivificaris
1873 704 2098 762 dilecto-

517 816 651 858 ιἀη.

587 893 674 949 so.
717 891 848 947 Vide
872 907 1015 948 nunc
1057 891 1508 964 quemadmodum
1537 897 1796 950 consonet
1849 890 1950 946 ista
1983 889 2096 944 dis-

516 983 683 1040 cretio
728 983 832 1038 illis
876 985 1183 1053 apostolicis
1215 979 1435 1053 'verbis,
1502 999 1620 1054 qua:
1672 981 1828 1054 paulo
1874 989 1996 1035 ante
2027 978 2102 1036 ob

513 1071 656 1126 aliud
679 1083 1092 1129 commemorata
1119 1085 1174 1129 et
1200 1073 1500 1144 diligentius
1531 1071 1900 1144 pertractanda
1931 1071 2100 1125 distu-

513 1159 703 1216 leram.
748 1163 1079 1232 Manifestati,
1109 1165 1297 1234 inquit,
1320 1165 1556 1234 quoniam
1585 1165 1700 1218 estis
1721 1162 1933 1233 epistola
1957 1160 2097 1216 Chri-

512 1251 597 1320 sti,
627 1253 909 1309 ministrata
945 1273 1036 1328 per
1063 1273 1152 1310 nos
1175 1259 1362 1326 scripta
1397 1274 1497 1310 non
1527 1265 1823 1320 atramento,
1856 1256 1942 1309 sed
1970 1253 2097 1324 Spi-

509 1345 613 1398 ritu
631 1344 729 1398 Dei
750 1347 875 1412 vivi;
899 1364 997 1402 non
1021 1348 1073 1402 in
1090 1347 1271 1402 tabulis
1293 1349 1522 1417 lapideis,
1547 1349 1634 1402 sed
1657 1349 1710 1401 in
1734 1347 1913 1400 tabulis
1934 1346 2097 1399 cordis

513 1434 818 1489 carnalibus.
859 1435 998 1492 Ecce
1027 1437 1472 1505 quemadmodum
1519 1437 1771 1504 ostendit,
1805 1436 1925 1506 quia
1969 1434 2097 1489 illud

511 1532 664 1578 extra
693 1525 962 1581 hominem
991 1527 1255 1594 scribitur,
1305 1537 1362 1582 ut
1391 1543 1514 1582 eum
1561 1527 1853 1582 forinsecus
1899 1527 2095 1581 territi-

509 1625 632 1682 cet;
665 1615 768 1672 hoc
797 1618 850 1672 in
877 1621 990 1688 ipso
1017 1621 1252 1686 homine,
1299 1629 1357 1674 ut
1383 1637 1506 1676 eum
1537 1621 1859 1676 intrinsecus
1898 1619 2094 1690 justiti-

509 1715 612 1761 eet.
643 1707 894 1764 Carnales
911 1720 1088 1764 autem
1117 1711 1320 1766 tabulas
1348 1713 1524 1768 cordis
1549 1713 1699 1777 dixit,
1731 1730 1835 1766 non
1865 1713 2093 1767 carnalis

509 1795 822 1865 prudentiae.
841 1799 937 1854 sed
961 1809 1210 1871 tanquam
1241 1803 1466 1858 viventis
1487 1817 1804 1873 sensumque
1829 1803 2092 1868 itabcnus,

511 1887 565 1942 in
619 1892 1022 1960 comparatione
1085 1895 1277 1962 lapidis
1337 1896 1426 1966 qui
1485 1897 1600 1954 sine
1665 1913 1825 1951 sensu
1879 1905 1978 1951 est.
2029 1895 2095 1950 Et

511 1982 654 2052 quod
705 1985 860 2054 paulo
913 1995 1035 2055 post
1073 1986 1238 2054 dicit,
1291 1988 1432 2062 quod
1473 2004 1576 2043 non
1629 1996 1875 2060 poterant
1925 1989 2096 2042 inten-

511 2070 642 2125 dere
679 2073 772 2126 filii
835 2073 996 2131 israei
1036 2092 1204 2146 usque
1251 2078 1304 2131 in
1347 2081 1506 2133 ﬁnem
1561 2080 1736 2132 vultus
1787 2079 1990 2150 Moysi,
2041 2088 2096 2134 et

509 2160 630 2215 ideo
655 2164 735 2218 eis
761 2179 853 2233 per
877 2168 1054 2221 velum
1092 2169 1447 2239 loquebatur;
1481 2171 1581 2226 hoc
1620 2173 1882 2240 signiﬁcat
1909 2215 1924 2239 ,
1971 2174 2092 2242 quia

507 2252 684 2309 littera
709 2257 844 2326 legis
869 2259 1134 2314 neminem
1156 2262 1409 2332 justificat
1427 2304 1441 2328 ,
1467 2264 1557 2318 sed
1589 2265 1829 2318 velamen
1865 2266 2092 2335 positum

505 2351 592 2398 est
630 2345 686 2399 in
711 2345 943 2404 lectione
989 2349 1198 2406 lVeteris
1227 2353 1588 2422 Testamenti,
1626 2355 1796 2410 donec
1838 2357 1904 2410 ad
1935 2357 2091 2411 Citri-

507 2443 649 2488 stum
679 2445 1011 2507 transeatur,
1040 2449 1094 2495 et
1117 2441 1386 2497 auferatur
1400 2445 1640 2499 velamen
1673 2462 1685 2510 ;
1719 2446 1769 2500 id
1795 2455 1894 2510 est,
1919 2455 2096 2501 trans-

509 2527 742 2582 eaturad
767 2529 992 2598 gratiam
1012 2571 1028 2597 ,
1069 2541 1122 2586 et
1157 2532 1484 2608 intelligatur
1505 2535 1520 2566 ι
1551 2536 1616 2588 ab
1642 2535 1755 2606 ipso
1787 2538 1938 2591 nobis
1975 2553 2094 2592 esse

507 2615 958 2687 justiﬁeationem,
979 2637 1082 2690 qua
1103 2621 1357 2678 faciamus
1383 2625 1522 2694 quod
1546 2625 1713 2694 jubet.
1733 2627 1829 2694 Qui
1854 2637 2096 2698 propter-

505 2723 572 2763 ea
614 2709 806 2778 jubet,
863 2721 920 2765 ut
963 2713 1018 2765 in
1057 2713 1254 2767 nobis'
1285 2715 1594 2770 deficientes
1624 2717 1690 2770 ad
1730 2718 1873 2770 illum
1905 2719 2094 2772 confu-

505 2799 739 2870 giamus.
781 2799 906 2856 Ideo
937 2803 1340 2873 1vigilantissime
1382 2815 1507 2860 cum
1528 2807 1750 2862 dixisset
1777 2849 1790 2872 ,
1819 2807 2090 2878 Con/iden-

511 2891 636 2944 tiatn
653 2891 804 2948 talem
823 2895 1064 2948 habemus
1087 2911 1176 2966 per
1195 2895 1452 2950 Christum
1473 2899 1542 2952 ad
1560 2897 1725 2952 Deum
1753 2915 1771 2964 ;
1803 2917 1869 2955 ne
1896 2901 2093 2957 nostris

515 2981 622 3038 hoc
649 2983 852 3040 viribus
881 2986 1238 3054 tribueretur,
1265 2989 1514 3044 continuo
1538 2991 1926 3046 commendavit
1953 2993 2093 3049 unde

505 3073 686 3144 agitur
710 3114 726 3141 ,
749 3073 936 3130 dicens
973 3093 991 3132 :
1029 3077 1152 3132 Non
1175 3078 1312 3150 quod
1341 3079 1510 3148 idonei
1539 3097 1710 3136 sumus
1739 3083 1958 3151 cogitare
1995 3083 2093 3138 ali-

505 3165 634 3234 quid
669 3183 704 3220 α
741 3166 886 3222 nobis
931 3169 1078 3238 quasi
1127 3185 1188 3224 ea:
1224 3169 1590 3241 nobismetipsis
1632 3171 1766 3238 ;sed
1801 3174 2094 3246 suﬁcientia

503 3265 682 3310 nostra
701 3273 766 3312 ea:
788 3257 896 3313 Deo
913 3267 1006 3325 est,
1027 3260 1112 3326 qui
1133 3270 1180 3314 et
1199 3261 1406 3316 idoneos
1429 3279 1519 3317 nos
1545 3264 1664 3334 fecit
1685 3265 1938 3320 ministros
1961 3265 2093 3320 Noui

503 3345 816 3404 Testamrnti
829 3392 846 3416 ,
865 3367 968 3404 non
992 3351 1170 3406 littera:
1189 3395 1204 3416 ,
1223 3353 1312 3408 sed
1335 3355 1566 3424 spiritus.
1596 3355 1788 3412 Littera
1811 3358 1943 3412 enim
1962 3359 2094 3413 occi-

503 3436 604 3506 dit,
633 3439 842 3508 spiritus
865 3451 1031 3496 autem
1055 3443 1293 3512 vivi/ictu.

575 3529 804 3587 CAPUT
819 3531 1138 3590 XVII—31
1149 3571 1168 3591 .
1193 3533 1342 3590 Vetus
1356 3537 1438 3591 ira:
1453 3545 1683 3606 mortem,
1703 3555 1833 3595 nova
1842 3541 2092 3612 justitiam

501 3621 780 3680 ministrat.
807 3624 1040 3684 Proinde
1057 3627 1180 3696 ﬂia
1195 3627 1304 3690 lex,
1331 3629 1473 3684 sicut
1499 3629 1624 3685 alibi
1657 3631 1791 3686 dicit
1810 3674 1824 3699 ,
1853 3637 2092 3704 prevari-

499 3714 718 3772 cutionis
735 3717 902 3784 ratis
919 3717 1394 3790 ρκὲισαιαὲάω.
1423 3737 1503 3786 ιιι,
1535 3723 1626 3792 i9)
1649 3764 1666 3788 ,
1697 3723 1750 3777 id
1773 3733 1884 3792 est,
1913 3725 2088 3784 littera

501 3800 608 3862 ista
635 3813 786 3864 eam
807 3803 1082 3866 Malim
1103 3809 1302 3880 scripta
1325 3849 1344 3875 .
1387 3821 1670 3881 propterea
1709 3829 1828 3868 eam
1855 3824 1912 3870 et
1933 3817 2092 3872 ἱηίρ

501 3896 820 3958 stationes-
833 3901 1030 3960 mertis
1053 3909 1110 3956 et
1135 3903 1583 3960 niaistratiouem
1611 3905 1968 3964 damnationis
1995 3925 2092 3980 ap-

503 3986 706 4058 pellati
731 3987 876 4048 hanc
917 4000 1133 4059 autem,
1167 3993 1220 4048 id
1261 4003 1348 4052 est
1369 4036 1384 4062 ,
1413 3995 1548 4050 Novi
1577 3997 1898 4055 Testamenti
1921 3999 1960 4066 ⁸,
1991 4001 2090 4056 mlo

503 4075 879 4140 nistrationetu
901 4081 1123 4151 spiritus
1143 4093 1199 4138 et
1221 4085 1670 4144 ministratiouem
1693 4088 1912 4158 justitiar
1935 4090 2085 4160 dicit,

507 4169 628 4237 quia
667 4185 767 4240 per
805 4171 1010 4238 donum
1047 4175 1270 4244 spiritus
1317 4193 1604 4246 operantur
1639 4181 1897 4250 justitiam
1919 4223 1934 4249 ,
1969 4191 2030 4240 et
2055 4199 2087 4240 a

511 4267 962 4334 praevaricationis
975 4269 1322 4327 damnatione
1345 4272 1651 4329 liberamur.
1669 4274 1796 4330 ideo
1817 4275 1944 4331 illud
1961 4291 2089 4332 eva-
2113 4317 2118 4324 ι

505 4363 726 4422 cuntur.
787 4357 894 4414 hoc
935 4369 1124 4416 manet
1159 4379 1176 4416 ε
1217 4363 1470 4432 quoniam
1521 4373 1726 4420 tenens
1765 4366 2087 4438 pwdagogut

503 4447 790 4515 auferetur,
819 4465 942 4506 cum
969 4452 1147 4508 timori
1173 4459 1492 4514 successerit
1527 4458 1778 4514 charitas.
1813 4459 1914 4516 Ubi
1937 4461 2085 4516 eui

502 4541 708 4609 spiritus
727 4541 964 4614 Domini,
985 4547 1056 4602 ibi
1071 4547 1294 4604 libatas.
1327 4549 1478 4606 Hane
1517 4561 1694 4607 autem
1735 4555 2085 4610 ministratio-

503 4646 624 4686 ηοω
673 4649 780 4690 non
825 4650 894 4692 es
935 4640 1146 4696 meritis
1183 4643 1412 4710 nostris,
1463 4645 1558 4700 sed
1597 4659 1668 4701 ex
1715 4648 2082 4704 misericordia

501 4735 622 4776 esse
647 4723 726 4778 sic
767 4725 894 4781 dicit
921 4745 939 4781 :
967 4727 1190 4800 Propter
1211 4735 1350 4803 quod
1388 4735 1624 4791 habentes
1661 4739 2083 4794 ministrationem

502 4811 658 4880 hanc,
683 4815 814 4874 deus
1280 4829 1535 4882 consecuti
1575 4843 1676 4882 non
1715 4830 2082 4899 inﬁrmemur;

499 4904 587 4956 sed
621 4903 918 4975 abjidutus
953 4913 1152 4966 occsdta
1187 4918 1529 4986 confusionis,
1561 4937 1662 4976 non
1695 4921 2004 4978 ambulantes
2027 4925 2082 4979 in

499 4997 684 5052 astutia
705 5039 722 5065 ,
747 5015 906 5070 neque
921 5003 1043 5058 dole
1079 5005 1420 5063 adulterantes
1441 5011 1643 5065 uerbum
1679 5012 1800 5068 Dei.
1825 5015 1972 5068 Hanc
1995 5031 2080 5070 as-

501 5088 682 5142 tutiam
709 5091 964 5152 etdolum
997 5093 1322 5166 bypocrisim
1353 5100 1466 5156 vult
1495 5102 1714 5172 intelligi
1747 5143 1761 5167 ,
1793 5119 1898 5174 qua
1917 5104 1942 5142 ⁵
1979 5121 2078 5160 vo-

497 5179 611 5234 lunt
625 5179 756 5249 justi
771 5185 986 5254 superbi
1013 5187 1202 5244 rideri.
1227 5190 1380 5246 Unde
1399 5201 1454 5247 et
1475 5193 1529 5248 in
1553 5195 1640 5249 illo
1661 5197 1889 5265 psalmo,
1919 5213 2074 5267 quem

1453 312 1540 368 DE
1578 310 1846 369 SPIRITU
1885 309 1972 374 ΕΤ
2009 308 2328 384 LITTEBA.
2366 309 2424 368 S.
2463 309 2829 369 AUGUSTINI

2209 419 2459 476 Dominus
2495 432 2751 492 peccatum
2774 465 2789 490 ,
2813 437 2969 500 neque
2997 433 3075 482 est
3102 425 3157 482 in
3183 443 3271 484 ore
3286 429 3396 504 ejus
3414 429 3562 498 ιναιυα
3583 432 3776 509 (Rom.

2204 526 2277 580 tv,
2306 511 2377 579 8;
2402 510 2548 568 Psal.
2583 531 2706 570 χιιι
2726 515 2795 582 ,2
2815 515 2854 587 ).
2887 515 3012 576 Huic
3045 527 3127 575 est
3165 517 3442 586 humilium
3471 535 3776 596 sanctorum

2202 603 2467 660 confessio
2487 646 2501 671 ,
2533 621 2639 662 non
2666 621 2725 662 se
2743 606 3057 686 jactanlium
3092 626 3211 668 esse
3236 613 3378 686 quod
3405 631 3510 678 non
3541 631 3685 676 sunt.
3715 624 3776 680 Et

2202 696 2362 766 paulo
2391 705 2548 768 post:
2573 697 2697 754 Non
2740 701 2872 754 enim
2908 702 3264 775 nosmetipsos,
3293 706 3496 780 inquit,
3537 713 3776 780 pradica-

2201 803 2334 850 mus,
2376 789 2466 842 sed
2483 788 2662 844 Jesum
2686 789 2940 846 Christum
2979 793 3259 850 Dominum
3284 799 3324 864 ί,
3356 815 3447 854 nos
3481 812 3645 858 autem
3669 821 3776 862 ser-

2201 895 2288 934 vos
2313 891 2497 936 vestros
2534 900 2622 954 per
2656 882 2834 939 Iesum
2859 902 2877 942 :
2903 887 3022 955 quia
3053 887 3186 944 Deus
3215 891 3299 962 qui
3318 890 3446 950 dixit
3471 893 3535 950 de
3571 897 3778 952 tenebris

2201 971 2370 1026 lumen
2399 973 2688 1040 clarescere,
2716 979 2900 1031 claruit
2931 980 2984 1033 in
3016 981 3249 1038 cordibus
3279 986 3462 1040 nostris
3498 987 3568 1042 ad
3593 989 3777 1048 illumi-

2201 1063 2452 1119 nationem
2490 1067 2710 1122 scientia
2733 1069 2910 1146 gloria:
2946 1071 3056 1141 ejus
3083 1073 3138 1126 in
3183 1073 3365 1144 faciem
3405 1076 3593 1134 Christi
3631 1079 3775 1140 Iesu.

2201 1155 2326 1210 litae
2353 1165 2433 1211 est
2463 1159 2682 1216 scientia
2709 1161 2893 1230 gloriae.
2932 1163 3078 1232 ejus,
3107 1179 3209 1236 qua
3240 1167 3436 1222 scimus
3462 1168 3634 1240 ipsum
3663 1187 3778 1228 esse

2197 1245 2396 1308 iumen,
2430 1264 2535 1318 quo
2563 1250 2795 1310 tenebrtu
2823 1260 3017 1308 nostra:
3039 1254 3422 1314 illumineutur.
3445 1260 3512 1316 Et
3549 1259 3774 1332 idipsutn

2199 1337 2412 1394 attende
2455 1340 2898 1410 quemadmodum
2963 1343 3189 1406 inculcet
3245 1365 3258 1401 :
3310 1348 3566 1410 Habemus
3615 1364 3774 1414 autem

2201 1433 2488 1486 thesaurum
2515 1435 2663 1489 istum
2689 1437 2741 1490 in
2761 1438 2892 1491 vasis
2917 1439 3156 1508 ﬁctilibus
3180 1481 3196 1510 ,
3222 1451 3277 1496 ut
3298 1443 3564 1502 eminentia
3589 1447 3780 1508 virtutis

2198 1522 2265 1576 sit
2305 1523 2417 1589 Dei,
2456 1535 2502 1580 et
2528 1543 2628 1584 non
2663 1545 2726 1582 ea:
2757 1529 2915 1584 nobis.
2948 1531 3013 1584 Et
3043 1531 3199 1604 paulo
3223 1543 3346 1606 post
3372 1551 3492 1592 cum
3537 1539 3780 1600 eamdem

2197 1616 2420 1684 gratiam
2465 1618 2677 1674 uberius
2721 1619 2776 1673 in
2817 1621 3042 1676 Domino
3070 1622 3195 1680 Jesu
3245 1622 3460 1686 Christo
3506 1642 3780 1692 commen-

2199 1705 2330 1760 dans
2351 1747 2364 1772 ,
2396 1722 2560 1778 usque
2581 1709 2645 1762 ad
2675 1710 2805 1766 illud
2835 1713 3038 1768 veniret
3063 1713 3432 1772 indumentum
3459 1717 3684 1794 iustitia:
3723 1721 3783 1778 ﬁ—

2199 1795 2316 1860 dei,
2364 1813 2468 1868 quo
2519 1797 2686 1854 induti
2733 1817 2835 1855 non
2877 1803 3002 1858 nudi
3053 1803 3420 1876 inveniamur,
3479 1819 3533 1864 et
3567 1819 3782 1880 propter

2201 1886 2300 1942 hoc
2345 1890 2734 1960 ingemiscimus
2775 1895 3098 1954 mortalitate
3126 1899 3146 1930 ’
3177 1902 3486 1974 prmgravati
3510 1944 3526 1970 ,
3579 1903 3784 1966 habita-

2199 1979 2372 2032 culum
2403 1991 2642 2036 nostrum
2667 1984 2808 2058 quod
2842 1985 2910 2040 de
2936 1987 3075 2042 cmlo
3097 2001 3178 2044 est
3220 1993 3529 2062 superindui
3555 1996 3779 2070 cupien-

2199 2077 2299 2136 tes,
2329 2081 2386 2124 ut
2429 2073 2775 2130 absorbeatur
2800 2078 3024 2134 mortale
3063 2094 3092 2140 a
3124 2083 3251 2150 vita,
3283 2083 3402 2140 vide
3429 2085 3556 2156 quid
3597 2087 3782 2160 adjun-

2197 2169 2284 2232 gat
2314 2179 2326 2215 :
2359 2161 2459 2227 Qui
2484 2173 2646 2217 autem
2667 2176 2900 2236 aperatus
2925 2178 2996 2222 est
3020 2186 3113 2232 nos
3136 2213 3151 2240 ,
3183 2173 3354 2242 inquit
3376 2215 3389 2238 ,
3419 2176 3472 2232 in
3494 2176 3591 2236 hoc
3617 2177 3780 2250 ipsum

2198 2249 2336 2306 Deus
2357 2253 2442 2322 qui
2470 2254 2606 2308 dedit
2633 2257 2774 2318 nobis
2814 2258 2996 2332 pignus
3031 2261 3259 2330 spiritus.
3285 2265 3349 2330 Et
3369 2275 3492 2336 post
3515 2249 3688 2342 pauca
3705 2271 3783 2330 in-

2199 2343 2314 2397 tulit
2345 2361 2358 2398 :
2386 2343 2452 2398 Ut
2482 2362 2571 2399 nos
2592 2347 2746 2402 simus
2775 2350 2979 2424 justitia
3003 2349 3099 2406 Dei
3119 2353 3171 2408 in
3212 2355 3320 2428 ipso
3343 2357 3360 2426 (
3387 2357 3430 2418 ll
3451 2355 3570 2418 Cor.
3597 2375 3720 2418 ιιι-ν

2197 2433 2323 2488 Haec
2352 2445 2434 2489 est
2460 2437 2542 2490 illa
2567 2437 2770 2506 jttstitia
2817 2441 2932 2509 Dei,
2957 2458 3066 2502 non
3093 2460 3196 2516 qua
3227 2445 3340 2518 ipse
3353 2449 3529 2526 justus
3549 2460 3660 2520 est,
3691 2453 3778 2518 sed

2198 2543 2299 2600 qua
2335 2543 2432 2582 nos
2461 2529 2528 2582 ab
2549 2545 2612 2584 eo
2641 2531 2762 2584 lacti
2789 2531 2832 2588 ³.

2270 2617 2494 2708 CAPUT
2531 2619 2672 2674 XIX.
2715 2651 2786 2661 —
2823 2622 2912 2677 52.
2955 2623 3111 2679 Fides
3135 2627 3407 2686 christiana
3435 2632 3498 2688 de
3523 2634 3780 2708 adjutort'o

2197 2710 2390 2780 gratite.
2417 2707 2694 2782 Prop/tetia
2729 2711 2966 2772 Ieremia:
2995 2715 3057 2770 de
3091 2715 3236 2772 Novo
3278 2707 3616 2784 Testamento.
3657 2725 3778 2790 Lex,

2201 2801 2396 2858 Gratia.
2425 2804 2595 2858 Nemo
2621 2821 2746 2878 ergo
2767 2806 3187 2864 Christianorum
3215 2811 3422 2868 aberret
3445 2816 3512 2880 ab
3533 2815 3640 2878 hac
3661 2819 3776 2892 ﬁde,

2197 2909 2315 2964 qua:
2346 2896 2455 2950 sola
2483 2895 2773 2952 christiana
2797 2907 2911 2964 est;
2943 2915 3116 2976 neque
3145 2903 3444 2978 quisquam,
3470 2921 3594 2972 cunt
3631 2925 3780 2968 verea-

2197 2985 2460 3046 cundatus
2491 2987 2647 3042 fuerit
2673 2989 2873 3060 dicere,
2905 3005 3001 3064 per
3028 3008 3124 3058 nos
3153 2993 3294 3070 ipsos
3321 2995 3434 3058 ﬁeri
3461 3014 3559 3060 nos
3585 3001 3780 3078 justas.

2198 3093 2307 3133 non
2335 3079 2436 3134 hoc
2469 3081 2520 3134 in
2548 3079 2702 3136 nobis
2741 3093 2994 3152 operante
3030 3087 3196 3156 gratia
3219 3088 3332 3154 Dei,
3359 3090 3480 3168 quia
3508 3093 3662 3160 videt
3685 3094 3782 3160 hac

2196 3188 2226 3227 a
2259 3171 2501 3230 ﬁdelibus
2530 3181 2584 3234 et
2625 3175 2726 3246 piis
2766 3174 2893 3234 ferri
2925 3193 3032 3232 non
3063 3193 3218 3248 posse
3247 3179 3290 3250 ⁵,
3318 3197 3436 3244 cum
3469 3183 3690 3260 dicitur,
3715 3188 3780 3258 ad

2193 3261 2299 3322 hoc
2342 3277 2400 3322 se
2443 3273 2716 3320 convertat
2747 3274 2802 3328 ut
2830 3266 2992 3338 dicat,
3025 3268 3147 3324 ideo
3177 3269 3293 3330 sine
3318 3275 3634 3348 operatione
3661 3293 3781 3354 grta:

2199 3351 2282 3406 tia:
2313 3353 2404 3410 Dei
2435 3369 2532 3412 nos
2553 3355 2726 3426 jnstos
2757 3371 2876 3410 esse
2903 3373 3009 3420 non
3039 3373 3216 3428 posse,
3249 3363 3369 3438 quia
3402 3363 3572 3440 legem
3613 3351 3780 3446 dedit,

2195 3443 2314 3520 quia
2347 3443 2640 3500 doctrinam
2669 3445 2918 3514 instituit,
2946 3447 3069 3524 quia
3099 3449 3236 3504 bona
3267 3464 3530 3532 praecepta
3553 3443 3780 3520 malum

2194 3531 2288 3587 vit.
2313 3533 2404 3586 Illa
2434 3535 2576 3589 enim
2607 3535 2722 3594 sine
2761 3536 3046 3606 adiuvante
3074 3541 3262 3614 Spiritu
3297 3531 3480 3618 procul
3507 3546 3678 3616 dubio
3707 3560 3783 3620 est

2191 3624 2370 3680 littera
2409 3627 2658 3682 occidens
2687 3643 2702 3683 :
2730 3643 2850 3684 cum
2887 3645 3014 3685 vero
3052 3631 3204 3694 adest
3237 3634 3510 3700 vivificaris
3537 3643 3780 3716 spiritus,

2189 3715 2294 3770 ltoc
2327 3717 2496 3787 ipsum
2541 3718 2680 3772 intus
2719 3721 3078 3796 conscriptum
3118 3722 3244 3780 facit
3276 3725 3442 3800 diligi,
3479 3715 3626 3810 quod
3659 3715 3782 3794 loris

2193 3809 2450 3878 scriptum
2481 3809 2562 3866 lex
2589 3809 2813 3868 faciebat
2841 3813 3038 3868 timeri.

2265 3897 2582 3970 35.1n5pice
2611 3899 2714 3956 hoc
2729 3901 2751 3934 ⁸
2767 3904 3034 3976 paululum
3060 3915 3116 3964 et
3141 3908 3195 3964 in
3221 3923 3287 3966 eo
3313 3911 3622 3974 testimonio
3643 3919 3782 3992 quod

2195 4003 2292 4064 per
2337 3991 2647 4062 prophetam
2691 3993 2758 4050 de
2803 3993 2902 4050 bac
2937 4013 2998 4052 re
3041 4001 3506 4068 praeclarissimum
3543 3991 3783 4076 edictum

2193 4089 2275 4135 est
2294 4081 2352 4134 'z
2385 4079 2518 4135 Ecce
2559 4083 2666 4138 dies
2706 4087 2912 4142 veniunt
2931 4088 2980 4156 ',
3011 4087 3133 4148 dicit
3161 4089 3430 4164 Dominus,
3464 4105 3512 4150 et
3538 4114 3782 4160 consum-

2191 4173 2338 4226 mabo
2359 4190 2511 4246 super
2533 4175 2736 4232 domum
2763 4175 2931 4238 Israel
2955 4189 3000 4232 et
3029 4197 3181 4258 super
3209 4183 3412 4248 domum
3431 4186 3575 4254 Iuda
3594 4190 3780 4252 Tum-

2189 4273 2411 4318 mentum
2433 4263 2655 4334 Novum,
2686 4283 2786 4328 non
2813 4269 3087 4332 secundum
3112 4271 3484 4340 Testamentum
3517 4284 3665 4356 quod

2191 4355 2417 4423 patribus
2443 4372 2614 4410 eorum
2639 4359 2694 4418 in
2722 4357 2803 4412 die
2821 4376 2922 4432 qua
2945 4363 3257 4434 apprehendi
3277 4382 3479 4426 manum
3503 4355 3712 4446 eorum,
3729 4385 3784 4438 ω

2189 4443 2448 4500 educerent
2478 4463 2560 4500 eos
2587 4449 2609 4480 ⁸
2635 4447 2698 4502 de
2725 4457 2857 4502 terra
2895 4449 3114 4526 Egypti
3140 4469 3160 4507 :
3185 4455 3304 4526 quia
3343 4457 3443 4534 ipsi
3479 4475 3584 4524 non
3607 4443 3782 4534 perm

2187 4547 2478 4592 ueraverunt
2507 4539 2558 4592 in
2583 4538 2901 4598 Testamento
2927 4559 3057 4612 meo,
3090 4553 3134 4598 et
3165 4562 3255 4616 ego
3291 4549 3488 4620 neglexi
3514 4568 3621 4622 eos.
3657 4557 3782 4618 didi

2187 4627 2452 4716 Dominus.
2483 4633 2618 4700 Quia
2645 4634 2738 4694 hoc
2763 4634 3132 4696 Testamentum
3153 4651 3224 4696 est
3247 4646 3382 4716 quod
3406 4648 3656 4710 ordinabo
3679 4651 3780 4712 da.-

2185 4705 2486 4778 mui'lsrael
2508 4741 2526 4777 :
2553 4723 2679 4780 Post
2711 4727 2826 4781 illos
2864 4727 2999 4798 dies,
3028 4731 3148 4786 dicit
3181 4705 3447 4808 Dominus,
3473 4705 3606 4804 dabo

2183 4829 2320 4867 meas
2345 4815 2398 4868 in
2425 4831 2511 4868 cor
2535 4813 2762 4884 illorum,
2787 4827 2830 4872 et
2860 4819 2913 4872 in
2942 4831 3104 4876 mente
3132 4840 3302 4886 eorum
3327 4828 3544 4892 scribam
3569 4847 3658 4892 eas
3685 4813 3780 4894 ,ῖα

2184 4919 2268 4959 ero
2301 4905 2372 4960 eis
2404 4906 2456 4959 in
2477 4903 2664 4976 Deum,
2686 4917 2734 4961 et
2757 4908 2856 4980 ipsi
2880 4919 3024 4972 erunt
3053 4915 3176 4976 mihi
3203 4917 3255 4982 in
3281 4920 3550 4994 populum,
3573 4923 3649 4984 E1
3671 4941 3780 4992 mg

2393 5041 2443 5094 in
2466 5038 2830 5104 adnuntiatur.
2851 5046 3650 5117 maestam-liminis
3671 5063 3779 5112 οη

2181 5113 2477 5214 ﬂammea
2497 5175 2650 5226 prOpe
2665 5169 2792 5226 Mss,
2812 5165 3096 5218 mortaliter.

2243 5225 2460 5306 ε
2500 5225 2860 5280 recentioribus
2889 5230 3178 5294 quam
3213 5233 3504 5292 editienibus
3531 5237 3772 5306 nam.

501 5271 560 5326 td
597 5272 756 5344 hujus
791 5277 956 5346 ipsius
995 5282 1180 5351 gratiae
1221 5285 1647 5342 testificationem
1689 5300 2078 5346 commemorat
2169 5271 2445 5351 ῘιέξΙέῨάειῖ

495 5363 632 5424 Idem
671 5369 946 5436 amplus
977 5388 992 5424 ε
1031 5371 1220 5430 Beatus
1243 5415 1257 5440 ,
1303 5377 1476 5447 inquit
1501 5419 1514 5442 ,
1547 5381 1628 5433 cui
1675 5397 1774 5434 non
1813 5382 2078 5454 imputauit

559 5512 673 5587 {fx}.
700 5521 752 5564 et
767 5522 900 5587 tam,
925 5519 1306 5587 utjntettigatur.

491 5573 577 5684 κει
598 5579 704 5626 ων.
730 5584 783 5628 et
817 5573 1034 5630 nonnulli
1080 5573 1204 5646 nasi,
1229 5591 1280 5636 ut
1309 5599 1341 5636 a
1367 5586 1516 5638 nobis.
1543 5597 1645 5644 nuo
1673 5591 1888 5658 codices,
1913 5601 1966 5648 ut
1995 5607 2071 5648 uo-

561 5696 734 5768 fapud
761 5706 892 5768 tom,
910 5711 1093 5768 nomen
1119 5712 1482 5768 numerum.

2241 5347 2264 5426 ξ
2437 5349 2787 5426 omnibusnec).
2811 5357 2866 5402 At
2879 5354 2937 5426 in
2961 5353 3118 5426 editis,
3143 5357 3278 5426 credi
3293 5371 3388 5411 non
3407 5373 3561 5426 posse.

2243 5411 2424 5480 twn.
2451 5411 3300 5480 mutabitur-Amafinius.

2242 5471 2264 5548 ξ
2443 5449 3174 5548 famulari-9mm
3187 5449 3280 5540 εἷ

2243 5535 2420 5598 ἵωὶιί,
2443 5535 2645 5588 ueniat.
2671 5545 2728 5588 st
2741 5545 2867 5598 Mss,
2892 5539 3098 5592 omium.

2239 5595 2262 5628 ⁸
2285 5603 2368 5646 Htc
2401 5598 2548 5674 editio
2573 5607 2672 5674 itm.
2702 5607 2753 5649 et
2768 5595 2864 5674 duo
2879 5607 3062 5674 tantum
3083 5605 3372 5674 eyaticanis
3390 5615 3598 5674 καιναί
3611 5611 3772 5674 diu-

2178 5671 2282 5734 ree
2298 5671 2395 5734 5393-
2409 5660 2510 5734 ,δυίὲ
2535 5661 2656 5732 in?“
2675 5664 2872 5734 φωίίίὲε
2895 5665 3020 5718 ίεωά
3375 5660 3770 5734 τάωϋίὦῗᾶἱη

2179 5719 2565 5831 “tuamne
2587 5721 2638 5773 ί¹¹
2663 5719 2725 5775 εδ
2741 5725 2892 5776 "erm
2913 5719 3206 5788 00mm

2183 5797 2214 5831 θ
2421 5795 2487 5831 nt.

2183 5791 2236 5834 et
2249 5790 2487 5833 Calumni.
