3984 6508
219 485 402 543 docebit
425 477 766 548 tutusquisqus
788 476 957 532 civem
982 491 1131 532 suum
1159 481 1205 528 et
1232 468 1570 541 unusquisque
1591 469 1804 541 fratrem

221 593 388 642 suam,
417 573 597 634 dicens,
623 566 898 640 Cognosce
929 567 1202 621 Dominum
1230 578 1249 619 :
1272 563 1391 634 quia
1419 575 1589 615 omnes
1618 572 1802 628 cogno-

220 676 349 724 scent
363 679 456 726 use,
481 679 515 716 ιι
539 660 742 715 minore
766 676 934 731 usque
957 659 1026 713 ad
1050 659 1289 730 majorem
1312 670 1518 722 eorum;
1541 650 1660 724 quia
1683 666 1807 724 pro-

153 815 156 817 ,
216 759 354 830 pitius
374 769 459 808 ero
481 752 751 821 iniquitati
778 769 977 815 eorum,
1003 760 1050 806 et
1073 757 1275 822 peccata
1300 763 1472 802 eorum
1491 761 1592 799 non
1613 756 1802 796 memo-

208 848 346 903 rabor
379 844 521 898 ultra
551 843 570 916 (
594 842 793 898 Jerem.
823 857 981 910 xxxi,
1008 842 1182 898 31-34
1208 839 1248 911 ).
1272 836 1409 906 Quid
1436 836 1501 892 ad
1527 834 1640 890 hazc
1664 831 1802 888 diei-

207 939 353 996 mus?
389 935 602 1006 Nempe
647 936 706 992 in
741 936 1021 992 veteribus
1057 933 1234 991 Libris
1273 939 1364 986 aut
1409 943 1668 1000 nusquam
1711 931 1804 980 aut

209 1029 408 1088 difﬁcile
439 1037 648 1099 praeter
666 1026 815 1084 hunc
845 1026 1215 1098 propheticum
1243 1025 1415 1078 locum
1446 1021 1638 1092 legitur
1663 1016 1802 1076 facta

208 1120 652 1179 commemoratio
681 1120 847 1176 Testa
859 1120 1024 1175 menti
1047 1117 1199 1181 Novi,
1231 1124 1288 1172 ut
1307 1113 1526 1170 omnino
1556 1112 1672 1182 ipso
1701 1123 1802 1166 no-

207 1216 335 1269 mine
363 1211 747 1281 appellaretur
773 1228 788 1266 :
817 1225 940 1264 nam
971 1208 1152 1266 multis
1178 1206 1310 1261 locis
1344 1204 1448 1259 hoc
1475 1200 1804 1274 significatur

206 1314 255 1360 et
271 1302 672 1372 praenuntiatur
698 1301 962 1367 futurum,
991 1299 1082 1355 sed
1113 1314 1218 1353 non
1243 1297 1316 1352 ita
1343 1303 1398 1351 ut
1418 1295 1576 1350 etiam
1603 1305 1798 1348 nomen

205 1399 401 1468 legatur
427 1410 782 1466 expressum.
806 1393 1097 1450 Considera
1114 1391 1283 1465 igitur
1311 1389 1612 1460 diligenter,
1640 1399 1802 1457 quam

207 1491 559 1546 dili'erentiam
585 1489 734 1544 inter
773 1489 880 1543 duo
913 1487 1278 1552 Testamenta,
1323 1481 1378 1538 id
1421 1493 1524 1551 est,
1552 1480 1720 1536 Vetus
1747 1487 1802 1534 et

205 1580 426 1641 Novum,
457 1580 611 1634 Deus
645 1595 772 1635 esse
802 1586 1026 1633 testatus
1056 1576 1143 1631 sit.

267 1672 354 1726 54.
373 1670 519 1725 Cum
547 1669 801 1732 dixisset,
828 1667 950 1724 Non
979 1666 1252 1722 secundum
1267 1661 1643 1718 Testamentum
1666 1657 1804 1731 quod

211 1762 300 1835 feci
324 1760 554 1832 patribus
583 1776 766 1813 eorum
803 1759 858 1812 in
887 1759 970 1812 die
993 1775 1091 1828 qua
1118 1753 1427 1826 apprehendi
1470 1767 1676 1806 manum
1713 1766 1802 1810 eo-

210 1873 332 1922 rum,
361 1863 415 1908 ut
441 1855 717 1909 educerem
743 1869 831 1908 eos
856 1851 920 1906 de
950 1861 1082 1906 terra
1117 1847 1368 1924 zEgypti;
1397 1846 1514 1901 vide
1541 1843 1666 1916 quid
1703 1842 1802 1898 ad-

214 1949 412 2020 iunxit:
442 1946 579 2011 Quia
625 1946 733 2016 ipsi
775 1961 877 2000 non
923 1949 1356 2012 perseveraverant
1395 1940 1448 1992 in
1484 1937 1803 1992 Testamento

212 2057 331 2095 meo.
371 2039 509 2094 Vitio
560 2053 756 2093 eorum
800 2037 1036 2106 deputat,
1071 2033 1212 2104 quod
1251 2033 1304 2086 in
1338 2031 1681 2084 Testamento
1709 2025 1804 2082 Dei

209 2148 308 2187 non
343 2137 807 2202 permanserunt;
842 2144 910 2183 ne
941 2128 1045 2196 lex,
1087 2141 1245 2196 quam
1293 2133 1418 2178 tunc
1463 2127 1799 2192 acceperunt,

215 2223 464 2294 culpanda
503 2221 782 2277 videatur.
826 2218 945 2289 ipsa
986 2226 1068 2274 est
1106 2217 1272 2282 enim,
1311 2231 1467 2287 quam
1509 2229 1614 2268 non
1659 2213 1805 2268 venit

221 2317 450 2373 Christus
475 2315 714 2379 solvere,
743 2312 846 2368 sed
873 2311 1092 2382 implere
1118 2309 1328 2381 (Matth.
1352 2325 1404 2374 ν,
1430 2307 1542 2378 l7).
1571 2305 1688 2361 Non
1730 2315 1807 2359 ta-

217 2425 337 2464 men
371 2423 467 2480 per
505 2406 759 2462 eamdem
799 2405 972 2476 legem
1010 2401 1313 2474 jtistiﬁcatis
1358 2398 1554 2468 impiis,
1586 2395 1680 2452 sed
1711 2411 1806 2468 per

215 2499 434 2572 gratiam
463 2516 479 2551 :
505 2498 609 2552 hoc
635 2497 837 2567 quippe
865 2496 973 2566 agit
997 2493 1269 2549 viviﬁcans
1293 2491 1530 2562 spiritus,
1558 2489 1674 2544 sine
1700 2502 1805 2558 quo

219 2594 393 2648 littera
420 2591 631 2646 occidit.
661 2589 723 2645 Si
745 2590 879 2644 enim
910 2587 1029 2641 data
1054 2595 1178 2642 esset
1205 2587 1286 2641 lea;
1311 2601 1425 2654 qua:
1450 2591 1612 2656 posset
1640 2583 1805 2652 vivi/i—

229 2700 362 2748 cere,
385 2684 588 2736 omnino
623 2697 684 2735 ea:
723 2681 833 2752 lege
861 2689 988 2734 esset
1005 2678 1214 2747 justitia
1235 2693 1254 2731 :
1276 2677 1366 2731 sed
1392 2674 1635 2730 conclusit
1663 2673 1807 2728 Scri-

236 2786 386 2848 ptura
414 2777 584 2829 omnia
603 2773 688 2828 sub
707 2783 926 2842 peccato,
947 2782 1002 2825 ut
1027 2771 1291 2842 promissio
1319 2787 1382 2825 ea:
1400 2770 1502 2840 ﬁde
1517 2769 1548 2824 J
1555 2786 1642 2824 esu
1660 2768 1806 2823 Chri-

231 2869 302 2922 sti
337 2868 540 2920 daretur
574 2864 894 2920 credentibus.
926 2865 1006 2919 Ex
1041 2864 1140 2920 hac
1168 2862 1540 2934 promissione,
1567 2863 1673 2916 hoc
1697 2867 1804 2928 est,

236 2975 304 3014 ex
329 2959 419 3013 Dei
455 2957 709 3013 beneﬂcio
738 2957 852 3026 ipsa
882 2955 970 3010 lex
1001 2954 1272 3026 impletur,
1301 2953 1419 3008 sine
1444 2967 1546 3024 qua
1578 2951 1808 3022 promis-

233 3049 381 3103 sione
416 3047 850 3117 prszvaricatores
895 3044 1053 3112 facit;
1100 3045 1183 3099 vel
1233 3058 1404 3114 usque
1447 3042 1514 3097 ad
1561 3042 1809 3097 eliectum

229 3139 354 3192 mali
380 3138 574 3207 operis,
605 3137 651 3191 si
679 3137 838 3191 etiam
865 3135 1114 3206 repagula
1139 3134 1345 3190 timoris
1366 3129 1812 3203 concupiscentiis

221 3232 431 3288 damma
473 3231 894 3296 transcenderit,
921 3230 1006 3285 vel
1037 3237 1180 3285 certe
1219 3229 1270 3283 in
1301 3229 1414 3284 sola
1445 3228 1736 3292 voluntate,
1766 3227 1812 3282 si

223 3324 380 3378 timor
405 3337 584 3393 pana:
624 3322 947 3376 suavitatem
989 3319 1222 3374 libidinis
1254 3319 1461 3374 vicerit.
1489 3317 1643 3387 Quod
1671 3318 1814 3372 enim

218 3416 312 3484 ait,
332 3413 595 3470 Concinit
618 3414 891 3482 Scriptura
921 3413 1090 3466 omnia
1114 3410 1204 3464 sub
1230 3419 1451 3482 peccato,
1473 3420 1526 3463 ut
1550 3410 1816 3479 promissio

219 3523 286 3562 et
327 3507 434 3576 ﬁde
469 3505 599 3562 Iesu
633 3505 827 3561 Christi
870 3505 1078 3558 daretur
1117 3502 1463 3569 credentibus;
1490 3503 1654 3572 ipsius
1681 3517 1815 3558 con-

213 3598 477 3654 clusionis
517 3597 725 3651 utilitas
773 3595 916 3650 dicta
961 3603 1063 3649 est.
1104 3593 1234 3648 Nam
1282 3591 1540 3647 Conclusit
1577 3592 1643 3647 ad
1681 3608 1816 3688 quos

217 3707 369 3755 usus,
387 3690 492 3745 nisi
517 3687 972 3759 quemadmodum
995 3686 1118 3741 alibi
1136 3683 1207 3757 (a)
1225 3683 1371 3750 dicit,
1401 3682 1712 3756 Priusquam'
1725 3701 1819 3740 au-

217 3793 324 3838 tem
347 3784 536 3837 ueniret
553 3782 704 3851 ﬁdes,
727 3781 818 3835 sub
836 3781 943 3851 lege
979 3779 1384 3847 custodebamur,
1411 3779 1691 3834 conclusiin
1706 3795 1816 3833 eam

222 3877 376 3946 ﬁdem
403 3891 521 3947 qua
550 3884 725 3946 postea
754 3872 973 3926 revelata
999 3879 1067 3925 est
1096 3871 1112 3941 (
1140 3868 1309 3923 Galut.
1337 3885 1413 3935 ut,
1440 3868 1609 3925 21-23
1628 3868 1684 3939 )‘i
1709 3869 1819 3926 Lex

217 3981 355 4038 ergo
377 3966 504 4021 data
534 3975 638 4030 est,
679 3974 739 4019 ut
781 3964 947 4034 gratia
975 3971 1304 4036 qumreretur
1330 3980 1342 4015 :
1366 3962 1533 4032 gratia
1562 3961 1685 4015 data
1714 3968 1817 4026 est,

218 4068 286 4114 ut
332 4059 418 4114 lex
461 4058 802 4128 impleretur.
825 4055 1011 4126 Neque
1038 4055 1178 4110 enim
1210 4069 1310 4109 suo
1336 4055 1464 4109 vitio
1493 4069 1599 4108 non
1630 4054 1821 4126 imple-

219 4153 384 4209 batur
417 4151 531 4218 lex,
571 4150 666 4206 sed
704 4151 836 4205 vitio
872 4149 1168 4222 prudentia:
1204 4147 1380 4202 carnis
1410 4164 1423 4201 :
1454 4145 1595 4217 quod
1633 4145 1820 4200 vitium

226 4260 328 4314 per
363 4244 536 4314 legem
576 4241 1078 4308 demonstrandum,
1112 4254 1206 4312 per
1255 4239 1478 4310 gratiam
1525 4237 1820 4318 sanandum

223 4335 348 4390 fuit.
372 4334 527 4403 Quod
556 4335 691 4388 enim
719 4332 1028 4403 impossibile
1052 4341 1157 4386 erat
1183 4331 1307 4403 legis
1328 4331 1370 4396 ¹,
1393 4329 1446 4384 in
1465 4347 1565 4402 quo
1591 4331 1823 4399 infirma-

232 4427 376 4480 bctur
401 4442 496 4496 per
521 4441 746 4489 carnem,
778 4424 912 4477 misit
939 4422 1077 4477 Deus
1103 4420 1298 4476 Filium
1325 4437 1471 4475 suum
1500 4423 1551 4474 in
1580 4421 1822 4476 similitu-

231 4520 353 4572 dine
372 4517 544 4572 carnis
567 4517 779 4588 peccati,
811 4525 857 4569 et
881 4515 942 4569 de
968 4524 1168 4586 peccato
1197 4513 1453 4567 damnavit
1479 4521 1742 4582 peccatum
1769 4513 1824 4566 in

235 4627 405 4676 carne,
429 4619 489 4663 ut
505 4609 711 4682 justitia
750 4606 874 4678 legis
910 4607 1205 4677 impleretur
1230 4607 1283 4660 in
1312 4604 1473 4668 nobis.
1495 4605 1588 4676 qui
1615 4621 1717 4662 non
1741 4620 1823 4659 se-

233 4701 457 4755 cundum
497 4716 703 4755 carnem
751 4699 1094 4766 ambulamus,
1135 4696 1225 4754 sed
1265 4695 1539 4750 secundum
1589 4695 1826 4766 spiritum

237 4791 414 4863 (Rom.
434 4807 550 4856 vui,
580 4792 634 4857 '5,
657 4788 735 4864 ι).
756 4789 915 4847 Unde
939 4798 996 4848 et
1021 4790 1077 4844 in
1112 4789 1216 4845 isto
1245 4787 1558 4860 prophetico
1581 4787 1825 4844 testimo-

239 4884 346 4946 nio,
369 4880 768 4948 Consummabo,
797 4882 987 4952 inquit,
1009 4897 1161 4948 super
1187 4880 1390 4934 domum
1408 4877 1577 4934 Israel
1604 4887 1651 4932 et
1674 4895 1827 4950 super

235 4975 442 5030 domum
473 4973 1009 5029 Judafestamentum
1042 4971 1246 5027 Novum
1267 4989 1286 5028 :
1307 4972 1432 5043 quid
1450 4980 1551 5040 est,
1579 4971 1830 5028 Consum-

237 5066 406 5134 πιώο,
426 5067 554 5134 nisi,
579 5065 816 5137 implebo
829 5066 857 5120 τ
875 5083 978 5120 ηοη
997 5065 1272 5121 secundum
1297 5063 1673 5120 Testamentum
1691 5064 1827 5137 quod

241 5158 338 5228 {cei
361 5157 592 5229 patribus
614 5174 790 5212 eorum
817 5157 874 5211 in
906 5157 989 5212 die
1013 5174 1115 5230 qua
1145 5157 1462 5228 apprehendi
1494 5173 1701 5216 multum
1729 5173 1823 5220 eo-

243 5266 373 5314 rum,
397 5259 458 5304 ut
482 5249 744 5305 educerem
765 5243 849 5305 eos
873 5248 936 5304 de
964 5257 1097 5304 terra
1122 5248 1365 5322 Egypti.

312 5343 534 5400 CAPUT
570 5342 693 5402 XX.
722 5373 797 5384 -—
821 5344 915 5400 35.
957 5342 1065 5399 Lex
1086 5354 1244 5400 uetus.
1271 5343 1380 5399 Lex
1403 5359 1551 5400 noua.
1576 5344 1719 5417 Ergo
1756 5343 1826 5401 ii-

245 5438 330 5493 lud
354 5439 510 5495 Vetus
536 5447 675 5507 erat,
702 5437 832 5510 quia
877 5437 982 5493 hoc
1001 5453 1196 5494 novum
1215 5435 1474 5496 est.Undc
1500 5436 1660 5509 igitur
1687 5435 1826 5500 illud

251 5542 411 5597 vetus,
451 5534 550 5589 hoc
596 5549 830 5600 novum,
875 5547 999 5588 cum
1039 5532 1128 5587 lex
1171 5532 1358 5590 eadem
1403 5532 1687 5604 impleatur
1731 5547 1830 5602 per

257 5624 633 5683 festamentum
676 5627 899 5682 Novum
917 5669 931 5696 ,
956 5641 1075 5696 qua:
1091 5627 1287 5683 dixitin
1317 5627 1529 5692 Vetere,
1557 5626 1678 5681 Non
1707 5643 1830 5683 con-

787 5776 916 5855 vero
934 5763 1016 5816 alii
1037 5772 1088 5819 et
1101 5773 1225 5833 Mss,
1243 5765 1393 5832 legis;
1429 5765 1569 5833 juxta
1595 5777 1826 5835 gramm.

1636 348 1840 409 LIBER
1882 347 2081 408 UNUS.

1912 463 2139 532 cupisces
2167 459 2187 532 (
2208 460 2376 517 Exod.
2403 477 2495 531 xx,
2516 463 2584 519 17
2601 460 2650 536 )?
2683 462 2815 534 Quia
2836 461 2957 536 ipsi,
2979 463 3167 542 inquit,
3190 481 3294 526 non
3319 483 3490 539 perse-

1909 563 2200 614 uerauerunt
2228 556 2281 610 in
2311 554 2625 614 Testamento
2652 575 2784 628 meo,
2807 566 2857 615 et
2890 575 2981 632 ego
3001 559 3205 632 neglexi
3238 577 3342 632 eos,
3367 562 3494 618 dicit

1910 644 2181 702 Dominus.
2217 645 2360 718 Ergo
2399 655 2621 719 propter
2642 649 2840 706 veteris
2863 648 3099 709 hominis
3128 667 3344 720 noxam.
3371 668 3492 728 quae

1911 752 2005 808 per
2031 736 2264 794 litteram
2298 736 2573 808 iubentem
2607 747 2662 795 et
2687 741 2980 799 minantem
3018 741 3239 801 minime
3264 743 3496 804 satiaba-

1907 835 2018 895 tur,
2045 827 2240 885 dicitur
2262 829 2394 884 illud
2417 829 2820 902 Testamentum
2845 843 3032 902 vetus;
3059 834 3162 892 hoc
3189 844 3365 896 autem
3391 851 3492 894 no-

1908 935 2060 989 vum,
2105 929 2322 992 propter
2358 922 2646 979 novitatem
2686 923 2922 994 spiritus,
2951 940 3068 998 quae
3096 926 3366 986 hominem
3394 944 3495 988 no-

1907 1025 2033 1066 vum
2079 1021 2232 1067 sanat
2269 1029 2302 1072 a
2337 1013 2466 1068 vitio
2501 1014 2799 1070 vetustatis.
2830 1015 3068 1089 Denique
3106 1018 3321 1076 attende
3349 1018 3493 1091 quod

1908 1105 2168 1176 sequitur,
2203 1113 2259 1163 et
2290 1105 2412 1162 vide
2439 1115 2636 1180 quanta
2677 1106 2796 1164 luce
2834 1107 2927 1162 ﬁat
2961 1108 3322 1180 perspicuum,
3349 1110 3493 1184 quod

1909 1195 2008 1252 sibi
2034 1195 2260 1253 fidentes
2285 1198 2475 1253 nolunt
2501 1198 2743 1256 homines
2771 1197 2966 1255 intueri
2995 1216 3010 1255 :
3040 1199 3173 1266 Quia
3208 1202 3304 1256 hoc
3343 1210 3494 1256 testa-

1908 1298 2131 1342 mentum
2157 1297 2249 1356 est,
2278 1288 2468 1361 inquit,
2495 1292 2631 1359 quod
2657 1290 2900 1346 erdinabo
2939 1291 3114 1346 domui
3135 1290 3303 1347 Israel
3325 1307 3344 1347 :
3366 1291 3494 1348 Post

1908 1378 2015 1433 dies
2044 1379 2180 1445 illos,
2217 1381 2338 1435 dicit
2370 1379 2641 1449 Dominus,
2673 1382 2803 1436 dabo
2834 1382 2964 1454 leges
2992 1399 3128 1436 meas
3162 1383 3215 1437 in
3251 1399 3341 1438 cor
3367 1384 3491 1442 illo-

1907 1487 2040 1535 rum,
2081 1480 2126 1526 et
2171 1471 2225 1526 in
2270 1481 2434 1529 mente
2475 1491 2648 1528 eorum
2692 1474 2908 1529 scribam
2946 1491 3049 1532 cas.
3075 1475 3216 1532 Ecce
3239 1485 3326 1534 est
3354 1477 3493 1533 unde

1908 1563 2195 1632 Apostolus
2218 1563 2315 1632 ait,
2340 1565 2481 1637 quod
2509 1582 2666 1637 supra
2696 1568 3254 1638 commemoravimus,
3278 1567 3401 1626 Non
3438 1569 3492 1623 in

1908 1655 2092 1709 tabulis
2132 1655 2346 1727 lapideis
2362 1698 2378 1723 ,
2412 1657 2502 1712 sed
2537 1658 2591 1712 in
2630 1657 2816 1714 tabulis
2840 1659 3047 1725 cordis;
3073 1657 3196 1734 quia
3222 1675 3325 1713 nou
3347 1667 3492 1714 atra-

1906 1756 2096 1812 mento,
2120 1748 2208 1802 sed
2229 1749 2414 1819 spiritu
2433 1748 2532 1806 Dei
2555 1750 2670 1806 viui.
2693 1750 2804 1808 Nec
2832 1751 2900 1807 ob
2924 1750 3066 1807 aliud
3094 1751 3323 1807 arbitror
3348 1751 3400 1810 in
3427 1765 3492 1807 eo

1907 1837 2026 1893 loeo
2055 1839 2366 1909 Apostolum
2392 1840 2622 1897 voluisse
2644 1857 3067 1900 commemorare
3089 1841 3492 1901 Testamentum

1903 1927 2110 1984 Novum
2141 1929 2235 2001 (ibi
2263 1931 2459 2002 quippe
2485 1932 2578 1998 ait,
2611 1932 2710 2002 Qui
2747 1943 2793 1988 et
2827 1932 3034 1988 idoneos
3069 1950 3162 1988 nos
3191 1934 3309 2006 fecit
3341 1932 3492 1992 mini-

1907 2031 2036 2077 stros
2061 2021 2198 2077 Novi
2217 2021 2540 2090 Testamenti,
2565 2042 2663 2080 non
2691 2025 2886 2092 littere,
2911 2025 2999 2080 sed
3022 2027 3230 2099 spiritus
3250 2022 3336 2099 [li
3361 2022 3481 2080 Cor.

1908 2131 1985 2182 lli,
2013 2117 2066 2180 5,
2091 2114 2188 2188 6]),
2215 2118 2312 2171 nisi
2334 2118 2456 2188 Quia
2483 2119 2638 2173 istam
2667 2118 2971 2174 intuebatur
2993 2117 3347 2189 prophetiam,
3370 2131 3493 2174 cum

1907 2205 2129 2272 diceret,
2160 2203 2282 2261 Non
2319 2207 2374 2260 in
2413 2207 2596 2262 tabulis
2639 2206 2876 2276 lapideis,
2908 2206 2998 2261 sed
3029 2207 3083 2260 in
3113 2205 3298 2261 tabulis
3325 2204 3494 2262 cordis

1907 2299 2196 2354 carnalibus
2218 2299 2507 2370 :quoniam
2543 2300 2630 2354 hic
2665 2300 2865 2360 dictum
2899 2307 3004 2368 est,
3034 2297 3102 2355 In
3140 2298 3374 2356 cordibus
3406 2313 3495 2356 ea-

1907 2407 2022 2445 rum
2046 2392 2261 2446 scribam
2283 2407 2387 2457 eas,
2412 2391 2503 2447 ubi
2521 2391 2833 2448 nominatim
2859 2390 3184 2464 promissum
3205 2397 3286 2444 est
3309 2388 3495 2446 Testa-

1907 2491 2145 2538 mentum
2168 2481 2394 2538 Novum.

1979 2572 2208 2628 CAPUT
2245 2570 2391 2627 XXI.
2415 2599 2489 2611 —
2525 2570 2614 2626 56.
2655 2569 2766 2625 Lex
2789 2568 2978 2640 scripta
3004 2568 3058 2626 in
3082 2566 3333 2622 cordibus.
3358 2565 3496 2635 Quid

1910 2674 2036 2720 sunt
2064 2679 2190 2734 ergo
2220 2664 2366 2735 leges
2390 2661 2484 2717 Dei
2521 2662 2589 2717 ab
2625 2662 2739 2732 ipso
2770 2661 2880 2715 Deo
2906 2660 3118 2732 scriptae
3143 2659 3198 2714 in
3223 2658 3495 2724 cordibus,

1909 2756 2012 2810 nisi
2060 2755 2174 2828 ipsa
2223 2754 2503 2824 praesentia
2547 2752 2776 2822 Spiritus
2822 2751 3011 2830 sancti,
3050 2751 3140 2821 qui
3179 2759 3263 2810 est
3301 2749 3497 2821 digitus

1913 2846 2029 2911 Dei,
2070 2860 2178 2916 quo
2222 2852 2488 2914 praesente
2521 2842 2836 2898 diliunditur
2877 2842 3111 2900 charitas
3151 2841 3205 2895 in
3250 2839 3500 2897 cordibus

1913 2937 2131 3003 nostris,
2180 2951 2300 3007 quae
2352 2935 2623 3005 plenitudo
2648 2934 2780 3004 legis
2819 2944 2920 2999 est,
2957 2941 3012 2992 et
3048 2930 3301 3008 princepli
3338 2927 3500 2986 linis?

1913 3030 2048 3085 Nam
2084 3029 2206 3100 quia
2237 3027 2446 3084 Veteris
2464 3027 2790 3083 Testamenti
2819 3025 3078 3096 promissa
3106 3033 3317 3080 terrena
3351 3029 3477 3078 sunt

1913 3123 2041 3180 licet
2064 3123 2324 3194 (exceptis
2349 3120 2718 3187 sacramentis,
2748 3135 2866 3192 quas
2897 3120 3084 3174 umbra
3111 3125 3264 3174 erant
3291 3114 3500 3171 futuro-

1914 3230 2070 3283 rum,
2121 3214 2260 3268 sicut
2301 3221 2385 3268 est
2433 3210 2790 3280 circumcisio,
2833 3220 2888 3267 et
2935 3210 3236 3280 sabbatum,
3287 3216 3341 3262 et
3384 3205 3503 3260 alia:

1916 3307 2124 3362 dierum
2163 3306 2585 3374 observationes,
2624 3313 2677 3360 et
2705 3303 3054 3376 quarumdam
3095 3317 3336 3358 escarum
3363 3299 3503 3355 ceri-

1917 3399 2112 3454 monize
2152 3397 2250 3472 (a),
2288 3406 2342 3454 et
2383 3398 2661 3468 multiplex
2705 3396 3086 3456 sacriﬁciorum
3125 3407 3506 3465 sacrorumque

1917 3490 2072 3555 ritus,
2113 3504 2234 3559 qua:
2279 3490 2530 3544 vetustati
2577 3487 2808 3543 carnalis
2851 3487 2985 3560 legis
3010 3488 3026 3519 ⁸
3045 3486 3280 3560 ⁸ῖιιεοψιθ
3324 3483 3506 3542 servili

1920 3577 2336 3652 congruebant,)
2358 3580 2481 3633 talia
2511 3580 2821 3635 contineat’
2843 3587 3106 3652 praecepta
3127 3577 3508 3652 justiti-.e,qua-

1921 3672 1990 3727 lia
2016 3687 2156 3727 nunc
2181 3686 2392 3742 quoque
2421 3670 2708 3726 observare
2737 3670 3094 3741 prmcipimur,
3125 3684 3245 3740 quae
3271 3669 3506 3722 maxime

1921 3762 2125 3818 duabus
2176 3763 2282 3818 illis
2333 3762 2527 3817 tabulis
2568 3763 2685 3818 sine
2729 3762 2893 3832 ﬁgura
2942 3761 3270 3818 adumbrata:
3307 3758 3510 3830 signiti-

1921 3854 2146 3908 cationis
2188 3868 2440 3922 expressa
2487 3861 2639 3918 sunt,
2680 3852 2833 3906 sicuti
2877 3860 2978 3920 est,
3021 3850 3143 3904 Non
3176 3847 3505 3915 adulterabis,

1923 3943 2050 4000 Non
2087 3943 2415 3998 homicidium
2458 3944 2632 4015 facies,
2663 3942 2786 3998 Non
2826 3944 3168 4015 concupisces,
3201 3951 3246 3996 et
3289 3942 3333 3998 si
3374 3939 3510 4012 quod

1923 4036 2067 4090 aliud
2122 4044 2196 4090 est
2248 4034 2546 4090 mandatum
2596 4034 2738 4108 quod
2793 4036 2846 4089 in
2904 4035 2997 4090 hoc
3047 4050 3274 4090 sermone
3315 4033 3511 4104 recapi-

1925 4129 2155 4193 tulatur,
2213 4125 2408 4196 Diliges
2483 4126 2770 4198 proximum
2834 4137 2976 4180 tuum
3038 4128 3166 4182 sicut
3230 4133 3282 4186 te
3339 4126 3512 4194 ipsum

1926 4216 2137 4288 (Exod.
2163 4233 2260 4284 xx,
2295 4218 2500 4291 M—i'l)
2536 4237 2548 4273 :
2581 4227 2755 4273 tamen
2799 4218 2922 4290 quia
2966 4218 3018 4272 in
3066 4231 3151 4285 eo,
3197 4216 3336 4272 sicut
3376 4209 3508 4285 dixi,

1925 4309 2189 4378 promissa
2253 4318 2464 4364 terrena
2531 4317 2587 4365 et
2645 4308 2958 4378 temporalia
3011 4308 3343 4374 recitantur,
3391 4321 3512 4382 quas

1925 4402 2064 4458 bona
2109 4407 2236 4456 sunt
2282 4401 2442 4472 hujus
2490 4401 2848 4472 corruptibilis
2893 4400 3087 4465 carnis,
3141 4399 3383 4472 quamvis
3428 4397 3509 4455 eis

1922 4493 2249 4564 sempiterna
2268 4501 2428 4562 atque
2464 4493 2700 4550 coelestia
2727 4490 2794 4545 ad
2828 4490 3034 4549 Novum
3074 4489 3276 4546 scilicet
3317 4486 3508 4543 Testa-

1925 4597 2166 4642 mentum
2195 4584 2516 4656 pertinentia
2545 4584 2839 4656 figurentur
2867 4583 2920 4648 ³;
2949 4597 3088 4636 nunc
3117 4582 3286 4654 ipsius
3311 4580 3509 4634 bonum

1925 4677 2106 4733 cordis
2149 4678 2496 4746 promittitur,
2543 4675 2737 4731 mentis
2783 4675 3004 4744 bonum,
3047 4673 3263 4751 Spi‘ritus
3289 4673 3510 4739 bonum,

1927 4771 2032 4827 hoc
2057 4779 2158 4837 est,
2186 4768 2518 4840 intelligibilc
2545 4769 2774 4834 bonum,
2818 4782 2938 4822 cum
2966 4766 3176 4834 dicitur,
3207 4763 3350 4817 Dabo
3379 4763 3514 4834 leges

1925 4877 2065 4917 meas
2087 4862 2142 4915 in
2162 4868 2324 4915 mente
2347 4876 2541 4927 eorum,
2568 4869 2612 4914 et
2637 4863 2691 4913 in
2706 4858 2940 4914 cordibus
2967 4873 3139 4912 eorum
3162 4853 3376 4912 scribam
3396 4870 3503 4920 eas.

1927 4954 2084 5011 Unde
2103 4953 2418 5026 signiﬁcavit
2437 4968 2531 5008 eos
2561 4968 2667 5007 non
2699 4951 2990 5006 forinsecus
3017 4957 3305 5004 terrentem
3335 4947 3507 5016 legem

1927 5045 2327 5111 iormidaturos,
2355 5044 2449 5100 sed
2473 5045 2789 5100 intrinsecus
2815 5041 3144 5100 habitantem
3176 5039 3348 5110 ipsam
3377 5037 3513 5110 legis

1925 5141 2187 5213 iustitiam
2208 5139 2520 5194 dilecturos.

2000 5233 2228 5291 CAPUT
2264 5232 2430 5289 XXII.
2454 5231 2634 5290 ~37.
2668 5229 2860 5286 Merces
2889 5235 3094 5284 azterna.
3128 5223 3330 5282 Deinde
3354 5221 3509 5282 addi-

1926 5327 2010 5384 dit
2034 5333 2090 5383 et
2122 5324 2422 5380 mercedem
2448 5340 2461 5378 :
2486 5322 2552 5376 Et
2589 5337 2672 5375 ero
2711 5321 2780 5374 eis
2827 5319 2882 5372 in
2912 5317 3096 5382 Deum,
3138 5325 3185 5370 et
3233 5314 3332 5386 ipsi
3361 5318 3507 5366 erunt

1937 5420 2063 5474 mihi
2102 5418 2158 5472 in
2190 5417 2453 5489 populum.
2482 5412 2596 5470 Hoc
2638 5419 2720 5467 est
2747 5409 2876 5470 illud
2919 5407 3062 5483 quod
3093 5406 3202 5465 Deo
3223 5404 3245 5435 ⁸
3267 5403 3348 5462 ait
3385 5398 3515 5470 ilio,

1998 5578 2017 5610 ί
2041 5583 2143 5628 Am.
2163 5580 2237 5626 Er.
2263 5579 2316 5626 et
2334 5570 2560 5636 plerique
2581 5574 2708 5636 lites"
2730 5563 2919 5620 carnali
2939 5562 3060 5629 legs.

1991 5640 2019 5670 ⁸
2041 5640 2114 5687 Sic
2134 5643 2242 5685 Mss.
2263 5642 2319 5684 Al.
2337 5628 2776 5687 'editi,'contbwu.

1997 5702 2017 5734 ³
2041 5685 2265 5757 ineditis,
2290 5696 2412 5756 loco,
2434 5685 2719 5757 figurentur,
2743 5697 2865 5750 erat,
2889 5685 3234 5752 Matr.

1997 5761 2019 5791 ι
2041 5760 2180 5819 editi,
2200 5763 2264 5812 de
2288 5768 2403 5810 Deo.
2430 5756 2594 5819 Abest,
2618 5756 2696 5815 de.
2719 5765 2750 5806 a
2765 5759 2879 5819 λείη.

1995 5793 2750 5891 (ιδ”ὐὶὶὶὲἴῇῖῖῖὶιὲῗιυξῖιῖ,“ἔεῖρῗ
2765 5793 2846 5865 δῖ
