3984 6578
511 436 620 495 2‘23

519 556 652 612 Mihi
675 561 837 612 autem
862 551 1118 608 adhaerere
1148 546 1253 603 Deo
1274 547 1455 604 bonum
1483 555 1555 603 est
1581 545 1753 617 (Psal.
1779 560 1940 611 1.xxu,
1967 542 2088 613 28).

520 648 645 714 Ero,
669 647 855 717 inquit,
878 644 979 699 illis
999 642 1052 695 in
1078 640 1263 708 Deum,
1293 647 1337 695 et
1358 640 1458 711 ipsi
1495 646 1638 694 erunt
1681 637 1805 691 mihi
1847 636 2086 705 populus.

517 737 653 806 Quid
674 736 777 790 hoc
803 735 941 791 bono
966 731 1177 799 melius,
1206 730 1329 801 quid
1358 731 1458 785 hac
1484 727 1734 783 felicitate
1759 725 1984 791 felicius,
2012 724 2092 779 vi-

518 843 642 883 vere
666 828 803 892 Deo,
831 825 1010 880 vivere
1037 825 1104 880 de
1134 824 1245 879 Deo
1274 824 1314 892 ί,
1355 822 1492 893 apud
1518 836 1676 893 quem
1693 828 1775 876 est
1798 819 1916 875 fons
1941 820 2084 886 vitae,

517 919 649 974 etin
672 917 819 987 cujus
838 915 1036 971 lumine
1060 915 1356 971 videbimus
1376 914 1554 969 lumen
1580 911 1748 985 (Psal.
1777 928 1938 979 xxxv,
1960 910 2094 982 10)?

518 1010 593 1064 De
618 1009 716 1064 hac
737 1008 842 1064 vita
869 1006 999 1064 dicit
1038 1010 1153 1078 ipse
1182 1007 1459 1072 Dominus,
1482 1006 1628 1060 ‘ch
1664 1015 1737 1061 est
1776 1014 1945 1061 autem
1990 1005 2091 1059 vita

516 1108 723 1165 (eterna,
754 1109 811 1153 ut
837 1108 1140 1171 cognoscant
1169 1108 1217 1153 te
1258 1114 1417 1153 unum
1446 1114 1618 1152 verum
1657 1095 1845 1164 Deum,
1876 1104 1922 1151 et
1947 1112 2092 1167 quem

517 1192 696 1247 misisti
715 1189 895 1247 Iesum
931 1189 1183 1246 Christum
1220 1189 1399 1265 (Joan.
1442 1205 1573 1257 xvu,
1606 1188 1660 1261 5)
1691 1189 1783 1245 :id
1810 1197 1912 1253 est,
1945 1197 1998 1244 te
2041 1195 2097 1243 et

517 1299 676 1353 quem
709 1284 897 1339 misisti
924 1282 1106 1339 Iesum
1133 1282 1406 1338 Christum
1447 1298 1611 1338 unum
1643 1297 1823 1337 verum
1852 1282 2018 1338 Deum
2046 1282 2091 1335 ⁸.

520 1374 631 1428 Hoc
657 1375 798 1429 enim
819 1382 873 1429 et
898 1374 1013 1444 ipse
1059 1372 1319 1443 promittit
1346 1372 1692 1428 dilectoribus
1718 1373 1850 1439 suis,
1884 1372 2091 1438 dicens,

524 1466 626 1532 Qui
651 1466 813 1537 diligit
840 1482 950 1533 me,
997 1464 1240 1519 mandata
1280 1480 1392 1519 mea
1431 1463 1700 1519 custodit:
1725 1472 1772 1518 et
1816 1465 1904 1536 qui
1931 1463 2097 1535 diligit

519 1574 617 1624 me,
646 1558 881 1629 diligetur
907 1574 941 1612 a
961 1556 1119 1612 Patre
1141 1573 1288 1623 meo;
1315 1566 1362 1612 et
1388 1574 1480 1628 ego
1499 1558 1717 1629 diligam
1743 1575 1877 1626 eum,
1920 1568 1965 1612 et
2007 1574 2094 1612 os-

521 1649 722 1704 tendam
740 1665 820 1702 me
853 1650 1020 1720 ipsum
1040 1649 1116 1704 illi
1142 1648 1255 1721 (Id.
1286 1665 1398 1716 11v,
1444 1649 1536 1722 21)
1568 1669 1584 1707 :
1617 1652 1796 1721 utique
1825 1652 1878 1706 in
1923 1650 2098 1707 forma

523 1740 617 1794 Dei
646 1741 700 1795 in
725 1756 829 1811 qua
849 1741 1070 1812 aequalis
1097 1750 1182 1798 est
1206 1742 1352 1797 Patri
1376 1760 1392 1811 ;
1420 1759 1523 1798 non
1555 1743 1606 1798 in
1639 1742 1808 1799 forma
1853 1743 2013 1811 servi,
2042 1744 2097 1799 in

521 1843 624 1901 qua
669 1844 730 1887 se
778 1840 833 1888 et
882 1833 1057 1902 impiis
1087 1833 1349 1899 ostendet
1376 1834 1419 1886 ³.
1455 1835 1603 1890 Tunc
1641 1835 1783 1892 enim
1817 1835 1906 1890 flet
1955 1834 2098 1905 quod

523 1922 775 1992 scriptum
803 1932 885 1978 est
906 1965 921 1988 ,
952 1923 1182 1979 Tollatur
1199 1926 1403 1996 impius,
1447 1934 1503 1981 ut
1544 1943 1646 1982 non
1676 1927 1840 1982 videat
1876 1927 2098 1999 gloriam

523 2013 730 2069 Domini
777 2014 928 2089 (Isai.
972 2032 1117 2085 xxv1,
1172 2017 1285 2089 10).
1337 2018 1562 2085 Quando
1606 2019 1754 2075 ibunt
1788 2019 1989 2075 sinistri
2042 2020 2098 2074 in

524 2105 698 2176 ignem
716 2112 994 2176 aeternum,
1008 2108 1140 2178 justi
1160 2118 1334 2165 autem
1353 2111 1403 2164 in
1426 2111 1864 2179 vitampeternam
1882 2111 2095 2184 (Matth.

520 2213 665 2265 xxv,
721 2199 836 2271 46).
890 2200 1021 2266 Quae
1048 2201 1154 2256 vita
1200 2211 1418 2271 :etcrna,
1474 2203 1611 2259 sicut
1660 2204 2094 2269 commemoravi,

520 2291 735 2347 deﬁnita
767 2301 848 2347 est
866 2307 927 2348 ea
948 2308 1087 2359 esse,
1105 2303 1165 2348 ut
1188 2304 1510 2365 cognoscant
1524 2311 1687 2351 unum
1702 2311 1888 2351 verum
1909 2296 2098 2352 Deum.

521 2381 655 2437 Hinc
674 2382 802 2439 dicit
824 2392 878 2438 et
905 2383 1137 2453 Joannes
1162 2401 1174 2438 :
1197 2383 1540 2451 Dilectissimi,
1583 2386 1679 2455 filii
1702 2386 1801 2441 Dei
1827 2403 2022 2455 sumus,
2052 2396 2100 2443 et

521 2471 746 2526 nondum
765 2475 1004 2542 apparuit
1028 2474 1149 2544 quid
1185 2475 1391 2530 erimus.
1431 2475 1632 2530 Scimus
1652 2478 1771 2544 quia
1794 2493 1909 2531 cum
1932 2493 2098 2548 appa-

522 2565 699 2630 ruerit,
714 2564 902 2619 similes
919 2566 965 2620 ei
983 2566 1187 2635 erimus,
1200 2568 1439 2637 quoniam
1449 2568 1723 2624 videbimus
1737 2586 1853 2623 eum
1861 2570 2008 2624 sicuti
2028 2580 2102 2625 est

524 2656 567 2726 (I
595 2655 752 2711 Joan.
782 2672 861 2722 111,
884 2656 963 2729 2).
995 2657 1119 2713 Haec
1169 2658 1456 2713 similitudo
1507 2675 1649 2716 nunc
1691 2660 1875 2731 incipit
1924 2664 2099 2718 retor-

526 2745 683 2815 mari,
714 2747 966 2817 quamdiu
996 2747 1158 2804 homo
1203 2749 1423 2806 interius
1464 2761 1749 2807 renovatur
1770 2753 1791 2784 ⁸
1817 2753 1887 2808 de
1915 2754 2002 2811 die
2045 2754 2099 2810 in

524 2837 665 2892 diem
689 2836 756 2911 (ll
780 2838 896 2894 Cor.
928 2855 1009 2907 1v,
1038 2839 1129 2912 16)
1175 2840 1467 2897 secundum
1516 2843 1797 2914 imaginem
1845 2844 1962 2917 ejus
2009 2847 2101 2918 qui

523 2930 723 2985 creavit
746 2944 868 2986 eum
893 2930 1107 3000 (Coloss.
1138 2949 1214 3000 111,
1241 2934 1354 3005 10).

594 3017 817 3076 CAPUT
854 3020 1041 3077 XXIII.
1069 3053 1139 3064 -—
1168 3025 1258 3081 58.
1282 3026 1595 3095 Reformatio
1617 3044 1730 3099 qum
1751 3045 1888 3085 nunc
1907 3031 2099 3103 agitur,

524 3109 708 3165 collata
733 3127 848 3166 cum
876 3113 1180 3184 perfectione
1205 3118 1390 3187 futura:
1410 3118 1544 3173 vitae.
1573 3119 1677 3175 Sed
1705 3119 1771 3175 ad
1796 3120 1936 3176 illius
1963 3121 2103 3177 emi-

524 3201 719 3258 nentiae
743 3203 1122 3272 perfectionem
1157 3222 1276 3276 quae
1306 3216 1430 3263 tunc
1464 3207 1645 3266 futura
1670 3218 1784 3278 est,
1814 3211 1942 3281 quid
1967 3210 2099 3279 hoc,

522 3304 614 3347 aut
649 3302 903 3364 quantum
937 3297 1051 3352 est?
1077 3297 1348 3369 Siquidem
1378 3301 1663 3372 Apostolus
1700 3302 1767 3357 ad
1798 3303 1887 3359 illa
1912 3302 2102 3360 inell‘a-

522 3383 649 3440 bilia
668 3386 1051 3458 qualecumque
1074 3388 1332 3446 adhibens
1352 3391 1419 3448 de
1439 3394 1578 3450 notis
1597 3395 1758 3451 rebus
1778 3397 2099 3467 exemplum,

521 3477 795 3545 parvulam
824 3487 1037 3535 mtatem
1064 3480 1203 3537 virili
1229 3486 1556 3555 comparavit
1577 3487 1740 3543 aetati.
1771 3485 1899 3544 Cum
1921 3505 2096 3556 essem,

470 3580 475 3583 '
522 3566 712 3636 inquit,
739 3570 1001 3638 parvulus,
1031 3571 1176 3641 quasi
1201 3575 1442 3644 parvulus
1465 3576 1719 3646 loquebar,
1750 3580 1894 3649 quasi
1912 3596 2100 3651 parvu-

521 3655 601 3711 lus
625 3658 882 3728 sapiebam
897 3701 912 3726 ,
948 3662 1092 3731 quasi
1129 3663 1373 3734 parvulus
1413 3667 1693 3741 cogitabam
1715 3684 1735 3723 :
1777 3686 1894 3724 cum
1931 3681 2101 3727 autem

519 3750 684 3819 factus
705 3767 820 3805 sum
857 3752 952 3819 vir,
980 3753 1190 3825 deposui
1225 3772 1285 3811 ea
1310 3774 1426 3828 qua:
1452 3761 1650 3830 parvuli
1672 3771 1835 3818 erant.
1863 3761 1972 3820 Cur
1999 3779 2099 3820 au-

519 3844 625 3893 tem
656 3838 759 3896 hoc
785 3840 1011 3910 dixerit,
1056 3858 1447 3918 consequenter
1469 3852 1785 3920 ostendens,
1827 3854 2096 3926 Videmus,

518 3928 709 3999 inquit,
736 3946 869 3986 nunc
895 3949 985 4003 per
1004 3935 1266 4005 speculum
1287 3940 1341 3993 in
1361 3940 1647 4012 (enigmate,
1671 3952 1789 3999 tunc
1816 3957 1984 4003 autem
2012 3954 2098 4022 fa-

515 4018 593 4072 cie
617 4020 687 4073 ad
713 4023 896 4091 faciem
925 4040 946 4079 :
975 4041 1106 4080 nunc
1129 4028 1232 4082 scio
1259 4045 1324 4084 ea:
1354 4041 1516 4102 parte,
1548 4042 1665 4089 tunc
1701 4046 1868 4093 autem
1908 4018 2097 4112 cogno-

515 4125 653 4165 scam
678 4115 807 4167 sicut
830 4125 877 4169 et
900 4118 1127 4187 cognitus
1159 4136 1270 4174 sum
1295 4119 1340 4191 (I
1367 4121 1483 4177 Cor.
1515 4140 1627 4192 x111,
1659 4128 1745 4194 11,
1774 4130 1881 4203 12).

589 4203 814 4261 CAPUT
855 4206 1043 4262 XXIV.
1071 4239 1143 4250 ——
1168 4210 1256 4266 59.
1297 4210 1519 4268 zEterna
1552 4232 1739 4272 merces
1762 4217 1897 4274 Novi
1912 4220 2096 4277 Testa-

514 4297 670 4350 menti
706 4299 913 4368 propria
952 4301 1194 4370 praedicta
1222 4319 1311 4372 per
1338 4306 1651 4375 prophetam.
1686 4310 1949 4376 Quomodo
1981 4331 2095 4370 om-

514 4386 656 4442 nium
701 4389 792 4442 erit
835 4389 929 4444 illa
977 4390 1184 4448 merces.
1242 4393 1514 4466 Apostolus
1553 4400 1814 4456 vehemens
1863 4403 2096 4476 defensor

512 4480 707 4549 gratiae.
773 4480 882 4538 Leo:
933 4485 1123 4556 scripta
1174 4486 1229 4542 in
1279 4489 1512 4545 cordibus
1561 4502 1610 4547 et
1660 4505 1846 4550 merces
1896 4509 2097 4557 aeterm

510 4571 947 4643 contemplationis
983 4577 1199 4646 pertinet
1234 4579 1304 4633 ad
1334 4579 1701 4639 Testamentum
1730 4584 1951 4645 Novum.
1986 4591 2093 4646 Mi-

514 4678 660 4718 nores
708 4675 756 4719 et
810 4668 1026 4736 maiores
1066 4669 1121 4725 in
1162 4670 1317 4728 beatis
1361 4676 1587 4742 quinam.
1650 4678 1881 4739 Proinde
1929 4686 2089 4742 etiam

517 4768 610 4823 per
663 4754 820 4847 hunc
849 4760 1205 4830 prophetam,
1270 4758 1421 4837 cujus
1472 4771 1832 4830 testimonium
1885 4788 2094 4847 pertra-

512 4852 717 4900 ctamus
739 4885 756 4912 ,
805 4845 909 4903 hoc
951 4850 1201 4908 additur:
1233 4864 1291 4910 ut
1325 4856 1378 4911 in
1402 4873 1469 4913 eo
1508 4876 1743 4930 merces,
1774 4865 1829 4921 in
1857 4845 1923 4923 eo
1946 4869 2088 4940 finis,

513 4932 566 4988 in
588 4948 653 4988 eo
675 4934 932 5004 perfectio
955 4938 1239 5008 felicitatis,
1269 4945 1323 4998 in
1350 4961 1416 5002 eo
1438 4946 1607 5004 beatae
1631 4962 1949 5026 aeternaeque
1969 4932 2091 5017 vitai

511 5037 717 5082 summa
746 5030 1019 5085 consistat.
1053 5033 1188 5090 Cum
1211 5038 1354 5092 enim
1382 5039 1633 5110 dixisset,
1672 5044 1738 5100 Et
1787 5051 2003 5108 ero«illis
2035 5056 2090 5111 in

510 5114 676 5218 Deum
693 5159 709 5185 ,
737 5128 788 5175 et
814 5120 914 5191 ipsi
940 5133 1085 5179 erunt
1124 5127 1250 5182 mihi
1289 5132 1548 5201 populus;
1575 5139 1827 5197 continuo
1851 5144 2085 5218 addidit,

510 5205 581 5262 Et
607 5224 708 5264 non
731 5210 923 5266 docebit
950 5218 1288 5291 unusquisque
1312 5222 1469 5278 civem
1504 5242 1651 5281 suum
1674 5240 1722 5284 et
1748 5205 2090 5309 unusquisque

508 5299 717 5370 fratrem
740 5317 909 5373 suum,
932 5304 1121 5375 dicens,
1149 5309 1401 5382 Cognosce
1427 5315 1698 5377 Dominum
1721 5339 1741 5379 :
1770 5299 2088 5396 quia-omnes

570 5475 830 5574 τι..ψὲξὲ
849 5485 1144 5574 8.2.2.2923;
1160 5486 1537 5574 sses-am
1572 5497 1635 5574 4e
1682 5509 1799 5554 οεοσ
1825 5506 1961 5571 Apud
1983 5517 2085 5561 m-

506 5541 1021 5631 repetebaturhvime
1042 5558 1173 5621 Q90;
1194 5541 1537 5621 pml
1682 5541 1799 5554 υνν.
1825 5541 1961 5571 ..μιν
1983 5541 2085 5561 ω.

510 5599 1041 5686 ,κηδῗιξῗίέξῗξῳῗη
1066 5612 1121 5661 ’ά
1141 5619 1228 5672 es"
1252 5621 1298 5666 τε
1322 5623 1369 5667 σε
1385 5628 1525 5679 quem
1555 5625 1730 5678 nm:
1747 5634 1914 5681 gem
1950 5630 2089 5686 ch";

741 5731 892 5814 Em
901 5732 1267 5814 ueiens»
1282 5742 1579 5814 ,Wsm

571 5786 596 5814 ⁵
610 5790 738 5859 tam,
755 5786 1115 5860 homo'imerior
1128 5786 1678 5863 ’ὖῦἷᾶιθτί
1700 5813 1817 5867 editi
1831 5830 1945 5872 cum
1955 5824 2085 5886 Mss,

506 5839 649 5898 homo
666 5856 864 5905 alternis
882 5866 1149 5912 renovatur.

1427 428 1516 485 ne
1555 426 1821 485 sruuru
1861 421 1950 482 ur
1989 408 2309 491 LITTERA,
2351 426 2406 482 s.
2450 427 2821 485 AUGUSTINI

3687 438 3799 497 924

2200 554 2496 613 cognoscent
2538 561 2648 612 me,
2695 562 2728 600 a
2771 546 2962 601 minore
3001 562 3155 618 usque
3193 547 3263 602 ad
3296 549 3539 621 majorem
3583 568 3793 611 eorum.

2198 633 2348 690 Nunc
2375 644 2522 691 certe
2545 637 2654 706 jam
2696 644 2902 709 tempus
2927 647 3010 696 est
3055 640 3379 699 Testamenti
3402 642 3529 700 Novi
3556 686 3576 713 ,
3630 648 3793 716 cujus

2200 720 2295 796 per
2320 726 2639 798 Prophetam
2682 729 2817 785 facta
2845 739 2929 786 est
2975 732 3256 802 promissio
3297 748 3393 805 per
3431 734 3544 792 haec
3582 739 3794 806 verba;

2199 832 2319 887 qua:
2362 834 2425 874 ex
2475 818 2563 874 illa
2608 819 2877 890 prophetia
2928 824 3497 882 commemoravimus:
3531 842 3639 883 cur
3665 843 3797 901 ergo

2201 907 2376 966 adhuc
2414 910 2543 966 dicit
2577 914 2937 985 unusquisque
2972 916 3075 972 civi
3114 932 3213 973 suo
3252 925 3307 974 et
3349 919 3496 974 fratri
3522 934 3664 986 suo,
3697 919 3796 977 Co-

2199 1015 2383 1069 gnosce
2403 1000 2714 1060 Dominum?
2740 1005 2821 1060 An
2846 1003 2984 1061 forte
3012 1022 3116 1064 non
3148 1008 3361 1075 dicitur,
3385 1023 3505 1065 cum
3536 1009 3792 1083 Evange-

2201 1091 2328 1147 lium
2356 1093 2687 1163 praedicetur,
2731 1104 2786 1153 et
2819 1098 2936 1167 ejus
2974 1100 3086 1170 ipsa
3112 1099 3183 1155 sit
3215 1101 3553 1171 praedicatio,
3587 1110 3655 1157 ut
3693 1103 3794 1160 hoc

2202 1179 2394 1251 ubique
2416 1181 2652 1239 dicatur?
2680 1183 2812 1259 Nam
2842 1187 2980 1243 unde
3011 1204 3069 1245 se
3099 1190 3384 1260 Apostolus
3409 1191 3672 1248 Gentium
3707 1192 3791 1250 di-

2200 1270 2274 1324 cit
2305 1272 2738 1354 essedoctorem
2785 1275 2844 1347 (1
2872 1276 3005 1332 Tim.
3038 1294 3106 1346 11,
3132 1277 3211 1352 7),
3265 1282 3364 1337 nisi
3405 1283 3531 1354 quia
3579 1283 3694 1342 hoc
3740 1285 3796 1343 tit

2201 1361 2342 1430 quod
2375 1352 2489 1434 ipse
2518 1363 2622 1433 ait,
2651 1364 2914 1433 Quomodo
2951 1370 3248 1427 invocabant
3273 1373 3326 1428 in
3353 1352 3502 1445 quem
3540 1392 3651 1432 non
3677 1393 3791 1434 cre-

2203 1451 2473 1508 diderunt?
2507 1465 2595 1509 aut
2629 1457 2879 1526 quomodo
2916 1459 3117 1515 credent
3157 1479 3302 1534 quem
3338 1482 3440 1520 non
3477 1468 3795 1524 audierunt?

2201 1545 2450 1614 quomodo
2474 1554 2640 1601 autem
2669 1548 2876 1605 audient
2897 1551 3006 1606 sine
3025 1553 3333 1623 praedicante
3357 1555 3534 1628 (Rom.
3564 1573 3633 1627 ι,
3667 1559 3796 1632 ﬂ)?

2190 1631 2333 1690 Cum
2358 1650 2485 1707 ergo
2514 1653 2653 1707 nunc
2678 1640 2778 1695 ista
2804 1641 3107 1711 praedicatio
3137 1659 3515 1718 usquequaque
3538 1631 3794 1707 crebres-

2202 1735 2320 1795 cat,
2364 1729 2630 1798 quomodo
2674 1738 2882 1802 tempus
2909 1741 2992 1789 est
3026 1734 3354 1794 Testamenti
3377 1738 3551 1807 Novi,
3577 1740 3654 1798 de
3688 1758 3795 1814 quo

2203 1817 2472 1889 Propheta
2517 1820 2682 1889 dixit,
2731 1822 2802 1877 Et
2852 1840 2953 1880 non
2996 1825 3191 1881 docebit
3239 1832 3589 1902 unusquisque
3636 1833 3793 1890 civem

2202 1926 2349 1965 suum
2372 1922 2418 1967 et
2442 1915 2783 1987 unusquisque
2809 1917 3019 1986 fratrem
3055 1936 3234 1988 suum,
3277 1921 3482 1991 dicens,
3529 1924 3793 1998 Cognosce

2204 2000 2477 2058 Dominum
2501 2022 2520 2060 :
2546 2007 2664 2078 quia
2693 2024 2864 2063 omnes
2896 2021 3195 2081 cognoscent
3225 2029 3324 2082 me,
3353 2031 3385 2067 a
3412 2016 3616 2071 minore
3637 2034 3790 2091 usque

2203 2095 2272 2148 ad
2287 2096 2527 2166 majorem
2545 2115 2750 2165 eorum;
2774 2102 2876 2158 nisi
2897 2105 3020 2173 quia
3038 2104 3276 2175 ejusdem
3297 2107 3635 2165 Testamenti
3654 2109 3789 2167 Novi

2205 2194 2457 2242 aeternam
2503 2190 2834 2260 mercedem,
2880 2193 2936 2249 id
2962 2204 3071 2262 est,
3102 2196 3269 2267 ipsius
3306 2200 3399 2255 Dei
3426 2200 3791 2261 beatissimam

2204 2281 2706 2350 contemplationem
2730 2287 3091 2355 promittendo
3115 2291 3429 2361 conjunxit?

2276 2370 2365 2426 40.
2393 2371 2526 2440 Quid
2554 2389 2680 2445 ergo
2706 2385 2819 2444 est,
2848 2393 3020 2434 omnes
3047 2396 3080 2434 a
3107 2381 3303 2439 minore
3338 2400 3498 2457 usque
3524 2386 3603 2440 ad
3628 2388 3785 2460 majo-

2204 2478 2312 2517 rem
2351 2479 2555 2531 eorum;
2585 2467 2722 2535 nisi,
2768 2484 2955 2525 omnes
2984 2471 3312 2542 pertinentes
3352 2462 3706 2546 spiritualiter
3728 2479 3791 2538 ad

2205 2554 2420 2610 domum
2448 2556 2643 2623 Israel.
2674 2568 2730 2615 et
2750 2560 2819 2617 ad
2844 2562 3060 2620 domum
3088 2564 3254 2634 Juda,
3284 2567 3384 2624 hoc
3403 2577 3521 2635 est,
3554 2571 3629 2626 ad
3660 2570 3789 2630 ﬁlios

2206 2645 2371 2716 Isaac,
2403 2648 2471 2703 ad
2499 2665 2680 2707 semen
2708 2652 2972 2710 Abrahae?
3009 2656 3126 2728 Ipsa
3164 2667 3249 2714 est
3287 2661 3430 2717 enim
3472 2664 3788 2733 promissio,

2205 2754 2305 2810 qua
2336 2741 2385 2796 ei
2415 2741 2611 2798 dictum
2635 2754 2750 2812 est,
2776 2744 2845 2800 In
2877 2746 3027 2804 Isaac
3059 2752 3316 2808 vocabitur
3336 2753 3426 2809 tibi
3446 2771 3645 2812 semen.
3673 2755 3789 2812 Non

2206 2831 2337 2885 enim
2365 2834 2451 2903 qui
2474 2834 2571 2904 filii
2595 2837 2793 2905 carnis,
2823 2837 2875 2892 hi
2904 2839 3002 2908 ﬁlii
3037 2838 3169 2906 Dei;
3197 2844 3287 2897 sed
3314 2845 3412 2912 ﬁlii
3435 2847 3790 2917 promissionis

2206 2921 2511 2992 deputantur
2534 2925 2587 2979 in
2616 2942 2783 2982 semen
2807 2928 2846 2981 ¹.
2875 2927 3233 2988 Promissionis
3262 2945 3431 2990 autem
3459 2938 3674 2993 verbum
3703 2939 3792 2995 hoc

2207 3021 2319 3067 est:
2352 3014 2431 3068 Ad
2466 3016 2560 3070 hoc
2589 3025 2782 3090 tentpus
2805 3021 3035 3091 veniant,
3080 3033 3128 3078 et
3155 3026 3252 3080 erit
3287 3026 3437 3083 Sara:
3471 3029 3644 3098 filius.
3678 3029 3790 3088 Non

2206 3107 2373 3161 solum
2410 3117 2605 3177 autem,
2647 3111 2736 3166 sed
2760 3120 2807 3167 et
2845 3112 3068 3170 Rebecca
3096 3133 3160 3171 ea:
3181 3134 3283 3174 uno
3309 3106 3583 3177 concubitu
3612 3123 3791 3180 habens

2212 3198 2359 3254 Isaac
2384 3202 2541 3271 patris
2569 3204 2745 3257 nostri.
2779 3203 2856 3260 De
2888 3207 3117 3263 nondum
3155 3211 3289 3265 enim
3324 3213 3458 3268 natis
3478 3255 3494 3281 ,
3522 3231 3691 3286 neque
3709 3217 3788 3285 qui

2206 3290 2401 3359 aliquid
2426 3294 2617 3363 operati
2654 3295 2903 3366 fuerant’
2943 3298 3059 3352 boni
3100 3309 3188 3354 aut
3224 3302 3382 3369 mali,
3423 3308 3485 3358 ut
3512 3304 3791 3360 secundum

2207 3381 2497 3436 electionem
2534 3389 2852 3457 propositum
2882 3387 2982 3445 Dei
3006 3402 3255 3460 maneret,
3284 3410 3387 3449 non
3422 3411 3487 3451 ex
3523 3398 3785 3469 operibus,

2204 3472 2294 3526 sed
2318 3489 2381 3528 ea:
2402 3485 2609 3531 vocante
2641 3477 2830 3534 dictum
2856 3488 2930 3535 est
2952 3481 3019 3548 ei,
3047 3482 3168 3552 quia
3200 3484 3369 3556 major
3399 3487 3582 3542 serviet
3615 3488 3790 3543 minori

2206 3561 2316 3637 (Id.
2345 3581 2418 3631 ιι,
2447 3566 2625 3639 7-15).
2656 3569 2782 3627 Haec
2799 3578 2882 3628 est
2904 3571 3095 3631 domus
3119 3574 3302 3645 Israel,
3325 3577 3412 3635 vel
3433 3578 3637 3637 domus
3659 3581 3786 3638 Iuda

2205 3666 2421 3727 propter
2455 3656 2758 3727 Christum,
2789 3664 2878 3734 qui
2905 3666 3049 3721 venit
3091 3681 3159 3724 ex
3203 3668 3343 3726 tribu
3377 3669 3535 3728 Iuda.
3583 3674 3788 3731 Domus

2205 3744 2433 3804 ﬁliorum
2471 3750 2838 3819 promissionis
2864 3754 2977 3811 haec
3003 3765 3116 3825 est,
3145 3772 3252 3816 non
3278 3774 3500 3832 cperam
3540 3766 3786 3837 proprio-

2202 3852 2324 3893 rum
2354 3838 2397 3906 ⁸,
2436 3839 2531 3896 sed
2554 3840 2796 3899 beneﬁcii
2836 3844 2951 3901 Dei.
2985 3847 3097 3904 Hoc
3125 3850 3266 3906 enim
3305 3851 3446 3910 Deus
3484 3857 3785 3925 promittit,

2202 3929 2343 4000 quod
2368 3931 2482 4002 ipse
2506 3930 2662 3988 facit:
2690 3950 2794 3991 non
2818 3937 2957 3993 enim
2986 3939 3100 4010 ipse
3120 3944 3378 4012 promittit
3394 3955 3449 4003 et
3471 3947 3622 4004 alius
3648 3950 3784 4019 facit,

2202 4021 2342 4091 quod
2367 4022 2486 4091 'jam
2528 4038 2632 4079 non
2664 4036 2746 4082 est
2786 4030 3125 4100 promittere,
3171 4034 3267 4091 sed
3304 4036 3629 4108 praedicere.
3670 4040 3788 4099 Ideo

2201 4125 2305 4164 non
2330 4127 2395 4166 ea:
2421 4112 2672 4182 aperibus,
2704 4117 2793 4170 sed
2820 4135 2884 4173 ex
2910 4131 3118 4176 vocante
3139 4138 3161 4178 :
3188 4139 3253 4180 ne
3277 4126 3515 4196 ipsorum
3543 4131 3626 4186 sit
3642 4174 3657 4200 ,
3685 4146 3784 4189 non

2201 4198 2330 4266 Dei;
2363 4216 2430 4257 ne
2474 4218 2681 4261 merces
2721 4222 2827 4263 non
2876 4209 3162 4280 imputetur
3201 4219 3493 4275 secundum
3522 4198 3781 4292 gratiam,

2201 4290 2295 4345 sed
2325 4292 2614 4349 secundum
2642 4295 2879 4354 debitum
2922 4298 3036 4372 (Id.
3066 4319 3150 4372 1v,
3180 4303 3258 4378 4),
3303 4318 3463 4380 atque
3503 4290 3576 4368 ita
3621 4315 3782 4385 gratia

2194 4380 2304 4450 jam
2332 4399 2437 4439 non
2464 4385 2535 4441 sit
2555 4389 2746 4457 gratia,
2773 4390 2925 4462 cujus
2944 4393 3234 4453 vehemens
3256 4398 3507 4459 defensor
3525 4380 3783 4477 estatque

2199 4482 2433 4530 assertor
2457 4477 2706 4535 minimus
2731 4481 3128 4556 Apostolorum,
3150 4489 3243 4560 qui
3267 4490 3386 4561 plus
3405 4497 3663 4555 omnibus
3686 4499 3781 4556 illis

2198 4564 2487 4634 laboravit,
2537 4585 2647 4626 non
2676 4571 2792 4643 ipse
2818 4585 3033 4646 autem,
3079 4580 3173 4636 sed
3209 4584 3377 4652 gratia
3405 4585 3498 4642 Dei
3541 4604 3670 4647 cum
3696 4592 3781 4647 illo

2271 4655 2387 4712 Cor.
2418 4674 2507 4724 xv,
2540 4659 2595 4726 9,
2620 4663 2731 4735 10).
2761 4663 2947 4722 Omnes
2970 4669 3123 4737 enim,
3148 4671 3337 4744 inquit,
3365 4692 3647 4749 agnoscent
3669 4697 3780 4737 me:

2201 4748 2417 4815 Omnes,
2463 4750 2651 4843 domus
2697 4753 2856 4813 Israel
2899 4768 2954 4815 et
2999 4760 3187 4820 domus
3223 4764 3378 4823 Juda.
3402 4748 3613 4843 iNeque
3650 4776 3779 4831 enim

2196 4852 2366 4894 onmes
2392 4842 2477 4907 qui
2499 4859 2561 4897 ex
2587 4842 2772 4914 Israel,
2800 4848 2855 4901 hi
2871 4859 2988 4904 sunt
3014 4850 3181 4910 Israel
3201 4873 3222 4912 :
3246 4858 3344 4915 sed
3363 4842 3553 4919 omnes
3579 4867 3772 4938 quibus

2195 4928 2388 4984 dicitur
2416 4932 2467 4985 in
2498 4932 2708 4990 Psalmo
2745 4954 2835 5005 pro
2864 4945 3178 5013 susceptione
3212 4951 3494 5021 matutina,
3531 4928 3639 5014 hoc
3666 4965 3771 5026 est,

2195 5037 2292 5091 pro
2318 5022 2435 5079 luce
2471 5040 2639 5094 nova,
2684 5028 3009 5094 Testamenti
3037 5037 3245 5097 scilicet
3264 5042 3397 5101 Novi
3418 5088 3435 5113 ,
3471 5022 3774 5108 Universum

2194 5129 2358 5168 semen
2383 5113 2563 5183 Iacob,
2586 5122 2906 5191 magniﬁcate
2928 5143 3077 5194 eum;
3107 5130 3276 5187 timeat
3297 5151 3411 5191 eum
3433 5154 3584 5196 omne
3609 5159 3771 5200 semen

2195 5202 2360 5261 Israel
2386 5205 2554 5277 (Psal.
2585 5225 2698 5278 ιιι,
2728 5214 2781 5281 1,
2810 5214 2923 5287 24).
2958 5217 3272 5281 Universum
3301 5230 3522 5287 omnino
3547 5248 3766 5303 semen,

2193 5310 2409 5367 prorsus
2428 5313 2588 5356 omne
2612 5316 2792 5360 semen
2822 5310 3200 5377 promissorum
3236 5324 3397 5390 atque
3424 5334 3732 5384 vocatorum
3750 5368 3769 5396 ,

2192 5387 2289 5442 sed
2335 5404 2522 5447 eorum
2565 5392 2655 5463 qui
2693 5398 2982 5455 secundum
3031 5387 3366 5475 propositum
3407 5418 3582 5473 vocati
3628 5387 3768 5476 sunt;

2194 5476 2334 5544 Quos
2359 5481 2501 5536 enim
2530 5485 2928 5556 praedestinavit,
2968 5492 3085 5548 illos
3110 5506 3156 5550 et
3181 5502 3395 5571 vocavit,
3434 5522 3559 5578 quos
3602 5518 3768 5565 auum

2192 5571 2383 5625 vocavit
2399 5612 2415 5640 ,
2458 5572 2578 5629 illos
2613 5584 2661 5632 et
2694 5581 3033 5651 justiﬁeavit;
3072 5604 3199 5660 quos
3239 5604 3406 5650 autem
3434 5571 3762 5673 justiﬁeavit,

2198 5702 2749 5802 iﬂtusing”gmnanuscripa,
2782 5703 2922 5779 juxta
2945 5732 3188 5786 graecum,
3211 5724 3281 5779 cis
3301 5740 3511 5793 εροηηα.
3537 5743 3596 5789 At
3627 5737 3762 5802 editi,

2668 5842 2767 5906 Am.
2794 5845 2846 5889 et
2866 5846 2970 5904 En,
2993 5844 3190 5906 fuerint.

2264 5888 2399 5942 εδει
2425 5888 2750 5961 uss.,'hocest
2771 5888 2863 5951 non
3257 5911 3270 5923 '
3408 5952 3427 5973 ,
