3984 6512
180 411 263 472 525
1142 434 1148 446 '
1564 414 1741 472 LIBEI

1848 415 2001 477 NUS.

181 526 275 582 illos
296 535 331 580 et
349 523 645 596 gloriﬁcavit
679 525 874 598 (Rom.
902 545 998 584 vnt
1018 571 1032 595 ,
1065 529 1156 598 28,
1183 531 1292 600 30).
1325 529 1451 586 Ideo
1478 531 1496 564 ¹
1527 547 1588 586 ea;
1613 532 1736 601 ﬁde,

180 628 226 675 ιι
244 618 477 673 secundum
503 617 743 686 gratiam
786 621 946 690 ﬁrma
975 622 1039 676 sit
1067 623 1328 693 promissio
1362 623 1501 677 omni
1523 623 1700 677 semini
1723 664 1739 691 ,

175 711 310 764 nauci
325 717 514 762 lauant
547 711 696 779 quod
721 727 792 766 ex
822 713 937 784 lege
955 723 1052 782 est,
1083 714 1134 770 id
1161 723 1262 783 est,
1293 715 1436 786 quod
1456 730 1520 770 ex
1548 715 1738 771 Vetere

171 803 468 857 Testamento
497 803 656 857 venit
683 804 756 859 ad
798 805 1044 873 Novum;
1084 807 1174 862 sed
1210 816 1256 862 et
1293 809 1340 862 ei
1375 809 1511 878 quod
1537 823 1598 863 ea:
1641 807 1744 876 fide

165 905 235 954 est,
257 909 351 947 non
375 893 482 948 sibi
509 896 809 964 prremissa
829 898 950 968 lege
969 899 1013 952 ².
1038 896 1122 952 Es
1139 897 1241 967 ﬁde
1258 906 1434 954 autem
1457 898 1736 966 Abraham,

166 986 208 1041 id
231 993 327 1051 est,
353 984 673 1042 imitatores
713 986 841 1042 lidei
878 987 1183 1043 Abraham:
1215 989 1301 1059 qui
1337 998 1411 1045 est
1450 999 1592 1060 pater
1629 1005 1740 1043 om-

162 1080 283 1134 nium
299 1087 530 1132 nostrum
548 1120 566 1143 ,
597 1082 738 1134 sicut
766 1081 1016 1153 scripturn
1040 1091 1142 1147 est,
1175 1083 1310 1146 Quia
1337 1090 1534 1152 patrem
1554 1082 1739 1136 multa-

158 1188 256 1225 ram
276 1172 497 1241 gentium
533 1173 692 1242 posui
722 1180 772 1227 te
796 1170 910 1242 (Id.
935 1189 1008 1239 iv,
1036 1174 1124 1241 16,
1160 1171 1269 1244 17).
1301 1173 1499 1230 Omnes
1529 1188 1656 1244 ergo
1685 1172 1741 1228 hi

153 1263 527 1335 praedestinati,
555 1265 762 1332 vocati,
786 1265 1086 1334 iustificati,
1115 1265 1392 1337 gloriﬁcati
1418 1274 1743 1337 cognoscent

151 1356 296 1411 Deum
335 1357 517 1425 gratia
552 1355 898 1412 Testamenti
936 1357 1111 1422 Novi,
1152 1371 1182 1411 a
1231 1356 1436 1414 minore
1462 1365 1628 1429 utique
1672 1357 1742 1414 ad

146 1447 387 1516 majorem
415 1461 642 1502 eorum.

205 1559 292 1612 41.
320 1557 476 1614 Sient
505 1572 646 1630 ergo
681 1559 768 1614 lex
797 1559 1059 1615 factorum
1083 1560 1280 1629 scripta
1305 1560 1359 1615 in
1388 1560 1581 1617 tabulis
1608 1559 1742 1632 lapi-

143 1651 276 1713 deis,
323 1665 656 1721 mercesque
683 1651 802 1722 ejus
832 1661 976 1706 terra
1019 1652 1106 1706 illa
1151 1652 1550 1722 promissionis.
1582 1668 1741 1729 (luam

141 1744 367 1799 me
394 1743 590 1799 domus
617 1743 789 1798 lsrael
812 1759 935 1798 cum
962 1759 1028 1798 ex
1055 1743 1286 1814 Egypto
1316 1743 1537 1799 liberata
1567 1752 1737 1810 esset,

146 1835 370 1904 accepit,
403 1835 635 1903 pertinet
663 1833 733 1888 ad
755 1833 1154 1890 Testamentum
1179 1834 1338 1890 Vetus
1362 1849 1378 1888 :
1409 1835 1481 1890 ita
1509 1833 1594 1889 lex
1618 1833 1740 1890 ﬁdei

143 1924 344 1996 scripta
370 1925 424 1979 in
451 1924 708 1980 cordibus
729 1965 744 1989 ,
794 1939 1105 1996 mercesque
1129 1925 1244 1995 ejus
1265 1927 1470 1996 species
1496 1936 1740 1981 contem-

143 2016 410 2086 plationis,
433 2031 597 2085 quam
620 2015 921 2085 Spiritualis
940 2016 1130 2072 domus
1151 2015 1313 2072 Israel
1332 2016 1400 2071 ab
1423 2017 1526 2072 hoc
1543 2015 1742 2072 mundo

143 2109 357 2163 liberata
381 2109 697 2178 percipiet,
726 2109 962 2177 pertinet
988 2109 1057 2163 ad
1085 2108 1478 2164 Testamentum
1509 2108 1738 2164 Novum.

140 2201 288 2257 Ture
313 2201 404 2256 ﬂet
433 2202 580 2271 quod
610 2201 750 2256 dicit
784 2203 1107 2273 Apostolus,
1152 2201 1272 2258 Sive
1314 2203 1592 2275 prophetia:
1627 2221 1742 2258 eva-

141 2293 446 2358 cuabrmtur,
475 2293 581 2347 sise
605 2294 805 2364 lingua
827 2293 1124 2359 cessabunt,
1151 2295 1254 2348 sive
1286 2295 1494 2348 scientia
1524 2311 1738 2350 evacua-

144 2387 314 2451 bintr;
338 2386 422 2440 illa
451 2387 656 2442 scilicet
688 2387 1033 2457 parvulorum
1073 2387 1294 2443 scientia
1321 2389 1376 2442 in
1415 2403 1517 2458 qua
1550 2387 1633 2443 hic
1658 2387 1738 2440 vi-

141 2479 308 2544 vitur,
341 2495 461 2550 qua:
487 2495 556 2534 ex
582 2490 740 2550 parte
770 2490 854 2535 est
894 2496 991 2550 per
1015 2481 1290 2551 speculum
1319 2482 1376 2537 in
1419 2483 1697 2554 aenigmate
1723 2501 1736 2538 :

142 2583 362 2642 propter
386 2572 534 2628 hanc
557 2573 702 2628 enim
729 2574 1030 2629 necessaria
1059 2582 1142 2630 est
1165 2575 1462 2644 prophetia,
1492 2591 1611 2631 cum
1641 2575 1738 2632 ad-

145 2663 260 2718 huc
276 2666 567 2734 praeteritis
588 2665 759 2721 futura
781 2665 1106 2732 succedunt;
1135 2674 1352 2738 propter
1373 2668 1507 2724 hanc
1524 2669 1737 2740 lingua),

150 2754 210 2808 id
243 2765 355 2822 est,
379 2756 737 2827 multiplicitas
762 2757 1212 2828 significationum
1234 2800 1249 2826 ,
1291 2774 1412 2815 cum
1441 2775 1504 2815 ex
1533 2761 1637 2815 alio
1661 2770 1742 2815 at-

151 2863 269 2916 que
295 2847 404 2901 alio
446 2848 588 2902 aliud
631 2857 780 2920 atque
816 2850 960 2905 aliud
1004 2850 1339 2920 admonetur,
1385 2854 1475 2922 qui
1505 2853 1739 2907 nondum

154 2944 418 2992 aeternam
447 2938 615 2993 lucem
657 2940 948 3010 perspicua:
974 2941 1214 2997 veritatis
1253 2951 1435 2999 mente
1478 2948 1743 3013 purgatis-

156 3027 298 3082 sima
319 3029 720 3098 contemplatur.
746 3029 874 3086 Cum
899 3041 1071 3086 autem
1095 3034 1282 3088 venerit
1306 3033 1442 3103 quod
1467 3039 1743 3105 perfectum

155 3131 264 3187 est,
293 3129 348 3177 et
371 3131 531 3177 totum
559 3123 663 3180 hoc
689 3125 828 3195 quod
864 3142 928 3179 ex
952 3135 1097 3195 parte
1133 3135 1206 3180 est
1251 3126 1408 3181 fuerit
1449 3137 1742 3182 evacuatum

161 3210 200 3281 (1
229 3210 343 3265 Cor.
368 3228 484 3280 xm,
508 3213 562 3278 8,
586 3215 646 3284 9)
669 3231 684 3278 ;
717 3225 844 3270 tunc
879 3215 1021 3285 quod
1043 3215 1064 3247 ³
1089 3225 1357 3286 assumpta
1398 3232 1562 3273 carne
1593 3218 1742 3273 carni

158 3309 423 3370 apparuit,
471 3303 722 3359 ostendet
759 3320 822 3361 se
859 3306 1032 3374 ipsum
1064 3305 1408 3362 dilectoribus
1434 3307 1583 3362 suis:
1617 3316 1743 3363 tunc

159 3395 251 3448 erit
277 3395 378 3449 vita
407 3404 632 3461 aeterna,
663 3407 722 3451 ut
748 3412 1136 3467 cognoscamus
1165 3414 1329 3454 unum
1356 3416 1541 3454 verum
1571 3400 1739 3456 Deum

161 3484 324 3554 (Joan.
352 3501 490 3554 xvu,
518 3486 611 3558 '5);
640 3493 769 3543 tunc
795 3489 1002 3544 similes
1021 3490 1072 3544 ei
1093 3489 1289 3545 erimus
1310 3491 1356 3561 (l
1380 3489 1535 3545 Joan.
1562 3507 1639 3557 ιιι,
1661 3491 1739 3561 2),

161 3579 396 3647 quoniam
441 3588 570 3634 tunc
611 3596 1000 3652 cognoscemus
1043 3583 1180 3638 sicut
1227 3591 1282 3637 et
1323 3583 1520 3654 cogniti
1560 3599 1742 3640 sumus

169 3669 207 3740 (l
230 3671 338 3724 Cor.
379 3687 506 3737 xm,
538 3672 648 3744 12).
679 3673 831 3729 Tunc
863 3691 964 3729 non
989 3676 1184 3730 docebit
1212 3677 1550 3746 unusquisque
1591 3680 1743 3732 civem

176 3777 329 3830 suam,
355 3772 445 3816 aut
473 3768 687 3833 fratrem
710 3781 881 3832 suum,
911 3765 1082 3821 dicens
1103 3807 1116 3832 ,
1145 3765 1398 3838 Cognosce
1425 3766 1701 3822 Dominum
1725 3784 1742 3823 :

172 3868 324 3907 ames
347 3855 482 3907 enim
508 3865 812 3925 cognoscent
838 3873 982 3924 eum,
1013 3873 1046 3910 a
1083 3858 1277 3911 minore
1301 3873 1456 3928 usque
1482 3859 1549 3912 ad
1583 3860 1745 3930 "llle-

165 3961 255 3999 rem
279 3963 469 4001 eorum.
499 3948 656 4016 Quod
700 3948 880 4004 multis
910 3949 1082 4004 modis
1111 3948 1328 4019 intelligi
1371 3958 1564 4018 potest.
1613 3951 1740 4007 Sive

165 4039 276 4106 quia
321 4049 372 4093 et
415 4040 530 4095 illic
556 4041 781 4111 quisque
828 4051 1131 4097 sanctorum
1179 4050 1430 4112 tanquam
1481 4043 1632 4099 stella
1675 4045 1742 4100 ab

165 4129 303 4182 stella
327 4129 506 4184 differt
530 4130 586 4184 in
616 4131 786 4201 gloria
815 4130 926 4202 (Id.
956 4148 1046 4200 xv,
1078 4132 1193 4203 41).
1220 4131 1329 4187 Nec
1357 4133 1420 4187 ad
1449 4149 1561 4188 rem
1590 4133 1746 4203 quid-

164 4234 306 4286 quam
342 4221 607 4285 interest,
651 4229 830 4276 utrum
871 4237 904 4275 a
939 4222 1134 4277 minore
1173 4238 1330 4290 usque
1368 4223 1436 4276 ad
1464 4224 1740 4293 majorem,

163 4310 286 4364 sicut
322 4311 526 4366 dictum
562 4322 681 4377 est,
713 4327 779 4367 an
808 4313 854 4366 si
895 4328 927 4367 a
954 4312 1159 4381 majore
1188 4328 1356 4382 usque
1385 4313 1452 4367 ad
1482 4314 1741 4368 minorem

161 4400 452 4458 diceretur:
483 4403 630 4474 quod
673 4404 917 4459 similiter
951 4404 1086 4459 nihil
1119 4404 1369 4471 interest,
1402 4405 1609 4460 etiamsi
1637 4406 1738 4459 mi-

161 4508 316 4551 nores
338 4496 782 4560 intellexerimus,
809 4497 897 4566 qui
921 4496 1285 4552 tantummodo
1303 4495 1545 4565 credere,
1575 4498 1745 4567 majo-

160 4599 242 4641 res
265 4596 441 4643 autem
469 4587 564 4658 qui
591 4587 754 4642 etiam
783 4588 1078 4658 intelligere
1096 4626 1113 4656 ,
1145 4597 1397 4657 quantum
1423 4588 1477 4642 in
1505 4586 1607 4643 hac
1633 4586 1742 4642 vita

159 4689 329 4749 potest
363 4681 408 4746 ⁸,
458 4681 644 4737 lumen
690 4681 1062 4750 incorporeum
1107 4687 1268 4749 atque
1311 4679 1743 4736 incommutabile

158 4774 452 4828 valuerunt.
486 4774 616 4829 Sive
639 4773 895 4840 minores,
923 4782 1168 4842 tempore
1191 4772 1544 4841 posteriores;
1578 4772 1745 4842 majo—

160 4876 242 4916 res
262 4874 438 4918 autem
466 4875 709 4933 tempore
725 4864 932 4934 priores
955 4862 1176 4933 intelligi
1200 4862 1383 4918 voluit.
1409 4861 1576 4919 Simul
1601 4863 1743 4918 enim

163 4955 470 5021 promissam
513 4954 609 5008 Dei
633 4954 1137 5023 contemplationem
1178 4953 1446 5023 accepturi
1475 4961 1600 5008 sunt
1623 4968 1741 5007 om-

162 5059 282 5109 nes;
313 5047 432 5116 quia
464 5056 518 5101 et
559 5046 633 5100 illi
676 5061 774 5115 pro
801 5046 955 5101 nobis
984 5044 1206 5100 meliora
1247 5043 1625 5115 providerunt,
1675 5059 1744 5099 ne

160 5136 270 5192 sine
291 5138 450 5193 nobis
489 5137 714 5208 perfecti
737 5137 760 5169 ⁵
799 5137 1186 5206 perficerentur
1213 5135 1398 5206 (Hebr.
1428 5152 1498 5201 xl,
1530 5135 1642 5205 40).
1675 5133 1743 5190 Ει

161 5226 277 5284 ideo
300 5230 442 5286 velut
469 5229 678 5300 priores
704 5227 1042 5299 reperiantur
1070 5227 1306 5282 minores
1333 5227 1374 5293 ⁸,
1406 5226 1527 5297 quia
1566 5225 1744 5282 minus

155 5407 394 5519 “tunc,
421 5409 641 5473 Ideoque.
668 5415 728 5460 At
755 5409 1070 5472 manuscripti
1091 5421 1188 5458 non
1204 5406 1348 5459 aliter
1377 5420 1520 5472 quam
1544 5415 1744 5472 Aposto-

215 5532 238 5562 ²
257 5533 399 5593 aditi,
420 5547 510 5597 non
531 5533 626 5585 sibi
647 5533 887 5597 promissa
911 5533 1031 5597 lege.
1056 5532 1252 5597 sedqui
1282 5534 1357 5582 hic
1389 5532 1642 5582 manifesto
1668 5547 1745 5582 cr-

155 5604 265 5657 vore
289 5596 519 5645 recedunt
539 5609 565 5644 a
590 5595 972 5657 riianuscriptis,
993 5609 1103 5657 cum
1119 5595 1192 5657 iis
1226 5604 1396 5657 postea
1433 5597 1742 5656 conveniunt,

157 5655 316 5730 1.355,
332 5658 414 5730 alii
434 5661 691 5730 repetitur,
716 5655 973 5730 pristinam
995 5655 1087 5707 sibi
1110 5655 1227 5730 lege:

218 5717 474 5783 flatibus
642 5717 746 5783 qui.
773 5727 825 5768 tu
847 5720 1086 5783 quinque,
1123 5717 1325 5769 Verbum
1341 5717 1488 5783 φλυά-

219 5777 399 5850 ξξᾱιιί,
419 5779 522 5842 ﬁeri
542 5777 710 5850 potest.
738 5777 910 5850 sbes't,
937 5777 1115 5850 ﬁéri,a
1129 5788 1238 5850 tiles.

223 5839 464 5913 tm“
486 5859 516 5913 e-
536 5839 782 5913 latim-"is
801 5839 1190 5913 “$35-17'0fecti.‘
1264 5909 1271 5913 Δ
1437 5904 1446 5912 ἱ

224 5899 246 5931 ⁸
267 5902 380 5955 aditi
397 5920 409 5957 :
425 5913 479 5958 Et
499 5907 605 5959 ideo
627 5906 760 5960 velut
782 5899 996 5958 minores
1029 5899 1334 5970 reperiuntur
1367 5904 1569 5971 priores.

1847 530 1997 587 dilati
2039 542 2193 601 sunt;
2225 534 2362 590 sicut
2406 535 2463 591 in
2491 535 2582 592 illo
2623 539 2929 611 evangelico
2968 541 3186 600 denario
3214 556 3310 616 per
3345 548 3422 603 si-

1846 622 2198 680 militudinem
2223 625 2433 695 dicitur,
2463 643 2624 698 quem
2660 630 2808 700 prius
2834 633 3099 704 accipiunt
3120 636 3209 705 qui
3239 646 3423 707 poste-

1845 712 1958 770 rius
1982 723 2242 770 venerunt
2263 715 2331 772 ad
2352 716 2558 773 vineam
2584 719 2602 790 (
2622 719 2806 776 Matth.
2833 738 2924 790 xx,
2947 722 3124 794 8-12).
3145 725 3266 781 Sive
3287 741 3423 796 quo-

1846 803 1976 860 libet
2006 806 2112 861 alio
2144 807 2324 872 modo,
2365 810 2452 879 qui
2483 824 2569 865 me
2597 810 2652 865 in
2677 816 2958 882 praesentia
3000 816 3222 876 forsitan
3256 819 3420 891 fugit,

1845 895 2080 951 minores
2104 899 2451 981 majoresque_
2469 902 2764 971 accipiendi
2783 914 2927 960 sunt.

1916 987 2140 1045 CAPUT
2151 990 2392 1047 XXV.—
2411 993 2499 1049 42.
2525 993 2784 1050 Distantia
2815 995 3000 1052 Veteris
3019 1010 3064 1054 et
3091 1001 3145 1054 Ν
3147 1005 3225 1057 oui
3243 1004 3421 1060 Testa-

1845 1081 2017 1138 menti.
2058 1081 2191 1138 lllud
2230 1093 2440 1152 tamen,
2487 1097 2743 1157 quantum
2785 1099 2972 1162 potes,
3016 1092 3298 1164 diligenter
3337 1107 3418 1154 at-

1845 1173 2036 1241 tende,
2079 1176 2220 1246 quod
2260 1187 2408 1235 tanto
2434 1181 2708 1238 molimine
2747 1198 2913 1240 conor
2955 1187 3270 1244 ostendere:
3297 1205 3419 1246 cum

1843 1264 2239 1326 Testamentum
2272 1271 2474 1328 Novum
2504 1273 2768 1345 Pr0pheta
2799 1278 3160 1348 promitteret,
3192 1296 3300 1338 non
3329 1297 3419 1339 se-

1844 1360 2077 1416 cundum
2102 1363 2499 1421 Testamentum
2530 1368 2672 1438 quod
2713 1369 2858 1439 prius
2885 1369 3085 1427 factum
3119 1381 3202 1429 est
3228 1375 3422 1444 populo

1843 1451 2006 1510 Israel
2037 1469 2103 1510 ex
2129 1455 2365 1530 Egypto
2387 1459 2629 1527 liberato,
2651 1461 2783 1518 nihil
2809 1479 2932 1518 eum
2952 1464 3022 1521 de
3041 1467 3420 1524 sacriﬁciorum

1842 1545 1928 1600 vel
1951 1560 2280 1618 quorumque
2302 1551 2320 1581 ⁸
2349 1564 2803 1610 sacramentorum
2827 1557 3240 1615 commutatione
3262 1558 3423 1614 dixis-

1844 1651 1923 1706 se,
1952 1640 2193 1708 quamvis
2216 1649 2271 1696 et
2294 1641 2409 1712 ipsa
2448 1644 2565 1700 sine
2595 1645 2759 1702 dubio
2782 1647 2956 1704 fuerat
2980 1660 3254 1718 secutura,
3286 1653 3426 1709 sicut

1843 1736 2082 1784 secutam
2110 1730 2368 1799 videmus,
2398 1736 2541 1805 quod
2564 1737 2744 1793 multis
2771 1739 2891 1795 aliis
2921 1740 3050 1796 locis
3077 1741 3264 1798 eadem
3293 1758 3422 1814 pro-

1843 1817 2054 1888 phetica
2093 1820 2364 1893 Scriptura
2411 1834 2672 1883 testatur:
2715 1830 2810 1886 sed
2855 1833 3220 1890 tantummodo
3267 1835 3422 1890 istam

1843 1913 2248 1972 commendasse
2275 1915 2577 1975 distantiam
2599 1962 2614 1987 ,
2663 1921 2806 1992 quod
2850 1922 2996 1995 leges
3040 1939 3163 1980 suas
3203 1925 3423 1982 daturus

1841 2015 1985 2060 esset
2013 2006 2154 2063 Deus
2179 2008 2234 2062 in
2263 2019 2495 2066 mentem
2534 2027 2716 2068 eorum
2746 2015 2836 2084 qui
2863 2017 3192 2086 pertinerent
3215 2020 3283 2075 ad
3321 2020 3423 2076 hoc

1842 2094 2262 2172 Testamentum,
2276 2109 2529 2159 eteorum
2552 2105 2844 2174 scripturus
2863 2108 2884 2140 ²
2906 2107 2958 2162 in
2973 2108 3253 2177 cordibus;
3280 2111 3422 2166 unde

1843 2187 2128 2257 Aposwlus
2155 2192 2402 2261 sumpsit,
2432 2210 2532 2248 non
2558 2204 2856 2264 atramento,
2876 2199 2965 2252 sed
2987 2200 3168 2269 spiritu
3187 2200 3284 2255 Dei
3303 2203 3419 2267 vivi,

1842 2295 1945 2334 non
1960 2280 2012 2334 in
2036 2280 2218 2337 tabulis
2234 2283 2464 2353 lapideis,
2485 2285 2573 2338 sed
2591 2285 2644 2339 in
2669 2286 2854 2342 tabulis
2873 2289 3042 2345 cordis
3050 2291 3334 2346 carnalibus
3353 2291 3421 2362 (ll

1843 2369 1960 2425 Cor.
1980 2387 2056 2435 ιιι,
2079 2373 2132 2443 ὅ)
2157 2390 2169 2425 :
2190 2375 2674 2446 sempiternamque
2699 2380 3001 2436 mercedem
3027 2381 3422 2451 justilicationis

1843 2458 2148 2530 hujus,’non
2165 2473 2361 2521 terram
2375 2467 2442 2522 de
2465 2485 2566 2538 qua
2586 2471 2720 2540 pulsi
2745 2480 2868 2526 sunt
2882 2473 3176 2528 Amorrhati
3195 2475 3425 2531 etChet-

1844 2560 1962 2620 tam,
2005 2563 2059 2608 et
2087 2555 2206 2610 alia:
2242 2567 2428 2626 gentes
2462 2575 2581 2628 qum
2610 2561 2682 2616 ibi
2709 2574 3197 2620 commemorantur
3234 2566 3423 2637 (Josue

1844 2649 1963 2715 xu),
1992 2647 2086 2702 sed
2113 2648 2282 2716 ipsum
2309 2651 2498 2718 Deum,
2522 2653 2606 2707 cui
2628 2653 2903 2710 adhaerere
2923 2656 3117 2712 bonum
3139 2668 3222 2713 est
3251 2658 3420 2731 (Psal.

1845 2753 2015 2802 Lxxn,
2037 2738 2158 2808 28),
2190 2749 2248 2794 ut
2267 2740 2464 2797 bonum
2493 2743 2586 2798 Dei
2616 2746 2755 2815 quod
2768 2747 3024 2817 diligunt,
3056 2750 3194 2806 Deus
3223 2753 3293 2806 sit
3313 2753 3427 2822 ipse

1844 2843 2002 2897 quem
2020 2829 2246 2900 diligunt
2259 2840 2278 2896 ‘;
2302 2831 2440 2888 inter
2459 2849 2616 2904 quem
2637 2844 2689 2890 et
2704 2835 2944 2894 homines
2967 2840 3067 2894 nisi
3086 2852 3299 2910 peccata
3320 2859 3423 2898 non

1845 2931 2234 2991 separant,qu:e
2245 2925 2455 2979 nonnisi
2470 2940 2565 2994 per
2578 2927 2820 2983 eamdem
2833 2931 3054 3000 gratiam
3067 2932 3192 2987 dimi
3202 2941 3422 2990 ttuntur.

1846 3009 1999 3067 Unde
2012 3027 2132 3067 cum
2143 3013 2382 3081 dixisset,
2410 3015 2595 3071 Omnes
2609 3019 2741 3072 enim
2755 3031 3051 3090 cognoscent
3066 3039 3160 3089 me,
3182 3030 3224 3076 a'
3235 3025 3428 3082 minore

1845 3118 2000 3172 usque
2019 3103 2087 3156 ad
2105 3107 2347 3177 majorem
2362 3123 2572 3174 eorum;
2600 3125 2722 3164 mox
2747 3109 2982 3176 addidit,
3018 3112 3151 3178 Quia
3178 3117 3427 3186 prapitius

1845 3211 1929 3250 ero
1940 3197 2191 3266 iniquitati
2207 3214 2399 3267 eorum,
2419 3209 2466 3253 et
2486 3211 2690 3269 peccata
2709 3217 2881 3257 eorum
2901 3221 2999 3258 non
3017 3207 3330 3261 memorabor
3348 3208 3428 3261 ul-

1847 3297 1942 3342 tra.
1963 3288 2064 3344 Per
2086 3289 2260 3360 legem
2277 3306 2405 3361 ergo
2430 3289 2690 3348 factorum
2712 3295 2840 3349 dicit
2858 3296 3135 3364 Dominus,
3169 3298 3288 3354 Non
3305 3317 3428 3355 con-

1846 3379 2069 3452 cupisces
2097 3379 2417 3450 (Exod.xx,
2450 3383 2538 3454 17)
2569 3401 2583 3439 :
2613 3401 2710 3456 per
2736 3386 2906 3458 legem
2937 3389 3060 3444 ﬁdei
3091 3391 3219 3446 dicit
3244 3391 3428 3446 Domi-

1847 3486 1970 3540 nus,
1999 3471 2126 3526 Sine
2151 3489 2229 3527 me
2257 3474 2626 3544 nihil,potestis
2662 3479 2829 3547 facere
2861 3477 3036 3551 (Joan.
3064 3497 3151 3548 xv,
3179 3481 3266 3552 5);
3299 3497 3429 3553 age-

1846 3562 1941 3618 bat
1961 3563 1982 3594 ³
2011 3565 2156 3620 enim
2181 3565 2251 3622 de
2278 3556 2438 3621 bonis
2465 3568 2716 3638 operibus
2739 3612 2755 3639 ,
2786 3571 2887 3627 hoc
2912 3582 2997 3627 est
3018 3614 3033 3640 ,
3061 3573 3127 3629 de
3154 3575 3428 3644 palmitum

1845 3655 2124 3712 fructibus.
2149 3657 2281 3714 Cum
2305 3659 2464 3730 igitur
2478 3660 2592 3717 llch
2612 3674 2864 3734 appareat
2884 3665 3132 3722 distantia
3151 3668 3356 3725 Veteris
3375 3679 3430 3725 et

1846 3749 1980 3806 Novi
1995 3752 2341 3822 Tcstamenti,
2369 3756 2512 3825 quod
2539 3755 2624 3810 lex
2650 3758 2722 3812 ibi
2745 3759 2797 3812 in
2823 3758 3039 3828 tabulis,
3063 3759 3151 3816 hic
3175 3763 3227 3816 in
3252 3764 3429 3820 cordi-

1846 3843 1946 3899 bus
1974 3844 2247 3913 scribitur,
2279 3847 2504 3917 utquod
2532 3847 2604 3902 ibi
2640 3847 2938 3906 forinsecus
2970 3860 3167 3917 terret,
3209 3852 3295 3909 hic
3329 3855 3429 3911 dc-

1846 3935 2006 3992 lectet
2035 3939 2354 3994 intrinsecus
2377 3981 2393 4008 ,
2443 3939 2620 4010 ibique
2648 3941 2739 3996 ﬁat
2766 3945 3138 4012 praevaricator
3163 3962 3256 4015 per
3284 3951 3451 4004 oeci--

1846 4026 2061 4082 dentem
2105 4027 2369 4094 litteram,
2400 4029 2486 4084 hic
2511 4030 2736 4086 dilector
2763 4047 2860 4102 per
2888 4035 3240 4092 vivificantem
3269 4039 3427 4108 spiri-

1849 4127 1958 4174 tum
1991 4138 2004 4176 :
2037 4137 2143 4176 non
2167 4120 2288 4176 ideo
2311 4121 2596 4177 dicendum
2626 4132 2709 4179 est
2735 4126 2878 4195 quod
2906 4126 3047 4182 Deus
3084 4128 3296 4199 adjuvet
3332 4146 3431 4187 nos

1845 4211 1912 4266 ad
1953 4211 2276 4281 operandam
2313 4213 2572 4282 justitiam
2603 4225 2762 4286 atque
2806 4227 3056 4287 operetur
3083 4220 3137 4273 in
3181 4221 3335 4276 nobis
3377 4230 3430 4278 et

1846 4303 1986 4358 velle
2010 4313 2064 4359 et
2100 4306 2308 4375 Operari
2342 4322 2438 4377 pro
2467 4307 2603 4362 bona
2632 4308 2903 4366 voluntate
2928 4309 3188 4383 (Philipp.
3218 4329 3276 4382 ιι,
3313 4315 3423 4384 15),

1846 4396 1968 4466 quia
2009 4398 2289 4467 praeceptis
2323 4397 2542 4468 justitia:
2583 4397 2879 4456 forinsecus
2923 4401 3137 4457 insonat
3185 4405 3430 4460 sensibus

1847 4491 2073 4556 nostris;
2105 4491 2199 4545 sed
2229 4491 2352 4561 quia
2371 4492 2694 4548 intrinsecus
2717 4493 3101 4550 incrementum
3128 4495 3217 4551 dat
3239 4497 3280 4569 (l
3307 4497 3426 4554 Cor.

1847 4597 1924 4648 ιιι,
1953 4583 2069 4652 7),
2100 4582 2444 4639 dilfundendo
2487 4585 2800 4640 charitatetn
2845 4585 2900 4640 in
2941 4585 3192 4642 cordibus
3233 4591 3430 4646 nostris

1847 4689 1945 4744 per
1971 4673 2227 4744 Spiritum
2277 4684 2518 4730 sanctum
2543 4717 2559 4741 ,
2589 4675 2682 4747 qui
2709 4675 2866 4732 datus
2909 4685 2998 4733 est
3039 4677 3193 4736 nobis
3232 4678 3427 4752 (Rom.

1849 4783 1905 4834 ν,
1934 4767 2024 4837 5).
3456 4801 3457 4804 η

1916 4859 2144 4915 CAPUT
2181 4857 2370 4914 XXVI.
2387 4861 2560 4924 -—45.
2584 4861 2806 4928 Quwstio
2834 4862 2887 4915 in
2917 4861 3082 4917 locum
3110 4864 3342 4934 Apostoli
3369 4868 3424 4920 de

1849 4948 2087 5005 Gentibus
2128 4966 2242 5020 quae
2265 4951 2559 5006 naturaliter
2593 4955 2759 5022 facere
2781 4948 2989 5022 legem,
3021 4971 3228 5024 eamque
3251 4956 3430 5010 habere

1847 5042 2088 5112 scriptam
2132 5042 2184 5095 in
2229 5041 2463 5097 cordibus
2501 5043 2755 5097 dicuntur.
2800 5041 3102 5100 Videndum
3128 5054 3213 5101 est
3252 5059 3427 5102 autem

1849 5135 2114 5204 quomodo
2141 5133 2280 5190 dicat
2299 5135 2608 5204 Apostolus,
2630 5133 2760 5190 Cum
2779 5136 2911 5190 enim
2933 5134 3116 5192 Gentes
3137 5154 3250 5208 qua:
3271 5139 3428 5210 legem
3459 5165 3462 5168 ~

1850 5242 1950 5279 non
1975 5226 2176 5292 habent,
2209 5227 2506 5280 naturaliter
2524 5242 2639 5293 quae
2659 5227 2782 5297 legis
2806 5236 2924 5282 sunt
2950 5227 3162 5298 faciunt,
3195 5230 3245 5282 hi
3271 5229 3425 5299 legem

1848 5334 1951 5372 non
1980 5317 2232 5386 habentes,
2259 5318 2358 5388 ipsi
2382 5319 2476 5374 sibi
2494 5328 2609 5372 sunt
2635 5319 2736 5387 lex,
2759 5319 2847 5389 qui
2867 5320 3130 5374 ostendunt
3153 5337 3280 5391 opus
3305 5321 3425 5390 legis

1849 5411 2090 5482 scriptum
2118 5412 2170 5464 in
2196 5411 2428 5465 cordibus
2458 5411 2563 5464 suis
2584 5425 2605 5466 :
2635 5425 2704 5467 ne
2731 5409 2970 5465 videatur
3002 5425 3105 5464 non
3136 5425 3254 5464 esse
3283 5420 3424 5464 certa

1849 5501 2096 5557 distantia
2125 5501 2260 5555 Novi
2287 5501 2642 5566 Testamenti,
2676 5501 2818 5571 quod
2846 5501 2990 5571 leges
3015 5514 3138 5553 suas
3169 5499 3422 5555 Dominus

1850 5593 1903 5650 in
1933 5594 2180 5650 cordibus
2210 5595 2388 5664 populi
2431 5595 2512 5649 sui
2555 5609 2612 5649 se
2642 5594 2963 5665 scripturum
2994 5605 3111 5647 esse
3153 5592 3422 5670 promisit,
3458 5607 3466 5615 ·

1915 5780 1930 5810 ί
1957 5785 2087 5834 tnv.,
2107 5785 2524 5837 quorumcumque.

1915 5843 1935 5873 ³
1958 5843 2029 5904 sic
2052 5834 2229 5904 sisset
2251 5837 2386 5894 editi,
2411 5834 2706 5904 Scriptttras._
2854 5866 2860 5873 .
2912 5881 2915 5883 _
2939 5877 2942 5880 ι
3001 5859 3028 5904 .1
3058 5867 3063 5872 .

1918 5905 1940 5938 δ
1961 5903 2096 5964 Editi,
2121 5899 2292 5955 aiebat.
2321 5893 2379 5948 At
2397 5893 2726 5960 Mss.,'agebat.
3023 5893 3028 5904 '
3125 5903 3130 5910 ‘
