3984 6528
544 548 772 617 vacabit,
801 546 942 618 quod
969 545 1026 602 in
1051 543 1166 618 ipsa
1190 543 1462 614 impietate
1487 539 1778 598 damnabili
1803 539 1974 609 magis
1997 539 2132 595 alius

542 642 649 698 alio
674 641 917 696 minusve
945 637 1262 708 peccaverit.

613 732 702 788 49.
735 729 872 798 Quid
901 743 1029 798 ergo
1055 727 1178 784 hinc
1204 725 1490 796 Apostolus
1519 723 1732 779 efﬁcere
1759 721 1957 789 voluit,
1987 722 2129 794 quod

536 823 844 894 iactantiam
879 819 1136 875 cohibens
1173 817 1478 874 Judteorum
1499 858 1513 884 ,
1556 829 1676 870 cum
1718 813 1973 879 dixisset,
2007 811 2131 868 Non

541 915 793 971 auditores
822 912 945 983 legis
962 912 1094 982 justi
1120 919 1240 966 sunt
1267 910 1404 981 apud
1431 907 1594 964 Deum
1613 949 1627 974 ,
1657 907 1746 962 sed
1770 911 1985 978 factores
2005 907 2128 978 legis

531 1003 984 1076 justiﬁcabuntur;
1010 1003 1265 1059 continuo
1283 1002 1508 1072 subjecit
1525 1001 1591 1057 de
1611 1000 1714 1068 his,
1738 1000 1827 1071 qui
1847 1001 2004 1072 legem
2024 1016 2128 1054 non

541 1097 810 1163 habentes,
839 1095 1136 1152 naturaliter
1164 1110 1276 1164 qua:
1304 1093 1426 1165 legis
1449 1101 1564 1148 sunt
1589 1093 1819 1164 faciunt:
1847 1092 1890 1147 si
1917 1106 2025 1147 non
2049 1091 2127 1147 illi

539 1199 664 1245 sunt
683 1187 1035 1258 intelligendi,
1057 1187 1146 1258 qui
1175 1185 1443 1256 pertinent
1467 1185 1536 1239 ad
1557 1185 1781 1254 gratiam
1801 1183 2123 1250 Mediatoris,

537 1278 636 1336 sed
661 1278 733 1334 illi
759 1279 958 1350 potius,
986 1278 1077 1349 qui
1101 1291 1223 1332 cum
1244 1275 1414 1331 Deum
1440 1289 1622 1330 verum
1647 1289 1774 1331 vera
1801 1273 1996 1346 pietate
2020 1289 2125 1330 non

537 1371 736 1437 colant,
765 1370 964 1427 habent
989 1379 1166 1425 tamen
1191 1367 1432 1438 quaedam
1461 1381 1624 1437 Opera
1649 1366 1786 1422 bona
1815 1366 1866 1421 in
1896 1367 2004 1422 vita
2029 1367 2126 1422 im-

537 1463 663 1534 pia?
708 1464 792 1518 An
840 1461 977 1518 forte
1025 1461 1127 1518 hoc
1167 1461 1286 1531 ipso
1327 1459 1656 1530 probandum
1697 1459 1951 1526 credidit,
1985 1461 2126 1530 quod

538 1568 699 1625 supra
727 1553 966 1622 dixerat,
997 1553 1119 1624 quia
1147 1568 1250 1607 non
1280 1561 1352 1606 est
1382 1567 1710 1622 personarum
1739 1553 1960 1622 acceptio
1988 1555 2126 1623 apud

538 1645 740 1710 Deum;
767 1651 823 1701 et
861 1643 1003 1715 quod
1043 1653 1227 1714 postea
1253 1642 1419 1710 dixit,
1451 1643 1574 1714 quia
1602 1658 1704 1696 non
1728 1641 2028 1697 Judteorum
2054 1653 2127 1697 est

534 1736 675 1792 Deus
707 1746 936 1802 tantum,
977 1735 1066 1792 sed
1106 1743 1153 1790 et
1197 1732 1430 1789 Gentium
1473 1734 1650 1804 (Rom.
1683 1747 1776 1800 ιιι,
1814 1731 1906 1804 29)
1937 1750 1951 1787 :
1983 1733 2124 1803 quod

534 1827 1017 1899 quantulacumque
1043 1827 1175 1898 legis
1199 1841 1363 1896 opera
1391 1825 1704 1880 naturaliter
1732 1825 1888 1879 insita
1911 1839 2018 1880 non
2043 1825 2124 1880 in-

534 1918 847 1975 venirentur
871 1919 924 1973 in
950 1919 1058 1984 eis,
1090 1917 1179 1988 qui
1205 1919 1376 1987 legem
1405 1931 1513 1970 non
1544 1923 1893 1986 acceperunt,
1927 1915 2030 1972 nisi
2058 1930 2124 1970 ex

531 2011 774 2082 reliquiis
801 2011 1046 2082 imaginis
1075 1999 1208 2076 D'ei;
1238 2024 1397 2079 quam
1429 2023 1537 2064 non
1564 2009 1891 2075 contemnit,
1921 2021 2042 2062 cum
2069 2008 2124 2062 in

532 2115 659 2157 eum
703 2100 961 2167 credunt,
992 2100 1130 2171 apud
1158 2115 1316 2170 quem
1347 2113 1455 2154 non
1481 2107 1565 2154 est
1598 2098 1834 2167 acceptio
1867 2113 2122 2168 persona-

531 2194 684 2248 rum?
709 2193 814 2249 Sed
835 2191 1106 2263 quodlibet
1129 2193 1319 2247 horum
1340 2191 1648 2260 accipiatur,
1669 2199 1880 2246 constat
1898 2190 2122 2261 gratiam

532 2284 627 2339 Dei
656 2284 970 2354 promissam
1001 2297 1122 2339 esse
1147 2283 1487 2337 Testamento
1503 2281 1650 2336 Novo
1679 2281 1838 2336 etiam
1872 2296 1966 2351 per
1991 2280 2124 2336 Pro-

527 2379 742 2448 phetam
775 2393 788 2430 :
820 2375 1171 2445 eamdemque
1213 2374 1436 2445 gratiam
1484 2373 1540 2426 in
1589 2386 1654 2426 eo
1699 2369 2010 2437 deﬁnitam,
2061 2377 2123 2426 ut

528 2465 830 2521 scribantur
869 2465 1017 2534 leges
1059 2464 1154 2518 Dei
1189 2463 1242 2516 in
1283 2461 1531 2518 cordibus
1568 2460 1877 2526 hominum,
1925 2475 2120 2531 perve-

528 2557 781 2626 niantque
800 2553 866 2610 ad
883 2570 1001 2610 eam
1022 2553 1380 2624 cognitionem
1396 2552 1511 2620 Dei,
1531 2551 1621 2608 ubi
1641 2567 1741 2605 non
1757 2551 1950 2606 docebit
1969 2567 2121 2606 unus-

526 2647 734 2717 quisque
761 2647 914 2700 civem
933 2659 1083 2699 suum
1107 2644 1185 2698 uel
1210 2647 1417 2715 {retreat
1440 2657 1606 2708 suum,
1633 2642 1804 2695 dicens
1821 2682 1837 2710 ,
1864 2638 2122 2712 Cognosce

526 2736 728 2802 Deum;
757 2737 878 2805 quia
915 2750 1085 2789 omnes
1122 2741 1421 2804 cognoscent
1449 2747 1561 2786 eum
1587 2747 1619 2784 a
1647 2730 1844 2784 minore
1869 2745 2025 2799 usque
2051 2730 2119 2783 ad

525 2829 771 2897 majorem
807 2843 999 2881 eorum.
1040 2824 1154 2880 Hoc
1181 2823 1380 2880 donum
1407 2822 1637 2893 Spiritus
1663 2821 1836 2877 sancti
1864 2829 1948 2877 est
1965 2862 1981 2889 ,
2010 2837 2118 2893 quo

523 2917 834 2974 diﬁ‘unditur
863 2915 1095 2972 charitas
1123 2915 1178 2970 in
1202 2913 1451 2970 cordibus
1479 2912 1677 2968 nostris
1707 2930 1721 2967 :
1750 2910 1982 2967 charitas
2009 2927 2118 2968 non

521 3008 790 3078 quaelibet,
819 3006 919 3062 sed
943 3006 1177 3062 charitas
1201 3005 1296 3061 Dei
1321 3005 1390 3060 de
1411 3003 1573 3060 corde
1599 3017 1734 3073 puro
1760 3013 1815 3059 et
1837 3003 2116 3060 conscien-

429 3160 437 3167 ,
522 3102 594 3156 tia
618 3100 756 3156 bona
785 3108 840 3156 et
866 3099 972 3154 ﬁde
996 3114 1106 3154 non
1131 3097 1254 3153 ﬁcta
1281 3096 1327 3168 (l
1353 3095 1484 3151 Tim.
1507 3112 1556 3164 ι,
1585 3095 1675 3166 5),
1707 3110 1774 3151 ex
1812 3110 1916 3166 qua
1937 3094 2116 3166 justus

521 3197 576 3251 in
597 3195 699 3250 hac
723 3195 1154 3265 peregrinatione
1173 3193 1380 3257 vivens,
1409 3191 1477 3246 ad
1498 3189 1732 3261 speciem
1758 3204 1973 3260 quoque
1995 3203 2118 3260 per-

521 3288 733 3344 ducitur
759 3296 881 3358 post
907 3287 1180 3356 speculum
1221 3293 1278 3340 et
1316 3283 1540 3354 aanigma
1569 3283 1612 3350 ⁸,
1641 3289 1697 3338 et
1723 3280 1977 3352 quidquid
2000 3289 2116 3338 erat

520 3395 588 3436 ex
610 3387 781 3450 parte,
810 3387 870 3433 ut
893 3377 1025 3434 facie
1048 3376 1115 3432 ad
1144 3375 1332 3431 faciem
1359 3379 1664 3446 cognoscat,
1691 3373 1834 3430 sicut
1858 3381 1913 3428 ει
1936 3372 2118 3443 cogni-

521 3479 608 3524 tus
631 3478 714 3525 est
745 3468 788 3540 (ι
809 3465 928 3524 Cor.
953 3483 1070 3535 xm,
1094 3465 1206 3536 i2).
1233 3465 1404 3522 Unam
1431 3465 1573 3520 enim
1597 3463 1751 3534 petiit
1767 3465 1790 3496 ³
1812 3477 1843 3517 a
1865 3461 2111 3530 Domino,

519 3569 576 3616 et
601 3559 742 3615 hanc
770 3559 1028 3630 requirit,
1075 3567 1134 3612 ut
1178 3556 1435 3612 inhabitet
1476 3555 1529 3610 in
1574 3555 1734 3610 domo
1770 3552 1980 3608 Domini
2021 3567 2116 3622 per

519 3665 708 3706 omnes
731 3650 847 3706 dies
875 3650 999 3704 vitae
1031 3663 1176 3712 suae,
1209 3647 1276 3701 ad
1317 3647 1417 3700 hoc
1453 3655 1511 3699 ut
1544 3643 1935 3714 contempletur
1961 3641 2110 3698 dele-

519 3742 806 3796 ctationem
831 3739 1044 3794 Domini
1074 3737 1246 3808 (Psal.
1275 3752 1437 3802 xxvr,
1465 3735 1544 3808 4).

588 3829 816 3886 CAPUT
859 3827 1052 3884 XXIX.
1079 3857 1150 3868 ——
1177 3827 1265 3882 50.
1295 3825 1505 3880 Iustitia
1536 3841 1598 3879 ea:
1632 3827 1764 3879 dono
1789 3823 1906 3879 Dei.
1945 3824 2112 3880 Nemo

517 3924 698 3993 itaque
725 3923 982 3994 glorietur
1009 3937 1072 3976 ex
1101 3935 1167 3975 eo
1193 3919 1334 3990 quod
1363 3918 1571 3973 videtur
1600 3916 1799 3973 habere
1819 3957 1833 3982 ,
1861 3925 2110 3987 tanquam

519 4033 626 4072 non
656 4015 923 4084 acceperit
955 4013 998 4085 (l
1019 4012 1136 4067 Cor.
1163 4027 1240 4080 tv,
1267 4009 1358 4081 7);
1388 4017 1480 4064 aut
1520 4009 1641 4064 ideo
1679 4023 1738 4064 se
1778 4015 1926 4077 putet
1960 4022 2114 4062 acce-

395 4098 408 4108 ’
515 4109 692 4180 pisse,
719 4105 842 4177 quia
867 4106 1042 4160 littera
1072 4102 1410 4158 extrinsecus
1429 4142 1444 4166 ,
1473 4100 1558 4154 vel
1588 4109 1646 4154 ut
1669 4099 1933 4169 legeretur
1953 4114 2112 4168 appa-

517 4198 657 4264 ruit,
686 4197 770 4252 vel
808 4204 870 4251 ut
895 4194 1172 4249 audiretur
1197 4191 1451 4247 insonuit.
1483 4189 1614 4244 Nam
1649 4189 1692 4243 si
1720 4205 1812 4259 per
1837 4191 1996 4260 legem
2013 4190 2108 4259 ju-

516 4289 656 4344 stitia
672 4329 687 4355 ,
716 4304 832 4358 ergo
857 4286 1084 4342 Christus
1113 4283 1272 4355 gratis
1299 4291 1526 4337 mortuus
1553 4291 1629 4336 est
1669 4279 1867 4352 (Calat.
1895 4297 1966 4346 ιι,
1991 4281 2109 4352 21).

517 4381 686 4436 Porro
713 4389 893 4435 autem
935 4378 979 4434 si
1023 4393 1130 4433 non
1168 4376 1334 4448 gratis
1371 4385 1612 4430 mortuus
1647 4385 1760 4443 est,
1789 4375 2024 4430 ascendit
2057 4376 2108 4432 in

515 4469 706 4539 alttm,
734 4469 997 4540 captivam
1022 4469 1174 4524 duxit
1196 4467 1575 4538 captivitatem,
1601 4474 1658 4521 et
1685 4465 1830 4522 dedit
1853 4465 1989 4522 dona
2015 4467 2111 4522 ho-

517 4561 750 4620 minibus
779 4560 948 4633 (Psal.
975 4575 1117 4616 van
1135 4601 1150 4626 ,
1183 4557 1286 4625 i9;
1319 4557 1512 4628 Ephes.
1541 4573 1612 4622 tv,
1646 4556 1700 4629 8)
1735 4575 1747 4611 :
1777 4557 1899 4613 inde
1927 4557 2104 4623 habet,

517 4653 840 4725 quicumque
868 4653 1044 4708 habet.
1075 4649 1326 4720 Quisquis
1350 4658 1526 4704 autem
1556 4647 1682 4704 inde
1709 4663 1767 4703 se
1793 4649 1990 4706 habere
2015 4666 2110 4705 ne-

517 4751 627 4816 gat,
656 4753 746 4798 aut
770 4757 874 4798 non
901 4741 1082 4807 habet,
1111 4751 1202 4796 aut
1231 4740 1285 4795 id
1309 4740 1452 4810 quod
1477 4739 1636 4794 habet
1658 4739 1927 4794 auferetur
1951 4739 2018 4795 ab
2041 4755 2108 4794 eo

519 4833 670 4906 (Luc.
698 4849 820 4901 vnt,
849 4833 934 4898 18,
963 4841 1009 4886 et
1031 4845 1124 4886 χιχ
1144 4872 1158 4898 ,
1186 4831 1300 4900 26).
1336 4829 1479 4885 Unus
1501 4831 1644 4886 enim
1669 4831 1804 4884 Deus
1840 4831 1924 4900 qui
1953 4831 2109 4902 justi-

519 4928 640 4998 ﬁcat
675 4925 1102 4980 circumcisionem
1139 4939 1202 4978 ea:
1228 4923 1358 4992 ﬁde,
1391 4933 1439 4978 et
1477 4924 1780 4993 praeputium
1822 4939 1911 4993 per
1955 4925 2110 4992 [idem

519 5019 694 5093 (Rom.
725 5033 801 5084 ιιι,
829 5018 921 5088 50)
953 5035 966 5071 :
995 5015 1138 5086 quod
1165 5031 1270 5070 non
1297 5013 1362 5070 ad
1386 5016 1614 5085 aliquam
1641 5014 1994 5071 differentiam
2021 5017 2107 5071 di-

517 5119 662 5167 ctum
683 5119 785 5177 est,
809 5118 1060 5180 tanquam
1081 5107 1222 5162 aliud
1251 5108 1320 5162 sit
1345 5122 1408 5162 ex
1431 5107 1551 5175 ﬁde,
1573 5117 1628 5162 et
1651 5107 1792 5163 aliud
1815 5125 1903 5178 per
1923 5109 2106 5178 ﬁdem;

516 5203 613 5262 sed
639 5203 705 5258 ad
729 5202 1038 5258 varietatem:
1063 5199 1366 5256 locutionis.
1395 5200 1516 5254 Alio
1539 5202 1731 5270 quippe
1755 5201 1873 5256 loco
1899 5217 2020 5256 cum
2039 5203 2108 5259 de

499 5269 777 5363 {Gentibus
807 5295 1028 5363 diceret,
1060 5293 1162 5348 hoc
1187 5303 1296 5360 est,
1326 5291 1392 5348 de
1419 5269 1678 5363 praeputio
1706 5311 1720 5347 :
1751 5293 2040 5347 Prteuideus
2061 5293 2104 5360 ³,

501 5355 720 5460 ⁵ἱιιίιιιὶι,
755 5355 1057 5457 Scriptura,
1087 5386 1206 5455 quia
1341 5355 1442 5452 ﬁde
1468 5355 1716 5454 justi/ient
1759 5383 1939 5439 Gentes
1968 5355 2106 5440 Deus

497 5481 716 5562 '(Calat.
749 5495 834 5546 ιιι,
865 5479 943 5550 δ).
978 5478 1214 5548 Itemque
1242 5491 1361 5530 cum
1392 5476 1458 5530 de
1485 5476 1890 5530 circumcisione
1921 5477 2106 5546 loque-

489 5565 666 5640 irctur
687 5615 700 5638 ,
727 5571 867 5628 unde
895 5577 1012 5626 erat
1035 5569 1150 5640 ipse
1174 5585 1188 5622 :
1219 5567 1363 5636 Nos,
1391 5567 1588 5638 inquit,
1619 5577 1804 5620 natura
1827 5566 2028 5634 Jndtei,
2062 5579 2108 5623 et

517 5593 666 5630 rctur
687 5615 700 5638 ,
727 5593 867 5628 unae
895 5593 1012 5626 erat
1035 5593 1150 5640 Ipse
1174 5593 1188 5622 :
1219 5593 1264 5622 Π
1276 5593 1332 5622 us
1349 5610 1363 5636 ,
1392 5593 1588 5638 tuqutt,
1620 5593 1804 5620 natura
1827 5593 1997 5622 auuwt
2015 5607 2028 5634 ,
2062 5593 2108 5623 es

447 5593 507 5752 de}
517 5683 620 5723 non
637 5681 700 5721 ea:
717 5663 958 5720 Gentibus
977 5673 1280 5737 peccatores,
1299 5663 1508 5717 scientes
1529 5659 1651 5731 quia
1673 5675 1774 5712 non
1790 5659 2108 5730 justiﬁcatur

581 5799 601 5862 ξ
629 5797 759 5860 Apud
779 5804 912 5862 ιρι.

584 5861 608 5892 ³
635 5859 852 5908 Nonnulli
873 5867 1002 5918 Mss,
1021 5859 1156 5921 petit.

541 5992 556 6002 ‘
571 5921 613 5976 ,⁸
641 5921 776 5985 tiditi,
799 5927 854 5974 Et
875 5917 1160 6004 prmium.
1185 5921 1484 6004 κωνεεεὶρᾷ
1503 5931 1602 5972 non
1843 5921 1917 5970 Et.

1475 427 1566 484 DE
1595 425 1864 483 SPlRlTU
1905 425 1994 482 ET
2031 424 2351 495 LlTTERA,
2391 427 2447 484 S.
2491 428 2856 486 AUGUSTlNl

2237 539 2388 594 homo.
2416 557 2477 595 ea:
2501 542 2734 611 aperibus
2756 544 2879 613 legis
2897 585 2914 612 ,
2941 545 3038 599 nisi
3063 561 3150 615 per
3173 547 3326 614 [idem
3349 545 3480 602 Iesu
3506 548 3718 620 Christi,
3753 569 3795 614 et

2232 645 2324 684 nos
2339 631 2392 685 in
2409 630 2662 686 Christum
2673 631 2706 686 J
2711 649 2850 686 esum
2865 634 3113 690 credimus
3131 634 3330 705 (Galat.
3353 652 3409 704 ιι,
3434 637 3523 704 15,
3543 639 3655 713 16).
3674 641 3800 705 Ecce

2231 729 2286 776 et
2309 721 2625 793 praeputium
2652 723 2786 778 dixit
2809 724 3084 795 justiﬁcari
3111 741 3179 782 ex
3205 727 3312 782 ﬁde
3329 767 3344 795 ,
3373 737 3428 784 et
3453 731 3798 794 circumcisio-

2232 826 2356 867 nem
2384 827 2480 883 per
2509 812 2668 869 ﬁdem
2687 855 2702 881 ,
2733 815 2781 870 si
2819 825 2992 872 tamen
3032 818 3365 874 circumcisio
3399 821 3658 890 justitiam
3689 827 3798 888 ﬁdei

2231 913 2409 962 teneat
2429 906 2468 959 ³.
2499 905 2588 962 Sic
2623 907 2764 962 enim
2806 906 2987 966 Gentes
3021 925 3135 980 quae
3171 927 3272 966 non
3311 913 3632 969 sectabantur
3659 917 3802 987 justl—

2231 1001 2404 1069 tiam,
2425 1002 2864 1072 apprehenderunt
2892 1003 3178 1074 justitiam,
3211 1003 3468 1074 justitiam
3505 1016 3670 1062 autem
3701 1027 3801 1080 qua

2229 1108 2292 1146 ea:
2315 1091 2415 1161 [ide
2437 1103 2510 1147 est
2532 1109 2550 1147 :
2571 1092 2903 1163 impetrando
2922 1109 3040 1150 eam
3061 1109 3126 1150 ex
3147 1095 3278 1164 Deo,
3301 1111 3408 1152 non
3428 1111 3495 1152 ex
3513 1101 3798 1172 semetipsis

2229 1185 2620 1253 praesumendo.
2649 1184 2816 1240 Israel
2843 1202 2958 1240 vero
2987 1203 3286 1256 persequens
3307 1187 3468 1258 legem
3485 1189 3730 1260 justitia,
3752 1194 3796 1250 is

2228 1277 2386 1348 legem
2407 1278 2623 1348 justitia:
2651 1294 2752 1332 non
2778 1279 3019 1348 peruenit.
3055 1278 3262 1344 Quare?
3305 1280 3438 1348 Quia
3473 1297 3577 1336 non
3603 1298 3666 1338 ex
3689 1284 3795 1352 ﬁde,

2226 1368 2316 1421 sed
2339 1377 2578 1438 tanquam
2601 1385 2663 1424 ea:
2684 1369 2916 1440 Oper-ibus
2941 1367 3116 1439 (Rom.
3139 1385 3213 1436 tx,
3235 1370 3326 1438 50,
3347 1371 3438 1442 51)
3461 1388 3478 1424 :
3497 1371 3554 1427 id
3571 1381 3672 1440 est,
3699 1382 3798 1430 tan-

2227 1473 2387 1529 quam
2413 1475 2532 1516 eam
2560 1475 2656 1531 per
2688 1460 3005 1530 semetipsos
3039 1473 3324 1531 operantes
3341 1504 3358 1529 ,
3389 1477 3496 1518 non
3523 1464 3581 1518 in
3605 1479 3670 1522 se
3693 1481 3798 1523 cre-

2227 1549 2415 1605 dentes
2453 1551 2665 1621 operari
2693 1551 2880 1608 Deum.
2921 1550 3060 1606 Deus
3100 1562 3172 1606 est
3209 1554 3342 1606 enim
3371 1553 3462 1624 qui
3495 1564 3731 1626 operatur
3753 1559 3798 1614 in

2226 1641 2368 1696 nobis
2394 1651 2442 1695 et
2467 1642 2592 1697 uelle
2619 1650 2666 1696 et
2693 1643 2893 1712 operari
2910 1683 2927 1710 ,
2967 1657 3061 1712 pro
3089 1641 3220 1696 bona
3257 1643 3511 1699 uoluntate
3551 1643 3802 1720 (Philipp.

2225 1748 2294 1802 ιι,
2325 1734 2438 1806 15).
2468 1734 2548 1790 Ac
2580 1749 2676 1804 per
2701 1734 2803 1790 hoc
2827 1733 3146 1801 olfenderunt
3183 1735 3236 1790 in
3273 1735 3496 1807 lapidem
3519 1735 3804 1806 oﬂ'ensiouis

2226 1823 2400 1892 (Rom.
2426 1840 2499 1890 tx,
2527 1823 2641 1898 52).
2665 1824 2798 1880 Nam
2825 1825 2952 1896 quid
2977 1825 3189 1892 dixerit,
3215 1827 3334 1897 quia
3361 1845 3465 1883 non
3487 1845 3554 1884 ea:
3575 1829 3702 1899 ﬁde,
3725 1841 3808 1888 sea

2225 1925 2465 1986 tanquam
2503 1932 2567 1970 ea:
2597 1916 2868 1986 operibus;
2909 1916 3245 1987 apertissime
3285 1920 3566 1988 exposuit,
3605 1920 3804 1992 dicens,

2223 2005 2526 2076 Ignorantes
2553 2006 2686 2061 enim
2713 2004 2811 2061 Dei
2834 2007 3103 2076 justitiam,
3133 2017 3181 2062 et
3210 2024 3358 2062 suam
3383 2009 3602 2066 volentes
3625 2013 3806 2067 consti-

2223 2105 2393 2163 tuere,
2415 2095 2632 2166 justitiaz
2653 2094 2752 2150 Dei
2779 2112 2880 2151 non
2905 2104 3022 2151 sunt
3049 2097 3280 2169 subjecti.
3326 2097 3478 2154 Finis
3515 2101 3652 2156 enim
3693 2102 3806 2173 legis

2223 2185 2470 2254 Christus,
2499 2187 2567 2240 ad
2584 2186 2840 2258 justitiam
2885 2188 3028 2242 omni
3067 2188 3288 2242 credenti
3315 2187 3430 2259 (Id.
3455 2204 3489 2244 x
3505 2229 3523 2256 ,
3547 2191 3608 2257 5,
3635 2188 3720 2263 4).
3747 2192 3807 2248 Ει

2221 2278 2397 2333 adhuc
2429 2277 2733 2333 dubitamus
2757 2292 2877 2348 qua:
2905 2277 3013 2333 sint
3039 2292 3200 2349 opera
3237 2278 3369 2350 legis
3387 2319 3405 2346 ,
3431 2280 3623 2350 quibus
3651 2279 3806 2338 homo

2220 2384 2327 2423 non
2348 2367 2688 2438 justiﬁcatur,
2716 2367 2762 2422 si
2786 2381 2850 2423 ea
2877 2376 3125 2437 tanquam
3149 2383 3244 2424 sua
3267 2369 3558 2425 crediderit
3577 2371 3703 2428 sine
3723 2371 3808 2428 ad-

2215 2458 2416 2528 jutorio
2440 2466 2496 2514 et
2521 2457 2664 2514 dono
2687 2457 2811 2524 Dei,
2845 2458 2987 2530 quod
3015 2467 3100 2516 est
3125 2475 3188 2514 ea:
3214 2460 3316 2528 ﬁde
3339 2458 3468 2516 Iesu
3489 2460 3728 2518 Christi!
3759 2475 3812 2520 ει

2219 2549 2682 2607 cireumcisionem
2741 2557 3044 2620 ceteraque
3103 2549 3226 2605 talia
3273 2552 3645 2622 suspicamur,
3695 2553 3808 2624 quia

2220 2643 2381 2698 etiam
2412 2641 2479 2697 de
2507 2641 2592 2696 bis
2629 2639 2980 2696 sacramentis
3015 2639 3133 2694 aliis
3165 2641 3220 2694 in
3249 2640 3382 2696 locis
3418 2642 3542 2696 talia
3569 2641 3812 2714 quadam

2219 2733 2504 2804 leguntur?
2541 2731 2651 2788 Sed
2688 2730 2776 2786 hic
2815 2730 2996 2802 utique
3017 2731 3038 2762 ³
3063 2745 3172 2787 ιιοιι
3199 2730 3672 2788 circumcisionetn
3699 2741 3810 2788 tan-

2219 2841 2380 2897 quam
2423 2840 2575 2880 suam
2613 2824 2872 2902 justitiam
2914 2824 3166 2880 volebant
3205 2824 3529 2879 constituere
3557 2825 3738 2895 :quia
3761 2837 3815 2882 et

2217 2917 2388 2988 ipsam
2418 2917 2559 2972 Deus
2587 2915 2942 2986 przecipiendo
2981 2913 3276 2970 constituit.
3313 2913 3424 2970 Nec
3449 2914 3518 2971 de
3541 2914 3660 2971 illis
3687 2931 3812 2986 ope-

2219 3007 2367 3077 ribus
2387 3006 2488 3062 hoc
2513 3005 2734 3076 intelligi
2759 3014 2956 3076 potest,
2982 3005 3050 3062 de
3067 3004 3261 3076 quibus
3281 3003 3539 3060 Dominus
3557 3005 3642 3074 eis
3669 3005 3812 3072 dicit,

2218 3099 2449 3170 Rejicitis
2477 3100 2770 3154 mandatum
2798 3098 2929 3168 Dei,
2959 3108 3016 3152 ut
3044 3097 3336 3152 traditiones
3362 3105 3550 3152 uestras
3575 3099 3816 3155 statuatis

2217 3189 2430 3265 (Matth.
2457 3207 2547 3258 xv,
2575 3191 2642 3258 5,
2683 3201 2730 3245 et
2759 3188 2926 3245 Marc.
2953 3204 3054 3255 vn,
3083 3188 3160 3261 9).
3191 3188 3325 3256 Quia
3361 3204 3702 3259 persequens,
3731 3188 3818 3245 in-

2215 3285 2349 3355 quit,
2381 3284 2540 3354 legem
2567 3283 2806 3354 justitite,
2832 3283 2886 3337 in
2912 3281 3070 3352 legem
3097 3281 3313 3352 justitia:
3337 3297 3438 3336 non
3461 3281 3696 3351 peruenit
3725 3279 3816 3336 Is-

2214 3377 2324 3431 rael
2347 3392 2368 3432 :
2395 3390 2506 3430 non
2531 3375 2693 3440 dixit,
2726 3375 3063 3445 Persequens
3091 3373 3403 3429 traditiones
3431 3387 3592 3442 suas,
3625 3374 3682 3428 id
3710 3382 3816 3442 est,

2215 3473 2551 3522 consectans.
2582 3464 2710 3521 Haec
2733 3479 2862 3534 ergo
2889 3464 3002 3520 sola
3030 3463 3279 3520 distantia
3303 3473 3417 3530 est,
3452 3465 3582 3534 quia
3613 3463 3816 3536 ipsum,

2216 3557 2340 3613 Non
2376 3556 2698 3626 concupisces
2735 3555 2928 3626 (Exod.
2965 3570 3042 3610 xx
3061 3595 3080 3623 ,
3107 3553 3196 3626 17)
3214 3595 3231 3622 ,
3257 3563 3311 3610 ει
3337 3562 3530 3610 caetera
3557 3555 3822 3612 mandata

2215 3651 2331 3720 ejus
2373 3659 2556 3705 sancta
2601 3658 2656 3704 et
2701 3648 2840 3704 bona
2875 3647 2978 3704 sibi
3016 3647 3360 3704 tribuebant:
3389 3662 3508 3716 quae
3545 3655 3610 3702 ut
3647 3647 3824 3717 possit

2213 3743 2377 3798 homo
2399 3739 2600 3808 facere,
2629 3739 2774 3795 Deus
2797 3747 3048 3808 operatur
3071 3739 3123 3794 in
3144 3736 3360 3793 homine
3385 3751 3481 3808 per
3501 3737 3673 3794 tidem
3691 3738 3824 3796 Jesu

2211 3831 2440 3898 Christi,
2468 3831 2558 3900 qui
2585 3829 2708 3884 ﬁnis
2733 3837 2818 3888 est
2856 3829 2924 3884 ad
2957 3827 3216 3899 justitiam
3255 3829 3400 3884 omni
3437 3829 3727 3897 credenti;
3767 3830 3825 3888 id

2213 3935 2296 3982 est
2315 3965 2329 3990 ,
2358 3925 2444 3980 cui
2465 3924 2485 3956 ³
2511 3939 2606 3993 per
2631 3921 2878 3992 spiritum
2917 3921 3288 3990 incorporatus
3329 3919 3610 3990 factusque
3641 3937 3825 3977 mem-

2211 4019 2366 4075 brum
2405 4018 2556 4088 ejus,
2588 4021 2764 4087 potest
2792 4013 3016 4084 quisque
3057 4011 3152 4068 illo
3191 4012 3586 4068 incrementum
3619 4013 3830 4068 intrin-

2211 4127 2367 4168 secus
2413 4112 2608 4176 dante,
2657 4105 2868 4178 operari
2905 4105 3164 4176 justitiam
3197 4122 3210 4158 :
3249 4104 3316 4160 de
3357 4105 3509 4174 cujus
3551 4107 3828 4175 operibus

2211 4202 2374 4258 etiam
2415 4202 2530 4271 ipse
2575 4198 2742 4266 dixit,
2784 4197 2910 4268 quia
2949 4196 3059 4252 sine
3099 4212 3179 4251 me
3221 4195 3350 4250 nihil
3391 4196 3602 4266 potestis
3651 4197 3834 4266 facere

2212 4291 2392 4362 (Joan.
2421 4305 2514 4356 xv,
2543 4289 2620 4360 5).
2745 4359 2748 4362 ῃ

2282 4383 2375 4439 51.
2405 4381 2531 4437 Ideo
2557 4379 2754 4451 quippe
2778 4379 3091 4449 preponitur
3109 4377 3316 4448 justitia
3345 4378 3476 4449 legis
3493 4417 3512 4446 ,
3538 4379 3705 4449 quod
3737 4381 3838 4450 qui

2211 4475 2396 4530 fecerit
2413 4489 2554 4540 eam,
2579 4472 2718 4528 vivet
2741 4472 2797 4526 in
2821 4470 2911 4526 illa
2931 4469 3114 4541 (Leuit.
3138 4485 3292 4536 xvnt,
3315 4470 3406 4541 5);
3435 4479 3492 4525 ut
3515 4487 3653 4528 cum
3675 4473 3838 4544 quis-

2209 4582 2315 4637 que
2341 4565 2705 4622 inﬁrmitatem
2733 4577 2884 4620 suam
2921 4562 3263 4632 cognoverit,
3303 4578 3409 4618 non
3437 4579 3532 4634 per
3560 4579 3708 4624 suas
3749 4567 3838 4622 vi-

2209 4675 2326 4727 res,
2357 4672 2534 4728 neque
2573 4671 2669 4726 per
2709 4655 2942 4710 litteram
2977 4653 3143 4724 ipsius
3171 4653 3338 4725 legis,
3367 4655 3507 4725 quod
3545 4655 3682 4712 ﬁeri
3717 4673 3842 4716 non

2209 4760 2414 4821 potest,
2442 4749 2536 4805 sed
2579 4764 2672 4820 per
2714 4747 2873 4803 ﬁdem
2911 4746 3202 4803 concilians
3239 4746 3660 4818 iustiﬁcatorcm
3701 4766 3846 4822 per-

2209 4843 2423 4908 veniat,
2451 4849 2506 4895 et
2529 4839 2724 4905 faciat,
2752 4846 2806 4894 et
2831 4838 2972 4893 vivat
2997 4836 3052 4892 in
3079 4851 3162 4894 ea.
3191 4837 3338 4908 Opus
3359 4838 3500 4894 enim
3536 4839 3706 4908 quod
3741 4843 3846 4912 qui

2208 4933 2428 5000 fecerit,
2461 4933 2602 4988 vivet
2625 4930 2679 4986 in
2707 4945 2802 4998 eo,
2835 4944 2942 4986 non
2977 4929 3035 4984 ﬁt
3064 4931 3166 4986 nisi
3195 4945 3225 4984 a
3253 4931 3561 5001 justiﬁcato.
3601 4931 3843 4990 Justiti-

2210 5025 2349 5080 catio
2375 5031 2552 5078 autem
2581 5037 2647 5076 ex
2673 5019 2779 5076 ﬁde
2803 5019 3118 5090 impetratur
3147 5039 3159 5076 :
3188 5020 3256 5076 de
3281 5037 3386 5090 qua
3411 5020 3694 5090 scriptum
3726 5035 3846 5092 est,

2211 5113 2295 5168 Ne
2318 5113 2504 5168 dixeris
2530 5113 2584 5166 in
2610 5113 2762 5166 corde
2785 5119 2905 5177 tuo,
2939 5111 3065 5178 Quis
3103 5112 3326 5166 ascendit
3365 5112 3416 5166 in
3456 5113 3706 5168 caelum?
3739 5117 3850 5172 hoc

2209 5216 2279 5260 est
2305 5204 2559 5259 Christum
2585 5203 2828 5257 deducere
2857 5219 2874 5256 :
2901 5203 2998 5256 Aut
3031 5203 3140 5272 quis
3172 5203 3422 5256 descendit
3450 5204 3500 5257 in
3527 5204 3854 5276 abyssum?

2212 5297 2303 5350 hoc
2342 5305 2414 5350 est
2451 5293 2706 5350 Christum
2735 5313 2768 5350 α
2809 5295 3016 5350 mortuis
3057 5293 3311 5348 reducere.
3345 5293 3452 5350 Sed
3478 5295 3604 5366 quid
3654 5297 3854 5353 dicit?

2213 5388 2382 5459 Prope
2405 5398 2454 5442 te
2477 5398 2546 5442 est
2571 5387 2772 5442 verbum
2796 5387 2847 5439 in
2871 5403 2958 5440 ore
2981 5395 3085 5452 tuo,
3110 5395 3156 5439 et
3182 5387 3234 5440 in
3258 5385 3406 5440 corde
3431 5395 3515 5440 tuo
3541 5403 3558 5440 :
3587 5389 3710 5444 hoc
3739 5401 3852 5459 est,

2211 5482 2399 5552 inquit,
2423 5481 2622 5536 verbum
2649 5481 2767 5550 ﬁdei
2791 5483 2927 5553 quod
2951 5483 3283 5550 praedicamus
3306 5502 3324 5537 :
3349 5485 3468 5554 quia
3491 5485 3536 5540 si
3555 5489 3858 5556 con/iteca

2207 5575 2280 5630 ris
2305 5575 2358 5628 in
2383 5591 2469 5629 ore
2494 5585 2578 5629 tuo
2604 5575 2723 5644 quia
2753 5573 3000 5630 Dominus
3033 5585 3104 5630 est
3135 5575 3284 5630 Iesus
3303 5617 3320 5642 ,
3355 5587 3402 5629 et
3441 5577 3760 5636 credideris
3795 5583 3860 5638 in

2274 5729 2304 5793 Ξ.
2328 5729 2552 5793 Plerique
2572 5737 2699 5792 Mss.,
2721 5727 2962 5793 justitiam
2987 5729 3077 5781 Dei
3098 5735 3268 5782 teneat.

2273 5791 2296 5860 ξ
2327 5790 2534 5860 Quatuor
2551 5790 2788 5860 Mss.,s‘ed
2811 5790 2863 5840 hi
2878 5790 3062 5860 utique.

2211 5853 2298 5980 qu;
2327 5853 2460 5918 Apud
2481 5862 2588 5906 ιον.
2624 5853 2784 5916 deest,
2811 5852 2922 5920 cui;
2957 5852 3007 5904 et
3047 5854 3156 5918 ejus
3187 5853 3296 5908 loco
3331 5862 3460 5920 am
3487 5861 3562 5910 Η·-
3587 5852 3870 5930 ιτα-αι’,
