3984 6526
479 435 590 494 255

486 551 601 607 dem
651 547 786 602 hanc
813 541 1037 599 dicimus
1073 538 1413 606 potestatem,
1437 531 1541 584 {ubi
1567 527 1824 584 voluntati
1853 525 2059 593 adjacet

419 651 432 676 τ·
487 626 708 696 facultas
749 628 1051 689 faciendi‘?
1095 624 1248 681 Unde
1295 623 1397 677 hoc
1435 622 1657 692 quisque
1701 619 1754 672 in
1799 623 2062 687 potestate

366 766 372 772 ’
479 732 686 788 habere
713 727 924 790 dicitur,
955 717 1096 790 quod
1135 718 1180 772 si
1209 717 1338 782 vult,
1375 715 1529 780 facit;
1561 711 1609 768 si
1651 727 1758 766 non
1795 709 1924 775 vult,
1955 722 2065 760 non

491 823 666 964 hellis.
705 903 936 960 Attende
976 901 1084 972 jam
1121 899 1254 956 illud
1294 897 1437 970 quod
1479 893 1852 952 excutiendum
1893 893 2074 962 posui-

503 1013 645 1064 mus,
678 1007 852 1052 utrum
879 995 1014 1051 ﬁdes
1053 993 1105 1048 in
1149 999 1408 1062 potestate
1435 989 1540 1045 sit?
1573 989 1650 1043 De
1679 987 1777 1041 hac
1803 987 1943 1042 enim
1969 983 2074 1040 ﬁde

503 1108 646 1149 nunc
671 1091 955 1161 loquimur,
999 1101 1154 1158 quam
1192 1083 1506 1138 adhibemus
1530 1095 1650 1136 cum
1679 1077 1874 1148 aliquid
1905 1076 2076 1132 credi-

503 1200 650 1250 mus,
673 1198 780 1236 uon
810 1195 969 1250 quam
997 1177 1182 1232 damus
1210 1190 1330 1230 cum
1356 1170 1550 1242 aliquid
1579 1170 1922 1241 pollicemur;
1957 1182 2074 1220 nam

507 1285 564 1333 ct
593 1278 702 1345 ipsa
734 1273 925 1330 dicitur
963 1271 1113 1326 ﬁdes.
1152 1269 1254 1344 Sed
1301 1267 1452 1322 aliter
1490 1265 1734 1320 dicimus.
1789 1262 1904 1316 Non
1950 1259 2077 1314 mihi

509 1369 694 1424 imbuit
725 1367 878 1422 ﬁdem
901 1384 916 1420 :
939 1365 1111 1430 aliter,
1159 1362 1272 1416 Non
1317 1359 1443 1414 mihi
1481 1357 1710 1412 servavit
1741 1355 1920 1409 ﬁdem.
1949 1353 2078 1407 Nam

511 1459 638 1515 illud
668 1467 770 1524 est,
788 1457 901 1512 Non
919 1453 1142 1511 credidit
1166 1450 1303 1522 quod
1329 1449 1472 1504 dixi:
1497 1447 1647 1512 illud,
1673 1445 1787 1500 Non
1805 1443 1926 1498 fecit
1943 1440 2082 1511 quod

513 1547 664 1607 dixit.
711 1548 1009 1606 Secundum
1057 1545 1192 1598 hanc
1241 1542 1396 1597 ﬁdem
1440 1554 1538 1609 qua
1571 1537 1858 1600 credimus,
1903 1532 2084 1588 ﬁdeles

513 1657 697 1697 sumus
743 1641 883 1694 Deo:
911 1633 1200 1693 secundum
1243 1633 1385 1688 illam
1423 1645 1557 1706 vero
1581 1643 1684 1700 qua
1709 1627 1767 1681 ﬁt
1794 1623 1934 1695 quod
1964 1639 2088 1695 pro-

515 1733 796 1796 tnittitur',
829 1731 984 1784 etiam
1013 1730 1152 1784 Deus
1179 1728 1292 1796 ipse
1315 1724 1485 1778 ﬁdelis
1507 1731 1589 1778 est
1615 1720 1786 1776 nobis.
1811 1718 1923 1772 Hoc
1944 1716 2086 1772 enim

516 1827 646 1880 dicit
684 1825 1001 1900 Apostolus:
1033 1821 1224 1874 Fidelis
1263 1819 1426 1884 Deus,
1470 1816 1555 1887 qui
1584 1831 1684 1868 non
1727 1829 1813 1900 vos
1841 1810 2090 1900 permittat

521 1898 704 1970 tentari
729 1932 879 1986 super
909 1913 962 1967 id
987 1913 1121 1982 quod
1167 1909 1366 1981 potestis
1409 1907 1454 1978 (l
1498 1903 1615 1961 Cor.
1647 1921 1702 1968 x,
1735 1899 1848 1974 i3).
1883 1901 1955 1954 De
2001 1898 2089 1953 illa

519 2010 701 2080 itaque
743 2007 844 2062 ﬁde
884 2006 1190 2075 querimus,
1234 2011 1410 2056 utrum
1458 1999 1508 2052 in
1559 2002 1820 2067 potestate
1859 1992 1951 2059 sit,
1992 2003 2096 2059 qua

521 2101 789 2157 credimus
834 2100 962 2163 Deo,
1014 2097 1094 2148 vel
1142 2094 1404 2149 credimus
1450 2090 1502 2143 in
1543 2089 1728 2142 Deum.
1775 2084 1910 2138 Hinc
1953 2081 2096 2136 enim

502 2194 762 2262 scriptum
789 2199 892 2253 est,
915 2187 1138 2244 Credidit
1175 2183 1430 2238 Abraham
1467 2181 1594 2248 Deo,
1619 2189 1667 2236 et
1691 2180 1986 2249 deputatum
2016 2186 2091 2232 est

503 2283 580 2338 illi
610 2283 676 2335 ad
685 2279 964 2355 justitiam;
1005 2286 1078 2344 et,
1107 2274 1342 2332 Credenti
1369 2276 1421 2328 in
1461 2271 1678 2342 eumqui
1706 2271 1956 2342 justiﬁcat
1993 2270 2089 2323 int—

505 2375 668 2448 pium,
697 2373 963 2443 deputatur
993 2367 1117 2436 ﬁdes
1152 2367 1260 2439 ejus
1301 2364 1371 2418 ad
1387 2363 1640 2434 justitiam
1661 2360 1812 2434 (Gen.
1841 2377 1929 2426 xv,
1963 2359 2016 2427 6,
2044 2368 2092 2413 et

506 2463 660 2522 Rom.
686 2479 762 2528 tv,
796 2461 847 2524 5,
878 2457 954 2531 5).
986 2459 1111 2512 ‘vide
1149 2470 1291 2510 nunc
1335 2463 1514 2509 utrum
1540 2452 1764 2523 quisque
1802 2450 2018 2516 credat,
2045 2451 2094 2506 si

507 2557 771 2620 noluerit;
817 2563 910 2607 aut
941 2567 1044 2605 non
1075 2549 1278 2612 credat,
1309 2547 1354 2602 si
1384 2547 1626 2601 voluerit.
1656 2544 1808 2613 Quod
1835 2544 1881 2599 si
1909 2546 2097 2598 absur-

509 2649 637 2707 dum
666 2643 746 2704 est
768 2645 914 2718 (quid
934 2653 1013 2716 est
1036 2643 1180 2699 enim
1209 2640 1448 2703 credere,
1468 2639 1568 2692 nisi
1589 2639 1888 2692 consentire
1907 2651 2092 2691 verum

512 2743 631 2801 esse
661 2742 800 2814 quod
836 2737 1072 2795 dicitur?
1112 2733 1395 2791 consensio
1432 2741 1610 2788 autem
1651 2730 1833 2801 utique
1871 2729 2096 2784 volentis

513 2835 660 2908 est);
705 2834 940 2905 profecto
967 2830 1097 2886 ﬁdes
1126 2831 1181 2904 in
1224 2835 1486 2898 potestate
1512 2834 1614 2880 est.
1638 2824 1764 2888 Sed,
1801 2825 1937 2878 sicut
1959 2824 2100 2892 Apo-

513 2929 684 2986 stolas
704 2923 849 2993 dicit,
882 2923 1001 2978 Non
1021 2930 1094 2976 est
1114 2927 1332 2992 potestas
1350 2918 1448 2973 nisi
1475 2934 1511 2978 ιι
1533 2914 1646 2970 Deo
1670 2914 1844 2988 (Rom.
1871 2929 1985 2980 xm,
2017 2914 2095 2984 1).

515 3023 652 3091 Quid
695 3019 853 3090 igitur
877 3031 1052 3072 causa:
1082 3022 1165 3071 est
1191 3029 1288 3068 cur
1313 3027 1422 3068 non
1445 3019 1500 3066 et
1541 3010 1608 3066 de
1635 3010 1734 3065 ista
1773 3007 1927 3064 nobis
1955 3007 2098 3064 dica-

515 3123 624 3177 tur,
656 3111 790 3179 Quid
815 3109 946 3164 enim
971 3105 1123 3160 'habes
1147 3104 1280 3171 quod
1309 3120 1410 3158 non
1430 3101 1663 3172 accepisti
1689 3100 1740 3174 (Ι
1766 3097 1884 3155 Car.
1907 3114 1984 3167 tv,
2013 3096 2102 3168 7.)?

515 3207 650 3266 Nam
689 3215 743 3261 et
769 3213 824 3259 ut
853 3185 1185 3266 credamus',
1227 3199 1367 3252 Deus
1408 3195 1572 3251 dedit.
1615 3194 1881 3266 Nusquam
1924 3199 2104 3258 autem

517 3299 752 3369 legimus
776 3293 828 3350 in
862 3290 1155 3362 Scripturis
1200 3287 1418 3354 sanctis,
1451 3285 1568 3340 Non
1606 3293 1688 3340 est
1719 3283 1967 3338 voluntas
2003 3281 2106 3337 nisi

520 3406 556 3447 a
589 3391 716 3445 Deo.
763 3377 828 3442 Et
867 3383 1014 3440 recte
1055 3397 1162 3437 non
1191 3379 1448 3449 scriptum
1491 3385 1591 3444 est,
1621 3375 1744 3448 quia
1785 3389 1969 3430 verum
1999 3388 2106 3428 non

521 3491 648 3542 est:
677 3477 910 3551 alioquin
951 3477 1112 3532 etiam
1157 3481 1516 3544 peccatorum,
1544 3469 1686 3541 quod
1721 3469 1886 3536 absit,
1925 3475 2109 3522 auctor

522 3585 608 3635 est
635 3573 798 3640 Deus,
829 3569 873 3626 si
917 3583 1024 3624 non
1055 3575 1139 3622 est
1176 3565 1423 3620 voluntas
1471 3563 1569 3618 nisi
1597 3561 1665 3616 ab
1693 3560 1785 3618 illo
1815 3578 1830 3615 :
1859 3561 2109 3632 quoniam

522 3667 664 3727 mala
688 3663 931 3720 voluntas
955 3655 1065 3730 jam
1107 3656 1220 3712 sola
1257 3663 1535 3726 peccatum
1575 3661 1676 3718 est,
1704 3655 1864 3708 etiam
1905 3651 1952 3708 si
1975 3649 2112 3708 desit

524 3743 769 3822 eiieetus,
801 3751 983 3816 idest,
1008 3749 1053 3804 si
1083 3764 1188 3802 non
1219 3746 1412 3802 habeat
1433 3753 1773 3816 potestatem.
1799 3744 1965 3798 Porro
1989 3757 2110 3798 cum

523 3843 772 3906 voluntas
797 3843 932 3900 mala
965 3848 1281 3914 potestatem
1310 3838 1504 3908 accipit
1528 3837 1750 3906 implere
1771 3835 1915 3906 quod
1942 3835 2114 3890 inten-

526 3941 665 4008 diti,
697 3953 762 3994 ex
805 3933 1005 4006 judicio
1045 3931 1140 3986 Dei
1179 3931 1345 3998 venit,
1377 3928 1516 3998 apud
1543 3943 1702 3999 quem
1745 3943 1852 3982 non
1881 3935 1964 3984 est
2009 3926 2112 3982 ini-

526 4034 704 4104 quitas
749 4013 922 4101 (Rom.
949 4041 1024 4090 ix,
1050 4021 1163 4093 14).
1207 4009 1365 4076 Punit
1397 4020 1539 4076 enim
1581 4020 1740 4076 etiam
1783 4019 1886 4073 isto
1923 4017 2112 4084 modo;

529 4142 636 4186 nec
659 4123 783 4179 ideo
813 4119 1028 4192 injuste,
1059 4115 1180 4188 quia
1225 4114 1456 4169 occulte.
1485 4112 1750 4168 Caeterum
1781 4112 1991 4182 iniquus
2011 4126 2116 4182 pu-

529 4219 634 4276 niri
679 4231 737 4271 se
773 4213 1000 4283 ignorat,
1045 4207 1146 4262 nisi
1192 4221 1312 4261 cum
1352 4203 1632 4274 manifesto
1665 4204 1956 4274 supplicioB
1997 4220 2118 4260 seu.

532 4307 666 4368 serit
696 4295 904 4370 nolens,
933 4305 1186 4371 quantum
1218 4297 1344 4352 mali
1383 4295 1451 4352 sit
1477 4294 1620 4372 quod
1662 4296 1988 4366 perpetravit
2023 4311 2118 4350 vo-

534 4399 676 4458 le‘us.
725 4381 837 4451 iloc
885 4381 968 4448 eet
1008 4389 1150 4461 quod
1194 4388 1264 4444 de
1307 4385 1620 4457 quibusdam
1679 4386 1967 4455 Apostolus
1997 4388 2118 4441 ait:

534 4477 772 4550 Tradidit
799 4477 916 4542 illos
957 4481 1095 4538 Deus
1132 4482 1186 4536 in
1233 4479 1661 4550 concupiscendus
1689 4478 1854 4533 cordis
1891 4477 2118 4544 illorum,

533 4594 592 4641 ut
637 4581 826 4656 faciant
867 4593 980 4648 qua:
1028 4591 1132 4629 non
1179 4570 1477 4626 conveniunt
1526 4570 1637 4641 (Id.
1693 4585 1732 4638 1,
1758 4569 1872 4643 24).
1909 4569 2042 4626 Hinc
2067 4581 2121 4626 et

535 4675 798 4734 Dominus
853 4669 1062 4726 Pilato:
1096 4663 1219 4720 Non
1245 4665 1450 4718 haberes
1475 4664 1528 4718 in
1557 4679 1654 4730 me,
1679 4663 1867 4733 inquit,
1901 4671 2120 4732 potesta-

540 4777 665 4834 tem,
726 4753 824 4818 nisi
865 4759 987 4815 data
1013 4767 1137 4814 esset
1160 4757 1248 4810 tibi
1277 4755 1486 4826 desuper
1512 4753 1690 4828 (Joan.
1720 4770 1836 4822 XII,
1867 4755 1981 4826 Η).
2019 4753 2126 4810 Sed

541 4873 665 4914 cum
695 4862 932 4927 potestas
958 4849 1136 4914 datur,
1184 4862 1294 4926 non
1332 4846 1624 4901 necessitas
1674 4849 1854 4917 utique
1898 4845 2127 4916 imponi-

541 4961 651 5007 tur.
676 4945 832 5006 Unde
855 4959 975 5000 cum
1003 4939 1172 4996 David
1201 4938 1377 4994 Saulis
1405 4937 1676 4992 occidendi
1699 4943 2016 5008 potestatem
2039 4952 2130 4994 ac-

544 5043 815 5114 cepisset,
847 5033 1032 5091 maluit
1066 5045 1305 5102 parcere,
1345 5043 1505 5099 quam
1535 5028 1697 5085 ferire
1747 5030 1790 5100 (l
1836 5027 1965 5102 Reg.
2003 5045 2130 5084 xxiv

555 5146 604 5191 et
633 5129 805 5202 xxvi).
845 5125 1002 5186 Unde
1045 5123 1388 5194 intelligimus
1413 5123 1582 5179 malos
1629 5125 1870 5194 accipere
1911 5133 2132 5194 potesta.

545 5237 656 5284 tem
686 5221 754 5280 ad
797 5219 1195 5278 damnationem
1243 5215 1398 5272 malae
1442 5216 1730 5272 voluntatis
1779 5231 1910 5287 suae,
1962 5218 2130 5274 bonos

547 5327 726 5377 autem
754 5314 822 5371 ad
847 5307 1213 5386 probationem
1237 5307 1392 5364 bonae
1419 5308 1711 5366 voluntatis
1749 5323 1882 5366 suae.

621 5407 852 5470 CAPUT
879 5399 1186 5464 xxxu.-—
1222 5387 1469 5469 55.0w
1506 5403 1634 5474 fides
1673 5403 1952 5458 laudanda.
1997 5402 2134 5462 Cum

617 5529 635 5561 ι
667 5535 718 5578 tn
737 5526 929 5579 duobus
948 5521 1289 5633 namus
1306 5519 1544 5570 Vaticanis
1563 5517 1726 5580 deest,
1749 5518 1979 5584 faciendi.

617 5592 638 5622 Ι
673 5591 802 5633 Ληιιό
823 5595 956 5633 ων..
979 5597 1039 5633 nr
1215 5617 1230 5632 .

615 5592 638 5622 ¹
671 5591 804 5653 Apud
823 5595 956 5648 ιον-ν
1359 5643 1370 5653 .
1431 5645 1436 5650 .

618 5654 638 5686 ³
671 5643 801 5702 ιλ)γά
829 5643 953 5701 Ναπὶ
969 5643 1014 5699 et
1036 5643 1126 5697 hoc
1162 5651 1216 5696 at
1254 5643 1728 5708 credulitasa‘best,
1769 5646 1874 5706 hoc,
1899 5643 1960 5696 ab
1997 5645 2140 5700 editis

556 5723 658 5778 Am.
685 5717 828 5778 cur.
853 5719 1044 5778 tam
1063 5706 1447 5778 avitanuscripti‘s
1470 5707 1685 5778 quinque
1705 5706 1960 5772 vaticiniis,
1987 5721 2015 5760 a
2039 5709 2144 5762 Bel.

557 5776 681 5842 sicis
701 5776 908 5842 duobus,
934 5771 1350 5842 et_Gall_it_:is_prope
1369 5770 1614 5842 omnibus.
1947 5770 1986 5808 '.

621 5839 645 5902 ξ
675 5842 746 5888 ιιι
765 5829 1644 5902 ριιπὲείιξίεηιῐᾲῇιιϊιθξοκξπεεηάξεᾱτ.

619 5899 644 5932 ³
673 5893 1249 5955 Μανισαιιιίδιςη
1265 5893 1473 5955 judicio.

1405 416 1494 473 DE
1533 410 1798 472 SPIRITU
1835 409 1926 467 ET
1962 401 2282 472 LiT'l‘EﬁA,
2321 401 2379 464 S.
2420 399 2784 462 AUGUSTINI

3639 401 3738 462 2'50

2172 533 2298 588 ergo
2321 518 2454 574 ﬁdes
2481 519 2534 572 in
2563 523 2824 588 potestate
2849 513 2938 582 sit,
2957 511 3216 585 quoniam
3235 517 3359 570 eum
3385 507 3502 569 vult
3519 513 3738 585 quisque

2171 609 2374 675 credit;
2407 617 2462 664 et
2501 625 2622 664 curn
2663 607 2860 674 credit,
2913 607 3098 660 volens
3143 605 3332 674 credit,
3361 604 3554 661 deinde
3601 619 3740 676 quae-

2173 703 2398 758 rendum
2431 711 2531 768 est,
2557 702 2664 756 imo
2691 699 3058 765 recolendum,
3085 713 3242 770 quam
3273 699 3432 755 ﬁdem
3453 707 3599 755 tanta
3621 715 3748 757 con»

2181 795 2466 851 ﬂictationc
2509 794 2846 850 commendet
2887 793 3190 864 Apostolus.
3229 792 3352 848 Non
3397 795 3539 848 enim
3581 794 3742 864 quod-

2175 891 2304 946 libet
2331 889 2551 944 credere
2576 888 2774 942 bonum
2793 893 2905 942 est:
2933 901 3056 941 nam
3077 886 3217 941 unde
3241 893 3324 941 est
3349 885 3496 951 illud,
3523 883 3743 954 Fratres,

2176 982 2330 1035 nolite
2347 981 2483 1035 omni
2509 979 2712 1050 spiritui
2735 978 2971 1042 credere;
3000 977 3088 1032 sed
3109 976 3315 1048 probate
3335 977 3568 1047 spiritum
3584 978 3747 1048 quies

2179 1074 2285 1129 Deo
2321 1075 2422 1128 est1
2453 1072 2507 1144 (l
2547 1071 2702 1126 Joan.
2731 1087 2806 1138 1v,
2841 1070 2939 1140 1)?
2985 1070 3094 1126 Nec
3119 1070 3174 1124 in
3215 1068 3460 1126 laudibus
3485 1068 3750 1125 charitatis

2178 1165 2318 1236 quod
2363 1165 2560 1220 dictum
2597 1171 2708 1228 est,
2753 1163 2938 1217 Omnia
2979 1162 3136 1217 credit
3173 1161 3228 1232 (l
3257 1161 3372 1216 Cor.
3417 1175 3538 1227 xm,
3569 1162 3650 1232 '."),
3679 1162 3754 1217 sic

2181 1256 2544 1326 accipiendum
2583 1265 2686 1319 est,
2721 1262 2778 1308 ut
2803 1254 3048 1308 eharitati
3077 1253 3374 1323 cuiuspiam
3417 1251 3752 1322 derogemus,

2182 1349 2226 1403 si
2280 1364 2382 1404 non
2425 1346 2565 1418 quod
2591 1345 2833 1410 audierit,
2867 1345 3044 1398 statim
3091 1343 3396 1398 crediderit.
3425 1342 3595 1410 Quid,
3621 1342 3756 1414 quod

2184 1440 2368 1494 eadem
2415 1439 2645 1494 cluat-itas
2689 1436 2958 1502 admonet,
2985 1450 3096 1490 non
3139 1435 3296 1490 facile
3315 1435 3390 1490 de
3433 1435 3596 1490 fratre
3637 1435 3758 1490 mali

2185 1531 2384 1602 aliquid
2413 1545 2533 1586 esse
2573 1528 2917 1594 credendum,
2961 1537 3160 1584 etcum
3189 1527 3295 1583 tale
3321 1527 3520 1598 aliquid
3541 1525 3758 1596 dicitur,

2187 1625 2290 1681 hoc
2325 1624 2392 1680 ad
2429 1640 2489 1680 se
2517 1624 2683 1695 magis
2712 1624 2944 1693 judicat'
2971 1624 3242 1693 pertinere
3295 1635 3362 1676 ne
3397 1619 3617 1677 credat?
3663 1621 3764 1676 Po-

2187 1727 2387 1773 stremo
2435 1717 2548 1786 ipsa
2585 1715 2819 1770 charitas
2861 1731 2964 1786 qua
3007 1717 3184 1770 omnia
3225 1715 3414 1780 credit,
3461 1723 3576 1769 neu
3621 1714 3763 1769 omni

2189 1809 2396 1880 spiritui
2422 1808 2591 1864 credit
2619 1825 2632 1861 :
2661 1823 2726 1862 ac
2747 1823 2846 1880 per
2875 1808 2995 1874 hoc,
3023 1809 3200 1862 omnia
3227 1807 3443 1878 quidem
3467 1805 3657 1872 credit,
3677 1805 3765 1861 sed

2191 1902 2334 1966 Deo;
2363 1903 2484 1972 quia
2511 1915 2616 1954 non
2647 1901 2844 1954 dictum
2876 1909 2977 1964 est,
3008 1898 3267 1954 Omnibus
3293 1898 3481 1955 credit.
3509 1897 3652 1953 Nulli
3679 1899 3766 1952 ita-

2193 2009 2296 2064 que
2333 1993 2550 2048 dubium
2593 2001 2696 2058 est,
2737 2007 2854 2047 eam
2893 1991 3062 2046 ﬁdem
3101 1992 3170 2048 ab
3217 1992 3474 2063 Apostolo
3499 1993 3769 2048 commen-

2194 2086 2330 2151 dari,
2359 2101 2463 2155 qua
2494 2085 2730 2140 creditur
2761 2086 2890 2139 Deo.

2266 2177 2356 2233 56.
2399 2175 2505 2232 Sed
2544 2176 2718 2230 adhuc
2758 2174 2952 2245 aliquid
3003 2173 3410 2229 discernendum
3451 2173 3567 2230 est’
3597 2194 3612 2230 :
3641 2185 3770 2245 quo-

2196 2269 2338 2323 niam
2363 2275 2418 2323 et
2447 2267 2520 2342 illi
2558 2267 2647 2336 qui
2677 2268 2776 2322 sub
2806 2267 2918 2337 lege
2943 2273 3086 2330 sunt,
3119 2273 3172 2320 et
3197 2265 3390 2320 timore
3429 2279 3602 2336 pcenae
3623 2266 3774 2335 justi-

2201 2361 2324 2415 tiam
2351 2375 2501 2415 suam
2531 2360 2704 2415 facere
2731 2366 3010 2426 conantur,
3033 2366 3090 2413 et
3129 2357 3250 2413 ideo
3293 2371 3398 2413 non
3442 2358 3641 2412 faciunt
3693 2359 3776 2413 Dei

2193 2451 2478 2523 justitiam,
2515 2451 2636 2520 quia
2665 2450 2899 2504 charitas
2939 2465 3054 2504 eam
3093 2448 3240 2517 facit,
3265 2463 3430 2516 quam
3467 2461 3577 2503 non
3617 2449 3778 2504 libet‘

2201 2545 2304 2600 nisi
2334 2543 2476 2615 quod
2505 2544 2648 2609 licet,
2679 2558 2783 2598 nou
2819 2543 3004 2608 tirnor,
3031 2542 3120 2612 qui
3141 2543 3354 2612 cogitur
3391 2543 3444 2596 in
3483 2555 3653 2612 opere
3699 2543 3780 2596 lia-

2201 2638 2331 2694 bere
2358 2636 2498 2708 quod
2541 2636 2686 2700 licet,
2717 2650 2836 2690 cum
2866 2634 3008 2690 aliud
3049 2635 3240 2690 habeat
3277 2635 3332 2689 in
3363 2635 3660 2701 voluntate,
3691 2649 3782 2705 qua

2202 2730 2408 2796 mallet,
2421 2729 2468 2783 si
2493 2728 2604 2784 ﬁeri
2621 2734 2822 2798 posset,
2844 2728 3005 2783 licere
3021 2727 3167 2798 quod
3189 2739 3294 2782 non
3315 2727 3467 2782 licet:
3489 2737 3543 2783 et
3563 2727 3637 2782 illi
3669 2741 3786 2798 ergo

2205 2821 2429 2878 credunt
2451 2821 2599 2885 Deo;
2625 2835 2744 2875 nam
2767 2820 2816 2874 si
2845 2819 3062 2874 omnino
3075 2831 3186 2873 non
3215 2817 3524 2884 crederent,
3549 2815 3656 2873 nec
3683 2827 3788 2888 pa:-

2207 2928 2329 2969 nam
2359 2913 2490 2984 legis
2533 2912 2716 2983 utique
2741 2910 3108 2966 formidarent.
3153 2910 3258 2966 Sed
3305 2925 3410 2966 non
3455 2913 3592 2966 hanc
3627 2911 3788 2966 ﬁdem

2207 3004 2546 3062 commendat
2569 3003 2854 3074 Apostolus
2875 3043 2890 3068 ,
2913 3003 3002 3074 qui
3031 3003 3192 3070 dicit,
3227 3001 3348 3058 Non
3377 3003 3508 3057 enim
3531 3005 3792 3071 accepistis

2214 3097 2446 3168 spiritum
2467 3096 2716 3151 seruitutis
2739 3095 2926 3148 iterum
2941 3094 2997 3148 in
3017 3095 3268 3161 timorem;
3293 3094 3382 3150 sed
3401 3095 3675 3166 accepistis
3699 3095 3794 3165 spi-

2209 3189 2366 3244 ritum
2387 3188 2673 3259 adoptionis
2698 3187 2938 3257 ﬁliorum,
2965 3188 3022 3241 in
3039 3203 3143 3258 quo
3172 3187 3470 3254 clamamus,
3495 3187 3658 3256 Abba,
3695 3187 3792 3242 Pa-

2211 3290 2284 3337 ter
2317 3283 2488 3356 (Rom.
2537 3297 2662 3347 vut,
2693 3281 2800 3350 15).
2848 3280 3032 3335 Timor
3058 3295 3184 3350 ergo
3225 3281 3313 3336 ille
3341 3281 3552 3336 servilis
3587 3287 3678 3337 est
3705 3301 3716 3336 :
3747 3289 3795 3337 et

2213 3373 2335 3429 ideo
2369 3373 2612 3444 quamvis
2635 3373 2688 3427 in
2709 3373 2802 3427 illo
2829 3372 3052 3427 Domino
3081 3367 3347 3440 credatur,
3377 3383 3480 3427 non
3513 3383 3696 3429 tamen
3719 3373 3794 3445 ju-

2215 3466 2360 3521 stitia
2400 3465 2636 3536 diligitur
2655 3506 2670 3532 ,
2699 3464 2796 3521 sed
2835 3464 3104 3520 damnatio
3139 3463 3373 3520 timetur.
3393 3463 3516 3520 Filii
3539 3479 3676 3522 vero
3700 3466 3798 3522 'cla-

2215 3566 2364 3614 mant
2375 3555 2718 3624 Abba,Pater,
2732 3571 2956 3627 quarum
2969 3557 3192 3611 duarum
3209 3569 3394 3612 vocum
3413 3565 3518 3612 una
3527 3565 3614 3613 est
3627 3571 3696 3613 ex
3705 3557 3800 3613 cir-

2217 3648 2560 3716 cumcisione,
2574 3647 2736 3702 altera
2750 3661 3007 3718 exprmpu
3015 3649 3106 3717 tio,
3121 3647 3286 3702 Judaei
3299 3649 3530 3718 primum
3543 3655 3601 3704 et
3611 3647 3796 3705 Cruci:

2217 3741 2454 3814 quoniam
2475 3756 2608 3795 unus
2634 3749 2708 3795 est
2731 3739 2896 3806 Deus,
2919 3743 3005 3806 qui
3022 3737 3272 3810 justificat
3291 3741 3725 3796 circumcisione»:
3747 3757 3804 3796 es

2219 3833 2351 3903 ﬁde,
2378 3841 2424 3887 et
2451 3832 2755 3904 praeputium
2777 3847 2864 3901 per
2885 3831 3038 3902 ﬁdem
3067 3830 3187 3904 (Id.
3215 3827 3303 3901 m,
3325 3831 3440 3904 50).
3463 3831 3602 3888 Cum
3631 3841 3804 3889 autem

2221 3923 2473 3989 clamant,
2499 3922 2698 3993 aliquid
2723 3931 2909 3992 petunt
2927 3939 2941 3976 :
2959 3931 3020 3978 et
3037 3922 3164 3994 quid
3189 3927 3370 3993 petunt
3389 3923 3489 3978 nisi
3515 3924 3666 3994 quod
3681 3939 3804 3979 esu-

2223 4017 2370 4072 riunt
2419 4024 2474 4072 et
2509 4014 2738 4070 sitiunt?
2769 4014 2838 4069 Et
2863 4015 2964 4070 hoc
2989 4013 3118 4085 quid
3147 4023 3257 4082 est,
3281 4015 3384 4070 nisi
3425 4015 3566 4085 quod
3599 4015 3676 4073 de
3707 4015 3809 4072 illis

2224 4107 2424 4164 dictum
2449 4116 2563 4174 est,
2591 4106 2733 4164 Beati
2758 4106 2846 4179 qui
2867 4107 3092 4161 esuriant
3119 4115 3166 4161 et
3189 4107 3364 4162 sitiunt
3382 4105 3666 4179 justitiam,
3693 4117 3810 4179 qutt-

2225 4203 2364 4257 niam
2401 4202 2502 4274 ipsi
2527 4201 2884 4256 saturabuntur
2907 4199 3120 4269 (Matth.
3139 4215 3198 4270 v,
3223 4197 3317 4274 6)?
3346 4201 3460 4257 Huc
3482 4217 3613 4273 ergo
3645 4211 3813 4258 trans-

2227 4301 2354 4350 eant
2401 4294 2493 4363 qui
2527 4293 2627 4348 sub
2649 4292 2768 4364 iege
2807 4300 2968 4358 sunt,
2995 4302 3057 4347 ut
3083 4307 3150 4348 ex
3187 4294 3352 4348 servis
3377 4293 3472 4348 ﬁlii
3513 4293 3647 4349 ﬁant
3675 4311 3692 4350 :
3717 4307 3812 4350 nec

2229 4384 2307 4442 sic
2357 4393 2534 4440 tamen
2560 4424 2576 4449 ,
2625 4392 2684 4439 ut
2729 4383 2875 4438 servi
2921 4397 3042 4439 esse
3087 4383 3378 4450 desistant;
3433 4383 3528 4440 sed
3579 4393 3646 4440 ut
3701 4395 3816 4440 tan-

2230 4493 2388 4548 quam
2413 4477 2508 4534 ﬁlii
2528 4477 2744 4534 domino
2767 4486 2823 4532 et
2849 4477 2986 4546 patri
3005 4475 3296 4534 liberaliter
3315 4479 3580 4542 serviant,
3613 4480 3740 4549 quia
3767 4485 3819 4535 et

2231 4570 2334 4626 hoc
2371 4578 2732 4642 acceperunt:
2765 4567 2904 4623 dedit
2945 4569 3088 4624 enim
3117 4577 3409 4642 potestatem
3445 4569 3534 4624 ille
3578 4569 3816 4639 Unicus,

2233 4664 2368 4734 ﬁlios
2389 4663 2484 4718 Dei
2499 4663 2610 4732 ﬁeri
2631 4661 2946 4717 credentibus
2971 4662 3026 4716 in
3049 4663 3258 4716 nomine
3279 4661 3388 4734 ejus
3407 4661 3586 4731 (Joan.
3620 4680 3662 4729 I,
3687 4661 3779 4734 η)
3805 4679 3820 4717 :

2235 4771 2434 4827 eosque
2462 4754 2738 4810 admonuit
2765 4760 2946 4823 petere
2965 4794 2980 4818 ,
3007 4751 3248 4824 quaerere
3267 4794 3281 4818 ,
3307 4753 3516 4823 pulsare
3537 4795 3552 4821 ,
3581 4761 3646 4809 ut
3681 4754 3824 4809 acci-

2235 4848 2422 4919 piant,
2447 4855 2503 4903 et
2525 4845 2832 4913 inveniant,
2860 4853 2914 4900 et
2949 4845 3220 4914 aperiatur
3259 4845 3370 4910 eis;
3415 4844 3620 4900 addens
3651 4845 3826 4901 incre-

2237 4942 2526 5012 pationem,
2557 4947 2613 4995 et
2629 4939 2834 5006 dicens,
2865 4936 2928 4993 Si
2947 4953 3036 4992 eos
3053 4953 3170 4992 cum
3191 4937 3301 4992 sitis
3325 4937 3472 5003 mali,
3499 4939 3663 4992 nostis
3697 4938 3830 4993 bona

2239 5035 2360 5090 data
2377 5033 2501 5088 dare
2523 5032 2645 5103 ﬁliis
2677 5032 2878 5097 vestris,
2903 5037 3090 5103 quanto
3113 5031 3275 5102 magis
3307 5029 3462 5084 Pater
3487 5037 3650 5085 uester
3669 5029 3760 5100 qui
3775 5027 3830 5084 in

2240 5127 2378 5182 cretis
2399 5133 2506 5190 est,
2529 5123 2668 5178 dabit
2691 5123 2822 5178 bona
2845 5121 3120 5195 petentibus
3139 5137 3190 5176 se
3219 5124 3242 5192 (
3262 5117 3448 5174 lauti.
3483 5133 3556 5175 vn
3576 5161 3592 5188 ,
3623 5119 3828 5191 7-11)!

2241 5216 2374 5274 Cum
2416 5231 2543 5289 ergo
2564 5217 2731 5272 virtus
2769 5214 2970 5286 peccati
3015 5213 3104 5268 lex
3131 5211 3539 5268 inﬂammaverit
3578 5210 3832 5268 aculeum

2242 5311 2428 5368 mortis
2451 5309 2497 5380 (Ι
2520 5309 2640 5365 Cor.
2669 5325 2758 5374 xv,
2783 5307 2898 5379 56),
2915 5315 2974 5362 ut
2997 5305 3280 5363 occasione
3299 5313 3516 5375 accepta
3543 5311 3834 5375 peccatum

2243 5418 2341 5476 per
2403 5401 2711 5458 mandatum
2773 5407 3026 5470 operetur
3069 5405 3281 5454 omnem
3333 5395 3830 5468 concupiscentiam

2311 5585 2330 5619 ί
2364 5591 2483 5634 Tres
2505 5597 2536 5634 e
2555 5583 2791 5634 Vaticanis
2811 5588 2941 5640 Mss.,
2963 5569 3128 5628 utrum
3145 5589 3210 5628 ea:
3233 5579 3331 5627 Deo
3349 5579 3435 5626 est.

2312 5650 2332 5680 ²
2365 5656 2416 5696 1n
2439 5647 2599 5706 editis,
2625 5644 2824 5695 indicat.
2911 5702 2937 5706 __
3009 5697 3054 5706 ,Α
3127 5699 3136 5706 _
3176 5697 3206 5706 η
3363 5689 3368 5692 .

2315 5711 2336 5743 ι
2351 5691 2602 5780 etiamet
2619 5691 2860 5756 statim:
2871 5697 3055 5768 aliquid
3071 5699 3136 5751 ad
3153 5691 3538 5751 discernendum.
3563 5695 3738 5756 Abest,
3755 5691 3848 5756 ad,

2251 5786 2280 5824 a
2525 5779 2736 5942 non
2759 5829 2886 5890 libet,
2933 5835 2987 5878 At
3007 5834 3132 5889 δίει,
3155 5835 3300 5888 qm
3321 5813 3416 5874 neu
3453 5813 3583 5874 libet.
3603 5819 3682 5872 Sic
3705 5816 3848 5882 loqu

2255 5913 2310 5947 eo
2333 5913 2360 5947 υ
2407 5905 2566 5947 Aunus
2587 5907 2712 5941 inus.

2255 5905 2383 5952 solet
2407 5905 2712 5956 Augustinus.
