3984 6560
244 377 308 439 931
507 403 512 406 ·
1638 374 1844 440 LIBER
1881 379 2084 442 UNUS.

205 479 224 590 ξ
259 497 440 571 (licunt
459 539 475 564 ,
509 495 614 569 8),
644 512 683 556 ι
716 515 850 573 quo
881 502 1108 575 petenda
1137 508 1219 558 est
1240 498 1564 556 continentia
1586 539 1600 563 ,
1623 497 1723 552 nisi
1751 499 1818 554 ab

263 590 555 665 illoqninovit
588 590 751 647 bona
785 595 923 650 data
962 595 1090 650 dare
1121 592 1240 648 ﬁliis
1273 591 1420 647 suis?
1447 592 1529 646 An
1555 589 1692 645 forte
1721 606 1819 644 ne-

266 685 330 742 scit
344 685 594 754 insipiens,
627 685 795 755 quod
831 701 998 742 nemo
1025 699 1144 741 esse
1182 685 1347 754 possit
1367 683 1680 748 continens,
1713 680 1819 736 nisi

264 779 350 834 Deis
364 775 436 830 det
457 773 627 845 (Sap.
662 792 808 844 vni,
838 777 979 848 ειη
1002 776 1114 832 Hoc
1143 790 1273 848 ergo
1304 784 1360 830 ut
1402 775 1566 842 sciat,
1593 773 1707 844 ipsa
1739 773 1823 827 in-

259 871 652 942 digetsapientia.
692 871 815 927 Cur
844 873 1028 942 itaque
1048 886 1156 926 non
1181 869 1330 924 audit
1357 868 1525 922 Patris
1550 867 1632 922 sui
1657 866 1818 940 Spiri-

258 972 327 1018 tum
342 961 596 1017 dicentem
626 977 733 1033 per
759 963 1071 1034 apostolum
1093 960 1321 1024 Christi,
1353 958 1435 1013 vel
1463 959 1635 1030 ipsum
1661 955 1818 1012 Chri-

254 1060 347 1110 stum
365 1051 448 1123 qui
495 1051 648 1108 dicit
677 1053 738 1107 in
770 1054 1072 1124 Evangelia
1109 1067 1205 1108 suo
1228 1092 1244 1119 ,
1275 1049 1437 1104 Petite
1458 1090 1472 1115 ,
1495 1059 1542 1102 et
1565 1049 1820 1119 accipietis

255 1147 400 1218 (Matth.
429 1161 506 1200 vn
531 1187 549 1214 ,
583 1145 647 1216 7)
670 1147 698 1200 ’ἓ
728 1146 1048 1216 loquentem
1074 1144 1234 1200 etiam
1263 1143 1318 1197 in
1347 1142 1590 1212 apostolo
1619 1155 1736 1206 suo,
1766 1147 1822 1194 et

251 1240 488 1303 dicentem,
527 1237 594 1294 Si
624 1239 746 1309 quis
778 1249 1003 1294 vestrum
1029 1236 1218 1308 indiget
1245 1234 1512 1304 sapientia,
1547 1231 1764 1303 postulet
1789 1247 1821 1284 a

248 1333 445 1401 Deo,qui
470 1332 566 1386 dat
620 1332 869 1387 omnibus
895 1333 1151 1403 affluenter
1193 1339 1239 1383 et
1264 1344 1363 1382 non
1404 1328 1744 1398 improperat,
1775 1334 1822 1379 et

248 1427 397 1480 dabitur
416 1425 539 1489 illi;
571 1425 808 1495 postulet
833 1434 1005 1477 autent
1031 1423 1084 1476 in
1111 1421 1212 1491 ﬁde
1233 1462 1249 1488 ,
1278 1417 1408 1474 nihil
1434 1419 1673 1474 Iiwsitans
1698 1414 1820 1491 (Ja-

244 1521 326 1577 cobi
344 1521 446 1587 1,5,
473 1520 586 1591 6)?
616 1519 758 1575 Haec
787 1528 870 1574 est
899 1517 1052 1582 ﬁdes,
1084 1532 1146 1571 ex
1169 1529 1271 1586 qua
1292 1514 1466 1584 justus
1485 1512 1620 1568 vivit
1639 1510 1818 1584 (Rom.

239 1617 372 1685 1,11)
403 1631 417 1667 :
453 1613 580 1668 haec
607 1620 705 1668 est
736 1611 874 1667 ﬁdes
895 1653 913 1679 ,
945 1625 1049 1682 qua
1075 1607 1306 1664 creditur
1328 1607 1381 1662 in
1405 1621 1530 1662 eum
1557 1605 1647 1675 qui
1668 1603 1823 1675 justi-

237 1706 574 1780 ﬁcstimpium
605 1703 727 1776 (Id.
753 1720 829 1771 tv,
860 1703 917 1773 5)
943 1720 956 1756 :
990 1702 1104 1756 haec
1128 1709 1210 1756 est
1239 1697 1388 1765 ﬁdes,
1424 1713 1520 1768 per
1548 1710 1706 1767 quam
1728 1708 1822 1750 ex-

237 1801 429 1860 cluditur
469 1797 742 1876 gloriatio
770 1795 882 1870 (Id.
917 1811 998 1862 ιιι,
1027 1793 1154 1865 27);
1184 1793 1298 1848 sive
1324 1799 1384 1847 ut
1425 1789 1676 1846 abscedat
1717 1801 1821 1860 qua

229 1893 279 1951 in
319 1892 462 1948 nobis
507 1889 815 1956 iuﬁamur,
848 1888 962 1943 sive
1007 1895 1065 1942 ut
1109 1885 1341 1940 emineat
1367 1897 1470 1954 qua
1514 1883 1569 1936 in
1595 1881 1822 1936 Domino

227 1988 497 2060 gloriamur
521 2003 538 2039 :
574 1984 704 2039 haec
726 1991 814 2038 est
832 1982 988 2048 ﬁdes,
1010 1995 1112 2051 qua
1136 1978 1450 2049 impetratur
1477 1976 1694 2047 largitas
1707 1975 1820 2045 spi-

223 2081 346 2135 ritus
367 2119 382 2144 ,
405 2076 477 2132 de
502 2090 622 2148 quo
666 2073 902 2136 dicitur,
928 2071 1041 2126 Nos
1082 2070 1214 2126 enim
1246 2069 1427 2140 spiritu
1454 2083 1516 2123 ea:
1540 2067 1643 2138 ﬁde
1681 2082 1822 2137 spem

209 2172 411 2245 iustitia
455 2177 830 2238 exspectamus
849 2163 1044 2236 (Galat.
1070 2177 1125 2228 v,
1158 2160 1235 2232 5).
1264 2159 1368 2217 Ubi
1394 2159 1610 2230 quidem
1652 2158 1822 2228 quaeri

213 2263 385 2320 adhuc
411 2269 635 2332 potest,
668 2267 852 2314 utrum
878 2271 1033 2328 spem
1058 2254 1279 2325 iustitiae
1307 2251 1540 2319 dixerit,
1568 2265 1672 2323 qua
1694 2265 1820 2321 spe-

210 2369 300 2415 rat
322 2356 527 2425 iustitia
554 2357 573 2387 ¹
593 2397 608 2420 ,
644 2365 719 2409 an
750 2367 855 2424 qua
884 2357 1128 2422 Speratur
1157 2347 1270 2417 ipsa
1299 2345 1501 2416 justitia
1527 2362 1542 2399 :
1570 2343 1822 2416 quoniam

201 2449 384 2521 justus
407 2463 474 2504 ex
525 2447 636 2503 ﬁde
664 2447 892 2510 vivens,
915 2449 1095 2513 sperat
1128 2439 1312 2510 utique
1336 2437 1499 2493 vitam
1525 2444 1819 2502 aeternam;

200 2543 447 2612 itemque
498 2541 640 2596 ﬁdes
683 2539 934 2595 esuriens
973 2535 1267 2604 sitiensque
1289 2531 1552 2603 justitiam
1596 2525 1823 2586 renova-

197 2639 359 2695 tione
380 2641 404 2672 ³
428 2638 503 2694 de
535 2635 626 2692 die
654 2635 713 2690 in
750 2633 896 2688 diem
926 2627 1196 2685 interioris
1220 2626 1450 2682 hominis
1495 2621 1563 2696 (ll
1583 2621 1701 2680 Cor.
1733 2639 1820 2693 tv,

198 2730 304 2804 16)
337 2731 566 2801 proﬁcit
587 2730 640 2799 in
671 2743 752 2791 ea,
775 2737 830 2781 et
855 2731 1037 2796 Sperat
1065 2721 1120 2777 in
1161 2737 1224 2776 ea
1245 2718 1428 2774 satiari
1457 2717 1511 2772 in
1535 2716 1640 2772 vita
1661 2724 1822 2772 teter-

195 2837 302 2890 ω,
333 2823 430 2877 ubi
459 2821 556 2877 ﬁet
573 2819 626 2875 id
645 2819 784 2890 quod
807 2817 862 2872 in
882 2815 1094 2871 Psalmo
1109 2813 1175 2868 de
1196 2812 1308 2868 Deo
1326 2810 1537 2874 dicitur,
1560 2807 1658 2874 Qui
1673 2808 1824 2864 satiat

187 2914 252 2969 in
273 2914 436 2968 bonis
459 2910 773 2965 desiderium
802 2919 946 2961 tuum
968 2903 1138 2980 (Psal.
1170 2918 1239 2960 cn
1259 2945 1273 2968 ,
1297 2898 1383 2976 5).
1409 2900 1535 2956 Haec
1563 2908 1645 2956 est
1668 2899 1821 2966 ﬁdes,

191 3020 310 3076 qua
338 3003 482 3058 salvi
497 3001 655 3067 ﬁunt,
674 3000 871 3071 quibus
885 2997 1081 3053 dicitur
1099 3015 1110 3051 :
1127 2993 1302 3051 Gratia
1323 2993 1449 3049 salvi
1464 2992 1587 3062 facti
1603 2992 1720 3046 estis
1738 3008 1826 3060 per

195 3097 398 3168 ﬁdem;
414 3105 462 3150 et
478 3095 572 3148 hoc
594 3111 698 3148 non
714 3109 779 3147 ea:
796 3090 1050 3157 vobis,sed
1065 3088 1163 3142 Dei
1179 3087 1366 3142 donum
1382 3093 1454 3140 est
1474 3101 1494 3140 :
1508 3101 1610 3139 non
1627 3100 1694 3159 ea:
1708 3100 1828 3153 ope-

193 3189 378 3254 ribus,
402 3205 465 3242 ne
484 3189 615 3256 forte
635 3186 752 3258 quis
770 3183 1065 3239 extollatur.
1080 3179 1252 3252 Ipsius
1272 3180 1404 3234 enim
1419 3195 1591 3233 sumus
1610 3178 1826 3249 ﬁgmen-

195 3291 338 3347 tum,
358 3281 523 3334 creati
548 3279 602 3332 in
626 3263 830 3333 Christo
848 3273 883 3329 J
887 3292 975 3329 esu
991 3277 1044 3328 in
1061 3271 1290 3343 operibus
1316 3270 1476 3334 bonis,
1491 3285 1602 3346 quae
1622 3267 1826 3341 p‘rwpa-

193 3374 340 3428 rasit
373 3359 518 3426 Deus
544 3379 597 3424 ut
631 3370 687 3423 in
713 3369 816 3424 illis
840 3365 1153 3422 ambulemus
1178 3361 1393 3436 (Ephes.
1421 3379 1494 3430 ιι,
1527 3360 1692 3432 8-10).
1726 3355 1830 3415 Po-

194 3475 425 3522 Stremo
459 3464 581 3517 haec
605 3472 688 3518 est
737 3461 871 3516 ﬁdes
890 3501 904 3526 ,
939 3475 1060 3530 quae
1088 3449 1183 3528 per
1207 3453 1549 3532 dilectionem
1577 3461 1829 3523 operatur

197 3557 421 3630 (Galat.
445 3572 509 3621 v,
543 3554 625 3626 6),
651 3569 758 3609 non
786 3568 887 3623 per
915 3551 1183 3630 timorem;
1214 3563 1319 3602 non
1352 3537 1685 3601 formidando
1711 3545 1828 3615 pte-

200 3629 342 3703 nam
360 3689 378 3714 ,
409 3646 513 3702 sed
540 3644 775 3700 amando
796 3642 1082 3714 justitiam.
1115 3629 1268 3696 Unde
1289 3653 1418 3708 ergo
1443 3637 1542 3690 ista
1570 3633 1792 3692 dilectio
1810 3677 1826 3703 ,

203 3725 265 3794 id
296 3747 417 3802 est,
457 3736 698 3792 Charitas
726 3749 823 3806 per
873 3748 1033 3804 quam
1061 3725 1190 3810 tides
1235 3737 1516 3800 operatur,
1549 3727 1652 3784 nisi
1689 3718 1832 3784 unde

204 3823 370 3904 illam
394 3832 535 3886 ﬁdes
565 3829 683 3901 ipsa
727 3825 1066 3898 impetravit?
1097 3823 1277 3895 Neque
1307 3823 1449 3879 enim
1481 3829 1626 3878 esset
1651 3821 1706 3876 in
1735 3835 1833 3877 no-

203 3923 297 3980 bis
327 3967 345 3990 ,
375 3932 821 3994 quantacumque
847 3921 916 3975 sit
941 3920 993 3974 in
1020 3918 1171 3974 nobis
1191 3958 1208 3985 ,
1238 3913 1338 3970 nisi
1363 3913 1750 3970 diffunderetur
1776 3907 1829 3968 in

201 4019 481 4073 cordibus
517 4016 721 4072 nostris
749 4030 846 4086 per
870 4012 1129 4084 Spiritum
1159 4018 1421 4077 sanetum,
1449 4008 1539 4080 qui
1564 4007 1718 4063 datus
1749 4013 1833 4062 est

197 4112 381 4167 nobis
405 4111 589 4182 (Rom.
628 4124 664 4163 v
684 4150 698 4174 ,
722 4109 803 4180 5).
825 4107 1074 4163 Charitas
1092 4105 1287 4176 quippe
1312 4103 1410 4159 Dei
1453 4101 1595 4159 dicta
1619 4110 1703 4158 est
1726 4099 1832 4156 dif-

195 4206 375 4262 fundi
403 4206 458 4260 in
512 4202 770 4259 cordibus
821 4199 1057 4267 nostris,
1083 4213 1189 4254 non
1223 4211 1325 4268 qua
1368 4211 1464 4250 nos
1485 4195 1599 4265 ipse
1626 4185 1829 4263 diligit,

193 4301 306 4356 sed
343 4315 454 4371 qua
487 4313 591 4353 nos
612 4296 742 4352 facit
781 4294 1072 4349 dilectores
1105 4305 1266 4345 suos:
1298 4289 1436 4344 sicut
1467 4286 1669 4360 justitia
1697 4286 1790 4342 Dei
1817 4327 1830 4350 ,

191 4410 314 4466 qua
347 4393 489 4464 justi
520 4392 643 4461 ejus
675 4402 902 4444 munere
941 4383 1201 4440 efﬁcimur
1229 4379 1348 4458 (Id.
1371 4396 1455 4446 ιιι,
1486 4375 1624 4452 ει);
1648 4385 1702 4433 ει
1732 4375 1836 4433 Do-

189 4465 358 4559 uaini
383 4485 572 4548 salus,
605 4497 713 4553 qua
741 4493 841 4534 nos
877 4465 1055 4532 salvos
1078 4472 1202 4529 facit
1230 4471 1402 4544 (Psal.
1441 4487 1530 4540 ιιι,
1558 4471 1647 4542 9);
1679 4479 1734 4525 ει
1767 4469 1834 4523 ίῑ-

187 4577 307 4634 des
343 4578 480 4634 Jesu
505 4575 745 4642 Christi,
781 4586 883 4644 qua
913 4584 1012 4625 nos
1038 4568 1218 4623 ﬁdeles
1245 4565 1368 4622 facit
1392 4563 1587 4636 (Galat.
1619 4579 1693 4631 ιι,
1718 4559 1831 4634 16).

187 4669 348 4727 Hac
398 4678 488 4726 est
526 4664 737 4739 justitia
784 4663 919 4730 Dei,
970 4675 1126 4731 quam
1167 4673 1275 4714 non
1317 4657 1489 4712 solum
1532 4655 1690 4710 docet
1741 4647 1836 4724 per

186 4765 358 4835 legis
405 4768 784 4835 praceptum,
814 4769 1004 4813 verum
1047 4753 1206 4810 etiam
1240 4751 1330 4806 dat
1357 4753 1452 4820 per
1492 4746 1709 4820 spiritus
1734 4746 1834 4803 do-

274 4951 538 5009 CAPUT
573 4947 823 5005 XXXIII.
879 4975 933 4988 -
973 4944 1063 4999 5'7.
1097 4941 1344 4996 Voluntas
1394 4937 1633 4994 credendi
1679 4936 1832 4990 unde.

184 5045 318 5103 Sed
351 5057 711 5114 consequens
737 5047 816 5094 est
846 5036 1114 5108 paululum
1141 5047 1382 5108 quaerere
1404 5073 1419 5099 ,
1451 5039 1628 5087 utrum
1649 5030 1838 5085 volun-

187 5146 290 5192 tas
320 5136 427 5192 illa
453 5149 566 5207 qua
592 5132 868 5188 credimus
885 5171 901 5193 ,
930 5128 1090 5184 etiam
1135 5127 1248 5197 ipsa
1276 5124 1372 5181 Dei
1391 5123 1589 5180 donum
1635 5123 1743 5190 sit,
1770 5130 1837 5176 an

189 5245 272 5306 ex
323 5230 433 5286 illo
477 5225 805 5284 naturaliter
848 5221 1008 5278 insito
1033 5218 1200 5274 libero
1237 5217 1550 5296 adhibeatur
1594 5213 1834 5294 arbitrio.

188 5305 258 5376 Si
281 5323 450 5377 enim
473 5317 784 5375 dixerimus
802 5330 920 5371 eam
947 5328 1054 5368 non
1075 5325 1194 5367 esse
1222 5305 1418 5364 donum
1448 5307 1575 5373 Dei,
1599 5314 1840 5361 metuen-

191 5411 354 5467 dum
397 5421 486 5468 est
511 5426 583 5466 ne
612 5408 991 5466 existimemus
1014 5401 1277 5458 invenisse
1302 5415 1399 5454 nos
1431 5397 1629 5468 aliquid
1649 5438 1664 5464 ,
1696 5391 1838 5467 quod

198 5503 500 5573 Aponium
513 5497 832 5570 mepanti
847 5504 904 5552 et
925 5494 1155 5560 dicenti,
1185 5491 1320 5559 Quid
1354 5491 1489 5545 enim
1517 5487 1668 5543 habes
1705 5486 1840 5558 quod

201 5609 334 5648 non
398 5592 680 5666 accepisti?
728 5589 795 5648 Si
846 5597 1016 5642 autem
1055 5594 1102 5641 et
1143 5573 1409 5664 accepisti,
1447 5574 1569 5655 quid
1604 5578 1840 5653 gloriaris

3409 387 3516 445 ⁵258

1929 513 2070 564 ηιιιε,
2102 495 2241 553 Ecce
2269 495 2525 554 habemus
2553 497 2882 556 voluntatem
2902 497 3187 567 credendi,
3219 515 3374 573 quam
3404 521 3511 562 non

1926 593 2230 662 accepimus
2264 608 2429 649 :ecce
2454 594 2542 649 ubi
2583 596 2894 666 gloriamur,
2925 597 3064 668 quod
3105 613 3207 654 non
3239 602 3513 670 acceperi-

1926 701 2066 741 mus.
2094 685 2148 741 Si
2175 695 2352 742 autem
2378 685 2698 754 dixerimus,
2734 693 2891 746 etiam
2932 689 3233 762 hujusmodi
3263 692 3514 749 volunta-

1927 785 2032 834 tem
2077 794 2182 833 non
2229 793 2351 834 esse
2395 780 2495 835 nisi
2543 781 2741 838 donum
2789 783 2916 850 Dei,
2947 799 3131 840 rursus
3172 786 3518 842 metuendum

1926 877 2040 933 est,
2073 883 2141 925 ne
2160 869 2400 926 inﬁdeles
2437 881 2596 941 atque
2626 873 2772 944 impii
2795 890 2904 929 non
2932 874 3199 932 immerito
3225 892 3285 934 se
3304 880 3466 935 veluti
3491 881 3510 912 ⁸

1923 957 2065 1029 juste
2093 975 2347 1015 excusare
2377 961 2687 1030 videantur,
2722 963 2841 1018 ideo
2884 979 2990 1018 non
3017 967 3342 1037 credidisse,
3374 949 3517 1044 quod

1927 1053 2054 1108 dare
2107 1054 2212 1110 illis
2240 1055 2376 1110 Deus
2420 1055 2574 1110 istam
2624 1058 2794 1113 noluit
2822 1059 3170 1116 voluntatem.
3208 1062 3340 1118 Nam
3387 1065 3517 1120 illud

1927 1144 2068 1214 quod
2093 1145 2291 1202 dictum
2321 1156 2401 1203 est
2422 1189 2436 1214 ,
2468 1147 2610 1203 Deus
2643 1159 2716 1203 est
2745 1151 2876 1204 enint
2902 1151 2991 1222 qui
3024 1164 3263 1223 operatur
3295 1157 3349 1211 in
3377 1159 3518 1213 nobis

1927 1246 1975 1292 et
2000 1239 2123 1294 velle
2141 1249 2188 1294 et
2209 1242 2409 1312 operari
2431 1285 2446 1310 ,
2479 1260 2570 1314 pro
2594 1243 2726 1299 bona
2754 1245 3008 1301 voluntate
3028 1245 3287 1320 (Philipp.
3305 1255 3363 1315 II,
3387 1253 3514 1323 13):

1921 1329 2033 1400 jam
2075 1334 2257 1403 gratiae
2301 1346 2379 1391 est
2411 1338 2432 1370 ¹
2458 1380 2473 1403 ,
2499 1353 2656 1408 quam
2713 1336 2842 1392 ﬁdes
2897 1338 3182 1408 impetrat,
3214 1349 3272 1395 ut
3313 1345 3523 1411 possint

1927 1437 2046 1479 esse
2077 1423 2306 1482 hominis
2325 1443 2486 1498 Opera
2516 1429 2673 1493 bona,
2706 1445 2825 1499 quas
2851 1438 3101 1499 operatur
3141 1431 3272 1488 ﬁdes
3311 1449 3408 1502 per
3435 1435 3519 1489 di-

1926 1512 2246 1584 lectionem,
2279 1534 2397 1589 qute
2451 1519 2765 1575 diliunditur
2807 1520 2860 1576 in
2902 1521 3066 1578 corde
3113 1538 3210 1595 per
3261 1523 3522 1594 Spiritum

1927 1618 2168 1666 sanctum
2198 1613 2289 1682 qui
2314 1612 2468 1668 datus
2497 1621 2580 1669 est
2619 1614 2792 1670 nobis.
2820 1614 2876 1670 Si
2905 1614 2927 1647 ³
2952 1615 3223 1672 credimus
3251 1625 3310 1672 ut
3345 1617 3520 1688 impe-

1928 1709 2130 1758 tremus
2159 1702 2298 1761 hanc
2323 1706 2546 1777 gratiam
2568 1748 2582 1772 ,
2616 1715 2671 1762 et
2707 1707 2889 1778 utique
2915 1709 3185 1765 voluntate
3217 1711 3518 1780 credimus,

1927 1795 1995 1852 de
2023 1795 2124 1852 hac
2149 1800 2406 1869 quaeritur
2434 1799 2576 1856 unde
2603 1800 2672 1854 sit
2700 1801 2872 1856 nobis.
2916 1801 2972 1858 Si
2993 1813 3199 1868 natura,
3222 1819 3387 1875 quare
3410 1821 3520 1861 non

1928 1889 2173 1944 omnibus
2197 1931 2212 1957 ,
2239 1903 2375 1946 cum
2423 1892 2493 1946 sit
2547 1891 2688 1948 idem
2738 1892 2878 1948 Deus
2904 1894 3142 1948 omnium
3183 1896 3438 1951 creator?
3462 1897 3520 1952 Si

1927 1980 2071 2039 dono
2092 1983 2186 2068 Dei
2210 2026 2225 2052 ,
2253 1985 2413 2040 etiam
2435 1984 2538 2041 hoc
2565 1999 2730 2056 quare
2760 2001 2864 2041 non
2891 1987 3158 2053 omnibus,
3178 2003 3299 2044 cum
3326 2003 3516 2046 omnes

1927 2071 2172 2131 homines
2195 2075 2324 2130 velit
2365 2076 2543 2132 salvos
2574 2077 2727 2146 ﬁeri,
2759 2086 2814 2133 et
2838 2077 2893 2134 in
2917 2079 3241 2149 agnitionem
3267 2081 3514 2139 veritatis

1926 2165 2112 2222 venire
2132 2166 2174 2236 (l
2203 2165 2339 2221 Tim.
2378 2184 2413 2222 ιι
2437 2168 2580 2240 ,1)?

2021 2259 2112 2315 58.
2164 2259 2401 2315 Liberum
2455 2260 2719 2315 arbitrium
2774 2261 2944 2316 media
2993 2262 3084 2317 vis.
3155 2263 3308 2318 Prius
3363 2265 3522 2335 igitur

1929 2349 2057 2405 illud
2104 2350 2343 2406 dicamus
2375 2391 2392 2418 ,
2423 2359 2478 2406 ει
2513 2351 2790 2408 videamus
2840 2361 3017 2406 utrum
3063 2351 3186 2408 huic
3233 2354 3524 2410 satisfaciat

1930 2445 2210 2516 quaastioni
2252 2485 2266 2509 ,
2337 2444 2479 2515 quod
2549 2444 2777 2500 liberum
2860 2445 3136 2500 arbitrium
3209 2448 3524 2504 naturaliter

1929 2539 2238 2594 attributum
2283 2549 2312 2592 a
2373 2538 2626 2593 Creatore
2672 2536 2864 2591 anima:
2924 2536 3210 2603 rationali,
3258 2539 3344 2594 illa
3409 2555 3526 2596 me-

1929 2629 2015 2686 dia
2041 2631 2122 2684 vis
2140 2639 2257 2695 est,
2284 2643 2402 2698 quae
2430 2628 2513 2682 vel
2539 2627 2740 2682 intendi
2761 2627 2828 2682 ad
2858 2627 3046 2694 ﬁdem,
3078 2629 3161 2683 vel
3188 2629 3428 2686 inclinari
3453 2631 3522 2688 ad

1930 2721 2296 2777 inﬁdelitatem
2339 2728 2514 2790 potest
2546 2735 2560 2773 :
2587 2727 2642 2775 et
2678 2718 2796 2776 ideo
2841 2733 2939 2776 nec
2959 2719 2982 2752 ’δ
3008 2721 3163 2775 istam
3194 2721 3521 2778 voluntatem

1931 2831 2030 2886 qua
2056 2813 2226 2870 credit
2270 2813 2414 2878 Deo,
2441 2811 2545 2868 dici
2572 2820 2751 2884 potest
2776 2812 2936 2868 homo
2979 2813 3177 2869 habere
3223 2829 3383 2885 quam
3413 2831 3520 2872 non

1931 2907 2215 2977 acceperit;
2239 2903 2670 2976 quandoquidem
2691 2913 2915 2959 vocante
2938 2903 3052 2960 Deo
3075 2905 3240 2976 surgit
3265 2905 3331 2961 de
3351 2907 3522 2963 libero

1931 3000 2172 3063 arbitrio,
2196 2997 2336 3068 quod
2363 2997 2674 3052 naturaliter
2699 3011 2820 3052 cum
2842 3005 3118 3053 crearetur
3145 2998 3370 3067 accepit.
3399 2998 3524 3057 Vult

1932 3103 2110 3149 autem
2140 3092 2281 3146 Deus
2304 3103 2490 3145 omnes
2519 3089 2762 3144 homines
2801 3087 2981 3144 salvos
3010 3087 3124 3142 ﬁeri
3149 3129 3164 3154 ,
3193 3097 3250 3144 et
3288 3088 3338 3142 in
3368 3089 3521 3159 agni-

1933 3187 2132 3244 tionem
2157 3183 2398 3240 veritatis
2423 3183 2641 3248 venire;
2665 3195 2769 3238 non
2801 3182 2878 3236 sic
2904 3191 3105 3248 tamen,
3133 3191 3194 3235 ut
3220 3181 3298 3236 eis
3323 3182 3526 3239 adimat

1933 3279 2159 3336 liberum
2180 3275 2476 3340 arbitrium,
2505 3288 2611 3344 quo
2632 3273 2717 3328 vel
2756 3272 2892 3328 bene
2920 3272 3004 3327 vel
3044 3272 3182 3327 male
3209 3279 3417 3328 utentes
3438 3275 3525 3343 ju-

1935 3370 2168 3427 stissime
2200 3367 2526 3438 judicentur.
2567 3364 2720 3434 Quod
2763 3379 2886 3420 cum
2907 3364 3009 3432 ﬁt,
3039 3363 3282 3421 inﬁdeles
3307 3367 3524 3437 quidem

1935 3471 2118 3522 contra
2143 3462 2468 3518 voluntatem
2507 3460 2601 3514 Dei
2648 3457 2882 3526 faciunt,
2912 3473 3033 3514 cum
3085 3457 3202 3528 ejus
3231 3459 3527 3530 Evangelio

1935 3571 2044 3612 non
2067 3552 2292 3610 credunt
2322 3569 2336 3607 :
2361 3566 2462 3607 nec
2488 3550 2608 3606 ideo
2638 3557 2816 3606 tamen
2839 3564 2955 3605 eam
2982 3550 3221 3617 vincunt,
3250 3566 3434 3606 verum
3462 3567 3526 3607 se

1937 3648 2086 3719 ipsos
2114 3644 2360 3701 fraudant
2384 3657 2575 3713 magno
2605 3652 2659 3698 et
2682 3657 2892 3698 summo
2916 3643 3056 3698 bono
3077 3683 3091 3708 ,
3123 3643 3385 3715 malisque
3420 3659 3530 3716 pm-

1938 3743 2148 3799 nalibus
2171 3740 2479 3812 implicant,
2507 3739 2775 3809 experturi
2816 3739 2869 3794 in
2909 3738 3180 3809 suppliciis
3205 3749 3526 3809 potestatem

1937 3835 2090 3904 eius,
2129 3833 2280 3904 cujus
2323 3833 2375 3887 in
2419 3831 2574 3887 donis
2618 3829 3036 3886 misericordiam
3071 3840 3523 3903 contempserunt.

1939 3927 2014 3982 Ita
2038 3927 2283 3982 ‘voluntas
2336 3925 2426 3979 Dei
2454 3937 2666 3994 semper
2707 3923 2900 3978 invicta
2929 3931 3014 3978 est
3044 3941 3058 3977 :
3091 3925 3395 3980 vinceretur
3429 3941 3528 3982 au.

1939 4027 2070 4088 tem,
2103 4020 2148 4074 si
2189 4025 2296 4076 nan
2325 4019 2587 4073 inveniret
2615 4017 2737 4087 quid
2782 4017 2849 4072 de
2888 4019 3340 4088 eontemptoribus
3379 4019 3529 4076 face-

1939 4122 2052 4181 ret,
2079 4119 2170 4167 aut
2201 4111 2308 4166 ullo
2334 4109 2492 4166 modo
2527 4117 2746 4180 possent
2790 4109 3016 4166 evadere
3058 4111 3199 4182 quod
3235 4112 3303 4168 de
3339 4113 3531 4170 talibus

1940 4205 2031 4260 ille
2065 4203 2356 4261 constituit.
2387 4201 2524 4271 Quid
2555 4202 2695 4256 enim
2727 4201 2888 4266 dicit,
2919 4203 3064 4257 verbi
3085 4204 3276 4274 gratia,
3307 4202 3441 4260 Volo
3469 4215 3528 4261 ut

1941 4298 1994 4354 hi
2023 4305 2210 4354 omnes
2235 4297 2376 4352 servi
2417 4295 2520 4351 mei
2550 4304 2838 4365 operentur
2860 4296 2912 4349 in
2940 4295 3092 4351 vinea
3112 4336 3128 4363 ,
3157 4303 3210 4352 et
3240 4308 3356 4368 pOSt
3383 4297 3532 4353 labo-

1940 4407 2054 4448 rem
2090 4391 2486 4462 requies‘centes
2527 4389 2827 4459 epulentur,
2860 4388 2930 4442 ita
2975 4397 3032 4443 ut
3067 4390 3306 4460 quisquis
3343 4406 3530 4446 eorum

1941 4484 2046 4539 hoc
2070 4481 2297 4537 noluerit
2318 4521 2335 4548 ,
2363 4481 2414 4535 in
2438 4480 2662 4549 pistrino
2698 4495 2910 4549 semper
2937 4481 3105 4535 molat
3132 4481 3376 4536 :videtur
3411 4484 3530 4552 qui-

1942 4576 2067 4633 dem
2122 4575 2442 4646 quicumque
2495 4573 2905 4642 contempserit,
2963 4581 3144 4626 contra
3200 4573 3528 4630 voluntatem

1942 4667 2153 4723 Domini
2181 4665 2264 4720 sui
2305 4643 2513 4730 facere;
2546 4663 2639 4718 sed
2665 4672 2790 4718 tunc
2809 4677 2927 4719 eam
2963 4664 3178 4732 vincet,
3208 4664 3252 4720 si
3279 4674 3332 4720 et
3353 4665 3533 4736 pistri-

1943 4775 2070 4815 num
2119 4765 2468 4813 contemnens
2515 4755 2760 4825 eilugerit
2793 4755 2970 4825 :quod
3020 4756 3167 4811 nullo
3209 4757 3372 4812 m’odo
3413 4757 3534 4814 ﬁeri

1943 4857 2121 4924 potest
2155 4849 2257 4906 sub
2286 4847 2380 4902 Dei
2422 4855 2702 4918 potestate.
2736 4845 2889 4902 Unde
2918 4847 3171 4917 scriptum
3197 4857 3281 4904 est
3302 4890 3319 4916 ,
3359 4847 3533 4905 Semel

1944 4943 2139 4998 locutus
2174 4950 2246 4996 est
2288 4939 2455 5003 Deus,
2485 4938 2586 4993 hoc
2630 4948 2743 5004 est,
2789 4938 3293 4997 incommutabiliter
3319 4955 3337 4997 :
3367 4957 3536 5013 quau-

1945 5051 2104 5108 quam
2133 5042 2187 5090 et
2219 5032 2288 5089 de
2312 5031 2471 5087 unico
2499 5029 2674 5086 Verbo
2704 5032 2870 5101 possit
2899 5032 3136 5104 intelligi.
3169 5032 3374 5089 Deinde
3402 5035 3534 5090 sub-

1941 5130 2168 5201 jungen's
2189 5126 2312 5198 quid
2339 5123 2841 5180 incomm'utabiiiter
2867 5123 2936 5179 sit
2961 5124 3171 5182 locutus
3196 5143 3207 5180 :
3242 5126 3357 5180 Duo
3399 5123 3530 5197 nec,

1946 5211 2116 5291 inquit
2136 5260 2152 5286 ,
2187 5209 2390 5281 audivi,
2422 5205 2662 5286 quoniam
2689 5211 2903 5284 potestas
2944 5213 3041 5270 Dei
3064 5222 3174 5284 est,
3201 5213 3249 5272 et
3276 5213 3399 5287 tibi,
3431 5219 3535 5274 Do-
3576 5272 3578 5275 .

1947 5307 2099 5374 mine,
2130 5309 2474 5365 misericordia
2493 5351 2507 5374 ,
2537 5309 2658 5374 quia
2685 5313 2739 5361 tu‘
2762 5309 2941 5364 reddes
2965 5311 3233 5380 unicuique
3257 5313 3532 5368 secundum

1947 5407 2099 5477 opera
2123 5420 2215 5460 sua
2258 5401 2428 5474 (Psal.
2461 5417 2572 5467 LXI,
2606 5397 2692 5468 ιε,
2725 5399 2836 5471 15).
2868 5396 2961 5457 Ille
2997 5401 3156 5472 igitur
3179 5393 3302 5458 reus
3332 5403 3435 5459 erit
3462 5403 3530 5458 ad

2013 5563 2029 5593 ι
2063 5565 2138 5609 Er.
2163 5563 2362 5620 etim,
2387 5555 2472 5620 sed
2497 5550 2657 5620 veluti.
2891 5615 2903 5620 _
3123 5617 3132 5620 _
3253 5603 3280 5620 _

2011 5625 2032 5655 θ
2063 5628 2197 5679 Lov.,
2216 5615 2376 5683 gratia
2390 5617 2478 5683 est.
2503 5616 2622 5668 Editi
2645 5615 2742 5675 alii,
2775 5615 2949 5683 gratia:
2968 5621 3061 5683 est;
3087 5617 3167 5683 _8ic
3196 5619 3344 5683 etiam
3364 5617 3534 5683 mauu:

1947 5683 2110 5747 smpti
2134 5696 2148 5733 :
2173 5673 2262 5734 seu
2281 5681 2333 5730 in
2353 5679 2429 5730 bis
2449 5673 2852 5740 mustanter'pI-o,
2870 5674 3015 5740 duum
3026 5673 3149 5740 ﬁdes
3165 5689 3182 5741 ς
3196 5678 3392 5742 legitur,
3407 5673 3536 5744 quod

1945 5745 2274 5872 Mfsiaticanl
2296 5803 2476 5872 aliique
2499 5813 2670 5852 omnes
2679 5800 2796 5872 fere
2819 5807 2923 5866 Mss.
2937 5836 2951 5862 ,
2977 5803 3076 5852 sed.

2012 5871 2036 5904 ⁸
2067 5869 2170 5921 Sola
2190 5869 2296 5921 fere
2321 5861 2469 5917 editio
2491 5873 2624 5926 Lov.,
2644 5868 2690 5914 et
2709 5861 2820 5914 ideo
2839 5861 2916 5913 ne.
