3984 6534
499 400 606 467 9.39

499 527 894 586 damnationem
921 522 1019 578 sub
1045 526 1308 592 potestate
1328 517 1466 588 ejus,
1498 517 1584 587 qui
1612 511 1993 584 contempserit
2017 510 2083 565 ad

500 621 828 679 credendum
845 621 862 651 ¹
886 612 1303 672 misericordiam
1326 610 1463 680 ejus.
1487 608 1743 679 Quisquis
1771 615 1947 660 autem
1969 619 2086 659 cre-

496 713 694 770 diderit
711 754 726 778 ,
756 713 911 780 eique
932 723 990 763 se
1008 721 1039 760 a
1061 704 1290 775 peccatis
1317 702 1565 756 omnibus
1587 697 1964 754 absolvendum
1986 737 2001 762 ,
2031 703 2085 749 et

498 807 567 861 ab
588 803 835 859 omnibus
863 800 1004 854 vitiis
1029 795 1344 861 sanandum,
1377 803 1431 848 et
1458 795 1636 848 calore
1663 807 1726 846 ac
1751 789 1950 844 lumine
1969 786 2085 857 ejus

492 893 890 952 accendendum
933 887 1441 956 illuminandumque
1485 881 1886 944 commiserit”;
1916 876 2082 931 habe-

493 986 572 1042 bit
593 1001 659 1040 ex
682 984 798 1054 ejus
819 981 988 1053 gratia
1010 994 1172 1049 opera
1201 978 1368 1043 bona,
1394 991 1458 1030 ex
1489 973 1679 1044 quibus
1706 972 1866 1026 etiam
1894 982 2082 1023 secun-

433 1125 436 1130 .
493 1076 620 1132 dum
651 1088 846 1144 corpus
872 1089 900 1128 a
928 1069 1116 1126 mortis
1145 1068 1484 1138 corruptione
1519 1064 1831 1128 redimatur,
1859 1075 2085 1116 corone-

424 1167 436 1234 ἴ
492 1178 610 1234 tur,
641 1168 903 1238 bonisque
931 1164 1172 1229 satietur,
1200 1177 1308 1217 non
1351 1158 1730 1229 temporalibus
1753 1197 1769 1222 ,
1797 1155 1890 1212 sed
1930 1163 2084 1208 aeter-

494 1263 609 1329 nis,
637 1277 798 1332 supra
837 1275 994 1331 quam
1021 1258 1250 1329 petimus
1284 1263 1338 1310 et
1366 1251 1709 1323 intelligimus
1734 1249 1962 1321 (Ephes.
1986 1263 2078 1313 ιιι,

493 1353 611 1426 eo).

566 1447 656 1502 59.
711 1445 864 1500 Hunc
911 1442 1149 1499 ordinem
1205 1438 1374 1496 tenuit
1395 1437 1680 1504 Psalmus,
1707 1434 1796 1491 ubi
1839 1433 2077 1488 dicitur:

497 1537 739 1602 Benedic,
766 1537 935 1589 anima
961 1550 1089 1600 mea,
1121 1531 1397 1585 Dominum
1415 1570 1430 1596 ,
1463 1538 1508 1584 et
1536 1527 1640 1582 noli
1669 1525 1889 1580 oblivisci
1915 1539 2083 1577 omnes

497 1628 847 1682 retributiones
871 1628 980 1696 ejus
1007 1640 1026 1678 :
1051 1623 1134 1694 qui
1157 1623 1404 1694 prapitius
1434 1621 1489 1690 ﬁt
1530 1618 1758 1673 omnibus
1804 1615 2082 1684 iniquitati-

499 1722 589 1774 bus
627 1721 747 1786 tuis,
769 1720 856 1789 qui
892 1725 1040 1774 sanat
1066 1732 1238 1770 omnes
1279 1714 1547 1784 languores
1576 1720 1705 1776 tuos,
1724 1708 1809 1778 qui
1835 1705 2032 1760 redimit
2061 1703 2083 1735 ⁸

498 1815 562 1867 de
589 1813 912 1880 corruptione
936 1811 1090 1864 vitam
1111 1817 1270 1873 tuam,
1292 1807 1376 1876 qui
1391 1811 1599 1860 coronat
1623 1813 1670 1856 te
1692 1802 1746 1854 in
1768 1798 2085 1853 miseratione

499 1913 546 1958 et
591 1902 971 1969 misericordia,
999 1901 1086 1971 qui
1127 1900 1276 1954 satiat
1317 1898 1370 1950 in
1399 1895 1541 1950 bonis
1583 1892 1885 1948 desiderium
1922 1899 2080 1943 tuum.

499 1995 567 2048 Et
597 2009 662 2048 ne
684 1994 818 2048 forte
845 1993 958 2046 haec
989 1999 1130 2046 tanta
1171 1991 1311 2044 bona
1338 1988 1497 2058 hujus
1515 1985 1814 2047 vetustatis,
1847 1982 1950 2037 hoc
1969 1991 2080 2048 est,

498 2084 836 2139 mortalitatis
881 2082 1192 2138 deformitas
1211 2081 1521 2151 desperaret
1549 2097 1562 2133 :
1591 2076 1956 2142 Renovabitur,
2000 2076 2083 2130 in-

499 2179 646 2247 quit,
675 2178 803 2231 sicut
850 2176 1034 2246 aquilte
1062 2177 1302 2246 juventus
1353 2183 1459 2227 tua.
1503 2170 1775 2240 Tanquam
1837 2168 2080 2223 diceret:

497 2269 622 2322 Haec
649 2282 770 2337 quae
809 2266 1038 2333 audisti,
1068 2264 1134 2319 ad
1159 2278 1355 2319 novum
1386 2262 1656 2316 hominem
1682 2270 1738 2316 et
1783 2259 1848 2314 ad
1876 2258 2083 2313 Novum

498 2359 768 2429 pertinent
811 2358 1232 2412 Testamentum.
1275 2353 1473 2410 Recole
1510 2366 1717 2406 mecum
1758 2350 1943 2405 eadem
1971 2350 2085 2419 ipsa

496 2450 804 2522 paululum,
831 2449 1056 2504 obsecro
1081 2456 1168 2513 te,
1196 2455 1249 2500 et
1295 2445 1496 2516 inspice
1542 2441 1929 2498 delectabiliter
1973 2441 2087 2496 lau-

497 2543 618 2596 dem
643 2538 1027 2596 misericordiae
1047 2579 1064 2606 ,
1095 2537 1198 2592 hoc
1224 2547 1341 2604 est,
1370 2538 1557 2606 gratim
1589 2534 1700 2589 Dei.
1733 2533 1975 2602 Benedic,
2001 2534 2084 2588 in-

497 2637 644 2703 quit,
677 2635 848 2686 anima
867 2647 1000 2699 mea,
1031 2629 1329 2696 Dominum,
1353 2637 1399 2682 et
1427 2627 1534 2681 noli
1554 2626 1778 2680 oblivisci
1800 2641 1972 2680 omnes
1999 2643 2084 2680 re-

499 2724 790 2778 tributiones
829 2725 936 2792 ejus
959 2739 979 2776 :
1020 2735 1126 2776 non
1165 2721 1274 2788 ait,
1303 2720 1642 2776 Tributiones
1660 2763 1674 2788 ,
1706 2720 1762 2786 ⁸,
1791 2719 1882 2775 sed
1900 2761 1914 2786 ,
1939 2719 2086 2773 retri-

499 2817 725 2869 butionas
767 2817 908 2885 ejus;
952 2814 1073 2884 quia
1119 2812 1366 2868 retribuit
1419 2811 1557 2867 bona
1615 2827 1710 2882 pro
1758 2813 1932 2866 malis.
1985 2813 2088 2877 Qui

499 2911 746 2979 propitius
789 2909 843 2970 ﬁt
891 2908 1119 2963 omnibus
1151 2907 1498 2978 iniquitatibus
1531 2908 1629 2962 tuis
1652 2923 1670 2962 :
1693 2907 1794 2962 hoc
1833 2907 2006 2978 agitur
2031 2907 2084 2962 in

499 3001 839 3070 Baptismatis
885 3008 1242 3056 sacramento.
1275 2999 1374 3066 Qui
1415 3009 1562 3055 sanat
1608 3017 1779 3054 omnes
1818 3001 2086 3072 languorcs

497 3107 612 3149 tuos
638 3110 656 3148 :
685 3093 783 3148 hoc
806 3093 978 3163 agitur
997 3093 1049 3147 in
1076 3092 1176 3147 hac
1196 3092 1304 3146 vita
1332 3091 1505 3146 fidelis
1530 3092 1780 3160 hominis,
1809 3092 1934 3146 dum
1961 3106 2085 3147 caro

497 3185 824 3254 concupiscit
869 3184 1126 3240 adversus
1175 3183 1454 3252 spiritum,
1481 3193 1536 3240 et
1564 3185 1778 3254 spiritus
1831 3184 2086 3240 adversus

497 3295 734 3344 carnem,
761 3287 820 3334 ut
848 3293 955 3332 non
975 3293 1094 3347 quae
1118 3277 1362 3332 volumus
1387 3276 1644 3331 faciamus
1667 3275 1862 3345 (Galat.
1884 3293 1940 3344 v,
1969 3275 2082 3349 i7);

498 3371 624 3424 dum
655 3371 755 3424 alia
786 3369 868 3422 lex
901 3370 954 3423 in
985 3367 1239 3424 membris
1277 3377 1535 3438 repugnat
1575 3369 1676 3438 legi
1707 3369 1930 3434 mentis;
1959 3369 2086 3424 dum

499 3464 638 3518 velle
684 3462 923 3531 adiacet,
961 3461 1219 3532 perﬁcere
1262 3469 1439 3515 autem
1479 3460 1676 3514 bonum
1705 3476 1812 3514 non
1843 3461 1864 3491 ⁵
1893 3461 2081 3532 (Rom.

497 3573 570 3612 vn
594 3599 610 3622 ,
640 3555 713 3610 25
736 3599 750 3620 ,
781 3555 870 3627 18)
899 3572 913 3608 :
944 3557 1030 3624 qui
1069 3554 1351 3624 languores
1387 3554 1693 3620 vetustatis,
1741 3554 1786 3607 si
1835 3569 2086 3623 perseve-

496 3659 650 3705 rante
679 3650 972 3702 intentione
997 3646 1300 3718 proficimus
1319 3689 1334 3712 ,
1365 3645 1434 3700 de
1455 3645 1544 3700 die
1571 3645 1624 3699 in
1649 3645 1790 3700 diem
1813 3653 2088 3702 crescente

499 3743 736 3797 novitate
761 3747 1037 3806 sanantur,
1056 3755 1122 3794 ex
1151 3738 1255 3793 fide
1279 3753 1398 3808 quae
1411 3753 1510 3809 per
1533 3738 1872 3794 dilectionem
1892 3753 2081 3809 opera-

495 3840 602 3887 tur.
635 3829 736 3898 Qui
763 3831 963 3883 redimit
1000 3830 1062 3883 de
1086 3829 1403 3898 corruptione
1428 3829 1582 3883 vitam
1611 3839 1750 3884 tuam
1778 3845 1798 3884 :
1824 3829 1927 3886 hoc
1951 3829 2011 3885 fit
2033 3830 2088 3886 in

498 3924 683 3978 ultima
733 3925 1122 3978 resurrectione
1167 3934 1520 3976 mortuorum.
1569 3921 1669 3990 Qui
1695 3931 1903 3978 coronat
1949 3933 1996 3977 te
2035 3924 2090 3977 in

499 4014 819 4069 miseratione
846 4024 892 4067 et
918 4013 1258 4067 misericordia
1280 4011 1448 4084 (Psal.
1479 4028 1548 4068 cn
1567 4055 1581 4080 ,
1607 4011 1724 4086 2-4)
1756 4031 1772 4069 :
1797 4014 1897 4069 hoc
1935 4013 1994 4069 fit
2033 4015 2088 4070 in

497 4103 718 4175 judicio,
742 4105 832 4158 ubi
863 4119 984 4158 cum
1013 4119 1106 4159 rex
1129 4105 1302 4172 justus
1327 4105 1524 4160 sederit
1553 4106 1604 4159 in
1635 4105 1824 4161 throno
1849 4106 2090 4162 redditu-

498 4209 592 4248 rus
620 4195 906 4263 unicuique
931 4193 1220 4248 sccundum
1249 4209 1413 4264 opera
1453 4195 1569 4264 ejus
1593 4236 1607 4261 ,
1636 4198 1753 4265 quis
1777 4197 2090 4268 gloriabitur

498 4295 706 4342 castum
737 4301 794 4341 se
843 4286 1038 4341 habere
1057 4286 1188 4340 cor?
1216 4295 1307 4341 aut
1334 4288 1452 4357 quis
1496 4288 1808 4357 gloriabitur
1833 4292 2087 4348 mundum

498 4391 560 4432 se
583 4391 703 4432 esse
726 4391 755 4430 a
781 4385 997 4446 peccato
1025 4376 1203 4448 (Prov.
1231 4394 1326 4443 xx,
1357 4378 1411 4442 8,
1446 4377 1499 4444 9,
1522 4388 1570 4432 et
1595 4378 1783 4436 Matth.
1813 4398 1936 4450 xvr,
1955 4383 2090 4454 27)?

498 4467 626 4524 Ideo
654 4468 762 4523 illic
799 4469 1158 4524 necessarium
1195 4469 1292 4524 fuit
1336 4485 1758 4528 commemorare
1788 4475 2088 4530 miseratio-

497 4575 622 4616 nem
643 4569 698 4615 et
717 4561 1136 4616 misericordiam
1161 4562 1402 4628 Domini,
1429 4562 1516 4616 ubi
1532 4563 1642 4636 jam
1673 4565 1810 4636 exigi
1833 4565 2008 4622 debita
2037 4575 2092 4624 et

498 4651 653 4706 reddi
682 4653 868 4706 merita
896 4653 972 4707 sic
994 4660 1214 4722 possent
1239 4653 1438 4720 videri,
1473 4662 1530 4708 ut
1555 4635 1728 4710 nuilus
1755 4635 1898 4714 esset
1925 4660 2090 4716 mise-

500 4740 750 4796 ricordiae
773 4740 946 4796 locus.
968 4742 1203 4798 Coronat
1249 4758 1376 4813 ergo
1401 4744 1454 4798 in
1480 4747 1821 4802 miseratione
1848 4759 1902 4803 et
1925 4751 2090 4807 mise-

497 4831 729 4888 ricordia
749 4873 764 4898 ,
793 4832 888 4888 sed
936 4834 1094 4888 etiam
1139 4835 1216 4889 sic
1239 4834 1532 4890 secundum
1560 4852 1743 4907 opera.
1773 4839 2090 4911 Segregabi-

497 4933 588 4980 tur
608 4925 751 4982 enim
775 4925 846 4980 ad
871 4925 1166 4994 dexteram,
1197 4927 1284 4981 cui
1313 4927 1540 4995 dicatur,
1573 4927 1775 4984 Esurivi
1794 4973 1810 4999 ,
1837 4941 1884 4986 et
1910 4933 2092 4990 dedisti

561 5104 582 5168 ξ
615 5102 753 5164 Editi,
776 5101 842 5168 ad
859 5099 1170 5168 credendam.
1193 5103 1490 5168 castigantur
1511 5115 1574 5168 ex
1597 5107 1948 5168 manuscriptis.

559 5166 582 5196 ³
615 5163 788 5236 uocum
809 5164 937 5236 hunc
958 5163 1029 5236 ad;
1249 5163 1498 5215 Vaticanos
1519 5165 1658 5236 duos,
1676 5166 1736 5216 ad
1755 5163 2088 5236 _§orbonicum,

511 5231 556 5278 tt
591 5224 710 5276 alios
724 5226 962 5294 quosdam
998 5225 1261 5294 gallicanos
1297 5224 1654 5294 manuscriptos'
1680 5224 2086 5294 redintegramus:

497 5297 685 5360 Nempe
721 5288 773 5337 in
811 5294 926 5360 ante
952 5289 1100 5360 editis
1129 5295 1359 5360 corrupte
1394 5288 1695 5360 legebatur;
1729 5288 2087 5360 credideritei,

498 5349 584 5414 qui
604 5349 655 5400 se
671 5361 704 5414 ᾳ
726 5349 934 5413 peccatis
945 5349 1170 5414 omnibus
1197 5349 1553 5414 absolvatditm,
1579 5358 1624 5403 et
1645 5353 1706 5402 ab
1726 5355 1942 5408 omnibus
1963 5349 2091 5412 uitiié

499 5410 789 5486 sarttnduin,
810 5417 856 5462 et
875 5411 1048 5486 calore
1069 5425 1128 5463 ac
1149 5410 1328 5486 hmine
1363 5411 1470 5477 ejus
1505 5410 1868 5468 accendendum
1905 5410 2089 5472 illumi;

565 5597 606 5674 θ.
927 5597 1266 5674 απέξίθωίρηεδε
1289 5605 1358 5674 EF
1399 5601 1479 5652 his
1509 5603 1884 5674 Ρτοξίὶξιομιοοο
1921 5621 2090 5674 θωρη-

693 5659 828 5735 editi,
852 5662 904 5712 in
924 5662 1102 5725 quibus
1135 5660 1413 5726 legebatur,
1436 5659 1532 5730 qui
1555 5665 1808 5730 retribuit;
1845 5683 1950 5732 pro,
1975 5669 2090 5735 quia

496 5721 739 5773 retribuit.

1404 397 1492 454 DE
1531 394 1800 454 SPIRITU
1840 393 1929 450 ET
1967 383 2289 461 LITTERA,
2329 387 2388 449 S.
2431 389 2798 450 A‘UGUSTINI

3667 391 3768 452 suo

2192 510 2316 563 mihi
2339 511 2646 564 manducare
2675 507 2898 582 (Matth.
2919 521 3053 572 xxv,
3082 505 3174 578 35)
3207 523 3220 560 :
3251 506 3498 577 quoniam
3521 507 3770 580 iudicauit

2191 603 2298 658 sine
2333 604 2676 658 misericordia
2695 645 2708 668 ,
2736 601 2830 657 sed
2855 601 2934 656 illi
2970 601 3057 672 qui
3101 617 3200 654 non
3229 601 3344 670 fecit
3380 601 3771 658 misericordiam

2193 697 2393 768 (Jacobi
2445 714 2512 764 ιι,
2543 698 2630 767 15)
2658 715 2669 749 :
2699 695 2842 750 Beati
2889 704 3064 750 autem
3113 695 3456 750 misericordes
3479 735 3495 762 ,
3537 697 3771 763 quoniam

2191 791 2416 862 ipsorum
2441 792 2751 846 miserebitur
2769 790 2906 845 Deus
2931 789 3142 860 (Matth.
3173 806 3223 856 ν,
3249 789 3326 861 7).
3353 789 3470 846 Jam
3499 807 3628 846 vero
3657 807 3772 848 cum

2191 885 2392 940 sinistri
2433 886 2591 941 ierint
2613 885 2666 940 in
2691 883 3078 939 ambustionem
3120 893 3372 938 aeternam
3395 923 3412 951 ,
3439 883 3569 953 justi
3597 893 3770 942 autem

2191 978 2246 1033 in
2287 977 2448 1033 vitam
2499 991 2750 1033 aeternam
2777 975 2889 1049 (Id.
2921 993 3054 1042 xxv,
3082 975 3151 1031 46
3175 975 3194 1046 )
3220 993 3234 1028 :
3262 974 3386 1046 quia
3413 975 3520 1040 hac
3563 983 3666 1041 est,
3695 977 3770 1031 in-

2190 1069 2338 1140 quit,
2365 1070 2466 1124 vita
2486 1079 2692 1136 wterna,
2722 1077 2776 1122 ut
2796 1075 3098 1140 cognoscant
3123 1077 3170 1121 te
3187 1083 3346 1121 unum
3381 1083 3551 1122 verum
3575 1069 3738 1122 Deum
3754 1110 3769 1136 ,

2190 1171 2237 1216 et
2281 1177 2426 1231 quem
2467 1159 2644 1215 misisti
2683 1160 2859 1214 Jesum
2910 1157 3162 1214 Christum
3187 1157 3363 1232 (Joan.
3391 1175 3533 1229 xm,
3563 1159 3652 1234 5);
3688 1161 3770 1216 illa

2189 1254 2510 1324 cognitione,
2535 1253 2622 1308 illa
2642 1253 2849 1308 visione
2867 1293 2882 1319 ,
2913 1253 2998 1307 illa
3027 1253 3472 1324 contemplatione
3499 1254 3773 1309 satiabitur

2189 1347 2241 1402 in
2282 1348 2438 1403 bonis
2477 1347 2667 1401 anima:
2693 1345 3012 1401 desiderium
3041 1345 3229 1415 (Psat.
3261 1362 3331 1402 cu
3349 1387 3365 1414 ,
3389 1345 3471 1418 5).
3499 1347 3612 1403 Hoc
3631 1347 3773 1402 enim

2189 1439 2360 1494 solum
2409 1438 2458 1494 ei
2501 1447 2578 1492 sat
2607 1447 2707 1505 est,
2735 1438 2871 1492 ultra
2897 1453 3002 1491 non
3029 1435 3190 1492 habet
3215 1437 3355 1508 quod
3384 1447 3616 1510 appetat,
3633 1440 3774 1510 quod

2191 1531 2359 1586 inhiat
2381 1572 2395 1597 ,
2423 1531 2563 1601 quod
2589 1530 2840 1600 requirat.
2868 1529 2998 1584 Nam
3039 1529 3307 1584 desiderio
3332 1531 3489 1601 hujus
3513 1532 3776 1588 satietatis

2190 1623 2444 1691 ardebat,
2473 1623 2560 1692 qui
2588 1623 2812 1677 Domino
2857 1621 3069 1678 Christo
3095 1623 3170 1676 ait
3195 1639 3208 1674 :
3243 1620 3462 1676 Ostende
3485 1623 3629 1678 nobis
3665 1621 3776 1678 Pa-

2191 1724 2347 1782 trem,
2380 1725 2424 1768 ct
2459 1712 2810 1784 sufﬁcitnobis.
2836 1711 2931 1766 Cui
2968 1727 3284 1784 responsum
3322 1723 3405 1768 est
3433 1731 3447 1767 :
3474 1713 3576 1782 Qui
3597 1731 3678 1768 me
3701 1717 3779 1770 oi-

2191 1808 2300 1873 dit,
2326 1807 2448 1862 vidit
2489 1816 2536 1860 et
2575 1805 2785 1861 Patrem
2810 1808 2826 1838 ί
2849 1805 3026 1874 (Joan.
3061 1821 3154 1861 xiv
3174 1847 3189 1872 ,
3219 1807 3252 1862 8
3269 1847 3286 1873 ,
3313 1805 3392 1877 9).
3413 1805 3547 1874 Quia
3569 1808 3684 1879 ipsa
3705 1817 3779 1863 est

2189 1899 2292 1952 vita
2311 1908 2518 1964 (eterna,
2537 1905 2591 1951 ut
2605 1907 2910 1968 cognoscant
2929 1913 3086 1950 unum
3103 1913 3274 1950 verum
3289 1895 3456 1950 Deum
3475 1905 3541 1964 te,
3559 1907 3604 1952 et
3625 1915 3780 1969 quem

2191 1991 2368 2045 misisti
2391 1989 2568 2044 Jesum
2593 1989 2865 2044 Christum.
2907 1989 3014 2044 Sed
3056 1989 3100 2042 si
3138 1990 3227 2044 ille
3251 1989 3343 2060 qui
3383 1989 3514 2044 vidit
3537 1989 3732 2046 Filium
3755 2033 3776 2059 ,

2194 2083 2325 2138 vidit
2340 2083 2613 2138 etPatrem
2634 2100 2648 2149 ;
2671 2082 2906 2153 profecto
2917 2082 3005 2152 qui
3017 2082 3158 2136 videt
3179 2082 3256 2154 (a)
3271 2081 3480 2138 Patrem
3491 2092 3546 2139 et
3561 2083 3777 2152 Filium,

2191 2173 2332 2230 videt
2361 2183 2415 2230 et
2448 2174 2700 2244 Spiritum
2731 2181 2969 2228 sanctum
3017 2172 3190 2227 Patris
3215 2181 3270 2228 et
3299 2173 3436 2228 Filii.
3470 2173 3542 2229 Ila
3567 2188 3672 2231 nec
3693 2191 3782 2231 ar-

2192 2265 2408 2320 bitrium
2435 2265 2661 2320 liberum
2709 2264 2945 2319 tollimus
2965 2305 2980 2329 ,
3011 2273 3065 2318 et
3089 2262 3356 2318 benedicit
3392 2264 3570 2319 anima
3595 2276 3782 2322 nostra

2193 2359 2495 2424 Dominum,
2526 2373 2631 2413 non
2653 2357 2975 2412 obliviscens
2999 2372 3187 2413 omnes
3217 2355 3598 2414 retributiones
3626 2359 3780 2430 ejus:

2193 2469 2294 2508 nec
2337 2453 2588 2524 ignorans
2632 2453 2723 2507 Dei
2762 2452 3019 2522 justitiam
3039 2494 3055 2519 ,
3089 2467 3239 2508 suam
3268 2455 3383 2510 vult
3407 2456 3428 2487 ³
3453 2454 3784 2510 constituam

2194 2546 2370 2618 (Rom.
2399 2561 2454 2614 x,
2486 2545 2579 2617 '5);
2605 2545 2697 2600 sed
2718 2544 2890 2600 credit
2915 2545 2968 2598 in
2997 2560 3118 2599 eum
3145 2547 3232 2616 qui
3256 2545 3508 2616 justilicat
3532 2547 3783 2618 impium,

2193 2649 2246 2694 et
2271 2639 2398 2694 vivit
2440 2653 2504 2694 ex
2547 2637 2684 2704 fide,
2715 2637 2886 2692 donec
2930 2635 2996 2691 ad
3025 2637 3258 2708 speciem
3291 2639 3648 2710 perducatur;
3677 2639 3788 2694 fide

2193 2730 2398 2786 scilicet
2424 2745 2544 2801 quae
2587 2744 2688 2799 per
2733 2728 3074 2783 dilectionem
3099 2737 3369 2801 operatur.
3399 2730 3528 2798 Quae
3567 2730 3790 2786 dilectio

2193 2823 2504 2879 diffunditur
2525 2823 2576 2876 in
2617 2822 2866 2877 cordibus
2897 2821 3122 2889 nostris,
3159 2838 3258 2878 nec
3287 2839 3383 2894 per
3405 2823 3790 2880 sufficientiam

2193 2916 2424 2987 propria:
2450 2914 2739 2970 voluntatis
2759 2957 2773 2980 ,
2815 2931 2915 2971 nec
2941 2931 3042 2987 per
3091 2916 3320 2971 litteram
3365 2917 3498 2988 legis
3516 2958 3531 2984 ,
3561 2917 3657 2974 sed
3687 2933 3792 2988 per

2193 3009 2448 3082 Spiritum
2477 3019 2720 3064 sanctum
2746 3008 2834 3078 qui
2861 3007 3020 3062 datus
3047 3017 3130 3064 est
3155 3008 3326 3064 nobis.

2263 3099 2487 3156 CAPUT
2515 3097 2920 3154 XXXIV.—60.
2935 3097 3182 3153 Voluntas
3208 3099 3442 3154 credendi
3463 3099 3637 3156 aDeo.
3655 3100 3792 3158 Haec

2192 3215 2500 3286 disputatio,
2520 3215 2564 3270 si
2584 3214 2864 3285 quaestioni
2893 3213 2972 3269 illi
2991 3214 3264 3269 solvendae
3283 3213 3502 3281 sufficit,
3527 3217 3786 3273 sufficiat.

2192 3310 2248 3366 Si
2263 3318 2437 3365 autem
2458 3307 2828 3378 respondetur,
2847 3307 3138 3363 cavendum
3153 3321 3272 3362 esse
3285 3323 3351 3362 ne
3371 3308 3649 3378 quisquam
3671 3309 3792 3364 Deo

2192 3400 2527 3456 tribuendum
2553 3409 2700 3470 putet
2729 3407 3023 3469 peccatum,
3053 3398 3192 3468 quod
3221 3398 3515 3454 admittitur
3527 3415 3624 3470 per
3649 3401 3795 3456 libe-

2193 3507 2311 3547 rum
2341 3490 2614 3546 arbitrium
2635 3531 2651 3556 ,
2675 3490 2720 3546 si
2741 3490 2794 3543 in
2815 3505 2880 3545 eo
2905 3490 3047 3560 quod
3063 3489 3258 3544 dicitur
3275 3529 3292 3556 ,
3319 3490 3455 3556 Quid
3473 3490 3626 3546 habes
3641 3492 3794 3564 quod

2193 3600 2295 3638 non
2320 3581 2593 3652 accepisti?
2615 3589 2892 3650 propterea
2916 3581 3078 3636 etiam
3099 3581 3340 3636 voluntas
3359 3597 3462 3652 qua
3485 3582 3792 3652 credimus,

2193 3676 2337 3732 dono
2366 3673 2462 3730 Dei
2487 3673 2733 3729 tribuitur
2756 3715 2772 3740 ,
2799 3673 2921 3743 quia
2970 3672 3038 3728 de
3083 3673 3250 3729 libero
3294 3675 3475 3730 existit
3514 3675 3746 3732 arbitrio
3769 3717 3790 3746 ,

2195 3767 2336 3839 quod
2361 3781 2483 3822 cum
2512 3779 2817 3820 crearemur
2833 3763 3133 3833 accepimus
3163 3781 3176 3818 :
3207 3765 3445 3820 attendat
3463 3809 3479 3834 ,
3511 3775 3566 3822 et
3579 3755 3796 3840 videat,

2195 3875 2302 3915 non
2326 3857 2450 3914 ideo
2475 3866 2677 3912 tantum
2704 3857 2856 3910 istam
2885 3855 3210 3911 voluntatem
3236 3856 3414 3911 divino
3447 3859 3656 3914 muneri
3689 3862 3798 3916 tri-

2193 3951 2456 4007 buendam
2473 3992 2489 4016 ,
2519 3950 2640 4020 quia
2659 3964 2726 4003 ex
2751 3948 2918 4004 libero
2946 3948 3166 4004 arbitrio
3193 3957 3311 4016 est,
3339 3949 3480 4021 quod
3507 3951 3661 4008 nobis
3687 3969 3799 4009 na-

2195 4041 2440 4097 turaliter
2465 4047 2804 4095 concreatum
2831 4049 2948 4105 est;
2973 4055 3156 4096 verum
3183 4041 3344 4096 etiam
3368 4041 3511 4112 quod
3544 4043 3800 4101 visorum

2195 4136 2532 4192 suasionibus
2557 4137 2665 4206 agit
2691 4137 2860 4203 Deus,
2897 4143 2957 4189 ut
2981 4135 3206 4191 velimus
3225 4177 3242 4203 ,
3273 4144 3326 4191 et
3367 4144 3426 4190 ut
3449 4137 3746 4194 credamus
3779 4181 3800 4208 ,

2196 4226 2309 4280 sive
2356 4227 2693 4282 extrinsecus
2739 4241 2838 4296 per
2863 4225 3197 4297 evangelicas
3226 4225 3662 4295 exhortationes,
3695 4230 3804 4286 ubi

2195 4323 2250 4371 et
2272 4316 2517 4370 mandata
2565 4315 2699 4386 legis
2727 4315 2924 4386 aliquid
2953 4324 3149 4387 agunt,
3178 4316 3222 4371 si
3265 4317 3330 4371 ad
3362 4317 3463 4372 hoc
3489 4318 3806 4377 admonent

2197 4410 2470 4466 hominem
2489 4409 2813 4464 infirmitatis
2836 4425 2968 4478 sum,
2987 4417 3046 4464 ut
3068 4410 3136 4464 ad
3155 4410 3378 4480 gratiam
3397 4409 3806 4480 justificantem

2195 4501 2463 4558 credendo
2489 4500 2791 4573 confugiat;
2823 4501 2936 4557 sive
2965 4501 3318 4568 intrinsecus,
3345 4501 3432 4556 ubi
3445 4517 3608 4558 nemo
3625 4503 3812 4561 habet

2195 4593 2250 4648 in
2282 4601 2544 4663 potestate
2568 4593 2694 4662 quid
2720 4594 2770 4649 ei
2798 4594 2976 4649 veniat
2996 4593 3048 4648 in
3079 4602 3310 4649 mentem
3331 4639 3346 4661 ,
3369 4593 3462 4649 sed
3478 4596 3812 4653 consentire

2195 4686 2283 4741 vel
2301 4685 2586 4740 dissentire
2610 4686 2842 4757 propria:
2865 4685 3161 4742 voluntatis”
3183 4694 3285 4742 est.
3329 4685 3426 4740 His
3452 4700 3581 4757 ergo
3609 4687 3814 4744 modis

2196 4777 2408 4849 quando
2439 4778 2581 4833 Deus
2605 4777 2714 4847 agit
2739 4791 2859 4832 cum
2887 4778 3061 4832 anima
3091 4778 3375 4846 rationali,
3408 4789 3464 4834 ut
3487 4779 3536 4833 ei
3559 4779 3762 4835 credat
3788 4797 3812 4848 ;

2196 4883 2372 4940 neque
2399 4869 2542 4924 enim
2562 4867 2783 4923 credere
2811 4877 2986 4939 potest
3007 4869 3285 4940 quodlibet
3303 4870 3472 4926 libero
3501 4870 3812 4938 arbitrio’,

2195 4961 2238 5015 si
2269 4961 2410 5015 nulla
2437 4959 2508 5016 sit
2529 4959 2708 5014 suasio
2734 4959 2820 5015 vel
2847 4961 3054 5016 vocatio
3077 4961 3164 5016 cui
3190 4960 3408 5027 credat;
3456 4961 3704 5031 profecto
3739 4971 3816 5019 et

2195 5053 2368 5124 ipsum
2397 5051 2536 5108 velle
2556 5051 2777 5108 credere
2800 5052 2939 5108 Deus
2959 5064 3214 5123 cperatur
3239 5055 3292 5109 in
3325 5054 3576 5120 homine,
3621 5063 3678 5110 et
3741 5056 3818 5112 in

2195 5145 2443 5200 omnibus
2467 5144 2831 5200 misericordia
2857 5145 2974 5216 ejus
2998 5147 3258 5217 praevenit
3305 5161 3441 5202 nos:
3473 5148 3820 5206 consentire

2194 5246 2372 5294 autem
2400 5237 2666 5294 vocationi
2686 5237 2814 5306 Dei,
2848 5238 2934 5294 vel
2963 5239 3030 5294 ab
3058 5253 3120 5294 ea
3148 5237 3466 5306 dissentire,
3487 5239 3628 5294 sicut
3650 5237 3818 5310 dixi,

2193 5331 2424 5403 proprias
2452 5330 2738 5387 voluntatis
2760 5339 2860 5386 est.
2883 5329 3012 5399 Qua:
3036 5347 3126 5387 res
3163 5345 3269 5387 non
3295 5331 3465 5387 solum
3492 5345 3600 5385 non
3625 5329 3818 5386 infir-

2229 5485 2812 5574 :j:.ﬁ§j.%mﬁm,
2829 5485 3016 5539 videtet
3037 5492 3249 5540 Patrem.
3272 5493 3330 5540 At
3351 5495 3460 5538 uss.
3481 5491 3822 5551 constanter,

2193 5550 2832 5684 Ἦπιέιξιῖἒέῗὲεῗᾟέειει
3122 5672 3229 5684 .

2259 5673 2280 5705 ³
2301 5679 2376 5721 Er.
2403 5681 2457 5722 et
2474 5671 3365 5744 lov.,fquotibet”tibero__arbitrio.__st
3403 5681 3503 5726 Mn.
3531 5678 3586 5722 et
3630 5672 3834 5744 pleri-—

2193 5747 2294 5808 que
2326 5733 2671 5808 .manuscripti',
2697 5733 2966 5808 'quodtibet
3003 5735 3152 5808 libero
3181 5735 3404 5790 arbitrio.
3449 5744 3578 5788 Unus
3614 5733 3650 5785 ὁ
3699 5743 3836 5792 vn.

2193 5804 2368 5847 ticams
2387 5803 2515 5850 Mss..
2542 5795 2780 5850 auodlabet
2798 5795 3002 5848 liberum
3019 5797 3296 5850 tn'bttn'tm.

2193 5803 2368 5847 amnis
2387 5803 2515 5857 Mss,
2542 5803 2780 5869 quodlibet
2798 5803 3002 5868 uberum
3019 5803 3296 5854 mlum.

2255 5857 2328 5921 (a)
2361 5865 2500 5912 Forte
2515 5859 2597 5912 hic
2617 5866 2670 5910 et
2691 5861 2839 5942 intra,
2854 5859 2991 5914 indit.
