3984 6516
251 415 314 471 ω
1663 407 1868 465 LIBER
1906 408 1996 466 UN
2002 411 2104 468 US.

247 535 327 583 mat
345 522 469 596 quod
499 521 724 580 dictum
749 535 871 595 est,
901 527 1038 596 Quid
1055 527 1186 581 enim
1211 514 1361 580 habes
1383 524 1517 596 quod
1551 539 1651 578 non
1671 539 1815 578 acce-

249 618 335 690 pisti
349 617 373 669 .9
397 629 580 670 verum
609 616 797 672 etiam
821 618 1124 674 conﬁrmat.
1148 617 1401 687 Accipere
1431 615 1624 687 quippe
1649 624 1702 669 et
1727 614 1822 668 ha-

248 713 337 768 bere
361 709 538 764 anima
568 725 691 765 non
723 721 920 781 potest
947 712 1083 767 dona
1109 753 1124 778 ,
1177 711 1244 765 de
1287 711 1478 782 quibus
1504 710 1604 764 hoc
1628 708 1774 764 audit
1803 750 1817 773 ,

246 805 312 859 nisi
329 801 738 859 consentiendo
768 822 785 859 :
816 819 886 861 ac
914 820 1009 876 per
1046 804 1144 859 hoc
1186 803 1314 874 quid
1343 803 1564 868 habeat,
1599 809 1653 857 et
1695 801 1820 872 quid

245 895 460 964 accipiat,
495 894 601 949 Dei
632 905 727 951 est
759 913 773 953 :
804 899 1054 968 accipere
1100 907 1278 951 autem
1323 904 1376 950 et
1414 894 1610 950 habere
1641 895 1822 964 utique

241 986 509 1055 accipientis
534 997 594 1042 et
621 986 886 1044 habentis
916 997 1019 1044 est.
1044 987 1162 1043 Jam
1197 989 1240 1042 si
1266 987 1330 1041 ad
1360 987 1503 1041 illam
1542 985 1818 1056 profundi-

246 1090 360 1134 talem
385 1079 760 1136 scrutandam
786 1082 1073 1152 quisquam
1105 1095 1201 1135 nos
1232 1087 1494 1142 coarctat,
1517 1095 1613 1134 cur
1642 1079 1718 1133 illi
1749 1079 1820 1132 ita

243 1169 489 1225 suadeatur
515 1180 580 1224 ut
609 1171 1020 1242 persuadeatur
1045 1172 1063 1202 ί
1084 1211 1099 1236 ,
1131 1171 1202 1224 illi
1225 1179 1402 1225 autem
1432 1183 1538 1223 non
1567 1170 1636 1223 ita
1660 1184 1674 1234 ;
1716 1167 1820 1222 duo

242 1263 319 1317 sola
339 1274 646 1316 occurrunt
679 1264 901 1318 interim
923 1280 1041 1334 quae
1063 1261 1387 1332 respondere
1412 1261 1539 1316 mihi
1572 1261 1775 1330 placeat
1801 1277 1816 1314 :

246 1352 276 1408 0
295 1353 501 1407 altitudo
530 1354 845 1408 diuitiarum
870 1354 1050 1428 (Rom.
1076 1370 1147 1419 XI,
1166 1355 1258 1424 55)
1283 1354 1295 1407 !
1324 1361 1396 1418 et,
1438 1350 1701 1421 Numquid
1740 1351 1822 1404 in-

239 1449 383 1517 iqttilas
410 1448 560 1519 apud
599 1448 774 1503 Deum
820 1447 933 1518 (Id.
976 1464 1064 1514 ιχ,
1107 1448 1240 1516 M)?
1265 1447 1363 1502 Cui
1413 1446 1690 1518 responsio
1719 1445 1818 1501 ista

238 1542 448 1611 displicet
479 1554 707 1613 quarrat
737 1543 1047 1610 doctiores,
1097 1542 1192 1600 sed
1239 1551 1426 1598 caveat
1472 1557 1541 1598 ne
1587 1542 1822 1598 inveniat

237 1645 648 1706 pmsumptores
668 1639 715 1690 ³.

289 1729 506 1786 CAPUT
545 1729 786 1786 XXXV.
820 1761 891 1770 —
918 1731 1006 1786 61.
1058 1729 1326 1786 Conclusio
1373 1729 1559 1800 operis.
1587 1728 1816 1784 Conclu-

236 1821 391 1876 damus
422 1821 600 1892 igitur
631 1823 832 1877 librum
861 1821 1178 1892 aliquando,
1223 1821 1375 1892 cujus
1419 1830 1564 1876 tanta
1592 1820 1818 1890 prolixi-

236 1923 321 1968 tate
337 1923 520 1968 utrum
553 1913 772 1984 aliquid
810 1914 1108 1984 egerimus,
1159 1914 1340 1968 nescio
1373 1931 1386 1965 :
1420 1927 1527 1967 non
1554 1911 1694 1982 apud
1721 1919 1774 1967 te
1799 1951 1815 1977 ,

234 2012 359 2076 cujus
385 2007 559 2064 ﬁdem
607 2008 767 2073 scio;
817 2007 911 2062 sed
955 2007 1092 2078 apud
1121 2007 1329 2061 animos
1377 2020 1562 2060 eorum
1605 2013 1820 2076 propter

230 2114 451 2169 quosme
480 2099 740 2155 scribere
765 2099 984 2154 voluisti
1018 2118 1031 2152 :
1063 2099 1150 2168 qui
1179 2113 1287 2153 non
1320 2107 1506 2154 contra
1531 2107 1767 2152 nostram
1800 2137 1814 2162 ,

228 2191 311 2247 sed
345 2192 424 2262 (ut
450 2191 650 2246 mitius
669 2191 863 2261 loquar
882 2233 897 2258 ,
931 2199 986 2246 et
1011 2207 1115 2247 non
1135 2191 1308 2246 dicam
1339 2191 1480 2245 illius
1505 2190 1595 2260 qui
1631 2190 1684 2244 in
1709 2190 1818 2244 suis

231 2283 487 2353 Apostolis
528 2291 622 2339 est
663 2284 897 2355 locutus)
948 2293 1093 2339 certe
1130 2286 1497 2347 contratanti
1524 2285 1546 2317 ³
1592 2284 1818 2356 apostoli

230 2374 405 2442 Pauli,
437 2390 544 2429 non
566 2390 736 2430 unam
763 2376 1082 2431 sententiam
1106 2417 1120 2440 ,
1150 2376 1244 2432 sed
1269 2385 1374 2430 tam
1402 2376 1768 2432 vehementem
1799 2419 1814 2446 ,

227 2476 329 2522 tam
357 2469 626 2523 intentam
645 2468 974 2538 vigilemque
985 2467 1430 2524 conﬂictationem
1456 2470 1818 2526 maluntsuam

223 2559 552 2616 defensitare
578 2562 602 2592 ⁸
624 2561 946 2616 sententiam
968 2603 984 2627 ,
1014 2575 1172 2630 quam
1187 2576 1307 2616 eum
1333 2561 1518 2617 audire
1537 2563 1820 2618 obsecran-

231 2660 336 2705 tem
367 2669 459 2723 per
482 2653 858 2708 miserationem
887 2651 989 2705 Dei
1011 2693 1026 2718 ,
1057 2661 1113 2707 et
1141 2652 1405 2707 dicentem
1429 2694 1444 2718 ,
1488 2669 1578 2723 per
1605 2654 1821 2724 gratiam

231 2741 330 2797 Dei
359 2759 477 2812 qua
501 2743 623 2797 data
673 2754 740 2798 est
786 2743 898 2810 illi,
942 2760 1045 2797 non
1089 2743 1205 2814 plus
1231 2760 1408 2814 sapere
1454 2753 1636 2813 praeter
1670 2760 1822 2814 quam

225 2846 434 2907 oportet
451 2853 635 2906 sapere
653 2879 667 2903 ,
692 2837 776 2891 sed
793 2853 974 2908 sapere
1001 2837 1069 2890 ad
1095 2817 1472 2908 temperantiam
1469 2879 1508 2926 δ
1554 2838 1823 2907 unicuique

219 2929 354 2982 sicut
403 2927 552 2981 Deus
568 2929 788 2994 partitus
825 2938 898 2982 est
923 2944 1208 2983 mensuram
1245 2928 1364 2997 ﬁdei
1398 2928 1508 3001 (ld.
1535 2945 1627 2996 xu,
1661 2930 1714 2996 1,
1739 2929 1818 2999 5).

302 3020 396 3077 62.
417 3021 460 3076 Τ
466 3037 500 3075 ιι
542 3031 722 3076 autem
748 3021 876 3092 quid
903 3022 1034 3076 mihi
1065 3023 1430 3092 proposueris,
1477 3030 1531 3078 et
1561 3021 1688 3092 quid
1715 3033 1822 3076 tam

223 3113 393 3185 longo
415 3114 792 3184 disputationis
828 3115 989 3184 hujus
1035 3130 1198 3186 opere
1224 3115 1556 3170 effecerimus
1581 3115 1819 3170 adverte.

218 3205 393 3260 Ποῖ-ιι
417 3214 469 3261 te
521 3213 674 3260 certe
714 3205 1164 3276 quemadmodum
1217 3206 1417 3261 dictum
1467 3205 1665 3272 fuerit,
1708 3206 1822 3261 ﬁeri

219 3315 387 3368 posse
415 3310 474 3354 ut
495 3302 568 3355 sit
594 3299 759 3355 homo
786 3301 903 3356 sine
929 3309 1146 3370 peccato
1169 3340 1184 3365 ,
1217 3301 1264 3354 si
1293 3301 1540 3356 voluntas
1573 3300 1688 3371 ejus
1716 3315 1820 3356 non

215 3391 366 3447 desit
385 3429 405 3457 ,
431 3407 539 3461 ope
567 3391 856 3462 adjuvante
879 3392 1084 3449 divina:
1112 3393 1351 3462 quamvis
1379 3407 1538 3448 nemo
1563 3401 1669 3447 tam
1698 3403 1822 3462 per-

215 3481 382 3536 feetae
406 3482 642 3560 qutitia:
683 3482 737 3537 in
781 3486 883 3536 hac
926 3483 1031 3536 vita
1060 3483 1250 3548 fuerit,
1278 3483 1362 3539 vel
1384 3483 1488 3550 sit,
1509 3483 1592 3539 vel
1616 3482 1826 3539 futurus

214 3576 310 3629 sit.
344 3576 444 3630 Sic
463 3575 613 3630 enim
635 3575 740 3630 hoc
779 3575 951 3645 ipsum
982 3575 1036 3630 in
1058 3575 1159 3631 illis
1184 3577 1330 3645 prius
1349 3575 1416 3630 ad
1438 3585 1490 3632 te
1510 3575 1825 3647 conscriptis

214 3666 376 3722 libris
408 3667 671 3736 proposui
705 3685 720 3722 :
757 3685 777 3720 ‹
823 3667 878 3723 Si
923 3682 953 3721 a
1007 3683 1094 3722 me
1120 3678 1422 3738 quaeratur,
1485 3687 1506 3721 ι
1563 3669 1776 3739 inquam
1806 3711 1822 3736 ,

224 3776 247 3810 α
277 3769 463 3812 utrum
492 3757 661 3813 homo
692 3758 807 3814 sine
830 3768 1049 3829 peccato
1068 3759 1239 3831 possit
1261 3773 1382 3814 esse
1426 3759 1480 3814 in
1529 3758 1630 3814 hac
1677 3759 1782 3814 vita
1807 3775 1822 3825 ;

215 3852 535 3907 conﬁtebor
579 3841 740 3922 posse
793 3868 891 3923 per
935 3852 1031 3907 Dei
1075 3852 1300 3922 gratiam
1351 3851 1658 3906 etliberum
1711 3851 1828 3920 ejus

222 3943 522 4000 arbitrium
553 3963 567 3997 :
596 3945 772 4016 ipsum
799 3959 1010 4015 quoque
1048 3943 1272 3999 liberum
1318 3942 1597 3997 arbitrium
1639 3942 1705 3997 ad
1733 3942 1827 3997 Dei

213 4040 492 4110 gratiam,
523 4039 630 4094 hoc
662 4046 781 4105 est,
833 4038 900 4093 ad
925 4038 1018 4093 Dei
1045 4037 1182 4093 dona
1205 4037 1475 4108 pertinere
1502 4051 1607 4091 non
1657 4035 1826 4091 ambi—

217 4148 396 4202 gens,
429 4147 534 4188 nec
555 4141 762 4187 tantum
791 4141 848 4186 ut
869 4132 937 4186 sit
959 4173 976 4197 ,
1007 4147 1187 4188 verum
1216 4131 1377 4186 etiam
1407 4139 1466 4186 ut
1491 4131 1690 4186 bonum
1722 4129 1822 4196 sit,

213 4226 278 4281 id
323 4235 443 4292 est,
498 4225 568 4280 ad
608 4224 847 4280 facienda
901 4225 1146 4281 mandata
1192 4225 1400 4279 Domini
1450 4232 1823 4288 convertatur;

214 4329 391 4388 atque
424 4320 500 4373 ita
527 4318 626 4374 Dei
652 4320 821 4388 gratia
846 4360 861 4385 ,
889 4333 994 4373 non
1012 4318 1184 4374 solum
1208 4317 1453 4373 ostendat
1479 4317 1604 4387 quid
1631 4317 1827 4370 facien-

215 4410 357 4465 dum
387 4411 466 4466 sit
487 4453 502 4474 ,
533 4410 631 4465 sed
651 4409 874 4481 adjuvet
897 4411 1057 4464 etiam
1075 4451 1089 4476 ,
1118 4419 1175 4464 ut
1203 4409 1317 4465 ﬁeri
1358 4409 1526 4480 possit
1568 4407 1708 4478 quod
1735 4423 1824 4462 os-

213 4502 470 4556 tenderit
505 4521 525 4554 ι
557 4499 663 4574 (De
693 4499 1024 4556 Peccatorum
1053 4500 1250 4555 Meritis
1274 4543 1288 4568 ,
1315 4500 1401 4555 lib.
1426 4499 1462 4554 2
1486 4541 1501 4566 ,
1533 4517 1586 4553 n.
1611 4499 1688 4572 7).
1708 4499 1825 4554 Tibi

211 4604 410 4648 autem
440 4593 736 4648 absurdum
769 4593 941 4647 visum
964 4600 1080 4658 est,
1123 4593 1239 4648 sine
1266 4592 1515 4661 exemplo
1535 4606 1678 4647 'esse
1712 4606 1825 4645 rem

209 4701 348 4755 quae
379 4685 503 4739 ﬁeri
528 4693 726 4754 potest.
759 4683 893 4738 Hinc
919 4692 1104 4738 exorta
1140 4691 1222 4737 est
1253 4682 1408 4751 hujus
1429 4681 1548 4736 libri
1578 4681 1823 4751 quaestio,

211 4793 289 4833 ac
314 4795 414 4848 per
441 4777 548 4832 hoc
588 4775 657 4832 ad
707 4791 805 4831 nos
836 4775 1134 4846 pertinebat
1175 4773 1488 4838 ostendere,
1539 4772 1650 4827 ﬁeri
1674 4786 1830 4840 posse

213 4869 438 4938 aliquid
469 4869 718 4940 quamvis
742 4867 879 4924 desit
906 4866 1228 4936 exemplum.
1279 4865 1414 4919 Hinc
1436 4879 1504 4918 ex
1542 4863 1830 4932 Evangelio

210 4968 274 5013 et
293 4975 364 5016 ex
383 4959 536 5031 Lege
565 4959 810 5030 quaedam
839 4958 1112 5029 p03uimus
1130 4959 1182 5012 in
1203 4957 1467 5012 sermonis
1487 4955 1644 5026 hujus
1668 4971 1827 5010 exor-

208 5052 336 5118 dio,
371 5054 518 5108 sicut
537 5052 608 5108 de
627 5051 818 5107 cameli
842 5053 1066 5106 transitu
1092 5067 1188 5132 per
1212 5052 1451 5107 foramen
1471 5066 1599 5106 acus
1618 5049 1828 5123 (Matth.

210 5158 361 5208 nx,
384 5143 486 5216 24)
510 5186 527 5212 ,
561 5143 704 5199 etde
729 5143 1009 5199 duodecim
1040 5143 1276 5197 millibus
1298 5143 1564 5214 legionum
1596 5142 1831 5213 Angelo-

214 5251 384 5303 rum,
413 5237 509 5308 qui
533 5244 862 5307 potuerunt,
915 5236 960 5290 si
982 5236 1145 5290 vellet
1167 5277 1180 5297 .
1214 5251 1450 5306 pugnare
1488 5251 1582 5306 pro
1621 5235 1834 5290 Christo

217 5327 346 5401 (Id.
375 5346 532 5398 xxvi,
572 5329 688 5402 55),
702 5329 839 5385 etde
861 5329 968 5383 illis
989 5328 1234 5399 gentibus
1258 5344 1389 5400 quas
1419 5330 1559 5384 Deus
1585 5328 1712 5385 dicit
1737 5346 1834 5400 po-

218 5421 401 5476 tuisse
428 5436 491 5477 se
510 5436 541 5475 a
582 5420 718 5476 facie
740 5421 924 5491 p0puli
963 5422 1044 5476 sui
1082 5421 1250 5477 semel
1270 5422 1624 5477 exterminare
1655 5421 1831 5493 (Deut.

220 5526 396 5579 ιιιι,
445 5513 513 5581 5,
549 5522 598 5567 et
640 5512 890 5568 Iudicum
931 5528 1005 5581 ιι,
1051 5513 1110 5584 5)
1140 5532 1152 5568 :
1183 5529 1300 5584 qua:
1337 5513 1517 5568 omnia
1564 5513 1701 5568 facta
1727 5529 1835 5570 non

298 5645 514 5720 fylures
552 5655 686 5720 Mss,
714 5647 788 5720 ita
817 5645 1023 5720 suadeat
1041 5661 1077 5720 ;.
1093 5649 1282 5720 omisso,
1309 5658 1362 5702 ut
1381 5650 1752 5715 persuadeatur.
1784 5659 1840 5704 Et

227 5707 448 5780 quidam,
471 5711 539 5759 ita
560 5707 766 5761 suadeat
788 5715 844 5760 ut
866 5710 1170 5780 pgrsuadwt.

301 5771 328 5836 ξ
349 5777 448 5836 Duo
463 5780 590 5831 Mss,
606 5771 1028 5836 presumptiores.

307 5831 512 5898 f'Plures
532 5831 872 5898 annm-ipti,
899 5838 1064 5883 contra
1085 5835 1279 5898 apostoli
1304 5837 1456 5898 Pauli,
1485 5838 1675 5896 omisso,
1702 5844 1838 5890 tants.

307 5895 331 5922 δ
359 5898 405 5943 tn
429 5902 554 5960 uss,
579 5909 724 5949 suam
746 5895 1060 5960 (defensare;
1082 5895 1179 5959 vel,
1203 5895 1785 5964 defendere)sententiam.

2895 367 2931 391 Φ

3406 425 3518 481 ιιςι

1930 535 2070 580 sunt.
2091 526 2183 581 llis
2203 527 2324 583 addi
2346 538 2568 600 possunt
2590 531 2748 586 etiam
2770 531 2858 589 illa
2888 547 3009 604 qua:
3027 532 3275 605 leguntur
3303 536 3357 592 in
3378 537 3515 594 libro

1925 618 2246 690 Sapientiaa,
2274 637 2429 692 quam
2465 625 2623 678 multa
2667 635 2846 694 posset
2889 641 3026 682 nova
3059 637 3322 683 tormenta
3373 630 3515 685 Deus

1925 730 2175 778 exercere
2200 716 2216 747 ¹
2248 716 2299 770 in
2331 717 2520 786 impios
2541 719 2606 772 ad
2637 728 2821 772 nutum
2843 719 2942 773 sibi
2962 720 3231 776 serviente
3269 731 3512 776 creatura

1930 807 2083 879 (Sap.
2118 824 2206 862 xvi
2231 849 2244 872 ,
2286 806 2407 878 24),
2442 825 2561 880 quae
2603 819 2776 865 tamen
2809 827 2913 866 non
2944 813 3201 868 exercuit.
3253 814 3435 868 POIest
3460 824 3516 868 et

1926 897 1993 954 de
2038 909 2217 953 monte
2260 899 2350 954 illo
2375 916 2531 969 quem
2557 900 2688 955 ﬁdes
2714 902 2766 956 in
2796 919 2940 956 mare
2963 904 3280 961 transferret
3311 905 3503 978 (Marc.

1925 1008 1980 1046 ιιι
2006 1034 2020 1057 ,
2052 992 2144 1062 25)
2177 1011 2190 1046 :
2223 993 2363 1062 quod
2398 1003 2569 1049 tamen
2593 1011 2851 1066 nusquam
2883 995 3080 1052 factum
3105 1039 3119 1064 ,
3151 999 3234 1054 vel
3261 999 3504 1068 legimus.

1925 1084 2008 1137 vel
2035 1084 2333 1140 audivimus
2360 1085 2457 1159 (a).
2486 1088 2735 1157 Quisquis
2765 1089 2904 1142 enim
2937 1092 3122 1144 horum
3174 1091 3369 1162 aliquid
3402 1093 3512 1146 Deo

1926 1175 2118 1231 dixerit
2143 1193 2260 1232 esse
2291 1179 2619 1248 impossibile
2639 1221 2653 1245 ,
2682 1180 2828 1236 vides
2856 1197 3015 1251 quam
3036 1181 3267 1252 desipiat
3285 1225 3299 1246 ,
3335 1201 3514 1252 quant-

1925 1282 2027 1335 que
2069 1267 2325 1324 adversus
2374 1270 2529 1324 fidem
2585 1270 2872 1340 Scriptura:
2901 1272 3016 1341 ejus
3053 1274 3320 1343 loquatur.
3349 1274 3509 1328 Multa

1925 1358 2022 1411 alia
2052 1357 2352 1429 hujusmodi
2378 1371 2598 1430 possunt
2625 1377 2906 1418 occurrere
2934 1364 3018 1419 vel
3055 1364 3254 1435 legenti
3285 1364 3370 1420 vel
3417 1381 3511 1420 co.

1922 1451 2106 1520 gilanti
2133 1492 2148 1518 ,
2176 1469 2292 1522 qua:
2318 1454 2588 1523 possibilia
2642 1456 2750 1510 Deo
2796 1472 2992 1527 negare
3039 1472 3143 1512 non
3177 1473 3464 1529 possumus
3492 1500 3508 1524 ,

1923 1545 2162 1613 quamvis
2191 1560 2373 1600 eorum
2396 1546 2535 1602 desit
2564 1547 2892 1617 exemplum.

1992 1635 2081 1690 65.
2106 1636 2208 1692 Sed
2235 1639 2359 1708 quia
2378 1639 2479 1693 dici
2499 1649 2693 1710 potest,
2718 1641 2805 1694 illa
2831 1656 2992 1711 opera
3014 1657 3134 1698 esse
3155 1643 3353 1709 divina,
3367 1644 3511 1714 juste

1923 1737 2100 1784 autem
2135 1729 2317 1785 vivere
2344 1730 2410 1784 ad
2438 1739 2620 1786 nostra
2649 1746 2809 1800 Opera
2841 1732 3148 1802 pertinere;
3181 1737 3389 1804 suscepi
3419 1749 3510 1790 os-

1923 1819 2143 1875 tendere
2169 1821 2328 1875 etiam
2363 1821 2464 1876 hoc
2487 1837 2620 1892 opus
2651 1837 2768 1878 esse
2798 1824 3055 1890 divinum,
3074 1833 3126 1879 et
3157 1825 3258 1881 hoc
3271 1827 3354 1896 egi
3371 1828 3508 1882 libro

1922 1909 2025 1964 isto
2050 1911 2323 1982 loquacius
2339 1913 2563 1968 fortasse
2588 1929 2744 1986 quam
2767 1924 2848 1969 sat
2866 1925 2948 1970 est
2978 1933 2992 1968 :
3019 1915 3112 1970 sed
3133 1927 3316 1972 contra
3336 1917 3512 1973 inimi-

1922 2017 2012 2058 cos
2022 2005 2205 2075 gratiae
2222 2005 2313 2059 Dei
2328 2006 2485 2061 etiam
2502 2022 2686 2076 parum
2704 2007 2831 2061 mihi
2844 2007 3042 2064 dixisse
3052 2009 3256 2074 videor;
3276 2010 3512 2081 nihilque

1921 2109 2008 2150 me
2046 2104 2151 2150 tam
2193 2097 2419 2152 multum
2442 2098 2622 2154 dicere
2651 2098 2915 2166 delectat,
2965 2116 3122 2171 quam
3162 2101 3254 2155 ubi
3293 2100 3420 2155 mihi
3457 2111 3513 2156 et

1921 2185 2193 2257 Scriptura
2207 2189 2321 2259 ejus
2335 2190 2617 2260 plurimum
2635 2191 2952 2262 suffragatur
2969 2210 2987 2258 ;
3007 2201 3062 2248 et
3078 2193 3126 2248 id
3144 2194 3333 2264 agitur,
3354 2193 3510 2264 utqui

1921 2279 2179 2350 gloriatur
2197 2280 2249 2334 in
2264 2281 2493 2337 Domino
2509 2283 2764 2352 glorietur
2785 2283 2850 2354 (ll
2881 2283 3000 2341 Cor.
3029 2301 3083 2352 x,
3109 2285 3221 2358 f7),
3241 2295 3294 2342 et
3314 2287 3367 2340 in
3393 2302 3512 2342 om-

1923 2372 2078 2428 nibus
2102 2374 2302 2443 gratias
2330 2389 2549 2445 agamus
2590 2375 2818 2431 Domino
2849 2377 2958 2432 Deo
2979 2389 3161 2432 nostro
3182 2394 3390 2433 sursum
3418 2394 3512 2434 cor

1923 2462 2202 2532 habentes,
2219 2464 2358 2520 unde
2374 2481 2403 2519 a
2420 2466 2577 2521 Patre
2598 2468 2853 2521 luminum
2873 2483 3030 2522 omne
3050 2468 3228 2524 datum
3251 2469 3510 2539 optimum

1924 2566 1978 2611 et
2000 2571 2158 2611 omne
2178 2556 2376 2611 donum
2405 2559 2696 2626 perfectum
2718 2565 2801 2612 est
2826 2556 3026 2631 (Jacobi
3052 2575 3109 2626 ι,
3151 2560 3260 2632 l7).
3300 2559 3432 2614 Nam
3464 2563 3509 2615 si

1924 2657 2204 2719 propterea
2228 2664 2331 2703 non
2353 2657 2435 2704 est
2458 2663 2594 2718 opus
2619 2649 2712 2704 Dei
2737 2691 2750 2714 ,
2785 2651 2907 2720 quia
2934 2666 3032 2720 per
3056 2666 3154 2706 nos
3183 2652 3360 2722 agitur
3378 2692 3393 2716 ,
3423 2652 3507 2706 vel

1925 2742 2045 2812 quia
2067 2742 2157 2796 illo
2181 2741 2413 2796 donante
2440 2757 2537 2797 nos
2566 2743 2770 2812 agimus
2787 2785 2803 2810 ,
2830 2757 2930 2798 nec
2957 2743 3085 2798 illud
3111 2751 3193 2799 est
3212 2759 3347 2814 opus
3373 2745 3508 2810 Dei,

1925 2843 1983 2889 ut
2009 2849 2162 2889 mons
2193 2834 2547 2890 transferatur
2568 2837 2622 2890 in
2646 2851 2826 2900 mare;
2850 2837 2974 2907 quia
3006 2853 3103 2906 per
3124 2837 3282 2894 ﬁdem
3331 2839 3509 2894 homi-

1925 2942 2051 2980 num
2084 2926 2198 2980 ﬁeri
2229 2941 2384 2996 posse
2410 2928 2664 2982 Dominus
2689 2927 2860 2993 dixit,
2889 2928 3068 2983 ethoc
3093 2929 3327 2997 ipsorum
3356 2931 3508 2999 oneri

1925 3019 2168 3076 attribuit
2191 3061 2204 3082 ,
2234 3019 2420 3075 dicens
2440 3062 2455 3087 ,
2486 3020 2549 3076 Si
2573 3020 2845 3075 habueritis
2867 3022 2920 3074 in
2941 3021 3077 3076 vobis
3097 3021 3251 3090 ﬁdem
3271 3031 3510 3092 tanquam

1926 3128 2144 3182 granum
2169 3113 2359 3184 sinapis
2377 3155 2392 3178 ,
2420 3113 2593 3167 dicetis
2619 3114 2777 3167 monti
2802 3113 2918 3167 huic
2937 3154 2952 3175 ,
2996 3112 3200 3168 Tollere
3241 3127 3289 3168 et
3315 3115 3510 3169 mittere

1926 3204 1980 3258 in
2023 3221 2161 3258 mare
2183 3245 2200 3270 ,
2226 3213 2272 3258 et
2299 3205 2412 3273 fiet,
2447 3213 2495 3258 et
2523 3205 2650 3258 nihil
2689 3204 2997 3274 impossibile
3020 3206 3112 3258 erit
3150 3205 3288 3258 vobis
3315 3204 3506 3276 (Marc.

1927 3310 1982 3349 ιιι
2003 3336 2017 3357 ,
2045 3294 2146 3361 25,
2169 3295 2268 3360 24,
2292 3305 2338 3348 et
2369 3294 2496 3349 Luc.
2529 3311 2640 3350 xvtt
2663 3336 2678 3362 ,
2707 3293 2785 3367 6).
2813 3296 2971 3350 Certe
3003 3295 3138 3350 uobis
3163 3296 3332 3358 dixit;
3365 3311 3470 3350 non
3493 3336 3510 3363 ,

1927 3387 2054 3442 Mihi
2078 3395 2170 3441 aut
2188 3386 2335 3441 Patri
2362 3405 2374 3440 :
2406 3397 2460 3442 et
2491 3396 2664 3442 tamen
2696 3388 2796 3442 hoc
2823 3388 2972 3442 nullo
3005 3387 3164 3442 modo
3189 3387 3510 3456 facithomo,

1928 3477 2030 3532 nisi
2054 3477 2145 3531 illo
2160 3478 2391 3532 donante
2413 3469 2465 3532 et
2479 3489 2754 3548 operante.
2780 3479 2918 3534 Ecce
2935 3478 3380 3549 quemadmodum
3398 3479 3515 3533 sine

1929 3571 2174 3640 exemplo
2199 3579 2282 3625 est
2307 3571 2361 3624 in
2384 3570 2688 3626 hominibus
2714 3570 2952 3641 perfecta
2977 3572 3180 3641 justitia
3202 3613 3218 3638 ,
3254 3581 3306 3627 et
3335 3581 3510 3626 tamen

1930 3659 2274 3730 impossibilis
2300 3675 2407 3714 non
2447 3669 2548 3716 est.
2575 3662 2753 3716 Fieret
2778 3663 2919 3717 enim
2941 3703 2955 3729 ,
2985 3664 3031 3717 si
3075 3671 3221 3717 tanta
3267 3663 3515 3718 voluntas

1930 3751 2304 3819 adhiberetur,
2332 3762 2526 3820 quanta
2575 3752 2766 3807 sufﬁcit
2795 3761 2954 3806 tanta:
3000 3753 3097 3806 rei.
3132 3753 3287 3806 Esset
3332 3762 3511 3807 autem

1930 3852 2110 3909 tanta,
2140 3844 2185 3898 si
2210 3853 2265 3898 et
2313 3843 2445 3898 nihil
2474 3860 2657 3898 eorum
2689 3860 2807 3914 quae
2836 3845 3105 3914 pertinent
3151 3844 3218 3898 ad
3252 3844 3514 3914 justitiam

1932 3952 2029 3991 nos
2050 3937 2272 4004 lateret,
2299 3945 2354 3991 et
2371 3951 2432 3991 ea
2451 3937 2526 3991 sic
2541 3937 2868 3992 delectarent
2886 3937 3145 4002 animum,
3178 3946 3236 3990 ut
3255 3936 3514 4008 quidquid

1931 4029 2074 4084 aliud
2126 4029 2412 4100 voluptatis
2437 4028 2703 4084 dolorisve
2731 4031 2751 4061 ³
2794 4029 3046 4098 impedit,
3095 4029 3377 4084 delectatio
3427 4029 3519 4083 illa

1931 4131 2207 4194 superaret
2238 4141 2250 4176 :
2281 4123 2422 4192 quod
2448 4133 2506 4177 ut
2532 4137 2637 4177 non
2655 4123 2756 4189 sit,
2788 4139 2894 4176 non
2918 4123 2982 4177 ad
3011 4123 3512 4192 impossibilitatem,

1931 4215 2025 4270 sed
2051 4215 2118 4269 ad
2140 4213 2395 4284 judicium
2426 4215 2515 4269 Dei
2543 4215 2794 4283 pertinet.
2826 4214 2957 4282 Quis
2985 4214 3128 4268 enim
3156 4214 3381 4281 nesciat,
3409 4229 3518 4268 non

1932 4321 2052 4361 esse
2081 4306 2133 4360 in
2165 4305 2395 4361 hominis
2425 4313 2686 4374 potestate
2707 4304 2834 4375 quid
2860 4305 3025 4371 sciat,
3057 4319 3156 4359 nec
3175 4319 3295 4360 esse
3323 4319 3515 4359 conse-

1933 4413 2100 4468 quens
2132 4407 2189 4452 nt
2217 4395 2359 4466 quod
2386 4396 2742 4465 appetendum
2801 4395 3068 4464 cognitum
3101 4395 3260 4450 fuerit
3298 4407 3520 4466 appeta-

1933 4495 2020 4542 tur
2038 4529 2053 4554 ,
2086 4486 2186 4540 nisi
2213 4496 2416 4540 tantum
2444 4485 2707 4552 delectet,
2730 4494 2984 4555 quantum
2999 4483 3323 4554 diligendum
3353 4483 3472 4539 est'
3492 4484 3518 4538 ‘l

1935 4578 2048 4634 Hoc
2067 4587 2244 4632 autem
2267 4577 2509 4632 Sanitatis
2537 4586 2618 4630 est
2642 4577 2854 4629 animae.

2005 4668 2229 4724 CAPUT
2250 4667 2488 4722 XXXVI.
2502 4667 2671 4722 ~64.
2695 4665 3010 4736 Praeceptum
3025 4665 3309 4721 dilectionis
3318 4666 3520 4738 quando

1935 4759 2460 4832 perfecteimplebitur.
2472 4757 2784 4831 Ignorantia:
2793 4753 3230 4829 peccata.Justitia
3243 4759 3395 4830 hujus
3408 4760 3525 4814 vita:

1933 4854 2042 4908 sine
2065 4861 2265 4923 peccato
2290 4850 2452 4920 qualis
2482 4851 2601 4921 poni
2635 4851 2809 4921 possit.
2841 4847 3077 4918 Perfecta
3106 4851 3309 4922 justitia
3324 4851 3416 4904 etsi
3441 4850 3524 4906 hic

1938 4960 2035 4996 non
2076 4943 2377 5006 inveniatur,
2430 4957 2530 4994 non
2572 4949 2736 4994 tamen
2779 4939 3120 5009 impossibilis.
3155 4940 3258 4996 Sed
3298 4941 3524 4996 fortasse

1938 5032 2198 5104 quispiam
2228 5032 2516 5102 putaverit,
2541 5029 2670 5085 nihil
2692 5029 2846 5085 nobis
2865 5029 3052 5086 deesse
3083 5030 3147 5085 ad
3168 5029 3524 5101 cognitionem

1935 5124 2156 5196 justitia}
2178 5165 2195 5192 ,
2220 5124 2360 5195 quod
2393 5124 2648 5179 Dominus
2675 5122 2894 5178 verbum
2920 5137 3296 5179 consummans
3323 5131 3377 5180 et
3399 5121 3527 5179 bre-

2007 5321 2191 5390 fttss”
2235 5331 2460 5370 exserere
2509 5330 2528 5369 :

1943 5389 2179 5517 “gladia,
2220 5441 2431 5509 voluptas
2482 5441 2581 5493 sive
2616 5440 2773 5493 dolor.
2809 5448 2866 5492 Αι
2906 5448 3011 5492 Mss.
3031 5475 3046 5502 ,
3092 5441 3340 5506 uoluptatis
3395 5439 3528 5492 dolo-

1943 5519 2231 5632 m'wiielgici
2246 5569 2344 5618 duo
2363 5575 2492 5625 Mss,
2510 5567 2848 5618 delectandum
2865 5572 2952 5617 est.

2009 5653 2082 5717 (α)
2114 5653 2326 5717 Nondum
2348 5653 2398 5717 in
2445 5652 2553 5717 ejus
2594 5663 2766 5717 manus
2787 5655 2994 5717 venerat
3031 5649 3266 5717 Eusebius
3297 5660 3474 5717 versus
3502 5661 3533 5698 a

1945 5710 2124 5775 Ruﬁno,
2141 5716 2224 5778 qui
2243 5715 2294 5764 in
2309 5715 2460 5784 ipsius
2471 5710 2690 5784 Historia:
2704 5712 2827 5784 libro
2841 5713 2890 5784 :7,
2908 5721 3013 5784 cap.
3032 5710 3406 5784 21,_t3regnorium
3414 5717 3533 5784 Neo-

1946 5771 2174 5828 εἵρξειόῶ
2197 5771 2342 5826 Ponti
2354 5776 2620 5826 antistitem
2657 5774 2817 5837 prodit
2838 5773 2885 5822 id
2926 5771 3142 5837 miraculi
3189 5771 3534 5837 elfecissegut

1948 5853 2087 5889 mons
2101 5842 2206 5888 sive
2228 5851 2380 5900 rupes
2397 5837 2501 5887 loco
2523 5833 2804 5886 moveretur
2830 5849 2842 5883 :
2868 5835 3007 5900 cujus
3025 5837 3168 5884 etiam
3185 5833 3291 5884 facti
3315 5833 3536 5892 meminit

1951 5902 2094 5964 Beda,
2119 5901 2201 5951 lib.
2222 5901 2254 5950 5
2274 5897 2538 5951 Counnent.
2565 5900 2616 5949 in
2638 5905 2776 5948 mare.
2801 5908 2906 5961 cap.
2928 5897 3008 5948 ll.

2574 5323 2627 5368 et
2679 5317 2832 5379 infra,
2889 5315 3138 5380 exseruit;
3196 5331 3314 5382 pro,
3381 5329 3526 5369 exer-
