3984 6528
2022 370 2039 378 ο
2066 366 2108 375 ο.
2132 355 2228 371 *'-~.

1271 449 1361 506 DE
1399 448 1668 508 SPlRlTU
1706 451 1794 506 ET
1834 450 2154 524 LITTERA,
2192 453 2250 512 S.
2290 453 2657 516 AUGUSTINI
2707 460 2910 520 LIBER
2940 463 3134 523 UNUS.

582 575 737 630 visus
760 586 920 644 super
946 579 1140 627 terram
1167 565 1317 639 (lsa‘i.
1342 583 1374 623 χ
1394 609 1409 635 ,
1440 567 1548 634 25;
1576 565 1724 623 nam.
1751 583 1805 623 lx
1823 608 1841 636 ,
1869 567 1961 640 28)
1987 611 2002 636 ,
2031 568 2166 625 dixit

580 668 640 723 in
666 664 872 723 duobus
898 661 1178 737 pneccptis
1198 669 1362 717 totam
1387 660 1581 731 Legem
1605 659 2001 731 Prophetasque
2029 675 2160 731 pen-

578 760 741 827 dere;
773 772 871 813 nec
899 771 961 813 ea
990 754 1149 811 tacuit
1175 757 1192 787 ¹
1214 796 1229 823 ,
1261 753 1355 810 sed
1398 752 1571 810 verbis
1589 752 1937 824 apertissimis
1984 770 2163 825 prom-

577 854 708 924 psit,
742 851 946 923 Diliges,
988 848 1194 921 inquit,
1236 847 1510 905 Dominum
1562 847 1723 902 Deum
1770 858 1912 901 tuum
1963 863 2024 902 ea:
2049 858 2152 903 toto

573 942 726 997 corde
745 950 831 996 tuo
851 982 866 1008 ,
893 950 938 995 et
962 956 1025 996 ea:
1047 948 1151 995 tota
1174 940 1344 994 anima
1367 946 1455 993 tua
1474 978 1491 1006 ,
1536 950 1584 992 et
1610 955 1674 994 ea:
1698 947 1802 993 tota
1847 947 2009 992 mente
2036 947 2158 1006 tua;

574 1043 624 1087 et
663 1032 842 1105 diliges
879 1032 1164 1103 proximum
1189 1040 1328 1085 tuum
1375 1039 1615 1102 tanquam
1650 1039 1698 1085 te
1737 1029 1903 1101 ipsum
1943 1028 2154 1102 (Matth.

572 1141 682 1181 un
707 1166 723 1193 ,
753 1122 966 1195 57-40).
996 1122 1134 1192 Quid
1170 1122 1348 1179 verius
1372 1163 1388 1190 ,
1419 1121 1503 1177 his
1531 1121 1760 1193 impletis
1789 1121 1997 1192 impleri
2037 1136 2156 1177 om-

572 1218 701 1273 nino
720 1218 979 1289 justitiam
996 1216 1025 1270 ‘i
1042 1216 1421 1272 Verumtamen
1451 1215 1541 1285 qui
1571 1212 1672 1268 hoc
1698 1212 1952 1281 attendit,
1994 1212 2155 1268 etiam

572 1314 703 1369 illud
753 1314 1023 1379 attendat,
1055 1329 1213 1385 quam
1244 1313 1298 1367 in
1354 1311 1539 1367 multis
1587 1310 1921 1366 offendamus
1964 1326 2154 1370 omnes

573 1404 778 1475 (Jacobi
804 1421 861 1462 ιιι
879 1446 895 1472 ,
921 1405 982 1476 2)
1002 1447 1016 1471 ,
1042 1405 1167 1461 dum
1200 1412 1447 1475 putamus
1470 1403 1581 1460 Deo
1600 1447 1616 1472 ,
1644 1419 1803 1476 quem
1841 1404 2108 1483 diligimus
2133 1446 2149 1472 ,

571 1497 783 1567 placere
803 1538 820 1563 ,
852 1498 936 1552 vel
963 1512 1068 1552 non
1095 1495 1376 1567 displicere
1403 1495 1545 1567 quod
1571 1496 1825 1563 facimus;
1870 1505 1925 1552 et
1967 1504 2152 1567 postea

573 1608 669 1661 per
698 1591 1027 1664 Scripturam
1052 1591 1201 1662 ejus,
1229 1590 1340 1647 sive
1379 1599 1528 1647 certa
1556 1597 1611 1646 et
1638 1590 1917 1662 perspicua
1946 1590 2152 1663 ratione

569 1683 911 1752 commoniti,
939 1699 1060 1741 cum
1091 1683 1430 1740 didicerimus
1457 1683 1600 1756 quod
1636 1672 1704 1740 'ei
1745 1700 1851 1739 non
1904 1684 2110 1754 placeat
2130 1724 2147 1752 ,

542 1764 879 1849 'ptenitendo
903 1792 1185 1848 precamur
1210 1786 1266 1832 ut
1296 1764 1553 1849 ignoscat.
1586 1778 1751 1834 Plena
1781 1779 2011 1833 humana
2043 1777 2150 1834 vita

565 1879 652 1923 est
680 1868 1013 1925 documentis
1035 1869 1244 1925 talibus.
1292 1868 1443 1926 Unde
1467 1879 1648 1926 autem
1694 1870 1872 1925 minus
1901 1869 2148 1925 novimus

565 1960 694 2031 quid
721 1961 771 2016 ei
819 1961 1058 2031 placeat,
1091 1961 1193 2017 nisi
1245 1962 1370 2034 quia
1417 1971 1473 2018 et
1524 1964 1639 2034 ipse
1678 1962 1854 2018 minus
1880 1973 2040 2018 notus
2067 1972 2150 2018 est

566 2053 759 2108 nobis?
790 2052 1024 2109 Videmus
1046 2055 1187 2109 enim
1213 2044 1347 2125 nunc
1366 2071 1456 2126 per
1477 2056 1737 2126 speculum
1760 2055 1814 2109 in
1841 2055 2108 2127 (enigmata
2128 2096 2146 2124 ,

565 2152 687 2196 tunc
710 2153 877 2198 autem
922 2145 1053 2215 facie
1076 2145 1146 2198 ad
1171 2145 1373 2215 faciem.
1403 2144 1532 2212 Quis
1552 2161 1680 2202 vero
1722 2145 2028 2201 existimare
2055 2160 2149 2221 au-

563 2231 723 2297 deat,
751 2248 870 2288 cum
894 2248 960 2289 eo
989 2226 1203 2305 ventum
1232 2236 1388 2290 fuerit
1406 2277 1421 2303 ,
1449 2236 1591 2308 quod
1616 2237 1720 2305 ait,
1751 2234 1822 2305 Ut
1848 2252 2147 2310 cognoscam

562 2323 690 2378 sicut
714 2335 760 2379 et
780 2326 1006 2396 cognitus
1028 2342 1139 2380 sum
1165 2325 1208 2397 (l
1239 2325 1356 2381 Cor.
1383 2343 1477 2382 xm
1496 2369 1512 2395 ,
1545 2325 1633 2400 12)
1653 2369 1669 2395 ,
1704 2336 1902 2383 tantam
1930 2329 2024 2384 Dei
2068 2329 2148 2385 di-

564 2413 847 2470 lectionem
871 2416 983 2472 fore
1010 2418 1517 2488 contemplatoribus
1538 2420 1654 2490 ejus
1676 2460 1692 2485 ,
1739 2429 1932 2490 quanta
1971 2419 2145 2495 ﬁdeli-

563 2503 662 2559 bus
688 2520 830 2581 nunc
873 2516 956 2562 est
988 2525 1001 2562 :
1033 2514 1125 2561 aut
1153 2502 1264 2579 ullo
1292 2508 1452 2565 modo
1475 2510 1497 2543 ¹
1525 2510 1662 2565 hanc
1693 2509 1769 2565 illi
1801 2520 2050 2582 tanquam
2077 2512 2147 2569 de

565 2596 812 2664 proximo
831 2597 1284 2667 comparandam?
1337 2599 1505 2655 Porro
1531 2601 1576 2655 si
1600 2609 1800 2672 quanto
1827 2603 1999 2673 major
2044 2619 2143 2661 no-

563 2683 676 2739 titia
698 2725 714 2750 ,
744 2694 891 2741 tanto
910 2689 1011 2742 erit
1036 2687 1205 2759 major
1231 2688 1489 2758 dilectio;
1537 2683 1777 2762 prefecto
1805 2707 1947 2749 nunc
1975 2709 2145 2766 quan-

563 2786 675 2833 tum
701 2778 853 2834 deest
880 2779 1187 2848 dilectioni,
1216 2789 1419 2838 tantum
1471 2776 1808 2854 perficiendae
1857 2785 1880 2818 ³
1923 2786 2144 2858 iustitiae

562 2868 753 2925 deesse
776 2869 1230 2933 credendumest.
1257 2870 1391 2929 Seiri
1421 2874 1564 2928 enim
1599 2874 1797 2946 aliquid
1840 2876 1925 2932 vel
1948 2876 2096 2933 credi
2124 2918 2140 2945 ,

562 2970 616 3016 et
646 2971 821 3017 tamen
847 2978 952 3017 non
980 2963 1125 3035 diligi
1155 2973 1365 3037 potest:
1388 2964 1535 3039 diligi
1573 2976 1750 3024 autem
1785 2968 1926 3039 quod
1969 2984 2144 3042 neque

561 3054 728 3109 scitur
755 3070 927 3126 neque
947 3056 1183 3133 creditur
1203 3100 1219 3127 ,
1268 3073 1376 3112 non
1398 3065 1593 3128 potest.
1624 3060 1694 3114 At
1713 3059 1758 3115 si
1778 3059 2045 3116 credendo
2072 3059 2144 3117 ad

561 3154 762 3201 tantam
792 3147 1129 3205 dilectionem
1168 3151 1337 3206 sancti
1367 3152 1646 3222 pervenire
1684 3162 1972 3229 potuerunt
1993 3194 2008 3221 ,
2033 3169 2142 3228 qua

560 3245 704 3292 certe
743 3237 1000 3309 majorem
1046 3239 1098 3293 in
1130 3239 1231 3296 hac
1258 3241 1366 3295 vita
1395 3256 1515 3297 esse
1564 3257 1671 3297 non
1700 3258 1855 3313 posse
1886 3243 2143 3323 Dominus

563 3328 678 3399 ipse
701 3338 923 3386 testatus
947 3340 1028 3386 est
1046 3372 1063 3399 ,
1096 3341 1154 3387 ut
1173 3336 1403 3389 animam
1433 3348 1582 3389 suam
1614 3349 1713 3406 pro
1741 3334 1847 3391 ﬁde
1870 3338 1956 3393 vel
1992 3337 2016 3372 ⁸
2043 3352 2142 3427 pro

563 3420 813 3479 fratribus
841 3432 1103 3493 ponerent
1131 3422 1307 3496 (Joan.
1339 3441 1408 3480 xv
1430 3466 1447 3494 ,
1475 3426 1567 3497 l3)
1601 3442 1614 3480 :
1645 3441 1768 3482 cum
1789 3427 1855 3483 ab
1875 3420 2144 3503 hac

561 3514 860 3583 grinatione
898 3514 950 3569 in
976 3531 1077 3586 qua
1106 3532 1200 3586 per
1227 3516 1385 3573 fidem
1413 3532 1555 3572 nunc
1591 3518 1893 3575 ambulatur
1924 3520 1989 3593 (ll
2018 3518 2137 3577 Cor.

562 3618 628 3669 ν,
658 3606 749 3677 7),
781 3616 1093 3676 perventum
1148 3608 1251 3663 erit
1294 3607 1362 3664 ad
1390 3609 1661 3685 speciem,
1707 3626 1866 3681 quam
1905 3612 2138 3669 nondum

559 3696 728 3751 visam
772 3711 1050 3766 speramus
1086 3740 1102 3765 ,
1152 3709 1206 3754 et
1252 3715 1350 3769 per
1399 3700 1708 3768 patientiam
1766 3709 2139 3772 exspectamus

562 3786 738 3857 (Rom.
771 3805 863 3844 νιιι
882 3830 898 3857 ,
926 3788 1018 3862 25)
1037 3832 1052 3855 ,
1087 3792 1266 3862 procul
1286 3791 1447 3848 dubio
1473 3802 1526 3848 et
1545 3793 1657 3865 ipsa
1685 3792 1901 3850 dilectio
1916 3809 2021 3851 non
2047 3809 2139 3851 so-

562 3878 675 3934 lum
699 3894 858 3949 supra
884 3896 1041 3950 quam
1072 3881 1159 3938 hic
1178 3881 1437 3939 habemus
1460 3926 1475 3951 ,
1500 3883 1594 3939 sed
1623 3884 1777 3955 longe
1797 3901 1955 3956 supra
1980 3882 2138 3959 quam

561 3969 791 4038 petimus
820 3979 873 4025 et
894 3970 1235 4042 intelligimus
1260 3976 1362 4029 erit
1386 3973 1600 4045 (Ep/tes.
1627 3991 1716 4041 ιιι,
1739 3974 1867 4049 20);
1898 3992 1996 4032 nec
2020 3978 2140 4034 ideo

564 4068 739 4115 tamen
760 4060 876 4129 plus
905 4076 1025 4118 esse
1049 4062 1244 4132 poterit
1266 4103 1281 4126 ,
1304 4079 1461 4134 quam
1486 4080 1551 4120 ex
1579 4073 1688 4120 toto
1712 4066 1875 4121 corde
1893 4108 1907 4133 ,
1944 4082 2010 4123 ex
2031 4077 2138 4125 tota

563 4152 760 4217 anima,
784 4166 848 4205 ex
878 4161 981 4206 tota
1007 4161 1204 4207 mente.
1236 4153 1418 4223 Neque
1443 4155 1584 4211 enim
1607 4165 1775 4211 restat
1790 4157 1842 4212 in
1866 4157 2020 4213 nobis
2043 4159 2140 4214 ali-

561 4239 686 4308 quid
702 4240 843 4310 quod
859 4241 979 4295 :uldi
998 4243 1165 4311 possit
1182 4243 1248 4297 ad
1267 4251 1463 4310 totum;
1486 4244 1607 4315 quia
1625 4246 1671 4300 si
1687 4247 1904 4301 restabit
1920 4248 2137 4320 aliquid,

560 4328 691 4384 illud
714 4344 819 4385 non
837 4331 938 4386 erit
956 4339 1144 4387 totum.
1163 4332 1394 4389 Proinde
1411 4333 1513 4390 hoc
1526 4333 1552 4368 ⁸
1572 4335 1796 4403 primum
1818 4347 2140 4408 praeceptum

555 4416 797 4490 iustitiae,
819 4437 923 4492 quo
942 4421 1193 4492 jubemur
1211 4423 1432 4494 diligere
1460 4425 1622 4479 Demn
1643 4440 1708 4479 ex
1729 4432 1839 4482 toto
1866 4428 2058 4497 corde,
2085 4438 2141 4486 et

560 4525 625 4566 ex
649 4496 972 4581 tota'anima,
994 4521 1049 4570 et
1063 4529 1129 4569 ex
1153 4522 1263 4569 tota
1282 4522 1478 4582 mente,
1499 4515 1584 4570 cui
1609 4526 1695 4571 est
1722 4516 1788 4572 de
1805 4520 2048 4589 proximo
2067 4520 2140 4576 di-

559 4600 771 4672 ligendo
791 4604 1017 4658 alterum
1045 4619 1379 4676 consequens
1400 4648 1414 4674 ,
1444 4607 1496 4661 in
1519 4606 1606 4661 illa
1638 4607 1747 4663 vita
1774 4608 2135 4680 implebimus,

561 4704 685 4745 cum
710 4692 1004 4748 videbimus
1031 4697 1166 4752 facie
1192 4696 1258 4752 ad
1281 4696 1490 4753 faciem.
1539 4697 1648 4755 Sed
1682 4698 1804 4755 ideo
1845 4700 1998 4758 nobis
2036 4701 2151 4759 hoc

564 4782 888 4839 etiamnunc
914 4796 1237 4857 praeceptum
1268 4798 1349 4843 est
1374 4830 1388 4857 ,
1433 4798 1493 4844 ut
1536 4790 1978 4862 admoneremur,
2008 4794 2139 4865 quid

562 4869 666 4926 llde
680 4888 970 4943 exposcere
989 4916 1005 4942 ,
1029 4892 1135 4946 quo
1155 4892 1303 4947 spem
1325 4880 1673 4950 praemittere,
1703 4890 1755 4936 et
1775 4881 2138 4942 obliviscenda

458 4972 479 5040 ’ρ
559 4978 680 5034 qua:
710 4974 850 5020 retro
876 4975 1032 5031 sunt,
1069 4967 1120 5023 in
1143 4985 1262 5040 qua:
1286 4970 1550 5026 anteriora
1578 4986 1675 5027 nos
1717 4974 2004 5031 extendere
2037 4976 2137 5033 de-

560 5056 782 5112 beamus
812 5055 1068 5130 (Philipp.
1102 5058 1205 5130 ιιι).
1258 5062 1335 5116 Ac
1378 5075 1472 5131 per
1511 5061 1645 5129 hoc,
1705 5073 1960 5134 quantum
2008 5069 2137 5125 mihi

472 5147 493 5224 If,
565 5146 806 5212 videtur,
837 5147 887 5201 in
910 5162 972 5204 ea
1002 5165 1121 5219 qua:
1147 5151 1470 5220 perficienda
1499 5164 1580 5208 est
1597 5153 1798 5224 iustitia
1826 5156 2046 5213 multum
2081 5160 2136 5215 in

475 5222 487 5251 ³
563 5238 666 5294 hac
693 5239 794 5293 vita
825 5241 913 5296 ille
955 5241 1211 5312 profecit,
1243 5245 1332 5313 qui
1375 5259 1533 5314 quam
1563 5222 1718 5317 longe
1759 5247 1829 5303 sit
1864 5263 1894 5303 a
1924 5249 2135 5320 perfec-

496 5358 501 5361 -
560 5332 708 5388 tione
724 5331 940 5401 justitiai
960 5375 973 5401 ,
1006 5333 1332 5404 proficiendo
1350 5337 1618 5407 cOguovit.

626 5440 857 5515 3-9!?me
1030 5456 1249 5515 ωεβωη

621 5503 792 5563 ’t‘diti,
818 5513 898 5556 aut
922 5503 1005 5556 illo
1026 5507 1165 5557 modo
1192 5520 1210 5557 :
1228 5511 1388 5560 minus
1410 5511 1557 5561 bene.

621 5566 801 5651 :Edlti,
838 5574 1020 5618 tantum
1054 5573 1167 5625 tunc
1200 5569 1529 5635 perﬁciendis.
1569 5573 1732 5635 Abest,
1765 5578 1896 5636 huic,
1917 5589 1948 5629 a
1966 5590 2136 5628 manu-
2174 5640 2185 5651 .

555 5634 971 5762 κῗῗέιῗβίιίεεβέ-
999 5753 1019 5762 ..

619 5750 742 5824 {llic
761 5752 807 5801 in
832 5750 976 5804 editis
998 5753 1156 5824 fuerat
1172 5753 1422 5824 _additum,
1445 5757 1603 5824 cr_it._:
1630 5760 1841 5824 etintra,
1872 5769 1994 5824 post,
2019 5760 2135 5824 alte-

560 5820 671 5922 ;ntz
699 5824 1021 5883 consequens;
1046 5812 1340 5881 legebatur,
1374 5812 1502 5883 quod
1545 5818 1596 5874 in
1638 5821 1723 5874 illa
1753 5812 1848 5875 vita
1872 5812 2135 5889 'cOm'ptebi-

2339 570 2428 627 65.
2460 572 2566 629 Sed
2605 576 2649 631 si
2680 575 2785 633 dici
2810 587 2984 649 potest
3009 580 3250 651 quardam
3287 582 3491 653 justitia
3520 584 3693 655 minor
3718 587 3828 648 huic

2266 664 2388 720 vitae
2413 676 2739 738 competens,
2767 686 2869 741 qua
2884 671 3058 743 justus
3083 690 3147 729 ex
3168 673 3272 730 fide
3292 676 3419 731 vivit
3448 676 3623 749 (Rom.
3653 695 3691 748 ι,
3721 683 3825 755 17),

2265 758 2509 824 quamvis
2558 760 2870 829 peregrinus
2917 777 2946 816 a
2990 762 3246 833 Domino,
3298 773 3352 821 et
3394 766 3514 839 ideo
3545 785 3638 840 per
3683 772 3822 832 ﬁdem

2265 848 2568 917 ambulans,
2597 850 2830 906 nondum
2853 868 2950 923 per
2964 855 3196 925 speciem
3226 875 3240 911 :
3271 872 3377 913 non
3398 859 3628 917 absurde
3649 865 3824 925 dicitur

2265 938 2427 994 etiam
2454 940 2520 994 ad
2550 941 2705 997 istam
2750 945 3021 1015 pertinere
3054 963 3122 1004 ne
3150 959 3352 1019 peccet.
3389 951 3572 1025 Neque
3605 957 3759 1021 enim,
3781 956 3820 1006 id

2262 1044 2385 1086 esse
2426 1031 2662 1088 nondum
2709 1044 2883 1105 potest
2927 1045 3069 1093 tanta
3113 1039 3327 1097 dilectio
3357 1041 3491 1109 Dei,
3540 1055 3731 1116 quanta
3754 1045 3827 1104 illi

2260 1124 2547 1195 cognitioni
2596 1127 2764 1197 plena:
2810 1130 3166 1205 perfectasque
3218 1132 3461 1202 debetur,
3514 1137 3622 1208 jam
3667 1143 3821 1212 culpae

2259 1213 2617 1293 deputandum
2647 1229 2747 1275 est.
2777 1220 2933 1276 Aliud
2958 1233 3041 1279 est
3061 1214 3201 1280 enim
3229 1234 3395 1281 totam
3423 1229 3662 1285 nondum
3692 1248 3823 1287 asse.

2257 1309 2394 1381 qui‘
2426 1311 2778 1381 cbaritatem,
2833 1312 2973 1369 aliud
3023 1315 3220 1370 nullam
3268 1318 3418 1389 sequi
3469 1320 3821 1391 cupiditatem.

2257 1392 2610 1466 Quamobrem
2636 1401 2795 1459 debet
2822 1402 2981 1477 homo
3009 1447 3025 1474 ,
3055 1407 3294 1476 quamvis
3320 1408 3475 1480 longe
3499 1426 3673 1467 mutus
3697 1422 3826 1467 amet

2257 1490 2455 1560 Deum,
2502 1508 2658 1563 quam
2702 1509 2822 1549 eum
2854 1503 3026 1565 potest
3072 1512 3253 1552 amare
3295 1510 3673 1572 conspectum,
3705 1503 3825 1557 nihil

2256 1590 2433 1638 tamen
2480 1593 2731 1654 appetere
2775 1585 3015 1641 illicitum
3050 1605 3063 1642 :
3094 1588 3231 1643 sicut
3273 1589 3434 1645 etiam
3486 1591 3540 1646 in
3588 1591 3674 1647 his
3716 1608 3825 1664 qua:

2254 1672 2501 1744 adjacent
2542 1676 2789 1731 sensibus
2834 1678 3075 1747 corporis
3096 1719 3111 1746 ,
3142 1688 3318 1748 potest
3342 1680 3529 1740 oculus
3555 1682 3716 1738 nullis
3751 1692 3825 1740 tc-

2255 1767 2435 1821 ncbris
2465 1766 2744 1835 delectari,
2775 1769 3016 1839 quamvis
3039 1785 3143 1825 non
3166 1772 3331 1840 possit
3360 1771 3414 1827 in
3443 1772 3820 1844 fulgentissima

2254 1855 2374 1912 luce
2397 1857 2573 1928 deligi.
2608 1858 2802 1913 Verum
2838 1873 2965 1915 ecce
2985 1860 3095 1931 jam
3123 1861 3284 1918 talem
3312 1864 3694 1920 constituamus
3721 1867 3827 1921 ani-

2253 1963 2401 2004 mam
2433 1949 2719 2005 humanam
2749 1952 2799 2005 in
2828 1950 2929 2007 hoc
2953 1953 3284 2024 corruptibili
3312 1969 3560 2025 corpore,
3588 1972 3707 2027 qua:
3731 1958 3825 2012 etsi

2252 2040 2489 2097 nondum
2535 2042 2625 2097 illa
2665 2043 3244 2113 supereminentissima
3292 2044 3616 2114 perfectione
3658 2047 3826 2103 chari-

2254 2134 2377 2189 tatis
2415 2133 2510 2189 Dei
2557 2150 2747 2210 omnes
2774 2144 2950 2191 motus
2984 2143 3209 2192 terrena:
3238 2136 3472 2195 libidinis
3498 2139 3824 2197 absorbuerit

2250 2233 2411 2296 atque
2440 2227 2869 2297 consumpserit,
2910 2236 3144 2283 attamen
3180 2227 3237 2282 in
3272 2229 3372 2284 ista
3399 2229 3606 2285 minore
3628 2230 3822 2300 iustitia

2249 2315 2316 2371 ad
2345 2315 2590 2372 illicitum
2636 2316 2833 2387 aliquid
2876 2317 3204 2387 operandum
3231 2317 3404 2373 eidem
3436 2319 3645 2375 libidini
3686 2321 3822 2377 nulla

2249 2407 2591 2463 inclinatione
2631 2409 2930 2464 consentiat
2961 2424 2975 2462 :
3006 2418 3063 2462 ut
3102 2408 3167 2463 ad
3207 2408 3353 2463 illam
3399 2410 3560 2464 vitam
3586 2411 3699 2481 jam
3725 2413 3820 2467 im-

2247 2499 2529 2555 mortalem
2555 2499 2853 2570 pertineat,
2884 2498 3077 2571 Diliges
3101 2498 3375 2556 Dominum
3407 2501 3572 2556 Deum
3600 2511 3742 2557 tuum
3766 2520 3822 2559 ex

2249 2597 2353 2643 toto
2380 2590 2531 2643 corde
2558 2598 2645 2643 tuo
2665 2630 2680 2655 ,
2724 2600 2770 2645 et
2799 2600 2984 2645 estote
3008 2592 3181 2647 anima
3205 2600 3292 2646 tua
3309 2633 3325 2658 ,
3365 2601 3412 2646 et
3437 2608 3500 2647 ea:
3522 2602 3629 2648 tota
3653 2595 3821 2651 virtute

2249 2689 2341 2734 tua
2361 2679 2536 2753 (Deut.
2563 2696 2639 2749 vt,
2671 2679 2727 2753 5)
2756 2698 2770 2747 ;
2800 2681 2866 2737 ad
2900 2682 3034 2738 hanc
3062 2692 3238 2739 autem
3257 2724 3272 2751 ,
3302 2680 3425 2738 Non
3448 2694 3623 2755 regnet
3647 2703 3818 2758 pecca-

2248 2782 2355 2829 tum
2379 2774 2432 2828 in
2457 2784 2619 2829 uestro
2649 2776 2852 2830 ntortali
2882 2792 3091 2849 corpore
3117 2778 3189 2832 ad
3219 2778 3546 2834 obedientium
3569 2780 3818 2837 desida'iis

2246 2866 2359 2937 ejus
2383 2867 2561 2948 (Reub
2584 2883 2667 2934 vi,
2705 2868 2798 2939 l2)
2829 2885 2844 2923 :
2875 2869 2940 2924 ad
2968 2870 3130 2936 illam,
3155 2869 3275 2925 Non
3297 2873 3614 2942 concupisces
3633 2872 3815 2944 (Exod.

2247 2973 2350 3028 xx,
2383 2958 2506 3033 l7);
2550 2961 2618 3016 ad
2643 2961 2796 3017 istam
2819 3003 2835 3029 ,
2869 2961 2999 3018 Post
3034 2964 3456 3034 concupiscentia
3478 2974 3594 3020 tuas
3619 2981 3721 3019 non
3743 2982 3817 3022 eas

2247 3048 2434 3124 (Eccli.
2459 3067 2615 3119 xviu,
2645 3052 2738 3123 $0)
2766 3068 2782 3108 :
2808 3053 2874 3111 ad
2905 3054 3046 3110 illam
3071 3096 3086 3121 ,
3130 3055 3265 3111 nihil
3301 3056 3527 3127 amplius
3561 3072 3813 3128 quaerere,

2246 3158 2405 3214 quam
2429 3145 2482 3199 in
2507 3159 2569 3200 ea
2592 3144 2916 3215 perfectione
2937 3148 3218 3218 persistere
3237 3165 3252 3210 :
3282 3148 3348 3204 ad
3369 3149 3549 3215 istam,
3572 3149 3818 3222 hocquod

2244 3235 2354 3306 agit
2378 3237 2401 3275 ⁸
2428 3235 2483 3291 in
2505 3250 2668 3306 opere
2692 3235 2909 3305 habere,
2938 3247 2991 3294 et
3020 3239 3157 3295 illius
3178 3238 3555 3309 perfectionem
3578 3257 3676 3312 pro
3694 3257 3818 3298 mer-

2243 3324 2377 3380 cede
2400 3340 2619 3396 sperare
2649 3344 2665 3380 :
2697 3334 2757 3382 ut
2780 3342 2874 3398 per
2900 3327 3046 3383 illam
3081 3328 3256 3399 justus
3284 3330 3402 3386 sine
3426 3330 3531 3386 line
3554 3329 3578 3363 ⁸
3601 3331 3743 3387 vivat
3766 3332 3817 3387 in

2244 3415 2441 3485 specie,
2472 3430 2628 3486 quam
2658 3417 2713 3472 in
2739 3417 2836 3473 ista
2861 3417 3181 3475 desideravit
3206 3436 3222 3486 ;
3254 3436 3348 3490 per
3378 3421 3517 3477 hanc
3538 3431 3718 3478 autem
3733 3422 3818 3493 ju-

2243 3516 2360 3563 stus
2382 3508 2523 3563 vivat
2549 3524 2615 3565 ex
2663 3509 2786 3577 fide,
2826 3510 2879 3565 in
2915 3526 3021 3581 qua
3058 3512 3202 3567 illam
3227 3522 3375 3569 certo
3403 3513 3511 3570 fine
3524 3514 3817 3583 desiderat.

2248 3597 2364 3670 (llis
2382 3598 2683 3655 constitutis
2709 3610 2981 3670 peccatum
3008 3602 3111 3657 erit
3148 3601 3378 3659 hominis
3409 3619 3477 3659 ex
3505 3603 3611 3660 fide
3633 3606 3822 3662 viven-

2244 3689 2331 3756 tis,
2357 3690 2643 3760 aliquando
2670 3691 2827 3747 alicui
2863 3691 3200 3749 delectationi
3242 3694 3438 3750 illicitte
3472 3696 3821 3753 consentire:

2244 3796 2350 3838 non
2389 3789 2592 3838 tantum
2618 3783 2671 3837 in
2701 3783 2807 3838 illis
2842 3783 3126 3845 horrendis
3160 3784 3478 3842 facinoribus
3513 3795 3572 3843 et
3607 3786 3824 3859 ﬂagitiis

2242 3873 2609 3947 perpetrandis
2628 3915 2644 3941 ,
2685 3889 2871 3931 verum
2895 3874 3054 3933 etiam
3082 3876 3135 3931 in
3161 3861 3477 3944 levioribus;
3527 3886 3586 3933 ut
3614 3878 3706 3934 vel
3729 3894 3827 3935 au-

2244 3980 2359 4023 rem
2383 3966 2541 4021 alicui
2574 3966 2697 4021 voci
2724 3981 2842 4037 qua
2862 3966 3124 4025 audienda
3159 3982 3263 4024 non
3291 3977 3453 4038 esset,
3476 3970 3559 4025 vel
3585 3969 3827 4041 linguam

2243 4057 2401 4113 alicui
2425 4072 2546 4128 quae
2572 4056 2798 4113 dicenda
2839 4072 2945 4113 non
2971 4067 3148 4127 esset,
3196 4060 3597 4127 accommodet;
3642 4062 3729 4118 vel
3770 4063 3828 4120 in

2242 4147 2361 4217 ipso
2398 4148 2560 4204 eosde
2586 4148 2785 4219 aliquid
2821 4147 2899 4205 ita
2915 4140 3129 4221 cogitet,
3153 4159 3211 4206 ut
3236 4151 3427 4208 mallet
3446 4153 3649 4209 licitum
3675 4154 3829 4226 quod

2242 4238 2381 4294 male
2423 4238 2687 4306 delectat,
2728 4248 2783 4296 et
2827 4254 2923 4309 pet:
2966 4250 3288 4313 praeceptum
3324 4243 3494 4300 scitur
3532 4244 3828 4302 illicitum:

2242 4332 2403 4387 etiam
2448 4332 2772 4403 istan
2812 4333 3094 4391 consensio
3138 4336 3311 4393 estad
3356 4346 3662 4407 peccatum,
3706 4355 3834 4409 quae

2243 4424 2424 4494 utique
2448 4422 2619 4490 ﬁeret,
2642 4424 2744 4481 nisi
2762 4438 2920 4494 pretia
2944 4433 3169 4482 terreret
3190 4424 3265 4498 ⁸.)
3289 4427 3448 4485 Tales
3464 4428 3595 4498 justi
3621 4445 3693 4486 ex
3724 4430 3836 4487 llde

2243 4515 2483 4573 viventes
2503 4558 2521 4585 ,
2546 4530 2654 4572 non
2679 4517 2701 4553 ⁸
2725 4531 2861 4589 opus
2883 4517 3080 4574 habent
3101 4518 3299 4587 dicate,
3332 4519 3543 4576 Dimitte
3562 4522 3715 4578 nobis
3733 4524 3837 4577 dc-

2244 4608 2347 4662 bita
2367 4617 2541 4663 nostra
2564 4649 2583 4674 ,
2621 4608 2752 4663 sicut
2785 4617 2832 4664 et
2865 4625 2955 4669 nos
2988 4609 3281 4665 dimittamus
3304 4611 3609 4668 debitoribus
3637 4616 3841 4670 nostris

2243 4698 2568 4771 (ﬂauum,
2600 4700 2730 4771 li)?
2771 4700 3066 4773 falsumque
3104 4718 3227 4760 esse
3271 4705 3623 4774 convincunt,
3677 4708 3840 4777 Quod

2242 4792 2495 4862 scriptum
2525 4801 2625 4859 est,
2655 4790 3153 4864 Nonjusu'ﬁcabitur
3170 4796 3226 4850 in
3251 4805 3517 4869 conspectu
3543 4806 3632 4854 tuo
3657 4800 3843 4854 omnis

2305 4968 2324 5037 ξ
2350 4966 2541 5037 Aliquot
2562 4975 2689 5025 uss"
2712 4968 2926 5037 exsequi.

2304 5029 2565 5100 'Qttifrque
2589 5029 2864 5100 atss.,_qt_tod
2888 5030 2980 5100 ait.
3014 5038 3152 5100 Forte
3191 5047 3280 5100 pro

2241 5069 2565 5203 Ζὲοἶιῖόᾕξὲἷῖ
2586 5069 2859 5154 ζῖιῖῖὲίόῐιεῖξ
2886 5069 3162 5146 ἤῦἑυὶιῗὶιέ
3182 5069 3348 5148 ιῗὲἷέθο

2307 5165 2398 5203 IIIS.
2419 5167 2467 5202 η.
2486 5168 2518 5201 0
2550 5186 2565 5201 ο

2239 5162 2398 5205 πως.
2419 5167 2467 5202 ιι.
2486 5162 2565 5203 51.

2312 5165 2540 5279 $33.5:
2549 5186 2790 5279 gﬁaticauis
2814 5224 2937 5279 ltss.,
2962 5214 3065 5268 sine
3084 5215 3202 5279 ﬁde.

2302 5275 2327 5325 ἐ
2343 5274 2526 5349 aliquid
2549 5276 2627 5327 hic
2648 5274 2980 5349 perturbatum
2999 5274 3111 5329 esse
3133 5280 3448 5349 suspicamur.
3474 5290 3588 5333 Nam
3613 5295 3679 5334 ea
3719 5298 3846 5349 quae

2260 5338 2550 5405 larentliesis
2578 5338 2938 5405 complectittu',
2984 5354 3081 5405 non
3114 5338 3237 5405 satis.
3273 5343 3522 5405 saltarent
3558 5358 3675 5397 cum
3724 5338 3851 5401 ver-

2248 5398 2341 5482 bis.
2370 5398 2699 5482 seqttcntibgs
2735 5413 2748 5482 ξ
2793 5398 2935 5482 forte
2963 5398 3248 5482 collocanda!
3292 5398 3406 5482 sunt
3431 5398 3593 5482 'p'aulo
3645 5398 3846 5482 supra,

2242 5456 2427 5510 Scilicet
2446 5456 2589 5512 'aute
2628 5458 2751 5511 illud
2784 5475 2798 5512 :
2849 5472 3021 5514 rerum
3064 5456 3175 5515 ecce
3215 5464 3328 5527 jam
3374 5456 3520 5518 taIEm
3568 5456 3851 5523 catt—stitit}:

2241 5533 2365 5572 mus.

2303 5583 2703 5659 fqgirannensis
2732 5593 2835 5659 llis.
2894 5584 3248 5659 solu_s_omittit,
3285 5584 3377 5659 non
3410 5602 3429 5641 :
3457 5599 3521 5659 _et
3557 5591 3691 5644 infra
3735 5609 3850 5659 pro,

2240 5642 2508 5720 (WW6
2529 5658 2630 5720 οδες
2650 5646 2873 5720 glebali
2886 5647 3165 5720 ωέιίιριδμηι
3195 5642 3391 5720 eiii-.151
3404 5653 3599 5720 minute

2242 5703 2585 5773 lfolcmiémrum
2610 5703 3094 5773 editione‘l’aris‘ichsi
3252 5703 3391 5773 ίδμί
3604 5703 3855 5773 eia-Em:

2241 5764 2353 5841 “te”
2366 5767 2831 5841 lenienterrsansz
2845 5772 3224 5841 ςιδυυδιίιμιωη
3246 5764 3432 5839 postea.
3447 5764 3853 5841 ηεγαιὲιῑῑιῐῐδῑε

2241 5828 2535 5901 convincunt.
2562 5828 2897 5897 uibil'npsltic
2918 5834 3209 5890 mutavimus
3235 5828 3431 5901 praeter'
3449 5828 3857 5900 verva

2242 5892 2643 5956 terpunctiouem.

3487 5037 3678 5101 tendit:
3722 5038 3840 5101 vel,

3386 5110 3482 5148 one
3506 5098 3718 5160 justitiaa
3742 5098 3846 5152 ho;
