3984 6538
221 394 320 456 249

1641 377 1846 438 LIBER
1879 378 2082 440 UNUS.

3177 293 3347 309 ξορρ-π...

3390 405 3499 467 250

219 514 408 580 etiamsi
427 511 480 565 in
511 508 705 580 aliqua
741 518 915 582 gente
941 505 1236 616 auialiquo
1259 501 1539 616 superiore
1561 507 1805 616 tempore
1914 501 2177 616 patinam
2202 503 2511 616 liberantur,
2530 509 2652 616 sive
2677 511 2802 584 quia
2827 514 3009 572 audire
3036 516 3272 574 nondum
3305 529 3494 590 potue-
3511 553 3546 616 χ

219 617 342 674 ﬁdes
368 624 475 667 eam
499 605 666 663 latuit
695 605 986 678 sanguinis
1011 600 1229 658 Christi.
1264 596 1382 653 Non
1406 595 1549 652 enim
1577 593 1806 663 injustus

157 773 166 780 κ
214 713 363 772 Deus,
389 702 476 774 qui
502 700 692 771 justos
719 699 944 756 fraudat
967 695 1215 753 mercede
1235 690 1453 763 iustitiae
1473 729 1488 756 ,
1522 688 1564 745 si
1591 686 1670 742 eis
1695 699 1802 740 non

158 779 165 836 Ᾰ
209 812 279 859 est
301 794 686 852 annuntiatum
716 799 1114 848 sacramentum
1143 784 1434 843 divinitatis
1458 791 1514 839 et
1550 779 1800 836 humani-

205 895 310 953 tatis
341 890 569 956 Christi,
597 887 750 959 quod
779 885 1178 942 manifestatum
1205 890 1286 936 est
1319 879 1372 934 in
1398 891 1560 934 carne
1589 875 1635 946 (ι
1659 874 1794 929 Tim.

203 1003 279 1051 Ill,
305 982 428 1052 16).
477 979 775 1050 Quomodo
813 979 958 1035 enim
986 974 1270 1032 crederent
1297 971 1444 1042 quod
1471 983 1578 1024 non
1616 966 1797 1021 audie-

199 1083 310 1135 runt
329 1075 360 1128 ?
385 1082 483 1128 aut
504 1071 788 1143 quomodo
815 1070 1064 1126 audirent
1087 1065 1204 1122 sine
1241 1061 1607 1134 praedicante?
1637 1059 1796 1114 Fides

198 1169 324 1226 enim
359 1183 422 1221 ea:
450 1166 663 1230 auditu,
694 1165 838 1220 sicut
864 1162 1121 1233 scriptum
1151 1166 1260 1223 est;
1288 1155 1487 1210 auditus
1512 1164 1678 1208 autem
1704 1169 1794 1224 per

196 1259 387 1317 verbum
419 1257 620 1314 Christi
649 1256 827 1327 (Rom.
862 1271 897 1310 κ
921 1297 937 1323 ,
970 1255 1072 1321 14,
1103 1250 1214 1322 17).
1252 1248 1358 1306 Sed
1384 1247 1503 1304 dico
1524 1288 1540 1313 ,
1585 1246 1788 1319 inquit,

194 1351 454 1423 Numquid
484 1365 595 1405 non
635 1346 970 1404 audierunt?
999 1343 1064 1399 In
1093 1358 1291 1398 omnem
1315 1351 1500 1396 terram
1525 1339 1674 1394 exivit
1701 1355 1788 1393 so-

192 1463 270 1499 nus
294 1459 482 1498 eorum
503 1483 519 1508 ,
564 1451 613 1496 et
645 1442 701 1496 in
730 1440 857 1510 ﬁnes
882 1438 1016 1494 orbis
1053 1444 1200 1490 terra:
1224 1434 1372 1488 verba
1399 1448 1572 1487 eorum
1613 1429 1783 1502 (Psal.

192 1553 309 1594 It’lll
328 1579 342 1600 ,
378 1536 458 1608 5).
489 1535 604 1592 Sed
625 1547 912 1604 antequam
939 1531 1042 1587 hoc
1066 1525 1478 1598 inciperetﬁeri,
1500 1531 1784 1594 antequam

192 1630 414 1700 denique
445 1641 622 1697 usque
649 1625 718 1679 ad
750 1625 883 1679 ﬁnes
911 1622 1073 1678 totius
1095 1620 1240 1676 orbis
1284 1629 1440 1673 terrai
1477 1614 1783 1687 pratdicatio

193 1725 294 1792 ipsa
323 1720 649 1790 perveniat;
691 1716 946 1788 quoniam
988 1729 1095 1770 non
1132 1712 1328 1768 desunt
1366 1709 1544 1764 adhuc
1582 1708 1782 1762 ultimae

193 1821 365 1885 gentes
386 1853 402 1876 ,
435 1811 573 1867 licet
604 1818 664 1865 ut
703 1808 1014 1879 perhibetur
1045 1803 1376 1876 paucissimae
1396 1843 1412 1868 ,
1455 1800 1646 1871 quibus
1676 1798 1779 1852 hoc

192 1905 412 1962 nondum
463 1902 636 1958 fuerit
665 1901 1013 1972 prmdicatum
1039 1914 1054 1964 ;
1084 1895 1210 1968 quid
1233 1894 1393 1950 faciet
1420 1892 1650 1947 humana
1679 1905 1777 1945 na-

194 2007 317 2063 tura,
341 1995 431 2051 vel
457 1994 594 2065 quid
635 1992 798 2058 fecit,
839 2004 960 2061 quae
995 1989 1078 2045 vel
1115 1995 1239 2042 ante
1279 2001 1386 2041 non
1413 1984 1651 2040 audierat
1676 1981 1778 2038 hoc

191 2089 408 2144 futurum
427 2127 443 2151 ,
486 2084 580 2140 vel
605 2083 784 2138 adhuc
809 2097 921 2136 non
945 2079 1207 2149 comperit
1235 2077 1433 2133 factum
1457 2116 1473 2144 ,
1506 2075 1610 2130 nisi
1652 2089 1775 2130 cre-

193 2179 351 2236 dendo
375 2179 430 2233 in
461 2177 663 2242 Deum,
691 2177 784 2246 qui
811 2174 935 2229 fecit
960 2173 1154 2229 cmlum
1179 2178 1236 2229 et
1263 2178 1482 2237 terram,
1528 2185 1558 2222 a
1587 2183 1693 2240 quo
1720 2177 1775 2222 et

196 2287 250 2328 se
266 2273 448 2326 tactam
474 2267 800 2324 naturaliter
819 2265 1000 2331 sentit,
1025 2272 1080 2320 et
1106 2272 1254 2319 recte
1279 2260 1508 2317 vivendo
1535 2260 1650 2331 ejus
1673 2259 1774 2347 im-

197 2365 329 2436 pleat
352 2363 724 2426 voluntatem,
755 2359 903 2415 nulla
936 2357 1041 2413 ﬁde
1082 2355 1343 2428 passionis
1379 2353 1576 2410 Christi
1603 2364 1658 2410 et
1682 2369 1771 2408 re—

195 2454 525 2512 surrectionis
554 2452 808 2508 imbuta?
832 2450 987 2518 Quod
1015 2450 1059 2504 si
1084 2449 1200 2505 ﬁeri
1224 2448 1402 2520 potuit
1427 2456 1518 2501 aut
1555 2453 1768 2517 potest,

193 2552 285 2605 hoc
305 2561 352 2605 et
377 2564 480 2619 ego
500 2548 625 2602 dico
649 2589 665 2614 ,
694 2545 838 2616 quod
870 2549 938 2600 de
966 2543 1083 2613 lege
1112 2541 1246 2597 dixit
1269 2539 1558 2612 Apostolus
1587 2556 1600 2593 :
1631 2537 1769 2610 Ergo

195 2639 410 2696 Christus
435 2640 593 2711 gratis
622 2647 856 2692 mortuus
883 2645 975 2691 est.
1015 2634 1073 2691 Si
1097 2634 1241 2689 enim
1280 2633 1384 2688 hoc
1428 2632 1516 2688 ille
1542 2631 1678 2686 dixit
1703 2631 1770 2686 de

202 2736 314 2807 lege
337 2750 496 2806 quam
525 2733 719 2803 accepit
757 2745 891 2799 gens
923 2744 1029 2786 una
1065 2727 1413 2793 Iudaeorum;
1445 2735 1642 2796 quanto
1681 2725 1766 2795 ju-

201 2829 329 2883 stins
353 2827 549 2882 dicitur
571 2826 637 2880 de
656 2825 1018 2897 lege_natura:,
1045 2835 1204 2892 quam
1231 2819 1436 2888 accepit
1461 2819 1766 2874 universum

203 2932 357 2988 genus
381 2917 684 2980 humanum,
720 2913 779 2970 Si
809 2929 907 2984 per
935 2920 1178 2968 naturam
1201 2911 1424 2982 justitia,
1456 2924 1583 2981 ergo
1611 2908 1768 2964 Chri-

203 3021 310 3066 stus
331 3010 490 3080 gratis
533 3018 777 3062 mortuus
807 3007 928 3062 est?
957 3004 1013 3062 Si
1050 3012 1230 3059 autem
1274 3017 1379 3057 non
1411 3001 1576 3072 gratis
1614 2999 1767 3056 Chri-

200 3113 306 3159 stus
334 3111 563 3157 mortuus
589 3108 694 3168 est,
722 3113 854 3170 ergo
887 3097 1065 3153 omnis
1094 3097 1326 3151 humana
1357 3102 1545 3150 natura
1565 3094 1766 3164 justiﬁ-

194 3195 295 3250 cari
321 3203 370 3249 et
391 3192 576 3249 redimi
601 3191 671 3246 ab
698 3191 779 3246 ira
808 3189 904 3245 Dei
924 3187 1240 3260 justissima,
1269 3185 1372 3241 hoc
1401 3192 1502 3253 est,
1529 3201 1558 3240 a
1587 3185 1763 3240 vindi-

193 3286 334 3355 dicta,
363 3288 506 3341 nullo
532 3285 696 3340 modo
722 3291 922 3354 potest,
953 3281 1055 3338 nisi
1080 3295 1178 3352 per
1203 3279 1366 3335 ﬁdem
1390 3289 1444 3334 et
1463 3293 1767 3334 sacramen-

192 3391 288 3438 tum
315 3380 582 3451 sanguinis
612 3377 836 3434 Christi.

253 3470 464 3527 CAPUT
502 3469 590 3524 lli.
631 3499 705 3509 —
743 3469 798 3524 '5.
858 3465 1066 3521 Natura
1108 3481 1236 3520 sana
1272 3464 1512 3532 condita,
1563 3471 1766 3534 peccato

189 3574 256 3622 est
282 3574 446 3635 postea
481 3571 746 3632 corrupta.
778 3560 982 3615 Natura
1012 3559 1206 3630 quippe
1244 3557 1478 3612 hominis
1519 3556 1766 3628 primitus

188 3658 432 3729 inculpata
473 3665 530 3712 et
572 3656 692 3711 sine
734 3654 848 3708 ullo
884 3653 1017 3709 vitio
1042 3660 1221 3707 creata
1248 3659 1332 3706 est
1362 3668 1374 3704 :
1408 3659 1592 3704 natura
1636 3665 1765 3706 vero

188 3752 285 3807 ista
323 3750 568 3816 hominis,
607 3764 712 3819 qua
756 3746 1125 3817 unusquisque
1172 3759 1243 3799 ex
1291 3743 1461 3798 Adam
1504 3743 1760 3810 nascitur,

188 3845 294 3915 jam
329 3842 535 3898 medico
570 3842 796 3916 indiget,
827 3841 955 3910 quia
991 3853 1118 3894 sana
1160 3852 1266 3892 non
1295 3845 1398 3892 est.
1428 3835 1616 3891 Omnia
1643 3836 1766 3906 qui-

191 3935 305 3990 dem
329 3934 482 4000 bona,
513 3949 633 4005 quas
674 3932 839 3988 habet
875 3932 936 3987 in
954 3930 1288 3991 formatione,
1328 3929 1458 3996 vita,
1495 3928 1762 3996 sensibus,

196 4036 392 4090 mente,
451 4040 483 4078 a
537 4039 748 4079 summo
800 4025 916 4079 Deo
970 4021 1132 4077 habet
1181 4029 1424 4077 creatore
1461 4028 1516 4076 et
1565 4019 1767 4074 artiﬁce

194 4132 306 4172 suo.
329 4116 525 4172 Vitium
567 4131 720 4184 vero,
743 4115 885 4186 quod
931 4115 1032 4170 ista
1081 4113 1340 4168 naturalia
1389 4112 1527 4167 bona
1579 4119 1764 4167 conte-

193 4207 367 4263 nebrat
413 4215 468 4263 et
517 4207 782 4273 inﬁrmat,
833 4213 895 4261 ut
945 4205 1334 4260 illuminatione
1381 4213 1436 4260 et
1490 4204 1767 4259 curatione

195 4314 313 4371 opus
355 4299 567 4364 habeat,
617 4314 724 4354 non
762 4298 830 4353 ab
868 4297 1175 4367 inculpabili
1206 4295 1408 4352 artiﬁce
1435 4305 1767 4352 contractum

196 4399 295 4454 est;
330 4389 424 4444 sed
462 4405 531 4445 ex
571 4389 816 4460 originali
847 4397 1084 4459 peccato,
1115 4387 1257 4459 quod
1299 4388 1646 4444 commissum
1684 4395 1768 4443 est

196 4480 344 4537 libero
365 4480 610 4535 arbitrio.
642 4481 720 4534 Ac
755 4495 849 4549 per
884 4479 987 4534 hoc
1024 4488 1210 4534 natura
1237 4480 1461 4550 ptenalis
1494 4479 1562 4535 ad
1595 4479 1768 4535 vindi-

196 4580 318 4625 ctam
349 4571 704 4641 justissimam
741 4571 987 4640 pertinet.
1035 4569 1090 4626 Si
1119 4569 1196 4644 (a)
1219 4573 1361 4627 enim
1378 4573 1488 4643 jam
1507 4589 1693 4631 sumus
1714 4573 1769 4629 in

199 4663 386 4720 Christo
415 4679 559 4720 nova
588 4674 832 4720 creatura
881 4663 957 4734 (ll
981 4662 1100 4719 Cor.
1128 4680 1182 4731 v,
1217 4666 1330 4737 17),
1364 4675 1539 4722 tamen
1568 4684 1768 4723 eramus

201 4766 360 4810 natura
399 4757 498 4826 ﬁlii
527 4757 641 4823 irae,
665 4757 792 4810 sicut
819 4765 866 4811 et
895 4757 1060 4811 caeteri
1083 4774 1098 4810 :
1139 4755 1280 4812 Deus
1308 4768 1476 4812 autem
1516 4759 1605 4829 qui
1633 4759 1768 4814 dives

201 4859 260 4902 est
292 4851 340 4903 in
387 4849 756 4916 misericordia,
802 4858 1008 4920 prapter
1061 4850 1273 4904 multam
1311 4851 1629 4906 dilectionem
1667 4868 1768 4923 qua

202 4939 353 4995 dilexit
378 4957 491 5008 nos,
524 4948 572 4994 et
595 4955 711 4994 cum
734 4956 956 4995 essemus
995 4941 1181 4994 mortui
1204 4941 1417 5009 delictis,
1446 4943 1768 5013 conviviﬁca-
1803 5006 1820 5028 .

200 5035 256 5086 sit
281 5051 366 5088 nos
405 5033 629 5102 Christo,
671 5035 818 5104 cujus
857 5035 1024 5106 gratia
1050 5050 1223 5090 sumus
1245 5036 1372 5091 salvi
1408 5037 1530 5109 facti
1550 5035 1764 5110 (Ephes.

200 5139 249 5192 ιι,
271 5127 404 5192 5-5).

256 5127 469 5278 Ωἰῗυτ
493 5221 662 5277 ιν.-
676 5221 732 5276 4.
753 5219 935 5276 Gratia
957 5221 1198 5292 gratuita.
1224 5220 1350 5277 Haec
1369 5233 1546 5279 autem
1567 5223 1769 5280 Christi

199 5317 391 5384 gratia‘,
436 5318 553 5373 sine
596 5331 700 5387 qua
748 5329 852 5371 nec
897 5313 1157 5380 infantes,
1203 5329 1303 5371 nec
1340 5325 1495 5372 aetate
1538 5316 1769 5388 grandes

203 5407 309 5461 salvi
346 5408 454 5465 ﬁeri
505 5417 756 5480 possunt,
785 5423 896 5463 non
944 5407 1148 5464 meritis
1173 5408 1432 5475 redditur,
1465 5401 1559 5466 sed
1606 5411 1771 5482 gratis

205 5500 360 5568 datur;
404 5514 620 5575 propter
650 5500 798 5574 quod
828 5511 886 5558 et
911 5502 1080 5574 gratia
1107 5504 1428 5558 nominatur.
1468 5503 1768 5574 Justiﬁcati,

204 5591 362 5664 inquit,
389 5600 544 5668 gratis
590 5615 686 5669 per
726 5599 1032 5669 sanguinem
1060 5597 1238 5668 ipsius.
1271 5596 1425 5654 Unde
1462 5599 1498 5653 ii
1532 5599 1621 5670 qui
1662 5615 1770 5654 non

199 5731 482 5856 πέει.
523 5744 577 5787 et
615 5733 858 5786 Gallicani
901 5739 1011 5786 Mss.
1053 5746 1244 5787 necnon
1286 5735 1524 5800 Vaticani,
1547 5735 1652 5789 lttec
1675 5736 1772 5802 igi-

244 5855 309 5920 (ἀ)
335 5866 481 5926 ιτα-ιε,
499 5867 608 5916 αα.

1912 600 2058 660 runt,
2087 593 2200 650 sive
2241 597 2363 667 quia
2407 599 2623 658 obedire
2671 606 2972 674 noluerunt,
3009 609 3123 666 sive
3167 611 3328 668 etiam
3366 629 3488 671 cum

1911 699 2008 754 per
2034 693 2246 742 aetatem
2275 689 2458 747 audire
2494 705 2598 749 non
2636 708 2872 765 possent,
2906 699 3175 757 lavacrum
3209 719 3493 775 regenera-

1909 775 2071 832 tionis
2095 778 2236 848 quod
2263 781 2506 852 accipere
2545 797 2781 855 possent,
2813 806 2909 860 per
2933 793 3073 863 quod
3100 795 3230 850 salvi
3272 797 3485 868 ﬁerent,

1906 883 2014 924 non
2051 883 2390 942 acceperunt,
2417 875 2560 946 juste
2601 879 2786 950 utique
2812 882 3132 942 damnantur
3160 905 3174 943 :
3202 890 3324 960 quia
3369 891 3488 948 sine

1905 971 2126 1030 peccato
2154 978 2260 1019 non
2295 976 2434 1033 sunt,
2463 969 2548 1024 vel
2568 971 2711 1040 quod
2736 973 3060 1044 originaliter
3088 989 3379 1051 traxerunt,
3402 985 3486 1042 vel

1902 1052 2042 1121 quod
2069 1055 2222 1112 malis
2247 1057 2481 1114 moribus
2507 1059 2840 1120 addiderunt.
2877 1064 3062 1124 Omnes
3089 1073 3221 1127 enim
3245 1091 3480 1144 peccaue-

1900 1154 2036 1210 runt,
2065 1146 2177 1204 sive
2204 1149 2256 1204 in
2273 1149 2464 1218 Adam,
2485 1153 2603 1210 sive
2617 1154 2670 1209 in
2689 1171 2750 1211 se
2778 1156 2928 1227 ipsis,
2943 1169 2989 1213 et
3005 1172 3147 1232 egent
3174 1165 3337 1234 gloria
3358 1165 3476 1223 Dei.

1969 1236 2194 1295 CAPUT
2248 1239 2312 1294 V.
2360 1271 2433 1283 —
2476 1243 2532 1300 5.
2583 1243 2807 1302 Justitite
2853 1258 2962 1302 erat
3006 1250 3238 1306 damnari
3288 1271 3479 1314 omnes.

1897 1325 2156 1385 Universa
2184 1331 2343 1402 igitur
2379 1349 2554 1392 massa
2598 1352 2782 1408 pmnas
2825 1339 3026 1398 debet:
3057 1352 3111 1399 et
3151 1344 3200 1401 si
3235 1347 3480 1407 omnibus

1895 1418 2130 1477 debitum
2159 1424 2516 1485 damnationis
2550 1432 2868 1502 supplicium
2902 1435 3234 1506 redderetur,
3265 1455 3372 1495 non
3398 1441 3481 1497 in-

1887 1511 2030 1584 juste
2061 1520 2246 1588 procul
2265 1521 2427 1578 dubio
2447 1523 2777 1581 redderetur.
2801 1527 2902 1594 Qui
2931 1544 3058 1600 ergo
3087 1529 3211 1587 inde
3236 1547 3332 1602 per
3353 1548 3477 1604 gra-

1893 1605 2018 1662 tiam
2068 1610 2377 1680 liberantur,
2430 1631 2538 1671 non
2578 1633 2703 1673 vasa
2734 1621 3046 1676 meritorum
3093 1637 3330 1693 suorum,
3380 1613 3477 1683 sed

1889 1711 2014 1753 vasa
2058 1701 2437 1762 misericordiae
2479 1709 2818 1765 nominantur
2843 1710 3018 1783 (Rom.
3045 1729 3118 1778 ix,
3155 1714 3270 1786 25).
3311 1715 3475 1788 Cujus

1886 1792 2288 1866 misericordiae,
2316 1800 2417 1855 nisi
2456 1801 2596 1857 illius
2619 1804 2708 1873 qui
2734 1803 3003 1860 Christum
3041 1806 3220 1862 Jesum
3247 1810 3392 1864 misit
3416 1811 3470 1866 in

1886 1879 2026 1938 hunc
2050 1887 2303 1943 mundum
2327 1899 2636 1960 peccatores
2657 1893 2833 1949 salvos
2858 1893 3034 1950 facere
3055 1895 3110 1964 (Ι
3133 1895 3265 1952 Tim.
3288 1914 3327 1963 ι,
3346 1901 3464 1972 15),

1884 1988 2018 2045 quos
2051 1979 2333 2046 praescivit,
2360 1989 2415 2036 et
2441 1982 2856 2052 prmdestinavit,
2885 1994 2940 2041 et
2967 1989 3194 2054 vocavit,
3223 1997 3278 2044 et
3307 1989 3467 2060 justi-

1881 2065 2078 2136 ﬁcavlt,
2099 2076 2156 2124 et
2179 2070 2495 2140 gloriﬁcavit
2521 2074 2699 2145 (Rom.
2724 2091 2838 2142 Vill,
2864 2075 2958 2144 29,
2981 2078 3103 2150 30)?
3148 2079 3277 2147 Quis
3305 2080 3465 2152 igitur

1881 2172 2049 2229 usque
2068 2159 2203 2216 adeo
2232 2160 2632 2222 dementissime
2651 2166 2899 2234 insaniat,
2928 2178 2987 2223 ut
3011 2169 3115 2223 noxi
3138 2178 3258 2240 agat
3282 2171 3466 2227 ineﬁ‘a—

1879 2248 2014 2307 hiles
2040 2253 2239 2324 gratias
2276 2255 2657 2313 misericordiae
2683 2274 2816 2330 quos
2856 2261 3020 2316 voluit
3052 2261 3346 2329 liberantis,
3374 2265 3466 2334 qui

1877 2351 2026 2399 recte
2051 2345 2197 2401 nullo
2226 2347 2387 2403 modo
2415 2357 2596 2419 posset
2636 2351 2854 2423 culpare
2887 2351 3149 2423 justitiam
3186 2353 3465 2413 universos

1881 2437 2100 2492 omnino
2125 2437 2472 2495 damnantis?

1971 2529 2199 2586 CAPUT
2260 2531 2349 2586 Vl.
2389 2561 2462 2573 —
2502 2532 2556 2589 6.
2595 2532 2993 2604 Pelagianorum
3031 2535 3234 2606 ingenia
3283 2537 3462 2610 fortis-

1875 2619 2004 2675 sima
2039 2629 2086 2676 et
2130 2621 2405 2677 celerima.
2451 2623 2564 2680 Hoc
2616 2625 2661 2679 si
2691 2624 2982 2680 secundum
3027 2619 3327 2697 Scriptores
3376 2643 3463 2685 sa-

1871 2709 2115 2780 piamus;
2161 2727 2270 2768 non
2317 2713 2559 2783 cogimur
2600 2723 2784 2770 contra
2829 2715 3172 2772 christianam
3229 2720 3455 2789 gratiam

1871 2799 2165 2871 disputare,
2227 2812 2282 2858 et
2319 2819 2380 2859 ea
2417 2805 2596 2862 dicere
2647 2805 2838 2876 quibus
2883 2807 3251 2863 demonstrare
3300 2824 3463 2866 cone-

1871 2909 1992 2948 mur
2023 2936 2039 2961 ,
2092 2903 2335 2951 naturam
2381 2898 2665 2952 humanam
2718 2914 2890 2969 neque
2939 2900 2992 2956 in
3058 2902 3293 2971 parvulis
3338 2919 3456 2960 me-

1871 2982 1992 3039 dico
2008 2984 2249 3056 indigere
2271 2988 2392 3058 quia
2413 3002 2542 3044 sana
2567 2999 2668 3055 est,
2687 2998 2741 3045 et
2767 2991 2822 3045 in
2850 2991 3137 3061 majoribus
3158 2993 3256 3048 sibi
3288 2994 3458 3064 ipsam

1870 3075 1937 3131 ad
1982 3076 2264 3147 justitiam,
2295 3080 2340 3134 si
2378 3081 2523 3146 velit,
2556 3096 2712 3151 posse
2759 3081 3024 3138 sufﬁcere.
3052 3085 3224 3140 Acute
3263 3086 3460 3156 quippe

1869 3169 2115 3225 videntur
2157 3171 2272 3227 haec
2299 3172 2425 3239 dici,
2453 3174 2547 3229 sed
2591 3175 2644 3229 in
2692 3175 2948 3245 sapientia
2993 3176 3162 3244 verbi,
3189 3193 3292 3248 qua
3334 3191 3459 3233 eva-

1869 3273 2056 3319 cuatur
2083 3278 2214 3319 crux
2240 3262 2438 3321 Christi
2461 3264 2513 3337 (l
2541 3265 2658 3322 Cor.
2688 3283 2727 3335 ι,
2760 3268 2872 3340 l7).
2903 3267 3026 3322 Non
3051 3277 3124 3322 est
3153 3270 3249 3322 ista
3273 3268 3457 3324 desur-

1869 3371 1981 3410 sum
2018 3356 2266 3424 sapientia
2304 3357 2606 3413 descendens
2645 3357 2848 3429 (Jacobi
2886 3375 2966 3428 lii,
3000 3360 3109 3429 15).
3148 3359 3282 3416 Nolo
3311 3361 3454 3431 quod

1869 3448 2108 3518 sequitur
2139 3449 2336 3515 dicere,
2362 3465 2429 3505 ne
2461 3451 2648 3505 amicis
2677 3453 2874 3508 nostris
2909 3467 3136 3523 quorum
3166 3453 3455 3510 fortissima

1869 3547 1926 3594 et
1948 3539 2226 3595 celerrima
2253 3540 2462 3610 ingenia
2503 3556 2609 3598 non
2651 3542 2704 3597 in
2751 3557 3080 3612 perversum,
3104 3545 3198 3601 sed
3231 3546 3282 3600 in
3308 3545 3456 3603 dire-

1869 3638 2016 3685 ctum
2041 3645 2260 3687 currere
2288 3631 2550 3698 volumus,
2584 3631 2763 3688 facere
2791 3634 3158 3690 existimemur
3182 3635 3451 3706 injuriam.

1941 3721 2166 3778 CAPUT
2203 3721 2496 3798 Vll.—V7.
2536 3723 2840 3794 Aggredilur
2865 3723 2982 3780 libri
3020 3723 3224 3797 Pelagii
3260 3733 3458 3797 refuta-

1872 3814 2076 3868 tionem.
2095 3811 2358 3868 Interesse
2408 3823 2454 3866 et
2483 3799 2650 3883 posse.
2679 3813 2930 3868 distinctio
2977 3813 3193 3886 Pelagii.
3251 3817 3458 3884 Quanto

1871 3904 2033 3976 igitur
2084 3904 2203 3960 zelo
2275 3919 2531 3962 accensus
2573 3912 2657 3960 est
2707 3905 2830 3960 libri
2874 3905 3030 3976 hujus
3060 3947 3076 3972 ,
3127 3923 3285 3978 quem
3353 3911 3458 3964 mi-

1871 3997 2036 4063 sistis,
2066 3997 2330 4064 conditor,
2352 3997 2609 4054 adversus
2633 4012 2728 4054 eos
2757 3999 2849 4070 qui
2877 4000 3108 4069 peccatis
3143 4001 3253 4056 suis
3281 4012 3460 4072 patro-

1871 4087 2070 4143 ciuium
2106 4087 2176 4143 de
2216 4096 2421 4143 naturae
2462 4088 2711 4143 humanae
2755 4089 3065 4146 inﬁrmitate
3112 4092 3456 4162 perquirunt;

1873 4187 2021 4235 tanto
2053 4186 2110 4236 et
2149 4179 2320 4234 multo
2355 4179 2662 4236 ardentiore
2703 4180 2819 4236 zelo
2857 4195 2956 4237 nos
2983 4190 3193 4253 oportet
3217 4184 3454 4251 accendi,

1874 4288 1942 4329 ne
1969 4280 2257 4328 evacuetur
2291 4287 2423 4327 crux
2447 4272 2665 4328 Christi.
2696 4273 2997 4328 Evacuatur
3040 4283 3237 4340 autem,
3269 4275 3315 4329 si
3358 4275 3459 4330 ali-

1872 4379 1980 4438 quo
2023 4364 2184 4420 modo
2230 4372 2425 4435 praeter
2469 4363 2610 4420 illius
2655 4363 3062 4420 Sacramentum
3106 4364 3173 4420 ad
3198 4364 3460 4435 justitiam

1873 4461 2142 4530 vitamque
2166 4468 2419 4516 aeternam
2461 4459 2724 4530 perveniri
2770 4474 2927 4529 posse
2954 4459 3163 4515 dicatur
3193 4477 3206 4514 :
3235 4460 3378 4530 quod
3406 4461 3462 4516 in

1874 4553 2011 4610 libro
2040 4555 2143 4610 isto
2167 4555 2358 4625 agitur,
2388 4554 2514 4609 nolo
2538 4554 2719 4610 dicere
2746 4555 2812 4610 ab
2839 4555 3062 4622 sciente,
3091 4570 3160 4610 ne
3185 4555 3334 4609 illum
3369 4555 3462 4625 qui

1875 4661 1997 4701 eum
2039 4645 2273 4716 scripsit,
2307 4660 2376 4700 ne
2398 4645 2744 4701 christianum
2775 4645 2988 4715 quidem
3039 4644 3343 4701 habendum
3367 4645 3461 4716 ju-

1874 4736 2084 4803 dicem;
2130 4736 2223 4793 sed
2248 4736 2391 4807 quod
2429 4737 2599 4808 magis
2639 4735 2818 4803 credo,
2849 4751 2878 4790 a
2906 4735 3178 4793 nesciente
3207 4753 3222 4790 :
3253 4737 3462 4808 magnis

1875 4843 2004 4885 sane
2029 4827 2260 4894 viribus;
2289 4827 2388 4883 sed
2419 4842 2511 4884 eas
2531 4842 2690 4883 sanas
2710 4827 2850 4894 volo,
2883 4842 2990 4885 non
3015 4827 3199 4899 quales
3226 4827 3461 4900 phrene-

1875 4920 1968 4976 tici
1993 4918 2192 4975 habere
2220 4928 2565 4974 consuerunt.

1948 5013 2002 5068 8.
2052 5012 2184 5067 Nam
2233 5012 2383 5082 prius
2420 5011 2727 5082 distinguit,
2770 5011 2912 5066 aliud
2957 5028 3064 5068 esse
3097 5027 3354 5082 quaerere,
3397 5029 3464 5068 an

1877 5107 2035 5179 possit
2059 5106 2253 5178 aliquid
2281 5122 2406 5173 esse,
2443 5106 2578 5177 quod
2616 5106 2683 5160 ad
2710 5108 2870 5161 solam
2922 5106 3302 5178 possibilitatem
3343 5124 3462 5178 per-

1878 5200 2035 5254 tinet:
2078 5200 2240 5268 aliud,
2272 5209 2510 5255 utrumne
2537 5201 2623 5255 sit.
2665 5199 2814 5256 lianc
2842 5200 3238 5257 distinctionem
3280 5216 3464 5257 veram

1877 5307 1997 5348 esse
2017 5305 2175 5348 nemo
2199 5291 2451 5363 ambigit:
2474 5306 2811 5363 consequens
2830 5292 2972 5348 enim
3002 5300 3084 5348 est
3111 5301 3169 5348 ut
3191 5291 3333 5363 quod
3358 5301 3463 5359 est,

1877 5401 1997 5442 esse
2043 5387 2306 5458 potuerit;
2352 5401 2460 5442 non
2502 5393 2585 5442 est
2626 5394 2802 5441 autem
2851 5400 3184 5456 consequens
3224 5393 3283 5439 ut
3322 5385 3464 5455 quod

1877 5494 1997 5536 esse
2037 5487 2231 5551 potest,
2264 5479 2425 5534 etiam
2453 5478 2544 5534 sit.
2582 5477 2718 5546 Quia
2745 5477 2886 5534 enim
2919 5477 3174 5532 Dominus
3203 5476 3462 5532 Lazarum

1879 5574 2152 5631 suscitavit
2179 5573 2360 5645 (Joan.
2387 5577 2464 5642 xi,
2497 5574 2588 5640 45,
2610 5573 2725 5647 44),
2751 5574 2867 5629 sine
2900 5572 3062 5629 dubio
3093 5571 3264 5641 potuit
3291 5591 3305 5629 :
3337 5571 3461 5641 quia

1878 5682 2009 5724 vero
2053 5666 2244 5724 Judam
2293 5681 2402 5723 non
2448 5667 2724 5724 suscitavit
2741 5665 2837 5737 (a),
2879 5663 3134 5734 numquid
3177 5663 3463 5720 dicendum

1942 5800 2015 5863 (α)
2048 5806 2221 5863 Petrus
2241 5799 2532 5863 Lombardus
2568 5800 2618 5849 in
2655 5799 2687 5863 i_
2703 5804 2837 5847 Sent.
2862 5795 2974 5847 dist.
3016 5795 3108 5856 45,
3145 5809 3250 5863 cap.
3275 5803 3384 5858 uit.,
3410 5802 3467 5848 ut

1871 5857 2114 5933 ostendat
2135 5869 2287 5916 Deum
2307 5860 2460 5920 multa
2496 5874 2642 5926 posse
2664 5859 2830 5914 facere
2851 5871 2962 5925 quas
2999 5867 3095 5910 non
3117 5857 3222 5912 γυιὶ
3237 5893 3253 5924 ,
3277 5865 3448 5925 postea
