3984 6520
1867 269 1928 286 ε...
1957 277 1962 280 .

549 409 650 467 251

551 532 656 590 est,
694 518 810 577 Non
847 509 1054 588 potuit?
1079 505 1258 566 Potuit
1281 513 1428 572 ergo,
1461 495 1562 552 sed
1587 492 1774 550 noluit.
1795 488 1928 544 Nam
1953 485 2000 542 si
2023 498 2119 539 vo-

1499 379 1589 436 DE
1621 366 1904 435 NATURA
1942 360 2028 418 ET
2065 359 2342 428 GM'HA,
2381 358 2442 416 S.
2472 355 2842 416 AUGUSTINI

2229 476 2286 531 in
2310 487 2376 528 ea
2404 471 2622 542 regione
2661 468 2940 528 ὁθῐιιιιιιιιιιι
2984 471 3092 534 est,
3113 475 3208 524 an:
3249 477 3364 522 non
3400 469 3558 538 potuit
3593 472 3758 540 Clu-isti

3663 371 3754 438 3.5!

553 555 635 582 cas
696 555 810 577 nuu
881 555 1045 572 νυνι...
1080 555 1254 566 ---νη
1289 555 1370 572 ην
1414 555 1428 567 ¹

553 565 758 678 luisset,
783 555 964 668 eadem
995 606 1151 662 etiam
1195 599 1298 653 hoc
1338 599 1602 665 potestate
1631 588 1880 666 iecisset;
1910 581 2032 652 quia
2071 585 2126 635 et
2229 580 2424 624 nomen
2447 562 2664 678 sagire;
2709 559 2882 630 potuit
2905 557 3020 626 ﬁeri
3054 555 3229 626 justus
3263 568 3363 624 per
3388 567 3608 622 naturam
3633 579 3680 625 et
3701 572 3754 628 li-

1786 677 1790 678 ⁷
1872 672 1901 678 “
1957 672 1970 678 ’
2028 672 2041 678 ’
2229 659 2413 678 ιη’-*Α
2448 670 2505 678 η-
2543 653 2718 678 ²·-²----
2771 665 2834 678 ιι·-
2863 663 2967 678 nm-
2999 645 3164 678 mtni.
3187 644 3213 678 9
3245 644 3302 678 ας
3335 651 3551 678 ..Μηςηη
3580 656 3677 678 LA,
3714 671 3724 678 Α

577 644 758 678 UISSCI,
783 644 964 668 cauus"
995 644 1151 662 ιιι-ι...
1197 644 1296 653 ην-
1341 644 1488 665 ιη---
1541 644 1544 645 ,
1869 644 1877 649 _
1929 644 1941 652 _

563 644 728 765 |[i'ilius
783 717 914 774 quos
960 696 1073 752 vult
1107 690 1339 747 viviﬁcat
1381 684 1560 757 (Joan.
1609 695 1665 745 v,
1713 661 1828 746 2i).
1868 672 1976 729 Sed
2028 672 2128 726 bac
2229 659 2418 715 herum
2447 653 2744 774 δεξίιτίιξω,
2769 665 2838 706 an
2863 663 2970 710 non.
2990 644 3213 774 stituit?
3245 644 3306 712 Si
3334 651 3554 730 potuisse
3577 656 3758 730 dicunt;

1799 767 1813 774 '
1966 773 1970 774 ν
2077 761 2124 774 "
2237 763 2357 774 *ου-Α
2406 760 2508 774 ι’·-Λ
2589 757 2644 774 ΔΩ
2731 755 2941 774 hin-nom
3022 753 3184 774 ,ιι-παι
3236 751 3484 774 ovantum.
3545 745 3645 774 μιν,
3685 752 3748 774 ει,⁸

563 737 728 765 ιίιιυθ
822 737 914 756 uua
969 737 1073 752 nu.
1120 737 1338 747 ....--.__
1385 737 1420 757 ν
1450 737 1459 738 ,
1651 737 1663 745 ,

561 737 895 857 ἀίειίιιειίιέιηε
924 803 1048 845 vera
1071 794 1228 855 atque
1259 777 1535 836 manifesta
1562 786 1668 843 quo
1691 767 1892 831 tendat,
1925 773 1979 820 et
2003 761 2128 834 quid
2233 763 2362 806 ecce
2404 744 2548 817 quod
2588 751 2696 810 est,
2731 755 2946 857 crucem
2990 737 3196 857 C‘bristi.
3236 751 3502 857 euacuqre,
3544 745 3646 804 sine
3685 752 3758 811 ma

2243 847 2550 857 ’”“’““”““¹““““
2585 844 2677 857 “¹“¹¹
2705 836 2887 857 ”““¹¹“¹’⁶
2915 840 2997 857 θη*
3049 837 3198 857 οαΔηη
3245 837 3274 857 Δ
3337 839 3403 857 un
3426 830 3605 857 ..ηιηοιη
3644 836 3734 857 __,_,

561 891 775 948 eliicere
803 889 1043 946 conetur,
1075 873 1371 933 advertite:
1403 867 1536 934 Nos,
1569 863 1754 935 inquit,
1787 859 1848 914 de
1873 857 1981 913 sola
2009 871 2128 926 pos-

560 979 795 1036 sibilitate
819 945 1125 1032 tractamus;
1173 969 1236 1020 de
1271 978 1370 1035 qua
1397 959 1494 1015 nisi
1519 955 1646 1028 quid
1683 961 1872 1008 certum
1897 945 2130 1002 constite-

560 1011 792 1036 awuuuw
819 1011 1120 1032 υυυιιιηωνυ,
1173 1011 1234 1020 ..ν
1307 1011 1368 1016 -.η
1398 1011 1488 1015 ,ην
1532 1011 1544 1028 ⁸

559 1072 646 1136 rit,
676 1065 957 1138 transgredi
997 1061 1072 1116 ad
1103 1011 1641 1126 aliudigraoissimum
1675 1059 1780 1099 esse
1817 1049 1965 1109 atque
1991 1043 2136 1090 extra
2173 1035 2220 1098 ,λ’
2240 1016 2380 1088 Ετςο
2425 1011 2654 1074 Christus

1822 1133 1854 1138 ·-
2240 1116 2456 1138 nne-anni
2507 1107 2654 1138 nﬁnm

2240 1116 2478 1181 possent,
2507 1103 2718 1170 etiamsi
2744 1110 2985 1162 mortuus
3013 1100 3103 1154 ille
3131 1112 3238 1152 non
3259 1107 3427 1164 esset;
3463 1107 3516 1154 et
3553 1102 3594 1156 si
3619 1103 3771 1174 injusti

565 1133 790 1215 ordinent
817 1133 1082 1210 vducinius.
1126 1149 1238 1204 Hoc
1272 1151 1452 1201 versat-
1496 1139 1678 1194 multis
1715 1133 1887 1190 modis
1923 1137 1978 1186 et
2018 1141 2136 1183 ser-

565 1267 726 1308 mone
770 1249 1039 1307 d-iuturno,
1067 1257 1135 1298 ne
1185 1240 1304 1310 quis
1350 1249 1470 1291 eum
1520 1229 1682 1294 aliud,
1720 1240 1878 1297 quam
1921 1221 1990 1278 de
2032 1234 2138 1274 non
2187 1219 2202 1274 ι
2245 1217 2276 1258 θ

1820 1276 1980 1373 6nd,,
2002 1314 2141 1368 ξηιθι-
2245 1297 2484 1362 possent.
2511 1287 2570 1344 Si
2612 1293 2790 1348 autem
2832 1282 2949 1338 sine
2972 1278 3170 1344 Christi
3212 1276 3377 1348 gratia
3400 1277 3654 1348 iustiﬁcari
3679 1299 3774 1342 om.

2089 1420 2141 1460 ο,
2246 1383 2376 1446 nino
2417 1395 2524 1436 non
2566 1375 2757 1450 potuit,
2786 1374 2945 1436 etiam
2989 1369 3149 1424 istum
3193 1367 3240 1422 si
3267 1366 3424 1422 audet
3469 1369 3684 1427 absolvat
3705 1391 3778 1431 se-

2109 1513 2145 1552 ιι
2247 1474 2480 1536 cundum
2504 1470 2664 1528 verba
2689 1482 2782 1530 sua
2803 1483 2816 1532 ς
2840 1464 2962 1536 quia
2981 1462 3024 1516 si
3044 1460 3232 1516 idcirco
3253 1457 3368 1512 talis
3392 1459 3505 1530 fuit,
3525 1463 3648 1532 quod
3666 1464 3780 1520 aliud

563 1343 820 1418 peccandi
865 1338 1213 1412 possibilitate
1245 1342 1484 1403 quaerere
1509 1321 1794 1381 existimet.

569 1410 733 1497 inuita
753 1410 940 1508 quibus
967 1432 1018 1488 id
1041 1429 1167 1502 agit,
1187 1427 1344 1482 etiam
1367 1423 1468 1477 hoc
1493 1417 1620 1474 dicit
1648 1434 1662 1470 ε
1697 1413 1841 1468 Idem
1863 1410 2088 1508 iterum:

572 1541 706 1604 peto,
739 1496 849 1598 E'go
878 1525 989 1579 diro
1033 1496 1190 1594 posse.
1215 1532 1320 1572 esse
1366 1511 1620 1567 hominem
1665 1509 1773 1561 sine
1815 1507 2034 1570 peccato.
2064 1496 2108 1551 T

572 1591 703 1696 quid
743 1591 912 1674 dicis?
955 1591 1076 1670 Non
1122 1627 1268 1686 posse
1309 1623 1414 1664 esse
1455 1603 1710 1659 hominem
1758 1598 1864 1653 sine
1904 1591 2146 1665 peccato?

575 1691 757 1788 Neque
794 1729 883 1784 ego
925 1711 1056 1776 dico,
1101 1703 1290 1776 inquit,
1340 1699 1590 1754 hominem
1627 1708 1734 1748 esse
1773 1691 1881 1744 sine
1921 1691 2144 1759 peccato,

573 1779 734 1881 neque
759 1815 812 1860 tu
823 1779 960 1859 vdicis
989 1817 1088 1856 non
1109 1814 1214 1855 esse
1239 1793 1492 1849 hominem
1518 1789 1625 1844 sine
1653 1791 1891 1857 peccato:
1921 1779 1984 1834 de
2005 1790 2150 1850 posse

576 1913 622 1956 et
643 1868 742 1954 non
766 1913 928 1969 posse,
944 1910 1044 1949 non
1060 1892 1122 1945 de
1135 1904 1240 1945 esse
1256 1897 1304 1941 et
1321 1901 1422 1940 non
1438 1897 1544 1937 esse
1564 1876 1930 1934 contendimus.
1950 1868 2152 1926 Deinde

577 1965 829 2048 nonnulla
854 2001 1037 2044 eorum
1066 1998 1185 2055 quae
1221 1977 1475 2034 adversus
1505 1987 1598 2030 eos
1621 1971 1686 2026 de
1712 1965 1999 2037 Scripturis
2025 1976 2151 2032 pro-

577 2085 702 2140 ferri
740 2083 932 2146 solent,
961 2077 1026 2132 ad
1067 2054 1221 2132 istam
1270 2068 1616 2142 quastiouem
1643 2077 1750 2118 non
1781 2058 2067 2130 pertinere,
2099 2054 2155 2108 in

580 2161 688 2246 qua
713 2172 986 2245 quaeritur,
1009 2168 1244 2240 possitne
1268 2179 1336 2219 an
1359 2175 1468 2216 non
1497 2156 1664 2229 possit
1689 2155 1850 2210 homo
1886 2164 2006 2207 esse
2041 2149 2156 2204 sine

580 2241 817 2340 peccato,
851 2263 922 2318 ita
966 2263 1387 2318 commemorat:
1422 2252 1561 2307 Nam
1596 2268 1616 2302 ί
1669 2247 1860 2309 nullus,
1898 2261 1920 2295 ι
1962 2241 2154 2312 inquit,

589 2333 610 2412 ἒ
653 2356 869 2431 mundus
894 2363 966 2410 est
1007 2369 1038 2407 a
1073 2349 1219 2408 sorde
1261 2369 1280 2402 ι
1313 2345 1567 2419 (Ιοῡζχιν,
1607 2343 1663 2410 4,
1689 2355 1800 2409 εείτι.¹
1832 2334 2028 2409 LXX).
2067 2333 2156 2400 Et,

586 2466 607 2504 ι
655 2447 776 2502 Νοη
803 2427 876 2500 est
898 2445 1045 2498 homo
1064 2442 1151 2512 qui
1171 2457 1270 2495 non
1292 2445 1457 2510 peccet
1485 2454 1504 2489 ι
1531 2435 1620 2508 (Ill
1648 2433 1774 2504 Reg.
1794 2445 1907 2496 Vill,
1927 2427 2057 2498 46);
2089 2433 2158 2494 et,

590 2557 612 2594 ι
661 2539 780 2595 Non
796 2547 865 2594 est
887 2541 1056 2610 justus
1076 2535 1128 2588 in
1151 2543 1286 2588 terra
1311 2527 1532 2602 i(Eccle.
1555 2543 1649 2593 vn,
1666 2523 1791 2598 21);
1819 2533 1916 2589 et,¢
1943 2519 2064 2576 Non
2091 2527 2165 2575 est

593 2653 614 2688 s
657 2635 742 2708 qui
776 2632 930 2704 faciat
954 2629 1138 2683 bonum
1172 2645 1190 2678 ι
1226 2623 1395 2699 (Psal.
1422 2637 1540 2689 xui,
1565 2619 1652 2691 i);
1685 2628 1730 2672 et
1766 2625 1945 2672 cratera
1974 2613 2052 2668 his
2091 2612 2164 2666 si-

590 2705 752 2792 milia,
771 2723 958 2794 inquit,
983 2721 1049 2773 ad
1075 2735 1174 2773 non
1200 2733 1324 2783 esse,
1348 2731 1448 2770 non
1476 2713 1544 2767 ad
1567 2729 1669 2766 non
1703 2726 1848 2781 posse
1869 2705 2162 2778 proﬁciunt.

517 2889 520 2896 ι
596 2814 908 2890 Hujusmodi
952 2812 1085 2867 enim
1123 2807 1367 2878 exemplis
1408 2803 1704 2869 ostenditur,
1732 2799 1906 2871 quales
1947 2797 2170 2852 homines

591 2911 797 2988 quidam
839 2917 1060 2978 tempore
1095 2903 1268 2975 aliqua
1313 2900 1535 2971 fuerint;
1574 2913 1676 2952 non
1721 2894 1860 2966 quod
1897 2889 2040 2945 aliud
2066 2903 2172 2943 esse

596 2981 698 3058 non
720 2999 1006 3074 potuerint:
1027 2995 1161 3051 unde
1184 3003 1231 3050 et
1247 2996 1366 3067 jure
1393 2990 1716 3047 inueniuntur
1744 3002 1849 3041 esse
1871 2981 2170 3054 culpabiles.

596 3094 737 3152 Nam
762 3094 806 3149 si
843 3091 1035 3146 idcirco
1079 3087 1204 3143 tales
1238 3089 1463 3160 fuerunt,
1503 3083 1624 3154 quia
1652 3079 1794 3136 aliud
1819 3092 1924 3134 esse
1949 3091 2051 3131 non
2077 3088 2172 3146 po-

599 3195 820 3254 tuerunt,
850 3186 1003 3254 culpa
1033 3190 1222 3246 carent.

669 3276 894 3334 CAPUT
909 3275 1045 3332 Vill.
1062 3305 1134 3314 —
1147 3273 1202 3329 9-.
1219 3271 1536 3325 Damnantur
1553 3273 1600 3321 et
1616 3265 1654 3320 ii
1671 3264 1758 3334 qui
1768 3259 2052 3334 justiﬂcari'
2075 3273 2178 3313 non

601 3377 886 3443 potuerunt.
907 3366 1096 3422 Videte
1113 3362 1239 3436 quid
1255 3362 1465 3418 dixerit.
1487 3358 1600 3429 Ego
1625 3365 1803 3412 autem
1821 3353 1960 3420 dico,
1987 3365 2181 3422 parvu-

601 3463 710 3520 lum
729 3467 909 3518 natum
935 3460 986 3515 in
1004 3475 1068 3514 eo
1087 3459 1205 3514 loco
1231 3455 1320 3511 ubi
1339 3454 1389 3510 ei
1420 3466 1526 3508 non
1543 3450 1712 3521 potuit
1737 3463 1835 3518 per
1849 3444 2046 3503 Christi
2071 3443 2176 3498 lla-

601 3557 855 3638 ptismum
897 3551 1186 3614 subveniri,
1217 3554 1388 3603 morte
1413 3550 1762 3617 praeventum,
1791 3539 1988 3595 idcirco
2017 3537 2180 3592 talem

602 3631 788 3715 inisse,
810 3647 862 3704 id
891 3654 994 3726 est,
1022 3645 1138 3700 sine
1159 3643 1370 3704 lavacro
1393 3631 1815 3708 regenerationis
1841 3630 2037 3698 exisse,
2060 3627 2183 3700 quia

605 3756 726 3799 esse
750 3737 894 3796 aliud
921 3721 1028 3802 non
1053 3734 1246 3805 potuit,
1271 3729 1531 3786 Absolvat
1574 3739 1702 3797 ergo
1733 3739 1879 3792 eum,
1901 3731 1956 3778 et
1982 3721 2188 3792 aperiat

607 3833 658 3888 ei
682 3839 870 3888 contra
894 3827 1214 3888 sententiam
1235 3819 1449 3878 Domini
1471 3833 1693 3890 regnum
1720 3815 1976 3873 caelorum
2006 3811 2184 3884 (Joan.

607 3941 686 3992 ιιι,
709 3922 786 3996 5).
813 3920 919 3978 Sed
948 3935 1054 3976 non
1085 3932 1206 3973 eum
1237 3913 1465 3971 absolvit
1497 3909 1804 3982 Apostolus,
1827 3907 1916 3979 qui
1939 3906 2012 3960 ait
2041 3921 2055 3958 :
2084 3903 2188 3958 Per

609 4031 768 4071 unum
800 4012 1051 4066 hominem
1099 4016 1357 4082 peccatum
1395 4003 1602 4059 intrauit
1641 4001 1696 4056 in
1722 3997 1987 4065 mundum,
2020 4005 2068 4050 et
2105 4010 2191 4064 per

611 4116 871 4182 peccatum
911 4119 1082 4168 mors;
1128 4110 1176 4154 et
1212 4098 1285 4152 ita
1311 4097 1365 4150 in
1409 4109 1581 4150 omnes
1609 4091 1832 4146 homines
1878 4085 2188 4159 pertransiit,

608 4179 664 4254 in
689 4215 786 4269 quo
833 4211 1002 4250 omnes
1045 4196 1371 4272 peccaverunt
1415 4185 1589 4259 (Rom.
1620 4199 1674 4250 ν,
1707 4181 1822 4253 12).
1852 4179 2018 4235 Recte
2065 4191 2190 4247 ergo

615 4285 679 4345 ea
705 4267 1076 4350 damnatione,
1105 4298 1222 4354 qua:
1271 4294 1364 4352 per
1399 4277 1699 4332 universam
1749 4285 1980 4328 massam
2007 4267 2194 4335 currit,

613 4396 721 4440 non
747 4377 1042 4434 admittitur
1068 4375 1120 4430 in
1151 4385 1371 4444 regnum
1400 4367 1678 4432 cmlorum,
1697 4363 1936 4436 quamvis
1955 4359 2197 4417 christia-

616 4487 718 4528 nus
749 4485 854 4526 non
882 4467 1053 4524 solum
1079 4479 1183 4520 non
1210 4461 1387 4528 fuerit,
1413 4458 1507 4514 sed
1538 4471 1636 4512 nec
1661 4469 1780 4512 esse
1805 4452 2054 4524 potuerit.

688 4561 916 4626 CAPUT
972 4560 1064 4618 IX”.
1123 4587 1198 4600 ——-
1255 4555 1343 4612 10.
1401 4550 1688 4620 Justiﬁcari
1735 4564 1835 4604 non
1903 4545 2064 4612 potuit
2115 4543 2200 4614 qui

615 4653 804 4714 Christi
844 4669 1022 4708 nomen
1071 4667 1172 4706 non
1200 4646 1410 4702 audiuit.
1449 4643 1660 4700 Crucem
1705 4637 1894 4697 Christi
1935 4653 2197 4693 evacuare.

620 4747 750 4814 Sed,
782 4745 902 4801 Non
937 4745 1228 4808 damnatur,
1261 4739 1541 4809 inquiunt:
1571 4735 1688 4807 quia
1711 4735 1766 4786 in
1787 4730 1949 4788 Adam
1973 4744 2204 4801 peccasse

621 4856 813 4906 omnes,
831 4855 931 4892 non
949 4843 1155 4906 prapter
1172 4839 1430 4903 peccatum
1451 4825 1689 4882 nascendi
1703 4823 1896 4896 origine
1909 4829 2201 4885 attractum,

2235 847 2554 906 quemquam
2585 844 2677 902 per
2704 826 3000 888 naturalem
3027 823 3201 894 legem
3245 831 3300 882 et
3337 825 3608 886 voluntatis
3643 836 3760 890 arbi.

2238 926 2396 982 trium
2441 920 2717 993 iustiﬁcari
2757 932 2915 990 posse
2954 912 3294 980 contendere.
3325 913 3559 974 Dicamus
3596 931 3643 976 et
3678 925 3762 992 hic,

2697 1010 2854 1082 gratis
2899 1016 3125 1066 mortuus
3171 1013 3242 1060 est
3263 1020 3282 1059 .'
3327 1003 3427 1062 hoc
3459 1009 3589 1064 enim
3615 1028 3768 1074 omnes

2277 1208 2443 1274 ssent,
2473 1198 2596 1268 quia
2621 1195 2842 1264 vellent,
2869 1199 3068 1256 essent,
3105 1203 3212 1243 non
3249 1186 3370 1258 quia
3406 1187 3528 1258 justi
3555 1206 3661 1247 esse
3687 1211 3774 1253 non

2252 1582 2362 1630 esse
2390 1563 2595 1618 omnino
2623 1575 2725 1616 non
2753 1555 2934 1629 potuit,
2959 1552 3111 1624 culpa
3137 1549 3321 1606 caruit.

2321 1653 2545 1712 CAPUT
2583 1649 2654 1706 Χ.
2693 1678 2762 1689 -
2801 1648 2889 1702 il.
2941 1644 3147 1699 Versute
3189 1640 3404 1714 gratiam
3438 1641 3680 1710 conﬁtetur
3699 1643 3786 1700 Pc-

2253 1751 2438 1822 lagius.
2479 1745 2584 1804 Sed
2623 1741 2808 1814 objicit
2841 1739 2942 1802 sibi
2971 1737 3123 1808 quasi
3151 1735 3219 1792 ab
3256 1733 3363 1789 alio
3389 1734 3601 1801 dictum,
3630 1746 3677 1792 et
3696 1740 3784 1795 ait;

2257 1841 2428 1898 Potest
2445 1838 2642 1910 quidem
2667 1850 2794 1908 esse,
2812 1831 2898 1888 sed
2921 1847 3008 1902 per
3032 1829 3252 1900 gratiam
3271 1825 3386 1894 Dei,
3403 1827 3603 1896 inquies.
3623 1827 3790 1886 Deinde

2255 1934 2400 1994 velut
2446 1925 2818 2008 respondendo
2864 1920 3137 1994 subiungit
3169 1938 3182 1974 :
3225 1919 3336 1992 Ago
3378 1917 3676 1974 Humanitati
3713 1931 3792 1978 tua

2259 2027 2470 2099 gratias,
2495 2021 2631 2094 quod
2667 2017 2994 2078 assertionem
3033 2028 3220 2082 meam,
3252 2026 3404 2084 quam
3441 2010 3623 2066 dudum
3657 2027 3792 2082 ορρπι.

2261 2119 2472 2192 gnabas,
2499 2131 2603 2170 non
2639 2112 2805 2172 modo,
2828 2127 2930 2166 non
2964 2120 3284 2184 oppugnare,
3320 2113 3408 2156 aut
3430 2103 3644 2172 confiteri
3663 2104 3794 2158 solum

2263 2217 2523 2268 contentus
2561 2221 2663 2268 non
2684 2203 2790 2270 es‘,
2833 2215 3005 2254 verum
3043 2197 3195 2262 etiam
3223 2210 3330 2248 non
3369 2193 3557 2265 refugis
3604 2210 3794 2264 compro-

2264 2303 2402 2364 bare.
2448 2298 2590 2360 Nunt
2629 2297 2814 2362 dicere,
2842 2292 3016 2350 Potest
3052 2289 3280 2362 quidem,
3299 2286 3385 2342 sed
3411 2283 3497 2356 per
3518 2285 3638 2341 illud
3660 2296 3732 2340 aut
3746 2285 3798 2340 il-

2268 2395 2396 2454 lud:
2437 2391 2558 2466 quid
2590 2387 2735 2444 aliud
2761 2395 2854 2454 est,
2885 2400 3036 2458 quam
3067 2399 3169 2446 non
3198 2377 3366 2442 solum
3399 2378 3660 2436 consentire
3693 2379 3799 2448 quod

2269 2487 2428 2561 possit
2471 2499 2600 2549 esse,
2630 2495 2802 2542 verum
2843 2477 2994 2532 etiam
3022 2472 3278 2546 quomodo
3323 2470 3400 2525 uel
3424 2469 3626 2540 qualiter
3659 2468 3799 2540 possit,

2271 2576 2571 2644 ostendere?
2613 2572 2806 2634 Nullus
2848 2571 3018 2640 itaque
3055 2567 3219 2638 magis
3258 2564 3474 2636 alicujus
3507 2562 3575 2617 rei
3602 2561 3804 2632 possibili-

2273 2677 2426 2732 tatem
2449 2667 2648 2740 probat,
2679 2678 2830 2736 quam
2862 2660 2950 2731 qui
2984 2659 3095 2740 ejus
3121 2655 3280 2711 etiam
3316 2652 3598 2725 qualitatem
3623 2655 3805 2723 fatetur;

2276 2761 2396 2836 quia
2418 2773 2574 2828 neque
2602 2753 2790 2824 absque
2810 2768 2864 2806 re
2883 2766 2990 2804 esse
3008 2747 3226 2817 qualitas
3259 2753 3440 2817 potest.
3470 2742 3557 2797 liis
3583 2741 3717 2796 dictis
3737 2741 3810 2796 ite-

2276 2831 2396 2912 rum
2419 2848 2520 2908 sibi
2545 2844 2728 2916 objicit
2755 2861 2770 2899 :
2798 2839 2905 2898 Sed
2938 2849 3011 2908 tu,
3045 2838 3268 2908 inquies,
3299 2835 3393 2890 hoc
3423 2834 3474 2889 in
3503 2835 3605 2889 loco
3623 2831 3705 2886 Dei
3721 2847 3810 2903 gra-

2280 2943 2425 3009 tiam,
2452 2933 2858 3012 quandoquidem
2881 2948 2992 2994 eam
3025 2947 3127 2986 non
3151 2941 3535 2993 commemoras,
3563 2924 3724 2980 uideris
3746 2923 3811 2976 ab-

2281 3049 2454 3094 nuere.
2481 3030 2686 3096 Deinde
2710 3024 3038 3097 respondet:
3067 3019 3248 3094 Egone
3274 3019 3458 3085 abnuo,
3473 3017 3553 3089 qui
3574 3033 3668 3070 rem
3689 3014 3814 3083 confi-

2281 3127 2453 3195 tendo,
2474 3125 2720 3198 confitear
2743 3133 2942 3178 necesse
2974 3123 3046 3172 est
3071 3121 3118 3170 et
3154 3129 3244 3186 per
3268 3112 3404 3184 quod
3423 3127 3502 3165 res
3529 3108 3641 3180 effici
3668 3115 3814 3178 potest;

2283 3236 2352 3280 an
2375 3227 2450 3286 tu,
2472 3196 2699 3290 quirem
2732 3207 2987 3282 negando,
3021 3213 3068 3262 et
3093 3203 3347 3276 quidquid
3381 3200 3507 3256 illud
3530 3208 3596 3255 est
3619 3213 3695 3269 per
3716 3196 3819 3267 quod

2285 3329 2364 3368 res
2379 3287 2587 3382 efficitur
2617 3301 2800 3379 procul
2823 3300 2977 3356 dubio
3006 3313 3160 3368 negas
3175 3295 3202 3350 ?
3226 3295 3442 3351 Oblitus
3468 3301 3564 3359 est,
3587 3291 3682 3361 jam
3703 3303 3749 3344 se
3765 3287 3822 3342 illi

2286 3401 2634 3474 respondere,
2665 3397 2754 3470 qui
2802 3409 2919 3450 rem
2963 3406 3069 3447 non
3115 3397 3304 3460 negat,
3331 3386 3482 3458 cujus
3527 3383 3822 3462 objectionem

2287 3459 2446 3570 patilo
2473 3499 2598 3548 ante
2619 3459 2992 3560 proposuerat
3017 3459 3274 3547 dicentis,
3320 3476 3493 3532 Potest
3528 3459 3708 3548 quidem
3727 3487 3824 3538 esse,

2290 3565 2378 3656 sed
2407 3603 2494 3659 per
2517 3584 2736 3658 gratiam
2755 3579 2870 3634 Dei.
2895 3573 3173 3646 Quomodo
3194 3587 3332 3644 ergo
3357 3571 3520 3634 illam,
3539 3583 3627 3639 pro
3649 3581 3735 3638 qua
3755 3565 3830 3620 iste

2290 3655 2540 3740 multum'
2557 3675 2786 3740 laborat,
2821 3667 3228 3742 possibilitatem
3261 3671 3445 3736 negat,
3475 3661 3560 3734 qui
3587 3659 3631 3716 ei
3654 3659 3746 3729 jam
3767 3655 3831 3712 di-

2291 3773 2382 3840 cit,
2415 3769 2590 3824 Potest
2632 3780 2757 3830 esse,
2786 3761 2875 3816 sed
2919 3775 3010 3832 per
3059 3755 3156 3812 Dei
3195 3753 3468 3828 gratiam?
3517 3749 3834 3807 Verumtamen

2294 3837 2416 3935 quia
2457 3861 2562 3915 isto
2589 3855 2810 3912 dimisso
2838 3849 2928 3924 qui
2957 3863 3074 3904 rem
3096 3847 3207 3918 jam
3237 3844 3550 3910 conﬁtetur,
3579 3839 3677 3912 agit
3699 3837 3835 3894 adhuc

2297 3956 2551 4022 adversus
2576 3963 2670 4006 eos
2697 3946 2790 4020 qui
2817 3951 3014 4016 negant
3038 3956 3159 3998 esse
3185 3939 3451 4010 possibile
3476 3937 3727 3994 hominem
3749 3945 3839 3988 esse

2298 4049 2413 4106 sine
2443 4051 2680 4117 peccato,
2699 4037 2822 4112 quid
2847 4035 2914 4091 ad
2936 4033 3070 4090 nos?
3084 4031 3290 4088 Contra
3317 4045 3452 4104 quos
3472 4027 3579 4084 vult
3600 4033 3723 4098 agat,
3739 4024 3836 4078 dum

2299 4114 2477 4202 tamen
2504 4134 2606 4190 hoc
2630 4117 2970 4192 conﬁteatur,
3004 4122 3148 4196 quod
3175 4122 3450 4193 impietate
3483 4114 3839 4176 sceleratissiina

2301 4239 2542 4302 negatur,
2575 4226 2691 4281 sine
2734 4220 2903 4294 gratia
2930 4217 3026 4280 Dei
3059 4213 3338 4270 hominem
3366 4213 3480 4270 sine
3517 4219 3718 4284 peccato
3749 4220 3840 4262 esse

2303 4300 2408 4390 non
2449 4333 2628 4396 posse.
2679 4313 2815 4371 Dicit
2858 4324 3029 4382 ergo:
3076 4305 3198 4363 Siue
3244 4323 3336 4379 per
3374 4304 3606 4378 gratiam,
3647 4300 3735 4356 sive
3771 4311 3840 4367 per

2303 4386 2633 4488 adiutorium,
2673 4407 2775 4461 sive
2818 4419 2906 4476 per
2951 4399 3377 4466 misericordiam,
3405 4405 3453 4450 et
3491 4391 3718 4467 quidquid
3741 4386 3842 4442 illud

2305 4483 2378 4570 est
2397 4524 2485 4580 per
2511 4503 2644 4576 quod
2667 4515 2774 4556 esse
2792 4498 2940 4562 homo
2962 4494 3146 4568 absque
3175 4499 3384 4564 peccato
3407 4494 3586 4565 peccat,
3603 4483 3844 4555 confitetur,

2308 4599 2530 4676 quisquis
2559 4611 2666 4651 rem
2693 4595 2858 4666 ipsam
2893 4591 3099 4662 fatetur.

2379 4688 2604 4756 CAPUT
2632 4685 2726 4742 XI.
2758 4715 2828 4725 —
2855 4681 2944 4738 12.
2976 4678 3053 4734 De
3079 4678 3250 4756 gratia
3291 4691 3408 4732 cum
3437 4675 3736 4746 disputatur,
3772 4680 3854 4721 non

2310 4789 2372 4850 de
2411 4803 2470 4848 ea
2497 4781 2747 4854 loquimur
2771 4791 2884 4850 qua:
2909 4771 2978 4828 ad
3018 4781 3216 4827 naturae
3245 4771 3458 4842 pertinet
3498 4764 3853 4823 institutionem,

2312 4879 2399 4940 sed
2442 4852 2834 4948 reparationem.
2864 4866 3058 4922 Fateor
3081 4864 3367 4920 Dilectioni
3392 4867 3579 4919 vestras
3597 4901 3612 4928 ,
3639 4871 3746 4914 cum
3779 4852 3859 4908 ista

2313 4975 2566 5045 legerem,
2599 4964 2779 5022 laztitia
2805 4969 3025 5032 repente
3052 4957 3298 5032 perfusus
3324 4972 3466 5024 sum,
3497 4951 3632 5026 quod
3658 4947 3739 5005 Dei
3762 4959 3860 5043 grai

2316 5033 2442 5122 tiam
2469 5033 2576 5117 non
2617 5063 2871 5128 negaret,
2901 5068 2996 5124 per
3024 5066 3183 5122 quam
3229 5049 3402 5106 solam
3431 5047 3589 5102 homo
3629 5033 3864 5116 justilicari

2318 5164 2492 5230 potest
2523 5171 2536 5208 :
2571 5152 2672 5208 hoc
2715 5148 2856 5204 enim
2886 5146 2941 5202 in
2969 5141 3423 5214 disputationibus
3467 5137 3644 5196 talium
3669 5128 3866 5188 maxime

2321 5216 2556 5308 detestor
2574 5289 2588 5314 ,
2618 5253 2672 5301 et
2699 5242 2915 5298 horreo.
2948 5236 3054 5294 Sed
3085 5249 3313 5306 pergens
3341 5233 3522 5304 legere
3547 5236 3726 5284 extera
3744 5263 3757 5289 ,
3779 5216 3866 5288 pri-

2323 5356 2412 5400 mo
2451 5355 2516 5398 ex
2544 5336 2682 5394 datis
2709 5327 3148 5391 similitudinibus
3190 5323 3332 5396 coepi
3361 5323 3559 5377 habere
3585 5321 3866 5386 suspectum.

2325 5435 2416 5492 Ait
2437 5429 2578 5488 enim
2613 5445 2626 5481 :
2665 5444 2685 5480 ι
2717 5423 2892 5481 Nam'
2923 5419 2970 5476 si
2993 5415 3199 5484 dixem,
3223 5415 3398 5472 Homo
3425 5413 3691 5482 disputare
3711 5407 3868 5475 potest.

2327 5524 2439 5582 avis
2465 5521 2666 5586 volare,
2685 5517 2836 5590 lepus
2861 5525 3111 5578 currere;
3139 5517 3194 5566 et
3219 5521 3328 5564 non
3358 5505 3520 5562 etiam
3548 5515 3640 5572 per
3657 5510 3765 5569 quae
3781 5493 3874 5546 lucc

625 4933 716 4990 sed
742 4939 948 5006 propter
971 4927 1319 4991 imitationem,
1347 4923 1535 4976 dictum
1565 4928 1657 4974 est.
1682 4916 1740 4974 Si
1766 4931 1892 4988 ergo
1930 4913 2050 4970 ideo
2075 4913 2208 4969 dici-

627 5036 716 5081 tur
745 5022 916 5079 Adam
945 5027 1132 5074 auctor
1172 5015 1430 5080 omnium,
1472 5012 1562 5084 qui
1608 5007 1877 5066 subsecuti
1920 5015 2064 5073 sunt,
2093 5019 2209 5074 pec-
2241 5041 2249 5048 .

627 5126 890 5182 calorum,
919 5112 1039 5183 quia
1090 5107 1292 5180 primus
1339 5112 1589 5176 peccator
1635 5101 1688 5156 in
1737 5098 2037 5155 hominibus
2076 5096 2206 5162 fuit;

629 5227 724 5268 cur
767 5224 870 5265 non
915 5205 1088 5277 potius
1131 5199 1283 5266 Abel,
1313 5213 1472 5270 quam
1511 5194 1774 5262 Christus,
1817 5191 2028 5263 ponitur
2055 5198 2214 5259 caput

627 5301 866 5360 omnium
907 5300 1190 5370 justorum,
1223 5291 1344 5362 quia
1390 5287 1594 5360 primus
1623 5287 1676 5341 in
1715 5283 2017 5340 hominibus
2041 5281 2215 5351 justus

626 5395 763 5454 fuit?
806 5393 910 5450 Sed
951 5391 1016 5446 de
1057 5387 1256 5443 infante
1287 5399 1392 5439 non
1423 5384 1646 5452 loquor:
1675 5378 1888 5450 juvenis
1926 5375 2012 5430 vel
2051 5388 2218 5430 senex

628 5503 774 5556 qua!!!
795 5485 912 5537 ίιιιιίι
938 5497 1000 5534 ex
1025 5479 1380 5556 ειπειιίτίρίρνιις
1755 5467 2219 5556 esuriamus

627 5529 1184 5612 ie't‘iiittTI‘uééuHidEé
1202 5529 1385 5612 isse
1407 5529 1554 5612 De'us.
1575 5529 1729 5612 sitsi!
1769 5531 1930 5612 ειὲῖρε
1961 5529 2220 5612 quin?“

639 5589 882 5680 ἵν’-δεξειξηῖ
895 5589 1392 5680 Ξὶῖιὶᾙεέξῗεῇει
1407 5615 1452 5661 ;»
1469 5591 1734 5680 ιέιιὶῇιιξιχίι
1758 5589 2223 5680 euntipenter’munc

633 5657 971 5742 ἰῖιξῦἷιῖ-ιξέιῖιῖι
979 5657 1249 5734 praesentis
1269 5665 1378 5712 libri
1393 5657 1417 5722 ,⁷
1452 5661 1516 5710 de
1557 5657 1690 5742 .l’u‘dae
1721 5657 1990 5742 secupdum
2013 5657 2224 5725 animum

1015 5735 1024 5742 ·
1103 5734 1112 5742 '
1154 5738 1162 5742 -
1300 5733 1469 5742 κ---η-ι
1496 5735 1508 5742 -
1550 5729 1588 5742 γι
1630 5733 1703 5742 ...κ
1753 5731 1796 5742 ..ς
1863 5733 1872 5742 .
1893 5729 1966 5742 πη..
2039 5716 2192 5742 nu...“

634 5716 1471 5792 sicv'interpretatum
1496 5735 1515 5792 :7
1543 5721 1706 5769 «idem
1750 5721 1799 5766 in
1843 5717 1993 5792 libro,
2033 5716 2219 5788 inquit,

967 5773 1480 5846 eTVGrz-i-t'i'auz‘boinitiiis
1501 5791 1722 5832 Lazarum
1753 5773 1998 5830 suscitavit
2031 5777 2082 5826 in
2108 5773 2225 5825 'cor-
2334 5773 2408 5816 tus
2431 5776 2523 5813 non
2544 5775 2612 5812 es.
3793 5792 3802 5800 -

1690 5851 1698 5852 ,
1745 5845 1772 5852 ._
1809 5850 1820 5852 _
1875 5841 1886 5852 .
2181 5850 2217 5852 ,-
2401 5831 2420 5852 ι
2453 5837 2524 5852 ην.
2565 5831 2619 5852 m-
2664 5829 2710 5852 as
2735 5821 2910 5852 olinunl’
2939 5825 3028 5852 Mcc
3091 5828 3235 5852 nsrnn-
3284 5809 3368 5852 Alii
3401 5815 3531 5852 MSS“
3557 5812 3683 5852 num.
3791 5805 3802 5842 1

645 5785 942 5852 fde-gutum
967 5803 1018 5846 et
1038 5793 1190 5842 Gratia
1216 5785 1480 5839 {Dominus
1501 5791 1722 5832 Lazarum
1745 5785 1998 5854 suscitavit
2031 5785 2082 5826 ιιι
2117 5789 2225 5825 cor-
2334 5785 2408 5816 tus
2431 5785 2523 5813 uou
2544 5785 2612 5840 es.
2783 5823 2790 5832 _
3339 5809 3366 5822 ﬂ
3791 5785 3890 5842 intra

645 5881 668 5910 st
693 5877 826 5926 pore,
848 5855 1074 5926 numquid
1096 5853 1352 5926 dicendum
1376 5855 1483 5926 Ξ
1801 5841 1970 5894 Judam
1989 5839 2226 5893 suscitare
2339 5821 3065 5926 mygxteﬁfs's
3091 5828 3238 5870 ηαηθο
3283 5810 3370 5864 ΜΠ
3401 5815 3531 5870 ω’»
3557 5812 3683 5856 ⁸⁸³³³⁸·
3711 5801 3764 5848 Εί

637 5883 668 5975 ἒ
689 5883 1488 5978 ¹ιῖιέἕίἓῖ“ὶέἓῖἅί“ἱῦἱὶἇὲἓὶ.”ἕὲἂ
1505 5883 1780 5978 ᾓόὶὶιίὶῖΓ
1801 5883 1970 5894 ’““·““
1989 5883 2177 5893 ”“”“”

2339 5901 2457 5960 num
2474 5897 2589 5952 ergo
2607 5883 2886 5950 ofﬁciorum
2915 5889 2996 5935 etc
3895 5905 3902 5914 .

2395 5678 3538 5760 tam.rr.etaliquotlss.,aiunanconﬁteﬁ
3565 5671 3884 5731 εοιωιιεαιίεπ·
