3984 6524
536 373 645 444 255

540 491 690 546 daces
715 505 820 548 esse
845 490 1083 545 adversus
1106 485 1377 540 ueritatem.
1407 481 1529 536 Non
1549 488 1622 534 est
1643 479 1742 534 ista
1767 475 2014 548 sapientia
2035 473 2122 526 de-

537 601 738 640 sursum
777 581 1108 645 descendens,
1140 576 1228 631 sed
1275 585 1470 630 terrena
1489 616 1504 642 ,
1552 572 1819 638 animalis,
1851 567 2118 622 diabolica.

542 679 640 734 Ubi
668 678 797 732 enim
822 677 957 728 zelus
1001 682 1047 726 et
1073 670 1355 735 contentio,
1385 669 1454 723 ibi
1490 666 1858 730 inconstantia,
1893 672 1939 717 et
1976 676 2122 716 omne

537 785 663 839 opus
699 782 926 837 pravum.
970 763 1096 830 Quce
1118 770 1287 816 autem
1311 762 1572 815 desursum
1597 769 1669 813 est
1705 756 1986 827 sapientia,
2017 753 2123 824 pri-

534 874 670 910 mum
693 856 892 926 quidem
921 854 1106 925 pudica
1128 863 1220 918 est,
1255 853 1432 907 deinde
1458 852 1693 923 paciﬁca,
1721 849 1964 913 modesta,
1994 862 2119 900 sua-

533 948 700 1000 (libilis
718 988 731 1012 ,
761 945 909 1016 plena
935 945 1277 999 misericordia
1299 954 1343 998 et
1369 942 1612 1015 fructibus
1645 939 1784 996 bonis
1803 981 1820 1006 ,
1845 937 2120 993 inaestima-

533 1037 678 1102 bilis,
707 1037 814 1090 sine
833 1037 1151 1092 simulatione
1177 1035 1379 1106 (Jacobi
1405 1051 1460 1089 ut
1482 1076 1494 1098 ,
1528 1033 1629 1099 i0,
1665 1031 1862 1102 15-17).
1897 1030 2020 1084 Ilaec
2037 1037 2121 1085 est

531 1128 788 1197 sapientia
818 1143 936 1198 quae
964 1129 1194 1199 linguam
1223 1127 1424 1193 domat,
1457 1125 1737 1181 desursum
1763 1122 2114 1188 descendens,

531 1235 638 1272 non
669 1219 734 1272 ab
778 1219 1009 1274 humano
1037 1218 1198 1274 corde
1225 1217 1529 1288 prosiliens.
1559 1215 1641 1270 An
1673 1223 1728 1270 et
1769 1214 1923 1269 istam
1965 1214 2114 1284 quis-

531 1325 689 1380 quam
715 1309 973 1380 abrogare
994 1311 1154 1364 audet
1180 1309 1362 1379 gratim
1388 1308 1504 1373 Dei,
1524 1314 1578 1362 et
1603 1321 1722 1362 eam
1741 1305 2116 1375 superbissima

530 1399 766 1455 vanitate
795 1400 940 1470 ponit
965 1401 1019 1454 in
1063 1399 1294 1454 hominis
1319 1397 1617 1468 potestate?
1644 1395 1754 1452 Cur
1780 1411 1906 1466 ergo
1934 1404 2118 1450 oratur
2173 1465 2178 1470 ο

533 1499 591 1546 ut
615 1493 920 1563 accipiatur,
939 1493 983 1546 si
1008 1493 1074 1546 ab
1095 1491 1309 1546 homine
1328 1499 1409 1545 est
1431 1501 1488 1545 ut
1516 1489 1802 1544 habeatur?
1819 1490 1902 1543 An
1922 1497 1976 1542 et
1995 1487 2117 1543 huic

532 1584 762 1638 orationi
790 1583 1167 1640 contradicitur
1184 1624 1198 1648 ,
1231 1597 1300 1637 ne
1327 1581 1417 1636 ﬁat
1445 1581 1634 1651 injuria
1664 1581 1832 1636 libero
1855 1579 2074 1634 arbitrio
2096 1620 2113 1648 ,

530 1677 671 1747 quod
697 1676 795 1731 sibi
819 1675 1011 1731 sufﬁcit
1032 1676 1378 1746 possibilitate
1403 1683 1604 1730 naturae
1630 1674 1696 1729 ad
1717 1673 1980 1744 implenda
2001 1687 2118 1727 om-

532 1769 617 1822 nia
649 1777 912 1838 prmcepta
937 1769 1190 1838 justitiae?
1219 1767 1623 1823 Contradicatur
1649 1781 1777 1837 ergo
1801 1765 1974 1822 eidem
2013 1764 2115 1834 ipsi

529 1860 772 1930 apostolo
798 1859 996 1915 Iacobo
1024 1859 1328 1915 admonenti
1356 1867 1409 1914 et
1435 1858 1667 1925 dicenti,
1710 1858 1773 1913 Si
1798 1858 1910 1928 quis
1948 1865 2115 1910 autem

530 1960 745 2006 vestrum
781 1953 969 2023 indiget
989 1954 1235 2023 sapientia
1255 1992 1268 2016 ,
1299 1951 1516 2022 postulet
1539 1968 1571 2004 a
1600 1950 1708 2004 Deo
1728 1990 1742 2016 ,
1769 1950 1854 2020 qui
1891 1949 1980 2003 dat
2008 1967 2116 2004 om-

529 2043 675 2097 nibus
698 2045 953 2114 afﬂuenter
971 2053 1018 2098 et
1042 2061 1141 2098 non
1161 2044 1490 2114 impmperat,
1520 2051 1566 2096 et
1590 2042 1792 2096 dabitur
1822 2043 1867 2095 ei
1896 2057 1915 2096 :
1942 2050 2118 2112 postu-

528 2134 595 2187 let
614 2143 782 2189 autem
800 2136 852 2188 in
878 2135 979 2204 ﬁde
1002 2135 1130 2190 nihil
1150 2135 1388 2189 Itwsitans
1417 2133 1525 2204 (Id.
1549 2150 1587 2200 I,
1607 2133 1684 2206 5).
1714 2133 1839 2190 Haec
1857 2141 1940 2188 est
1958 2133 2112 2199 ﬁdes,

525 2223 592 2278 ad
620 2239 775 2294 quam
794 2235 1058 2296 praecepta
1084 2226 1432 2295 compellunt,
1447 2232 1507 2280 ut
1530 2226 1616 2280 lex
1643 2226 1889 2294 imperet,
1909 2233 1962 2280 et
1981 2223 2113 2280 ﬁdes

525 2313 791 2384 impetret.
837 2315 936 2370 Per
959 2315 1195 2387 linguam
1221 2316 1364 2372 enim
1385 2358 1401 2384 ,
1430 2331 1590 2387 quam
1628 2316 1806 2371 nullus
1833 2316 2110 2372 hominum

525 2405 744 2466 domare
800 2416 1018 2476 potest,
1079 2409 1175 2464 sed
1229 2409 1488 2478 sapientia
1543 2409 1822 2463 desursum
1881 2408 2110 2465 descen-

525 2499 693 2568 dens,
733 2501 787 2553 in
825 2501 996 2555 multis
1034 2501 1336 2568 offendimus
1373 2517 1543 2556 omnes
1589 2501 1697 2572 (Id.
1743 2517 1832 2568 ιιι,
1871 2501 1949 2572 2).
1996 2502 2112 2562 Non

524 2593 668 2648 enim
689 2603 742 2649 et
766 2591 868 2648 hoc
895 2593 996 2649 iste
1019 2595 1290 2664 apostolus
1315 2593 1421 2649 alio
1436 2593 1595 2648 modo
1612 2595 1984 2663 pronuntiavit,
2013 2594 2112 2650 tic-

525 2693 585 2739 ut
629 2685 759 2739 illud
801 2685 943 2755 quod
985 2686 1091 2753 ait,
1119 2685 1372 2757 Linguam
1413 2685 1584 2740 nullus
1625 2687 1882 2740 hominum
1906 2686 2112 2742 donare

525 2783 704 2846 potest.

594 2869 818 2926 CAPUT
864 2869 1029 2925 XVII.
1058 2900 1132 2910 —
1158 2869 1248 2926 18.
1283 2868 1347 2924 In
1392 2887 1542 2926 carne
1581 2887 1686 2925 esse
1725 2871 1811 2940 qui
1855 2871 2107 2925 dicantur.

523 2959 835 3032 Ignorantia
861 2969 1081 3034 peccata.
1113 2961 1306 3026 Quibus
1350 2961 1626 3031 petentibus
1655 2961 1800 3015 detur
1827 2977 1858 3014 a
1887 2960 1996 3016 Det
2019 2978 2106 3015 sa-

524 3053 732 3124 pientia.
761 3053 870 3109 Nec
910 3053 1037 3108 illud
1066 3055 1344 3124 quisquam
1384 3054 1501 3110 istis
1539 3069 1638 3124 pro
1681 3055 2108 3125 impossibilitate

522 3159 629 3201 non
657 3143 912 3214 peccandi
932 3145 1177 3199 similiter
1195 3145 1469 3216 objecerit,
1489 3143 1631 3216 quod
1651 3143 1848 3200 dictum
1867 3152 1982 3200 est:
2005 3143 2110 3200 Sa—

1482 365 1570 420 DE
1607 359 1887 420 NATURA
1927 357 2017 414 ET
2055 354 2332 422 GRATIA,
2374 355 2440 412 S.
2482 356 2852 415 AUGUSTINI

2229 468 2312 524 his
2333 471 2580 528 omnibus
2603 473 2692 544 qui
2718 473 2796 529 sic
2811 483 2998 544 petunt
3015 483 3070 530 et
3095 483 3296 532 tantum
3316 487 3519 554 petunt,
3537 494 3773 558 quomodo

2227 569 2284 618 et
2317 572 2572 634 quantum
2602 580 2689 622 res
2717 573 2864 621 tanta
2895 567 3121 636 petenda
3144 578 3246 624 est.

2229 685 2232 690 ι
2299 654 2525 712 CAPUT
2561 656 2749 712 XVIII.
2769 657 2945 715 —20.
2971 659 3136 729 Quam
3161 661 3436 720 orationem
3457 663 3685 742 Pelagius
3703 695 3771 734 ne-

2225 752 2491 805 cessariam
2531 750 2808 806 admiserit.
2851 771 2872 805 ‹
2904 753 3167 811 Divinitus
3201 764 3376 813 tamen
3403 773 3522 816 esse
3546 767 3771 836 expianda

2233 860 2253 895 ‹
2299 851 2512 912 peccata
2537 845 2851 912 commissa,
2885 854 2940 901 et
2973 860 3072 916 pro
3125 847 3203 903 eis
3249 848 3530 906 Dominum
3575 869 3772 916 exoran-

2231 952 2251 985 ‹
2299 933 2424 990 dum
2459 954 2479 988 ι
2504 934 2726 1004 fatetur,
2768 945 2986 1007 propter
3027 938 3236 993 veniam
3262 938 3464 996 scilicet
3491 957 3767 1012 promeren-

2223 1025 2385 1086 dam;
2419 1045 2440 1080 ι
2475 1027 2594 1098 quia
2625 1027 2678 1082 id
2715 1028 2856 1098 quod
2882 1029 3076 1085 faetum
3098 1039 3209 1096 est,
3240 1031 3416 1088 facere
3453 1033 3687 1092 infectum
3707 1081 3720 1105 ,
3751 1063 3767 1094 ι

2223 1117 2446 1172 multum
2469 1119 2537 1174 ab
2570 1119 2673 1174 isto
2697 1119 2904 1175 laudata
2936 1138 2958 1173 ι
2999 1121 3234 1192 potentia
3266 1140 3287 1175 ι
3322 1122 3409 1178 illa
3441 1142 3460 1176 ‹
3507 1136 3695 1185 natura:
3728 1145 3772 1189 ct

2221 1208 2464 1264 voluntas
2507 1209 2769 1277 hominis,
2811 1230 2832 1264 ι
2887 1212 3046 1266 etiam
3084 1213 3202 1282 ipso
3229 1211 3463 1284 fatente,
3509 1235 3529 1269 ι
3566 1233 3664 1275 non
3689 1237 3772 1292 po-

2224 1307 2326 1355 test
2356 1317 2370 1354 :
2421 1319 2440 1352 ι
2475 1315 2638 1371 quare
2667 1302 2768 1356 hac
2793 1303 3111 1360 necessitate
3136 1313 3301 1362 restat
3341 1315 3399 1361 ut
3442 1317 3556 1364 oret
3579 1309 3769 1381 ignosci.

2222 1390 2293 1446 Ut
2319 1399 2494 1447 autem
2523 1392 2800 1462 adjuvetur
2825 1409 2894 1450 ne
2936 1404 3156 1466 peccet,
3201 1413 3464 1469 nusquam
3485 1399 3644 1472 dixit,
3683 1421 3769 1464 non

2221 1479 2310 1536 hic
2343 1482 2446 1552 legi
2477 1499 2493 1548 ;
2519 1484 2710 1539 mirum
2750 1485 2819 1542 de
2862 1486 2960 1542 hac
2996 1503 3054 1543 re
3091 1490 3310 1545 omnino
3337 1491 3602 1572 silentium
3629 1513 3642 1548 :
3668 1513 3770 1556 cum

2221 1573 2392 1628 oratio
2431 1573 2695 1631 dominica
2731 1586 3018 1650 utrumque
3059 1581 3346 1650 petendum
3390 1598 3512 1640 esse
3557 1601 3769 1648 commo-

2221 1677 2364 1738 neat,
2387 1681 2442 1726 et
2467 1681 2524 1726 ut
2543 1670 2877 1729 dimittantur
2904 1675 3058 1730 nobis
3081 1675 3256 1732 debita
3283 1687 3467 1733 nostra
3487 1721 3503 1747 ,
3531 1690 3585 1735 et
3607 1691 3659 1736 ut
3679 1700 3770 1742 non

2221 1762 2512 1819 inferamur
2532 1765 2549 1796 ¹
2579 1765 2631 1819 in
2681 1767 3022 1823 tentationem
3048 1785 3065 1835 ;
3115 1769 3244 1826 illud
3265 1811 3281 1839 ,
3315 1780 3377 1827 ut
3424 1777 3674 1843 prteterita
3695 1794 3772 1836 ex-

2222 1855 2431 1925 pientur
2463 1873 2478 1923 ;
2511 1856 2632 1924 hoc,
2659 1867 2716 1912 ut
2743 1857 2918 1914 futura
2947 1861 3200 1917 vitentur.
3230 1864 3382 1932 Quod
3409 1865 3534 1922 licet
3559 1885 3656 1924 non
3679 1871 3770 1940 ﬁat,

2219 1947 2321 2001 nisi
2340 1948 2587 2004 voluntas
2613 1949 2750 2005 adsit
2779 1966 2794 2016 ;
2825 1960 2999 2009 tamen
3031 1963 3089 2009 ut
3115 1954 3242 2024 ﬁat,
3271 1958 3518 2015 voluntas
3547 1963 3652 2018 sola
3683 1981 3772 2022 nou

2219 2039 2415 2094 sufﬁcit
2447 2057 2460 2094 :
2488 2040 2610 2097 ideo
2640 2057 2736 2112 pro
2761 2042 2861 2098 hac
2885 2061 2946 2100 re
2973 2061 3074 2102 nec
3101 2049 3370 2118 superﬂua
3401 2067 3502 2108 nec
3524 2055 3773 2125 impudens

2219 2130 2445 2188 Domino
2474 2131 2782 2190 immolatur
2806 2137 3000 2193 oratio.
3037 2137 3170 2194 Nam
3199 2142 3324 2212 quid
3354 2145 3568 2201 stultius
3587 2187 3601 2213 ,
3637 2163 3772 2218 quam

2219 2235 2373 2276 orare
2401 2231 2458 2276 ut
2485 2222 2647 2280 facias
2671 2225 2811 2296 quod
2854 2227 2909 2282 in
2937 2237 3230 2298 postestate
3256 2232 3459 2290 habeas
3489 2236 3513 2290 I

2290 2313 2514 2370 CAPUT
2549 2313 2692 2371 XIX.
2713 2318 2889 2373 ——2I.
2911 2317 3083 2392 Negat
3109 2321 3350 2396 Pelagius
3373 2337 3608 2400 naturam
3627 2331 3776 2386 burna.

2216 2419 2336 2458 nam
2355 2415 2556 2475 peccato
2572 2407 2896 2479 deprauatum
2908 2421 2998 2466 aut
3018 2425 3326 2486 corruptam.
3345 2417 3469 2473 Jam
3498 2435 3632 2476 nunc
3657 2423 3773 2479 vide-

2217 2502 2289 2559 te,
2312 2496 2452 2565 quod
2480 2497 2548 2551 ad
2573 2513 2688 2553 rem
2711 2501 2940 2558 maxime
2959 2504 3209 2574 pertinet,
3230 2507 3501 2576 quomodo
3521 2509 3772 2568 humanam

2215 2596 2458 2642 naturam
2485 2597 2734 2661 tanquam
2763 2593 2981 2649 omnino
3004 2595 3122 2651 sine
3147 2597 3262 2653 ullo
3289 2599 3420 2654 vitio
3451 2600 3520 2656 sit
3537 2641 3553 2669 ,
3580 2613 3774 2660 conetur

2214 2680 2494 2738 ostendere
2520 2724 2534 2748 ,
2563 2692 2618 2738 et
2643 2693 2826 2740 contra
2850 2687 3213 2756 apertissimas
3253 2689 3558 2762 Scripturas
3602 2695 3686 2750 Dei
3707 2697 3773 2752 lu-

2213 2781 2386 2829 ctetur
2428 2777 2685 2846 sapientia
2733 2779 2903 2847 verbi,
2958 2797 3060 2852 qua
3105 2795 3392 2842 evacuetur
3444 2803 3574 2845 crux
3599 2789 3767 2849 Christi

2215 2865 2271 2938 (I
2293 2867 2409 2921 Cor.
2441 2884 2489 2935 ι,
2522 2870 2589 2924 17
2609 2872 2649 2942 ).
2674 2871 2780 2927 Sed
2818 2873 2976 2943 plane
3011 2875 3100 2930 illa
3137 2893 3247 2933 non
3271 2883 3646 2954 evacuabitur,
3693 2888 3776 2944 ista

2213 2959 2393 3029 potius
2423 2962 2682 3032 sapientia
2711 2965 3066 3022 subvertetur.
3094 2969 3229 3025 Nam
3258 2987 3381 3028 cum
3413 2975 3518 3031 hoc
3550 2979 3775 3035 ostende-

2211 3050 2380 3106 rimus
2401 3093 2416 3120 ,
2447 3053 2620 3110 aderit
2644 3054 2872 3113 fortasse
2899 3059 3262 3118 misericordia
3291 3064 3384 3120 Dei
3411 3106 3429 3133 ,
3464 3077 3520 3122 ut
3546 3080 3599 3124 et
3623 3070 3774 3141 ipsum

2211 3141 2327 3199 haec
2350 3144 2549 3202 dixisse
2572 3149 2844 3218 paeniteat.
2882 3165 2902 3204 ι
2928 3151 3109 3208 Primo
3126 3193 3142 3218 ,
3170 3172 3192 3208 ι
3222 3155 3410 3228 inquit,
3449 3177 3471 3211 α
3501 3161 3568 3217 de
3594 3176 3654 3217 eo
3677 3163 3769 3218 dis-

522 3235 711 3306 pientia
738 3235 903 3290 carnis
927 3235 1132 3290 inimica
1158 3246 1231 3290 est
1266 3237 1320 3290 in
1344 3235 1508 3290 Deum
1539 3252 1559 3290 :
1589 3236 1686 3308 legi
1711 3237 1844 3290 enim
1881 3235 1980 3291 Dei
2006 3252 2107 3291 non
2133 3277 2188 3320 :9,
2212 3237 2504 3306 putandum
2527 3249 2628 3305 est,
2656 3242 2797 3311 quod
2817 3259 2911 3312 per
2933 3254 3209 3314 peccatum
3229 3247 3507 3307 debilitata
3533 3252 3709 3309 dicitur
3731 3265 3777 3311 et

522 3335 595 3381 est
622 3327 880 3396 subjecta;
907 3345 995 3383 nec
1022 3330 1154 3383 enim
1177 3339 1353 3401 potest.
1384 3329 1486 3397 Qui
1507 3335 1673 3384 autem
1696 3331 1750 3386 in
1774 3348 1924 3386 carne
1949 3341 2103 3399 sunt,

522 3417 632 3472 Deo
651 3419 847 3490 placere
866 3437 966 3474 non
993 3429 1198 3490 possunt
1223 3421 1397 3494 (Rom.
1428 3437 1519 3477 vm
1538 3463 1554 3490 ,
1587 3423 1617 3476 7
1635 3463 1652 3488 ,
1675 3423 1754 3493 8).
1781 3423 2103 3493 Sapientiam

521 3509 718 3580 quippe
744 3511 919 3566 carnis
939 3511 1090 3579 dixit,
1115 3527 1221 3568 non
1248 3512 1560 3582 sapientiam
1585 3513 1862 3570 desursum
1883 3515 2107 3571 descen-

522 3599 736 3656 dentem
757 3619 770 3656 :
791 3611 844 3657 et
866 3603 918 3656 in
939 3618 1098 3658 carne
1124 3619 1264 3670 esse,
1283 3619 1388 3658 non
1414 3619 1506 3660 cos
1531 3607 1622 3676 qui
1646 3605 1881 3661 nondum
1905 3606 1971 3662 de
1985 3622 2105 3662 cor-

521 3705 650 3760 pore
680 3693 945 3760 exierunt,
975 3693 1070 3748 sed
1099 3709 1192 3749 eos
1219 3694 1308 3764 qui
1335 3695 1628 3750 secundum
1654 3711 1871 3752 carnem
1897 3698 2100 3766 vivunt,

517 3781 841 3852 signiﬁcatos
878 3799 998 3840 esse
1029 3785 1362 3840 manifestum
1392 3796 1493 3842 est.
1539 3786 1654 3842 Non
1684 3797 1860 3843 autem
1905 3789 1979 3845 ibi
2021 3798 2105 3845 est

519 3875 740 3942 quazstio
766 3890 884 3944 qua:
909 3885 1171 3932 versatur.
1195 3876 1329 3932 Illud
1357 3885 1439 3932 est
1457 3877 1602 3948 quod
1631 3889 1884 3949 exspecto
1913 3879 1981 3934 ab
2001 3880 2102 3935 isto

518 3964 702 4019 audire
726 3965 769 4018 si
801 3967 998 4035 possim
1017 4006 1033 4034 ,
1061 3982 1154 4022 eos
1178 3968 1267 4037 qui
1294 3967 1586 4023 secundum
1609 3969 1854 4038 spiritum
1879 3971 2097 4038 vivunt,

517 4061 573 4108 et
595 4055 665 4108 ob
691 4054 793 4109 hoc
812 4057 972 4110 etiam
1001 4057 1087 4112 hic
1107 4057 1279 4112 adhuc
1299 4059 1535 4114 viventes
1554 4059 1664 4128 jam
1693 4061 1921 4130 quodam
1942 4061 2102 4119 modo

516 4144 570 4199 in
595 4131 756 4200 carne
783 4161 888 4200 non
916 4156 1060 4213 sunt,
1091 4157 1267 4202 utrum
1293 4149 1460 4219 gratia
1485 4149 1580 4204 Dei
1609 4150 1786 4205 vivant
1809 4152 2102 4208 secundum

515 4234 796 4303 spiritum;
828 4251 898 4290 an
935 4237 1034 4292 sibi
1065 4237 1362 4305 sufﬁciant,
1403 4239 1512 4308 jam
1539 4239 1660 4294 data
1703 4255 1826 4295 cum
1853 4252 2102 4299 creantur

513 4326 864 4396 possibilitate
903 4337 1104 4384 naturze
1124 4371 1138 4396 ,
1171 4339 1226 4384 et
1251 4345 1344 4384 sua
1389 4331 1601 4401 propria
1631 4332 1903 4388 voluntate
1934 4351 1947 4388 :
1980 4349 2098 4390 cum

513 4416 786 4488 plenitudo
813 4419 943 4490 legis
969 4435 1072 4474 non
1103 4421 1173 4475 sit
1197 4421 1296 4476 nisi
1321 4423 1554 4477 charitas
1583 4421 1694 4494 (Id.
1727 4439 1854 4490 xm,
1885 4425 1973 4498 10)
1999 4467 2012 4492 ,
2045 4437 2101 4483 et

511 4508 743 4566 charitas
771 4511 864 4566 Dei
891 4511 1079 4568 dilI'usa
1106 4514 1173 4568 sit
1215 4514 1268 4568 in
1295 4513 1547 4570 cordibus
1590 4517 1819 4585 nostris,
1851 4533 1960 4574 non
1999 4535 2114 4592 per,

509 4617 608 4659 nos
633 4605 798 4674 ipsos,
816 4607 910 4662 sed
936 4621 1031 4676 per
1054 4607 1308 4678 Spiritum
1331 4616 1571 4663 sanctum
1598 4609 1688 4679 qui
1712 4609 1868 4665 datus
1895 4621 1979 4667 est
1999 4627 2098 4668 no-

403 4759 406 4763 _
508 4695 592 4750 bis
613 4697 793 4767 (ιω,
817 4699 893 4770 5).

580 4787 667 4843 19.
699 4788 914 4844 Tractat
954 4791 1116 4846 etiam
1141 4791 1241 4846 iste
1274 4791 1342 4847 de
1383 4793 1617 4862 peccatis
1652 4794 2000 4864 ignorantiae,
2043 4805 2098 4853 et

508 4878 672 4946 dicit,
709 4899 730 4933 ι
784 4879 1052 4936 hominem
1100 4882 1434 4952 prtevigilare
1485 4884 1680 4940 debere
1733 4902 1800 4942 ne
1841 4887 2092 4957 ignoret;

513 4989 534 5022 ε
579 4969 807 5042 ideoque
832 4987 952 5027 esse
975 4972 1289 5042 culpandam
1311 4973 1682 5044 ignorantiam,
1709 4976 1831 5046 quia
1853 4976 1906 5032 id
1931 4976 2094 5032 homo

511 5080 534 5114 ‹
578 5063 746 5118 nescit
770 5063 1086 5134 negligentia
1111 5077 1226 5130 sua,
1257 5063 1398 5134 quod
1433 5063 1666 5122 adhibita
1689 5067 1958 5137 diligentia
1984 5069 2091 5123 sci-

509 5171 530 5206 ι
575 5169 636 5210 re
653 5154 922 5210 debuisset
955 5174 968 5211 :
1003 5174 1023 5208 ι
1053 5155 1180 5211 dum
1210 5165 1387 5211 tamen
1423 5159 1600 5213 omnia
1626 5159 1800 5228 pctius
1824 5160 2089 5230 disputet,

503 5259 664 5315 quam
697 5253 759 5299 ut
799 5254 916 5301 oret
944 5253 998 5300 et
1025 5245 1198 5314 dicat,
1229 5245 1309 5300 Da
1334 5247 1460 5301 mihi
1481 5247 1790 5304 intellectum
1817 5258 1871 5304 ut
1898 5251 2090 5304 discam

503 5337 741 5391 mandata
757 5345 843 5390 tua
865 5335 1034 5410 (Psal.
1051 5353 1231 5407 cxvm,
1255 5339 1375 5412 75).
1401 5341 1556 5396 Aliud
1571 5351 1654 5397 est
1679 5344 1842 5412 enim,
1870 5359 1978 5399 non
2006 5359 2091 5399 cn-

502 5441 646 5483 rasse
671 5429 808 5484 scire
826 5470 842 5496 ,
872 5444 990 5498 quae
1011 5429 1345 5501 negligentia:
1376 5439 1589 5501 peccata
1615 5433 1776 5488 etiam
1799 5449 1892 5504 per
1918 5436 2088 5492 sacri-

502 5517 618 5573 ﬁcia
639 5519 884 5590 quaedam
903 5521 1036 5593 legis
1057 5521 1371 5578 videbantur
1392 5523 1594 5594 expiari
1632 5543 1644 5577 :
1681 5525 1824 5580 aliud
1842 5567 1858 5592 ,
1889 5527 2085 5584 intelli-

498 5623 624 5679 gere
653 5611 792 5667 velle
814 5653 830 5678 ,
863 5627 960 5668 nec
981 5627 1170 5684 posse,
1217 5623 1271 5669 et
1299 5613 1474 5670 facere
1511 5624 1696 5670 contra
1737 5617 1905 5687 legem
1926 5657 1940 5684 ,
1981 5633 2086 5673 non

497 5699 844 5774 intelligendo
872 5705 997 5776 quid
1038 5707 1150 5762 ﬁeri
1191 5707 1337 5762 velit.
1366 5705 1519 5764 Unde
1546 5708 1894 5765 admonemur
1916 5726 1942 5765 a
1976 5711 2086 5768 Deo

499 5800 682 5863 petere
709 5797 1018 5868 sapientiam
1039 5839 1055 5868 ,
1081 5799 1166 5869 qui
1194 5799 1282 5858 dat
1307 5801 1534 5855 omnibus
1557 5803 1826 5874 afﬂuente
1861 5845 1876 5874 ,
1901 5803 2082 5876 utique

2211 3328 2486 3386 immutata
2525 3341 2733 3389 natura.
2764 3334 2914 3392 Unde
2940 3348 3064 3394 ante
3103 3342 3281 3396 omnia
3317 3347 3658 3414 quaarendum
3691 3365 3776 3420 pu-

2211 3431 2287 3491 to,
2309 3442 2328 3475 ι
2351 3424 2540 3495 inquit,
2566 3429 2590 3478 ι’
2610 3427 2737 3497 quid
2759 3429 2829 3484 sit
2852 3441 3124 3500 peccatum
3156 3452 3170 3489 :
3193 3435 3493 3493 substantia
3517 3441 3695 3512 aliqua,
3719 3457 3777 3498 an

2210 3517 2776 3576 omnino'subslantia
2815 3538 3005 3580 carens
3055 3541 3287 3596 nomen,
3339 3546 3452 3602 quo
3505 3549 3610 3590 non
3666 3551 3775 3606 res,

2211 3624 2318 3664 non
2352 3611 2634 3667 existentia
2661 3655 2678 3680 ,
2731 3629 2837 3670 non
2864 3632 3059 3688 corpus
3095 3621 3309 3691 aliquod
3332 3665 3348 3692 ,
3385 3627 3490 3682 sed
3527 3643 3778 3700 perperam

2209 3695 2333 3753 facti
2358 3708 2507 3755 actus
2533 3704 2864 3772 exprimitur.
2897 3726 2917 3760 ι
2937 3707 3138 3766 Deinde
3162 3713 3430 3786 adjungit:
3452 3735 3475 3771 ι
3501 3695 3664 3777 Credo
3683 3763 3696 3788 ,
3719 3723 3780 3778 ita

2209 3800 2310 3847 est.
2327 3793 2394 3847 Et
2421 3792 2466 3847 si
2487 3794 2557 3849 ita
2583 3804 2684 3864 est,
2707 3816 2727 3849 ›
2755 3800 2944 3869 inquit,
2965 3820 2984 3854 ς
3007 3805 3273 3873 quomodo
3302 3809 3479 3878 potuit
3520 3812 3779 3870 humanam

2210 3882 2487 3941 debilitare
2512 3886 2598 3942 vel
2643 3898 2849 3945 mutare
2878 3901 3119 3950 naturam
3139 3938 3155 3964 ,
3201 3897 3344 3968 quod
3373 3901 3665 3960 substantia
3698 3919 3778 3960 ca-

2207 3986 2291 4034 ret
2333 3979 2356 4032 ‘l
2401 3999 2422 4032 υ
2469 3979 2688 4048 Videte,
2740 3999 2950 4054 quaeso,
2995 3989 3262 4058 quomodo
3313 3994 3564 4052 nesciens
3605 3997 3781 4052 nitatur

2207 4079 2450 4128 evertere
2489 4073 2884 4130 medicinalium
2929 4079 3262 4150 eloquiorum
3302 4099 3466 4141 voces
3505 4088 3780 4144 saluberri-

2207 4177 2344 4218 mas.
2375 4163 2488 4235 Ego
2514 4164 2624 4219 dixi
2647 4181 2667 4220 :
2688 4165 2940 4236 Domine,
2971 4170 3205 4226 miserere
3236 4175 3335 4229 mei
3364 4193 3386 4242 ;
3411 4193 3545 4233 sana
3579 4180 3782 4234 animant

2206 4272 2368 4311 meam
2393 4297 2408 4323 ,
2439 4259 2556 4324 quia
2579 4259 2780 4329 peccavi
2803 4260 2892 4315 tibi
2917 4260 2937 4332 (
2953 4260 3098 4317 Psal.
3127 4280 3229 4333 ιι,
3259 4266 3353 4338 5).
3383 4267 3528 4337 Quid
3555 4281 3778 4340 sanatur,

2206 4347 2252 4401 si
2280 4346 2410 4402 nihil
2441 4355 2526 4404 est
2562 4350 2928 4419 vulneratum,
2961 4353 3096 4409 nihil
3125 4357 3454 4429 sauciatam,
3487 4361 3620 4418 nihil
3645 4363 3782 4419 debi-

2204 4437 2411 4496 litatum
2455 4449 2616 4513 atque
2643 4444 2884 4500 vitiatum
2911 4445 2936 4500 ‘l
2969 4445 3136 4503 Porro
3181 4450 3227 4504 si
3253 4458 3335 4506 est
3370 4454 3519 4524 quod
3545 4465 3777 4524 sanetur,

2207 4533 2348 4590 unde
2379 4534 2626 4592 vitiatum
2649 4546 2731 4594 est
2757 4539 2781 4593 7
2807 4539 2974 4596 Audis
3003 4543 3344 4602 conﬁtentem
3375 4564 3389 4601 :
3416 4549 3548 4620 quid
3576 4551 3777 4608 deside-
3879 4547 3890 4554 ’

2201 4642 2292 4682 ras
2325 4627 2735 4699 disputantem?
2765 4633 2929 4702 Sana,
2969 4637 3176 4708 inquit,
3216 4640 3444 4696 animam
3479 4661 3661 4700 meam.
3702 4644 3780 4700 Ab
3825 4703 3828 4720 ί

2200 4719 2290 4775 ἱΙΙο
2315 4736 2494 4791 quaere
2512 4764 2526 4789 ,
2557 4723 2697 4780 unde
2724 4725 2963 4782 vitiatum
3000 4728 3100 4798 sit,
3126 4731 3268 4801 quod
3297 4735 3476 4790 sanari
3501 4745 3654 4808 rogat
3681 4755 3694 4793 :
3727 4745 3778 4792 et

2199 4813 2329 4870 audi
2370 4816 2512 4886 quod
2559 4818 2794 4888 sequitur
2815 4859 2832 4887 ,
2865 4819 3118 4885 Quoniam
3142 4826 3341 4891 peccavi
3363 4828 3475 4882 tibi.
3509 4829 3665 4886 Hunc
3689 4830 3780 4886 iste

2197 4905 2521 4978 interroget,
2550 4908 2618 4963 ab
2657 4909 2761 4965 isto
2799 4921 3004 4982 quaerat
3045 4915 3188 4984 quod
3217 4918 3570 4987 quierendum
3597 4929 3778 4992 putat,

2199 5006 2254 5054 et
2279 4997 2421 5054 dicat
2446 5016 2460 5053 :
2487 4997 2531 5054 0
2559 5009 2614 5054 tu
2641 5001 2732 5070 qui
2755 5002 2953 5058 clamas
2973 5045 2988 5070 ,
3018 5003 3164 5062 Sana
3183 5009 3410 5064 animam
3437 5027 3634 5079 meam,
3659 5029 3780 5084 quo-

2198 5093 2336 5147 niam
2359 5094 2558 5164 peccavi
2588 5095 2718 5164 tibi,
2759 5097 2885 5168 quid
2926 5108 3010 5154 est
3045 5099 3321 5171 peccatum
3351 5104 3376 5157 τ
3420 5122 3441 5158 ε
3489 5105 3776 5163 substantia

2197 5186 2404 5258 aliqua,
2444 5202 2513 5243 an
2553 5190 2772 5246 omnino
2813 5191 3107 5249 substantia
3156 5209 3346 5252 carens
3389 5213 3588 5256 nomen
3613 5241 3632 5268 ,
3677 5213 3777 5270 quo

2197 5294 2304 5335 non
2349 5297 2439 5338 res
2461 5323 2476 5348 ,
2522 5297 2631 5338 non
2669 5283 2948 5340 existentia
2973 5327 2988 5354 ,
3020 5301 3126 5342 non
3169 5302 3364 5359 corpus
3393 5291 3606 5362 aliquod
3630 5332 3646 5358 ,
3685 5289 3776 5346 sed

2197 5381 2399 5428 tantum
2435 5389 2714 5445 perperam
2755 5375 2881 5432 facti
2904 5385 3054 5434 actus
3078 5380 3442 5450 exprimitur?
3477 5400 3496 5435 ι
3532 5383 3776 5454 Respon-

2195 5463 2285 5520 det
2311 5465 2397 5521 ille
2443 5483 2456 5520 :
2490 5465 2566 5522 Ita
2603 5476 2686 5523 est
2723 5475 2780 5523 ut
2817 5468 2994 5534 dicis;
3037 5485 3144 5526 non
3180 5481 3263 5528 est
3286 5484 3561 5544 peccatum
3603 5473 3774 5546 aliqua

2193 5557 2507 5627 substantia,
2528 5561 2622 5616 sed
2649 5568 2852 5616 tantum
2872 5561 2972 5618 hoc
2995 5563 3210 5620 nomine
3229 5579 3507 5638 perperam
3535 5564 3662 5622 facti
3685 5579 3773 5621 ac-

2257 5755 2274 5786 ι
2300 5761 2476 5804 Omnes
2495 5751 2602 5803 fere
2623 5761 2748 5814 Mss,
2763 5753 3072 5808 ﬂuctuemur.

2259 5817 2277 5847 ³
2311 5815 2536 5879 Plerique
2551 5823 2678 5877 Mss,
2701 5829 2848 5869 0mm.
