3984 6534
1174 357 1283 402 ξ..

219 556 296 603 tus
694 535 764 596 Et
801 549 995 597 contra
1013 539 1117 598 iste
1155 557 1169 596 :
1211 537 1346 610 Quid
1388 553 1517 612 ergo
1545 541 1782 606 clamas,

220 639 345 696 Sans
371 635 590 690 enim
613 650 786 689 meum
810 676 826 704 ,
853 634 1098 706 quoniam
1122 633 1324 706 peccavi
1351 632 1439 687 tibi
1464 635 1490 688 .9
1512 632 1791 702 Quomodo

221 729 358 804 potuit
389 726 586 784 vitiare
623 725 864 783 animum
905 735 1052 783 tuam
1095 726 1235 799 quod
1262 727 1556 783 substantia
1597 727 1791 783 caret?

219 820 369 879 Nonne
389 816 486 872 ille
521 832 766 874 mature
789 817 1068 875 confectus
1094 818 1330 874 vulneris
1360 819 1440 874 sui
1465 858 1482 885 ,
1509 832 1578 874 ne
1599 817 1788 888 dispu-

218 913 380 968 utioue
409 910 490 966 ab
526 911 782 969 oratione
817 920 1149 968 averteretur
1174 953 1190 978 ,
1221 912 1456 968 breviter
1495 911 1791 983 responde-

216 1015 280 1063 ret
300 1011 348 1059 et
367 1001 582 1058 diceret
618 1021 633 1059 :
663 1003 882 1060 Recede
909 1019 941 1059 a
968 1020 1092 1072 me,
1133 1003 1358 1060 obsecro
1387 1020 1400 1057 :
1432 1019 1553 1060 cum
1575 1004 1668 1058 illo
1693 1017 1789 1074 po-

214 1102 297 1155 tius
317 1084 526 1167 disputa
549 1138 568 1164 ,
600 1098 647 1152 si
688 1107 844 1168 potes
866 1140 883 1166 ,
919 1099 1010 1169 qui
1039 1097 1208 1163 dixit,
1247 1095 1369 1152 Non
1398 1106 1470 1152 est
1495 1113 1623 1167 opus
1649 1098 1787 1152 sanis

211 1191 408 1254 Meus,
434 1190 538 1243 sed
557 1190 930 1260 (tyrotanlibus
961 1206 980 1244 :
1005 1207 1108 1245 non
1133 1191 1242 1244 vcni
1265 1206 1444 1245 vocare
1458 1190 1626 1260 justas
1647 1230 1664 1256 ,
1695 1187 1786 1244 sed

210 1293 454 1357 peccatores
485 1281 730 1355 (Hatth.
754 1299 841 1351 ix,
871 1283 957 1350 l2,
987 1281 1086 1355 l5)
1117 1301 1131 1348 ;
1165 1283 1251 1337 ubi
1279 1283 1458 1353 justos
1478 1283 1659 1355 utique
1697 1295 1788 1338 sa-

209 1391 318 1441 nos,
343 1383 664 1443 peccatores
691 1377 874 1430 autem
907 1375 1190 1444 appellavit
1218 1382 1446 1445 :egrotos
1468 1374 1494 1428 ‘l

260 1462 469 1520 CAPUT
493 1463 720 1518 XX.—
737 1464 830 1518 22.
860 1463 1100 1532 Peccato,
1128 1473 1173 1520 et
1197 1465 1240 1518 si
1259 1463 1540 1519 substantia
1568 1480 1669 1519 non
1696 1465 1782 1533 sit,

208 1555 416 1627 quomodo
437 1555 630 1609 uitiari
652 1564 844 1611 natura
863 1557 1100 1628 potuerit.
1121 1555 1422 1611 Cernitisne
1447 1571 1553 1626 quo
1576 1557 1780 1624 tendat,

208 1658 252 1704 et
290 1661 381 1718 quo
414 1659 630 1703 manus
669 1647 912 1719 porrigat
948 1647 1064 1703 haec
1102 1646 1437 1717 disputatio?
1475 1655 1534 1702 ut
1566 1648 1786 1702 omnino

207 1741 367 1796 irusm
393 1737 611 1792 dictum
651 1747 874 1810 putetur
891 1781 908 1806 ,
965 1737 1172 1794 Vocabis
1201 1754 1380 1793 nomen
1418 1739 1528 1810 ejus
1555 1737 1736 1792 Jesum
1761 1755 1784 1805 ;

207 1830 422 1902 ipseatim
440 1829 662 1885 “(eum
692 1832 846 1903 faciet
875 1831 1123 1904 capulum
1147 1848 1294 1886 suum
1321 1848 1353 1884 a
1370 1832 1585 1903 peccatis
1608 1847 1784 1886 eorum

211 1923 442 1996 (ld.i,21
467 1923 511 1994 ).
547 1923 846 1994 Quomodo
871 1925 1017 1980 enim
1057 1925 1262 1981 salvum
1291 1924 1484 1992 faciet,
1517 1923 1606 1980 ubi
1635 1925 1779 1980 nulla

209 2015 533 2089 esttegritndo
565 2017 594 2071 ἳ
625 2017 859 2074 Peecata
886 2017 1119 2089 quippe,
1165 2033 1194 2071 a
1233 2018 1427 2088 quibus
1452 2017 1582 2073 dicit
1608 2018 1786 2072 Evan-

210 2110 370 2181 gelium
393 2108 609 2164 salvum
641 2109 952 2164 faciendum
981 2109 1229 2180 populum
1255 2109 1455 2165 Christi
1483 2150 1496 2175 ,
1533 2109 1783 2164 substan-

212 2202 284 2258 tia:
302 2214 391 2254 non
409 2208 552 2267 sunt,
583 2209 646 2254 et
671 2199 975 2255 secundum
998 2200 1153 2255 istum
1181 2199 1370 2254 vitiare
1402 2215 1509 2255 non
1533 2209 1778 2270 possunt.

217 2291 257 2348 0
285 2291 447 2355 frater,
485 2290 705 2346 bonum
737 2300 820 2347 est
851 2301 908 2346 ut
947 2291 1252 2347 memineris
1293 2299 1345 2348 te
1385 2307 1504 2348 esse
1531 2292 1781 2348 christia-

217 2400 344 2440 num.
366 2383 587 2440 Credere
608 2384 721 2440 ista
748 2383 978 2440 fortasse
999 2385 1305 2441 sufficeret:
1328 2385 1423 2441 sed
1453 2394 1627 2441 tamen
1657 2387 1781 2456 quia

213 2473 444 2545 disputare
471 2476 555 2531 vis
578 2516 596 2540 ,
631 2490 743 2531 nec
778 2475 967 2544 obest,
1003 2476 1110 2534 imo
1139 2474 1300 2532 etiam
1335 2476 1582 2547 prodest,
1611 2477 1656 2532 si
1685 2477 1778 2533 lir-

211 2567 418 2624 missima
454 2569 732 2639 prmcedat
773 2568 958 2635 ﬁdes;
1011 2585 1109 2625 nec
1152 2571 1515 2626 existimemus
1559 2581 1780 2641 peccato

217 2671 436 2716 naturam
456 2663 744 2716 humanam
771 2677 880 2716 non
911 2676 1070 2732 posse
1093 2662 1301 2730 vitiari,
1332 2662 1425 2717 sed
1451 2663 1641 2718 divinis
1669 2678 1780 2720 cre-

223 2753 397 2810 dentes
424 2754 701 2824 Scriptnris
750 2763 976 2824 peccato
1017 2769 1133 2810 eam
1175 2770 1294 2811 esse
1332 2755 1566 2810 vitiatam
1587 2796 1602 2822 ,
1641 2771 1776 2826 quo-

223 2847 373 2902 modo
390 2847 437 2901 id
460 2847 568 2902 fieri
593 2848 823 2917 potuerit
847 2847 1196 2918 inquiramus.
1218 2847 1478 2916 Quoniam
1501 2857 1775 2918 peccatum

219 2938 322 3009 jam
344 2939 596 2995 didicimus
622 2955 732 2995 non
761 2955 886 2996 esse
913 2939 1260 2996 substantiam
1292 2958 1307 3006 ;
1336 2955 1512 2996 nonne
1548 2939 1780 2996 attendi-

221 3041 330 3098 tur,
370 3042 419 3085 ut
456 3030 548 3086 alia
592 3032 881 3100 omittam,
911 3033 1070 3087 etiam
1120 3047 1224 3086 non
1267 3031 1622 3100 manducare,
1667 3045 1776 3087 non

215 3137 324 3178 esse
360 3123 696 3178 substantiam
727 3124 755 3177 τ
797 3123 847 3178 Δ
893 3123 1183 3179 substantia
1222 3123 1416 3193 quippe
1460 3122 1773 3190 receditur;

207 3216 426 3285 quorum
462 3216 614 3271 cibus
662 3215 968 3271 substantia
1009 3225 1111 3271 est.
1151 3214 1253 3271 Sed
1302 3215 1568 3272 abstinere
1595 3231 1626 3270 a
1654 3216 1775 3272 cibo

204 3321 295 3360 non
321 3315 395 3361 est
417 3307 754 3374 substantia,
798 3316 854 3364 et
888 3316 1063 3364 tamen
1092 3307 1383 3362 substantia
1421 3308 1660 3378 corporis
1682 3349 1696 3375 ,
1728 3311 1776 3364 si

199 3401 393 3453 omnino
416 3399 731 3456 abstinetur
753 3414 784 3454 a
816 3400 938 3456 cibo
960 3441 976 3468 ,
1007 3400 1075 3454 ita
1099 3399 1429 3471 languescit,
1459 3402 1532 3456 ita
1570 3401 1775 3457 valetua

195 3492 314 3547 diuis
353 3494 726 3563 inaequalitate
764 3493 1157 3563 corrumpitur,
1191 3493 1261 3548 ita
1300 3493 1610 3548 exhauritur
1635 3495 1773 3550 viri-

191 3597 306 3645 bus.
333 3585 403 3641 ita
428 3585 762 3642 lassitudine
787 3585 1094 3642 debilitatur
1112 3594 1167 3641 et
1188 3584 1471 3656 frangitur,
1515 3592 1572 3640 ut
1600 3586 1643 3640 si
1669 3586 1772 3641 ali-

191 3694 280 3748 quo
305 3678 456 3735 modo
483 3679 763 3750 perduret
785 3680 842 3734 in
869 3679 1008 3746 vita,
1042 3678 1126 3734 vix
1154 3678 1320 3749 possit
1346 3679 1413 3734 ad
1443 3694 1564 3734 eum
1595 3679 1770 3735 cibum

188 3773 432 3838 revocari,
487 3771 649 3826 unde
692 3769 1013 3826 abstinendo
1052 3770 1230 3825 vitiata
1267 3769 1506 3827 est..Sic
1548 3784 1654 3825 non
1692 3775 1777 3826 est

187 3861 452 3917 substantia
473 3870 777 3933 peccatum
809 3879 823 3917 :
851 3861 946 3918 sed
975 3860 1267 3917 substantia
1317 3868 1400 3917 est
1420 3860 1592 3928 Deus,
1629 3876 1774 3916 sult-

185 3967 354 4024 maque
378 3948 699 4010 substantia
719 3993 737 4020 ,
766 3961 818 4009 et
852 3952 1001 4009 solus
1025 3968 1184 4008 verus
1215 3953 1488 4008 rationalis
1519 3962 1778 4010 creaturae

184 4045 314 4100 cibus
342 4063 357 4110 ;
406 4062 437 4101 a
467 4063 585 4118 quo
619 4061 724 4115 per
766 4045 1181 4102 inobedientiam
1225 4044 1524 4102 recedendo
1546 4088 1562 4112 ,
1600 4053 1655 4102 ct
1679 4060 1779 4116 per

184 4133 532 4192 inﬁrmitatem
577 4151 702 4192 non
745 4137 970 4193 valendo
1005 4152 1196 4207 capere
1233 4151 1338 4207 quo
1359 4136 1542 4193 debuit
1568 4144 1622 4193 et
1645 4152 1776 4208 gau-

182 4226 290 4284 dere
306 4271 320 4296 ,
345 4230 498 4286 audis
522 4229 992 4302 quemadmodum
1021 4230 1165 4286 dicat
1192 4247 1207 4286 :
1234 4229 1542 4285 Percussum
1565 4240 1639 4285 est
1666 4230 1683 4262 ί
1703 4229 1778 4284 si-

182 4328 254 4373 cut
272 4320 438 4390 [manu
463 4331 514 4376 et
536 4322 692 4375 aruit
716 4339 804 4376 cor
826 4338 1013 4389 meum,
1037 4321 1274 4392 quoniam
1293 4320 1474 4376 oblitus
1505 4337 1619 4376 sum
1637 4337 1776 4374 man-

183 4411 344 4467 ducare
373 4431 568 4486 panem
596 4430 774 4468 meum
800 4412 821 4486 (
836 4412 982 4468 Psal.
1005 4429 1077 4481 et,
1111 4410 1175 4486 5)
1203 4413 1228 4465 ?

245 4503 461 4561 CAPUT
502 4505 669 4560 XXI.
702 4535 771 4545 —
811 4505 903 4561 25.
953 4504 1116 4557 Adam
1179 4503 1365 4558 Christi
1430 4501 1776 4558 misericordia

184 4595 418 4651 liberatus.
504 4596 799 4652 Attendite
879 4602 1055 4649 autem
1122 4593 1390 4664 quomodo
1473 4593 1646 4648 adhuc
1716 4607 1776 4653 se

185 4699 350 4759 urgeat
431 4689 838 4746 verisimilibus
905 4687 1198 4743 rationibus
1252 4694 1438 4742 contra
1489 4684 1776 4756 Scriptum

184 4793 360 4838 sancta:
407 4785 738 4839 veritatem.
786 4781 1045 4836 Dominus
1100 4779 1256 4836 Jesus
1302 4779 1451 4848 dicit,
1497 4780 1586 4850 qui
1654 4794 1778 4850 pro-

184 4881 344 4942 pterea
386 4875 556 4930 Iesus
603 4883 870 4940 vocatur,
916 4873 1039 4943 quia
1089 4872 1202 4943 ipse
1245 4872 1451 4927 salvum
1503 4871 1630 4926 facit
1678 4886 1776 4942 po-

183 4965 341 5032 pullum
395 4981 564 5020 suum
598 4981 633 5020 a
665 4964 898 5036 peccatis
939 4977 1122 5020 eorum
1151 4963 1319 5019 :dicit
1367 4978 1494 5034 ergo
1519 4962 1776 5018 Dominus

183 5052 319 5110 Iesus
337 5097 352 5121 ,
385 5055 442 5110 Ν
449 5073 521 5111 on
550 5065 635 5112 est
663 5073 794 5127 opus
827 5055 965 5110 sanis
988 5054 1214 5132 medicus
1237 5097 1252 5123 ,
1286 5054 1374 5109 sed
1397 5053 1775 5125 aegrotantibus.

187 5143 291 5201 Non
313 5149 425 5203 seni
445 5165 644 5204 uocare
661 5152 833 5219 justas
855 5189 869 5213 ,
896 5147 986 5202 sed
1010 5156 1292 5218 peccatores
1317 5146 1336 5217 (
1361 5145 1542 5200 Matth.
1566 5162 1641 5212 ιχ,
1670 5146 1739 5200 12
1759 5185 1776 5213 ,

186 5237 300 5308 i3).
326 5239 481 5297 Unde
507 5240 654 5296 dicit
681 5249 736 5296 et
772 5240 1061 5312 Apostolus
1081 5282 1097 5306 ,
1138 5238 1336 5294 Fidelis
1371 5254 1533 5294 sermo
1567 5247 1613 5292 et
1641 5237 1781 5292 omni

185 5332 458 5402 acceptione
501 5332 727 5402 dignus,
767 5332 886 5402 quia
928 5329 1078 5386 Iesus
1118 5331 1345 5386 Christus
1381 5331 1513 5385 venit
1555 5331 1607 5384 in
1647 5330 1782 5384 hunc

187 5421 415 5476 mundum
435 5430 744 5494 peccatores
768 5422 933 5477 miros
955 5422 1122 5493 facere
1146 5422 1206 5492 (1
1230 5420 1360 5476 Tim.
1383 5437 1422 5489 ι,
1447 5422 1513 5477 15
1529 5421 1569 5492 ).
1596 5421 1663 5475 Et
1682 5420 1782 5476 iste

187 5522 354 5570 contra
376 5514 612 5572 ﬁdelem
638 5529 938 5570 sermonem
966 5522 1022 5572 et
1043 5514 1188 5571 omni
1210 5514 1515 5583 acceptione
1534 5512 1778 5583 dignum,

189 5603 302 5660 dicit
332 5626 352 5660 ι
386 5623 500 5662 non
528 5607 795 5663 debuisse
821 5605 957 5662 hanc
984 5605 1347 5676 aegritudinem
1387 5603 1625 5660 contrahi
1654 5618 1784 5673 pec-

187 5697 307 5755 catis
331 5742 350 5768 ,
375 5715 449 5757 ne
474 5699 551 5755 ad
574 5698 693 5754 hoc
714 5707 856 5755 esset
882 5698 981 5754 ista
1006 5712 1163 5770 ptena
1189 5696 1432 5768 peccati,
1459 5703 1514 5752 ut
1539 5695 1784 5751 commit-

246 5869 265 5902 ί
295 5869 438 5931 anu,
454 5882 737 5936 percussus
757 5881 879 5936 sinu,
898 5875 955 5921 At
974 5869 1144 5936 plures
1158 5877 1289 5936 Mss,
1307 5881 1586 5933 percussum
1603 5872 1692 5936 est.
1709 5869 1784 5922 sic

195 5942 323 5994 puro
695 5932 918 5989 etiamin
941 5930 1168 5987 eumdem
1189 5930 1441 6000 psalxbum,
1459 5945 1607 5996 serui.
1635 5932 1680 5982 ι.

1614 417 1819 477 LIBER
1856 414 2061 478 UNUS.

3371 427 3481 493 258

1899 544 2139 592 terentur
2184 535 2336 606 plura
2377 546 2611 608 peccata.
2651 558 2672 594 i
2705 538 2974 609 Quaeritur
3011 543 3170 600 etiam
3197 545 3215 580 ¹
3244 547 3480 617 parvulis

1895 636 2073 686 tantus
2099 629 2336 685 medicus
2359 632 2643 701 opitulator
2672 651 2686 689 :
2721 645 2774 696 et
2799 637 2900 693 iste
2926 637 3073 707 dicit,
3109 656 3128 692 ‹
3161 639 3299 708 Quid
3327 657 3478 713 quae-

1894 721 2011 776 ritis
2038 721 2061 775 ?
2087 721 2212 778 Sani
2239 733 2366 778 sunt
2393 736 2611 797 propter
2635 745 2768 800 quos
2789 732 3052 805 medicum
3081 735 3334 805 quaeritis.
3365 737 3477 794 Nec

1894 813 2009 884 ipse
2034 815 2238 885 primus
2259 817 2419 872 homo
2444 818 2564 874 ideo
2585 831 2754 877 morte
2778 823 3056 882 damnatus
3082 835 3164 883 est
3185 845 3199 883 :
3228 844 3350 884 nam
3381 843 3478 899 po-

1893 913 2006 961 stea
2051 922 2157 962 non
2201 910 2456 978 peccavit.
2491 929 2511 963 »
2543 912 2706 978 Quasi
2734 914 2929 985 aliquid
2955 928 3136 986 postea
3173 919 3243 976 de
3271 920 3479 992 perfec-

1892 997 2035 1052 tione
2058 997 2279 1068 justitiae
2307 1000 2422 1070 ejus
2449 1001 2708 1071 audierit,
2736 1004 2838 1058 nisi
2858 1007 2998 1075 quod
3018 1010 3357 1067 commendat
3375 1012 3480 1068 Ee-

1890 1088 2054 1146 clesia
2089 1099 2142 1145 et
2187 1090 2360 1160 ipsum
2408 1093 2614 1147 Domini
2642 1092 2839 1150 Christi
2881 1097 3244 1156 misericordia
3278 1099 3476 1159 libera-

1891 1187 2024 1235 tum.
2061 1199 2081 1234 ‹
2112 1181 2242 1252 Ejus
2283 1197 2492 1254 quoque
2532 1193 2774 1254 posteros
2808 1205 2828 1239 ι
2863 1187 2961 1243 iste
2986 1188 3145 1256 dicit,
3195 1209 3214 1242 ι
3250 1208 3357 1249 non
3384 1208 3476 1250 so-

1891 1272 1998 1326 lum
2021 1272 2114 1328 illo
2142 1289 2249 1329 non
2271 1290 2390 1330 esse
2417 1276 2736 1334 infirmiores
2757 1319 2772 1346 ,
2805 1279 2899 1336 sed
2925 1282 3084 1336 etiam
3106 1283 3256 1352 plura
3283 1286 3477 1357 imple-

1889 1364 2034 1421 visse
2060 1377 2344 1437 praecepta,
2373 1383 2493 1423 cum
2521 1370 2612 1426 ille
2643 1386 2802 1426 unum
2835 1373 3056 1445 implere
3077 1376 3373 1447 neglexerit
3404 1396 3418 1433 :
3451 1398 3474 1432 ι

1889 1471 2023 1527 quos
2066 1467 2307 1527 posteros
2351 1460 2496 1516 videt
2539 1462 2609 1516 ita
2660 1463 2840 1532 nasci,
2892 1467 3160 1536 quomodo
3201 1477 3345 1524 certe
3388 1469 3479 1536 ille

1891 1547 2061 1604 factus
2087 1566 2192 1606 non
2215 1561 2297 1607 est
2317 1567 2475 1626 ,lnon
2503 1554 2676 1610 solum
2703 1531 2952 1628 praecepti
2978 1559 3260 1631 incapaces
3280 1603 3294 1628 ,
3335 1531 3487 1632 quod

1889 1643 2108 1699 omnino
2136 1660 2241 1700 non
2280 1647 2545 1716 sentiunt,
2590 1649 2684 1705 sed
2728 1651 2816 1704 vix
2839 1651 3063 1722 capaces
3105 1655 3314 1724 papillae
3352 1669 3478 1711 cum

1890 1735 2167 1803 esuriunt;
2211 1751 2306 1793 eos
2333 1747 2508 1794 tamen
2537 1740 2590 1794 in
2631 1741 2818 1796 matris
2846 1741 3097 1799 Ecclesia:
3124 1746 3327 1815 gremio
3354 1760 3480 1801 cum

1889 1831 2067 1888 salvos
2092 1833 2259 1903 gratia
2288 1849 2382 1890 sua
2412 1833 2589 1891 facere
2613 1836 2775 1904 velit,
2801 1837 2892 1908 qui
2920 1839 3124 1894 salvum
3152 1839 3279 1895 facit
3307 1855 3478 1912 popu-

1888 1921 1997 1978 lum
2027 1939 2180 1979 suum
2209 1939 2239 1978 a
2272 1927 2506 1996 peccatis
2533 1942 2720 1984 eorum
2739 1972 2755 1996 ,
2793 1930 3163 1986 contradicunt
3192 1931 3435 1988 homines
3454 1971 3473 2000 ,

1888 2023 1942 2070 et
1966 2015 2119 2086 quasi
2144 2025 2463 2085 creaturam,
2485 2035 2604 2090 quae
2631 2035 2727 2090 per
2747 2021 2897 2076 illum
2919 2022 3131 2078 condita
3157 2031 3258 2090 est,
3282 2023 3478 2080 melius

1895 2107 1990 2163 illo
2014 2109 2279 2180 inspicere
2307 2112 2572 2181 noverint,
2599 2128 2731 2170 voce
2753 2129 2858 2170 non
2885 2129 3015 2170 sana
3036 2131 3196 2173 sanos
3213 2131 3334 2176 esse
3350 2129 3478 2190 pr0<

1887 2201 2157 2256 nunuanL

1894 2336 1901 2350 .
1956 2291 2184 2349 CAPUT
2223 2293 2582 2362 XXll.—-24.
2623 2296 2773 2351 Idem
2812 2307 3070 2370 peccatum
3098 2308 3144 2354 et
3171 2315 3320 2371 pinna
3359 2317 3478 2371 pec-

1885 2385 2003 2439 cati.
2037 2403 2056 2436 t
2095 2385 2371 2442 Materiam
2399 2390 2605 2458 peccati
2635 2409 2654 2442 ι
2685 2391 2813 2446 dicit
2849 2409 2868 2442 α
2906 2406 3025 2448 esse
3065 2391 3388 2459 vindictam,
3429 2393 3479 2450 si

1884 2475 1951 2530 ad
1982 2476 2084 2532 hoc
2111 2485 2360 2548 peccator
2385 2480 2682 2535 infirmatus
2705 2491 2822 2548 est,
2857 2491 2916 2536 ut
2949 2482 3098 2551 plura
3141 2491 3408 2553 peccaret.
3449 2502 3471 2537 ι

1882 2565 1992 2622 Nec
2025 2569 2223 2636 cogitat
2245 2570 2705 2639 praevaricatorem
2735 2572 2866 2642 legis
2893 2589 3051 2643 quam
3075 2573 3234 2645 digne
3261 2575 3352 2631 lux
3372 2575 3473 2632 de-

1882 2665 2028 2712 serat
2047 2659 2286 2713 veritatis
2314 2677 2327 2724 ;
2352 2675 2455 2731 qua
2483 2661 2728 2717 desertus
2755 2663 2936 2734 utique
2957 2664 3015 2718 lit
3041 2678 3216 2721 caecus
3234 2706 3250 2732 ,
3277 2674 3333 2723 et
3355 2670 3476 2738 plus

1883 2766 2104 2808 necesse
2133 2762 2216 2807 est
2234 2752 2476 2812 .oll‘endat
2499 2795 2515 2820 ,
2545 2763 2600 2810 et
2617 2755 2854 2811 cadendo
2872 2767 3116 2826 vexetur,
3146 2768 3474 2831 vexatusque

1883 2858 1991 2898 non
2037 2853 2252 2914 surgat,
2287 2854 2344 2900 ut
2371 2846 2489 2902 ideo
2527 2856 2727 2902 tantum
2755 2848 2935 2904 audiat
2962 2865 3150 2906 vocem
3180 2851 3334 2922 legis,
3366 2866 3476 2922 quo

1884 2934 2234 2990 admoneatur
2273 2937 2557 3006 implorare
2585 2938 2807 3008 gratiam
2855 2938 3165 2996 Salvatoris.
3205 2943 3285 2997 An
3324 2943 3475 2999 nulla

1884 3039 2041 3095 paena
2079 3034 2163 3082 est
2208 3040 2427 3093 eorum,
2474 3027 2542 3083 de
2585 3028 2778 3098 quibus
2813 3029 2941 3085 dicit
2978 3031 3296 3101 Apostolus,
3337 3033 3475 3101 Quia

1883 3131 2000 3171 cum
2020 3118 2361 3188 cognovissent
2381 3117 2564 3184 Deum,
2597 3136 2698 3174 non
2722 3121 2848 3174 sicut
2875 3120 3038 3175 Deum
3061 3123 3473 3193 gloriﬁcaverunt

1888 3216 1977 3262 aut
2007 3208 2200 3279 gratias
2237 3219 2490 3280 egerunt;
2529 3210 2617 3264 sed
2655 3221 2963 3266 evanuerunt
2999 3213 3051 3266 in
3091 3215 3473 3284 cogitationibus

1883 3299 2010 3367 suis,
2032 3307 2079 3352 et
2104 3300 2423 3355 obscuratum
2446 3310 2518 3357 est
2542 3302 2780 3374 insipiens
2803 3320 2892 3370 cor
2913 3321 3083 3359 eorum
3104 3306 3131 3360 7
3161 3305 3354 3378 Utique
3373 3309 3475 3364 ista

1883 3387 2185 3444 obscuratio
2229 3390 2458 3446 vindicta
2486 3401 2542 3446 et
2570 3407 2728 3462 poena
2760 3393 2871 3463 jam
2901 3393 3002 3448 fuit
3041 3412 3055 3450 :
3087 3403 3141 3450 et
3169 3405 3345 3452 tamen
3377 3413 3474 3466 per

1884 3480 2020 3537 hanc
2049 3497 2260 3552 poenam
2285 3525 2300 3551 ,
2333 3483 2388 3538 id
2429 3492 2542 3552 est,
2575 3500 2670 3554 per
2698 3485 2874 3542 cordis
2904 3488 3200 3544 caecitatem
3220 3530 3236 3556 ,
3266 3504 3384 3559 qua:
3415 3491 3476 3545 ﬁt

1882 3572 2165 3629 deserente
2209 3575 2325 3629 luce
2353 3575 2649 3645 sapientia},
2683 3577 2736 3631 in
2767 3577 2915 3648 plura
2957 3585 3012 3633 et
3048 3579 3227 3649 gravia
3254 3589 3475 3650 peccata

1883 3663 2106 3734 collapsi
2151 3672 2293 3719 sunt.
2325 3665 2558 3721 Dicentes
2586 3667 2717 3721 enim
2763 3684 2816 3722 se
2855 3685 2961 3723 esse
3005 3669 3284 3741 sapientes,
3333 3671 3476 3726 stulti

1884 3756 2009 3826 [acti
2052 3765 2188 3810 sunt.
2235 3755 2421 3812 Gravis
2451 3756 2565 3812 haec
2591 3772 2749 3828 paena
2791 3767 2876 3814 est
2899 3799 2914 3825 ,
2945 3759 2990 3814 si
3021 3760 3138 3830 quis
3178 3762 3468 3834 intelligat,

1882 3853 1939 3902 et
1965 3863 2032 3902 ex
2060 3847 2161 3902 hac
2203 3862 2360 3918 poena
2404 3848 2525 3904 vide
2563 3864 2669 3920 quo
2695 3850 2871 3905 ierunt
2899 3867 2912 3904 :
2944 3853 3012 3904 Et
3051 3852 3471 3923 inmutaverunt,

1881 3939 2072 4012 inquit,
2097 3940 2312 4012 gloriam
2332 3943 2724 4013 incorruptibilis
2749 3943 2846 3998 Dei
2865 3945 2918 3999 in
2937 3946 3322 4004 similitudinem
3343 3950 3473 4005 ima-

1881 4034 2012 4104 ginis
2032 4034 2370 4104 corruptibilis
2396 4034 2612 4090 hominis
2634 4077 2649 4100 ,
2680 4045 2728 4090 ct
2763 4037 3024 4092 volucrum
3045 4081 3061 4108 ,
3100 4049 3148 4094 et
3184 4041 3472 4116 quadrupe-

1879 4123 2032 4192 dum,
2074 4134 2121 4178 et
2157 4126 2479 4195 serpentium.
2521 4125 2624 4181 Ista
2675 4127 2913 4184 fecerunt
2951 4145 3016 4184 ex
3055 4134 3257 4201 peccati
3283 4149 3466 4205 pmna,

1878 4229 1980 4286 qua
1997 4215 2314 4269 obscuratum
2336 4226 2409 4270 est
2436 4217 2678 4286 insipiens
2702 4235 2790 4273 cor
2806 4237 2997 4276 eorum.
3017 4220 3085 4276 Et
3114 4233 3330 4294 propter
3354 4224 3472 4283 haec

1879 4313 2057 4362 tamen
2081 4348 2097 4373 ,
2124 4308 2246 4378 quia
2275 4308 2402 4364 licet
2430 4309 2692 4378 pmualia,
2724 4311 2883 4366 etiam
2916 4313 3028 4382 ipsa
3056 4324 3270 4384 peccata
3310 4327 3470 4389 sunt,

1879 4401 2120 4472 adjungit
2144 4409 2198 4457 et
2220 4401 2348 4458 dicit
2381 4421 2396 4457 :
2424 4402 2704 4474 Propterea
2733 4406 2940 4460 tradidit
2962 4408 3077 4462 illos
3100 4407 3242 4465 Deus
3262 4411 3314 4465 in
3335 4411 3472 4466 desi-

1879 4493 2022 4547 deria
2053 4495 2220 4548 cordis
2253 4493 2480 4562 illorunt,
2526 4496 2581 4550 in
2619 4497 3016 4551 immunditiam.
3046 4499 3185 4556 Ecce
3209 4502 3470 4572 quemad—
3536 4568 3553 4579 .

1881 4585 2098 4640 modum
2145 4585 2283 4640 Deus
2311 4586 2524 4656 gravius
2548 4586 2960 4654 condemnavit,
3013 4589 3230 4647 tradens
3267 4591 3388 4649 illos
3414 4593 3472 4652 in

1881 4677 2142 4733 desideria
2188 4677 2364 4733 cordis
2413 4678 2625 4734 illorum
2651 4721 2666 4744 ,
2721 4680 2777 4736 in
2825 4681 3232 4739 immunditiam.
3283 4683 3474 4742 Videte

1882 4769 2040 4823 etiam
2069 4782 2138 4824 ex
2162 4767 2263 4824 hac
2287 4782 2444 4840 pcena
2471 4785 2595 4840 quat
2618 4772 2638 4802 ²
2667 4769 2863 4827 faciant
2890 4789 2904 4826 :
2937 4771 3008 4828 Ut
3029 4773 3362 4845 contumeliis,
3391 4777 3472 4835 in-

1882 4859 2030 4929 quit,
2059 4859 2290 4930 afﬁciant
2314 4878 2529 4932 corpora
2551 4879 2645 4917 sua
2669 4862 2723 4918 in
2750 4865 3047 4935 semetipsis.
3072 4865 3142 4921 Et
3164 4867 3285 4938 quia
3312 4882 3473 4939 paena

1883 4957 1964 5005 est
2001 4950 2101 5006 ista
2133 4951 2458 5022 iniquitatis,
2491 4968 2613 5009 cum
2654 4954 2724 5010 sit
2761 4963 2816 5011 et
2855 4955 3140 5027 iniquitas,
3172 4957 3472 5017 evidentius

1883 5043 2222 5100 commendat
2268 5044 2451 5100 dicens
2496 5064 2511 5101 :
2567 5045 2667 5114 Qui
2718 5055 3177 5103 transmutaverunt
3216 5051 3470 5106 ueritatem

1885 5136 1982 5192 Dei
2012 5139 2064 5192 in
2090 5137 2437 5202 mendacium,
2469 5149 2515 5192 et
2555 5139 2814 5194 coluerunt
2839 5150 2887 5194 et
2927 5141 3200 5197 servierunt
3227 5152 3474 5198 creatum

1887 5231 2055 5300 potius
2093 5246 2244 5300 quam
2285 5230 2544 5297 Creatori,
2587 5232 2674 5301 qui
2718 5240 2792 5286 est
2829 5231 3119 5289 benedictus
3163 5233 3215 5289 in
3259 5235 3467 5291 stecula.
3553 5241 3557 5246 “

1886 5323 2063 5377 Amen.
2095 5322 2313 5392 Propter
2340 5324 2433 5378 hoc
2455 5363 2471 5389 ,
2504 5322 2710 5394 inquit,
2741 5324 2949 5378 tradidit
2975 5323 3112 5380 Deus
3135 5326 3249 5381 illos
3275 5325 3330 5379 in
3353 5340 3474 5396 pas-

1887 5415 2053 5470 siones
2089 5415 2400 5486 ignominiae.
2435 5414 2572 5471 Ecce
2599 5415 2806 5487 quoties
2840 5415 3073 5473 vindicat
3104 5417 3242 5474 Deus
3265 5458 3282 5483 ,
3313 5425 3369 5472 et
3403 5431 3472 5473 ex

1889 5506 2075 5561 eadem
2097 5505 2327 5561 vindicta
2360 5507 2508 5576 plura
2533 5515 2588 5562 et
2613 5508 2853 5578 graviora
2879 5515 3096 5578 peccata
3124 5515 3472 5580 consurgunt.

1891 5595 2032 5650 Nam
2053 5597 2255 5667 feminae
2280 5613 2454 5652 eorum
2495 5598 2881 5654 immutaverunt
2915 5597 3199 5653 naturalem
3234 5615 3381 5655 usum
3417 5599 3474 5655 in

1891 5705 2004 5745 eum
2046 5707 2193 5745 usum
2225 5691 2309 5762 qui
2339 5699 2409 5745 est
2449 5701 2624 5747 contra
2647 5701 2880 5748 naturam
2907 5708 2925 5748 :
2952 5691 3183 5749 similiter
3217 5701 3387 5750 autem
3425 5697 3477 5749 at

1959 5868 2195 5934 fs_i<;_t_tss.
2219 5872 2277 5934 ῃ
2295 5865 2431 5927 editi,
2449 5880 2578 5931 ergo.
3173 5885 3176 5888 '
3451 5823 3494 5934 ,ι

1959 5933 1980 5965 ι
2001 5928 2140 5984 Editi,
2158 5927 2294 5988 quid.
2316 5927 2656 5997 Atlss.,"qute.
