3984 6520
206 552 347 594 mss
377 525 735 586 niuriaordia
763 519 885 594 Dei,
924 521 1262 582 necessarium
1294 519 1450 594 fuisse
1488 528 1766 592 peccatum.

209 631 396 689 Utinam
424 637 527 678 nea
561 620 756 677 fuisset
785 621 1026 687 miseria,
1057 635 1124 675 ne
1154 619 1253 675 ista
1299 626 1442 673 esset
1471 615 1772 671 misericor-

206 723 282 779 dia
305 715 623 776 necessaria.
652 714 765 770 Sed
795 714 1127 784 iniquitatem
1159 711 1361 783 peccati
1389 717 1533 765 tanto
1562 707 1772 780 gravio-

202 830 318 874 rem,
341 818 548 879 quanto
574 807 788 862 facilius
818 801 983 862 homo
1018 819 1124 859 non
1155 811 1418 875 peccaret,
1446 816 1602 872 quem
1633 799 1775 854 nulla

203 904 348 959 adhuc
378 897 607 954 tenebat
632 897 936 961 inﬁrmitas,
969 910 1125 966 paena
1146 893 1442 965 justissima
1489 891 1775 948 subsecuta

203 1005 269 1052 est
296 1013 309 1048 :
334 1001 386 1047 nt
409 990 732 1047 mercedem
765 998 1003 1045 mutuam
1041 988 1242 1060 peccati
1285 987 1365 1042 sui
1404 985 1456 1040 in
1485 984 1775 1054 semetipso

198 1087 453 1154 reciperet,
501 1084 768 1139 amittens
796 1082 896 1136 sub
924 1096 983 1137 se
1014 1081 1239 1151 positam
1269 1079 1352 1133 sui
1379 1077 1618 1146 corporis
1644 1091 1774 1145 quo-

199 1181 300 1235 dam
336 1174 501 1230 modo
544 1175 934 1240 obedientiam,
972 1189 1130 1244 quam
1173 1170 1490 1241 przecipuam
1536 1168 1636 1225 sub
1674 1169 1777 1221 Do-

196 1272 321 1328 mino
358 1281 457 1322 suo
523 1267 646 1340 ipse
693 1273 1110 1334 contempserat.
1158 1264 1226 1318 Et
1279 1261 1420 1333 quod
1473 1275 1614 1315 nunc
1655 1273 1776 1314 cum

198 1363 356 1419 eadem
381 1359 508 1430 lege
535 1358 749 1428 peccati
767 1342 1061 1422 nascimur,
1083 1371 1200 1425 quae
1222 1355 1274 1409 in
1299 1353 1552 1408 membris
1580 1351 1777 1406 nostris

196 1462 422 1526 repugnat
453 1453 572 1523 legi
598 1451 803 1507 mentis
834 1451 1010 1521 (Rom.
1040 1465 1133 1516 vn,
1160 1448 1285 1517 93);
1316 1461 1489 1517 neque
1523 1445 1777 1499 adversus

199 1550 342 1606 Deum
383 1560 762 1608 murmurare,
811 1558 984 1614 neque
1023 1549 1204 1598 contra
1253 1556 1366 1596 rem
1405 1538 1777 1594 manifestissi-

197 1657 317 1700 matn
351 1639 663 1709 disputare,
706 1636 803 1692 sed
837 1651 932 1708 pro
975 1650 1130 1708 pinna
1166 1643 1346 1689 nostra
1387 1633 1530 1687 illius
1571 1630 1778 1686 miseri-

199 1735 404 1792 cordiam
428 1747 694 1800 quaerere
717 1737 773 1785 et
801 1745 955 1784 orare
985 1727 1258 1783 debemus.
1497 1799 1502 1806 _

257 1821 456 1880 (‘APUT
512 1809 717 1876 XXVI.
764 1851 838 1862 —
871 1819 958 1874 29.
1003 1817 1290 1874 Similitudo
1335 1834 1438 1890 qua
1486 1805 1779 1887 intelligitur

208 1916 285 1972 Dei
306 1914 508 1986 gratiam
538 1913 791 1984 faciendo
815 1911 975 1966 cuiuis
992 1911 1130 1982 operi
1158 1909 1282 1964 bono
1306 1909 1654 1963 necessariam.
1686 1907 1779 1962 At-

126 2051 134 2061 .
202 2005 373 2064 tendite
416 2019 550 2059 sane
615 2003 907 2074 vigilanter
952 2000 1218 2074 quomodo
1266 1999 1459 2055 dixerit
1506 2017 1519 2052 :
1561 1999 1778 2052 Adhibet

202 2100 373 2172 quidem
399 2096 514 2148 huic
549 2095 718 2148 etiam
748 2093 904 2166 parti,
935 2079 978 2146 si
1006 2091 1206 2163 quando
1247 2091 1580 2146 necessarium
1601 2089 1774 2160 fuerit,

203 2188 570 2246 misericordiam
601 2203 758 2241 suam
793 2184 932 2239 Deus
951 2202 969 2250 ;
995 2185 1112 2256 quia
1155 2181 1345 2237 homini
1373 2191 1483 2254 post
1521 2191 1780 2253 peccatum

210 2283 274 2337 ita
305 2278 528 2335 subreniri
559 2293 833 2331 necessum
872 2286 965 2342 est,
997 2291 1095 2328 non
1125 2274 1242 2345 quia
1272 2271 1410 2327 Deus
1439 2288 1645 2326 causam
1682 2272 1778 2325 Itu-

203 2376 335 2447 jusre
367 2371 671 2425 necessitatis
715 2369 981 2440 optaverit.
1015 2367 1286 2422 Videtisne
1330 2365 1777 2437 quemadmodum

209 2482 302 2522 non
328 2466 452 2518 dicat
481 2461 856 2517 necessariam
888 2457 1303 2513 miscricordiam
1333 2456 1424 2512 Dei
1447 2463 1503 2512 ut
1528 2471 1631 2512 non
1656 2472 1781 2527 pec-

205 2574 394 2623 cemus,
423 2555 513 2611 sed
536 2557 663 2626 quia
698 2551 1080 2624 peccavimus?
1115 2549 1313 2606 Deinde
1341 2550 1607 2622 subjungit
1637 2569 1650 2606 :
1675 2549 1782 2605 Sed

208 2663 255 2708 et
295 2653 502 2706 medicus
539 2649 605 2702 ad
635 2647 928 2702 curandum
950 2647 1062 2718 jam
1090 2645 1398 2699 vulneratum
1434 2653 1640 2714 paratus
1678 2659 1783 2697 esse

217 2743 384 2807 debet;
418 2759 512 2794 non
547 2741 676 2795 debet
718 2748 892 2792 autem
934 2749 989 2791 ut
1023 2753 1172 2790 sanus
1198 2735 1481 2790 vulneretur
1505 2743 1697 2805 optare.
1727 2733 1782 2789 Si

217 2837 316 2892 ista
361 2832 640 2902 similitudo
686 2831 849 2886 rebus
903 2829 972 2884 de
1021 2827 1211 2900 quibus
1258 2827 1462 2897 agimus
1517 2824 1779 2896 congruit,

219 2937 357 2984 certe
389 2927 634 2982 vulnerari
675 2940 784 2979 non
826 2933 1004 2993 potest
1049 2930 1234 2977 natura
1281 2921 1508 2975 humana
1540 2927 1778 2990 peccato,

215 3021 446 3093 quoniam
485 3027 762 3088 peceatum
801 3016 948 3074 nulla
983 3013 1274 3070 substantia
1315 3023 1414 3068 est.
1455 3011 1603 3069 Sicut
1649 3027 1780 3084 ergo

214 3112 432 3175 vulnere,
475 3110 620 3164 verbi
675 3107 874 3180 gratia,
928 3105 1234 3162 claudicans
1286 3104 1406 3160 ideo
1449 3111 1682 3169 curatur,
1724 3111 1786 3158 ut

205 3214 379 3260 sanato
397 3202 530 3257 malo
556 3202 862 3272 praiterito,
890 3193 1099 3255 futurus
1121 3197 1377 3270 dirigatur
1406 3196 1646 3252 incessus
1673 3214 1684 3249 :
1708 3195 1786 3252 sic

200 3297 324 3351 mala
351 3306 529 3350 nostra
562 3309 676 3349 non
705 3293 775 3347 ad
802 3291 906 3348 hoc
935 3292 1107 3348 solum
1135 3307 1400 3361 supernus
1425 3290 1664 3345 medicus
1693 3304 1777 3344 sa-

195 3396 296 3453 nat,
324 3395 379 3441 ut
408 3385 494 3439 illa
517 3385 637 3456 jam
672 3395 784 3440 non
813 3385 941 3450 sint,
974 3381 1067 3438 sed
1095 3391 1153 3439 ut
1180 3383 1247 3438 de
1271 3393 1468 3439 ctetero
1495 3390 1640 3437 recte
1669 3397 1785 3435 am-

191 3477 361 3554 bulare
405 3475 720 3545 possimus;
767 3473 911 3545 quod
955 3474 1167 3545 quidem
1210 3474 1370 3529 etiam
1411 3472 1528 3528 sani
1576 3472 1787 3528 nonnisi

187 3567 268 3624 illo
304 3567 602 3638 adjuvante
649 3569 970 3638 poterimus.
1020 3566 1151 3621 Nam
1193 3565 1434 3622 medicus
1461 3564 1624 3621 homo
1663 3581 1786 3621 cum

185 3661 438 3715 sanaverit
464 3661 784 3728 hominem,
806 3657 918 3730 jam
939 3657 1006 3714 de
1030 3667 1224 3714 caetero
1253 3657 1658 3714 sustentandum
1681 3660 1790 3716 ele-

183 3749 364 3808 mentis
398 3761 454 3809 et
495 3751 792 3808 alimentis
834 3751 1223 3822 corporalibus,
1265 3760 1321 3806 ut
1357 3751 1542 3806 eadem
1588 3753 1788 3809 sanitas

183 3854 294 3915 apto
316 3844 569 3901 subsidio
600 3843 953 3900 convalescat
977 3851 1136 3914 atque
1175 3842 1445 3914 persistat,
1474 3843 1586 3899 Deo
1610 3844 1788 3899 dimit-

183 3936 268 4003 tit;
294 3938 380 4008 qui
411 3937 642 4007 prtebet
683 3936 784 3990 ista
825 3934 876 3990 in
920 3949 1080 3990 carne
1102 3933 1421 4001 viventibus,
1459 3933 1607 4004 cujus
1637 3944 1790 3991 erant

180 4030 327 4085 etiam
360 4029 452 4083 illa
485 4045 653 4100 quae,
697 4025 823 4082 dum
864 4034 1093 4091 curaret,
1139 4025 1442 4081 adhibebat.
1488 4023 1602 4080 Non
1648 4027 1789 4081 enim

179 4134 498 4190 quemquam
528 4117 790 4174 medicus
828 4133 893 4173 ex
923 4117 1008 4171 his
1035 4115 1194 4172 rebus
1223 4131 1353 4187 quas
1393 4117 1505 4187 ipse
1529 4117 1792 4174 creaverit

179 4221 353 4278 sanat;
384 4211 485 4266 sed
516 4226 595 4266 ex
627 4209 779 4265 illius
815 4209 1061 4280 opibus‘,
1090 4209 1178 4280 qui
1207 4218 1353 4263 creat
1393 4209 1571 4263 omnia
1603 4221 1790 4266 neces-

181 4302 306 4356 saria
337 4303 488 4356 sanis
517 4314 701 4372 atque
726 4301 951 4356 vitiosis.
984 4299 1100 4370 Ipse
1129 4303 1304 4355 autem
1346 4287 1506 4366 Deus,
1545 4315 1668 4376 cum
1696 4315 1793 4370 per

181 4392 534 4449 mediatorem
571 4391 684 4448 Dei
726 4401 780 4447 et
811 4391 1090 4446 hominum
1119 4391 1388 4446 hominem
1415 4390 1597 4448 JcSum
1635 4391 1790 4447 Chri-

185 4496 311 4540 Stum
340 4485 384 4560 (l
411 4483 563 4541 Tim.
601 4501 672 4551 ιι,
695 4483 774 4554 5),
817 4483 1165 4556 Spiritualitcr
1195 4494 1345 4540 sanat
1381 4501 1580 4557 trgrum
1610 4485 1693 4541 vel
1715 4485 1796 4540 vi-

183 4581 348 4636 vilicat
372 4589 703 4643 mortuum,
733 4577 786 4633 id
811 4587 914 4641 est,
938 4576 1190 4648 justiﬁcat
1217 4579 1458 4648 impium,
1501 4589 1554 4634 et
1581 4593 1700 4634 eum
1725 4573 1794 4634 ad

182 4670 470 4742 perfectam
515 4672 844 4737 sanitatem,
895 4667 998 4726 hoc
1044 4680 1146 4738 est,
1197 4669 1261 4726 ad
1301 4670 1590 4742 perfectam
1633 4669 1796 4726 vitam

179 4765 553 4838 iustitiamque
586 4764 933 4837 perduxerit,
976 4781 1081 4819 non
1109 4764 1308 4820 deserit
1348 4764 1393 4820 si
1431 4781 1536 4820 non
1580 4763 1796 4820 desera-

183 4869 279 4926 tur,
329 4871 391 4915 ut
449 4861 546 4931 pie
603 4875 824 4930 semper
869 4857 1118 4928 justeque
1162 4857 1391 4914 vivatur.
1449 4857 1595 4914 Sicut
1654 4857 1798 4913 enim

180 4952 355 5006 oculus
396 4950 670 5021 corporis
699 4950 861 5005 etiam
889 4948 1192 5018 plenissime
1225 4963 1404 5014 sanus,
1443 4947 1541 5002 nisi
1569 4947 1800 5006 candore

181 5041 305 5097 lucis
337 5043 578 5112 adjutus
609 5057 721 5096 non
749 5047 925 5110 potest
957 5055 1178 5096 cernere
1206 5057 1221 5095 :
1251 5038 1328 5094 sic
1356 5048 1408 5094 et
1437 5037 1597 5094 homo
1639 5038 1798 5094 etiam

183 5133 592 5205 perfectissime
627 5130 972 5202 justiﬁcatus,
1019 5132 1120 5186 nisi
1170 5133 1400 5187 aeterna”
1437 5132 1554 5187 luce
1584 5131 1801 5202 justitit'e

184 5225 433 5284 divinitus
481 5227 808 5297 adjuvetur,
853 5234 998 5280 recte
1038 5239 1141 5280 non
1187 5231 1362 5296 potest
1399 5225 1596 5280 vivere.
1637 5221 1804 5280 Sanat

183 5332 304 5390 ergo
345 5319 527 5386 Deus,
583 5331 701 5372 non
735 5315 909 5371 solum
947 5325 1004 5371 ut
1045 5313 1216 5372 deleat
1259 5315 1401 5388 quod
1440 5317 1800 5387 peccavimus,

185 5411 270 5467 led
299 5420 358 5466 ut
381 5418 639 5483 praestet
668 5409 828 5463 etiam
857 5423 923 5463 ne
948 5423 1244 5479 peccemus.

248 5499 489 5560 CAPUT
533 5487 970 5556 XXVll.—30.
1024 5497 1292 5554 Peccatum
1341 5507 1542 5569 peccato
1583 5491 1799 5555 tollitur.

185 5591 422 5648 Sanandi
452 5593 716 5648 ordinem
743 5590 949 5646 caelestis
975 5585 1195 5646 medicus
1227 5607 1327 5645 non
1365 5588 1424 5644 ab
1449 5599 1636 5664 aegroto
1663 5589 1802 5645 acci-

189 5685 277 5756 pit,
301 5684 391 5739 sed
422 5701 457 5738 a
493 5700 556 5738 se
577 5683 728 5753 ipso.
745 5677 907 5735 Iustis
922 5699 1034 5752 quae
1052 5699 1209 5737 causa
1236 5679 1461 5736 timendi.
1484 5684 1649 5738 Acute
1680 5697 1807 5738 sane

191 5779 382 5829 tractat
429 5783 491 5829 et
537 5773 778 5836 versat,
805 5777 859 5826 et
885 5777 1136 5842 quantum
1179 5772 1277 5827 sibi
1307 5772 1515 5829 videtur
1541 5771 1809 5843 redarguit

247 5868 269 5936 ξ
287 5867 362 5917 sic
379 5877 580 5936 omnes
600 5874 768 5936 prope
781 5869 883 5936 Mss.
895 5871 951 5915 At
964 5863 1102 5927 editi,
1117 5864 1351 5930 operibus,
1373 5866 1485 5916 vide
1504 5865 1644 5930 infra,
1667 5881 1714 5916 η.
1727 5866 1805 5917 70.

251 5931 271 5960 ³
292 5930 677 5980 (κωπίω
698 5931 802 5986 ιιι..
822 5932 1029 5978 τειεηιω.

1615 401 1817 460 LIBER
1852 398 2057 462 UNUS.

3361 407 3465 468 ‘20!

1879 526 2039 589 atque
2081 517 2344 573 convincit
2381 518 2522 590 quod
2564 521 2642 578 eis
2669 520 2914 591 dicitur‘,
2941 522 3090 581 etiam
3124 528 3460 582 necessarium

1881 611 2038 682 fuisse
2061 610 2250 664 homini
2270 610 2337 663 ad
2365 611 2690 681 auferendam
2729 613 2974 689 superbia:
2999 619 3074 674 vel
3107 617 3283 691 gloria:
3307 636 3457 675 occa-

1882 701 2090 767 sionem,
2125 711 2177 754 ut
2200 700 2385 770 absque
2421 716 2624 775 peccato
2657 723 2761 762 esse
2789 725 2887 764 non
2916 721 3098 780 posset.
3134 709 3455 768 Absurdissi-

1881 808 2018 845 munt
2046 792 2230 865 quippe
2267 802 2312 847 et
2351 795 2701 852 stultissimum
2727 809 2894 868 putat,
2930 811 3185 867 peccatum
3215 804 3369 874 fuisse
3396 821 3460 858 ne

1882 895 2138 954 peccatum
2166 895 2308 953 esset,
2351 888 2586 956 quoniam
2611 898 2656 943 et
2684 891 2793 961 ipsa
2820 895 3054 963 superbia
3086 895 3254 967 utique
3277 914 3458 968 pecca-

1883 985 1988 1030 tum
2016 985 2129 1032 est:
2150 977 2297 1048 quasi
2342 992 2448 1033 non
2493 985 2547 1035 et
2576 979 2724 1036 ulcus
2754 981 2806 1036 in
2836 977 3020 1038 dolore
3062 995 3164 1051 est,
3195 995 3250 1042 et
3291 985 3459 1043 sectio

1882 1069 2121 1126 dolorem
2169 1079 2440 1141 operatur,
2490 1080 2548 1127 ut
2579 1071 2730 1130 dolor
2757 1057 2936 1130 dolore
2981 1077 3212 1134 tollatur.
3261 1077 3373 1135 Hoc
3415 1079 3460 1134 si

1883 1165 2086 1236 experti
2127 1179 2234 1220 non
2279 1181 2537 1230 essemus,
2583 1175 2637 1221 et
2668 1168 2718 1222 in
2753 1169 3017 1240 aliquibus
3047 1172 3200 1226 terris
3241 1173 3329 1229 ubi
3359 1173 3458 1230 ista

1883 1272 2151 1327 nunquam
2192 1258 2542 1328 contigerant,
2589 1259 2913 1327 audiremtIS,
2945 1263 3060 1316 sine
3089 1261 3251 1317 dubio
3281 1265 3460 1334 utique

1883 1348 2208 1416 deridentes,
2251 1349 2493 1405 fortassis
2521 1349 2680 1406 etiam
2718 1352 2893 1408 verbis
2921 1353 3074 1424 hujus
3108 1363 3379 1410 uteremur
3404 1363 3461 1410 et

1882 1438 2200 1507 diceremus,
2242 1440 2699 1497 Absurdissimum
2728 1453 2807 1498 est
2833 1443 3070 1500 dolorem
3101 1447 3460 1502 necessarium

1882 1530 2066 1598 fuisse,
2102 1549 2168 1588 ne
2199 1534 2392 1589 ulceris
2422 1533 2575 1589 dolor
2599 1544 2760 1612 esset.
3049 1610 3052 1612 Ι

1955 1615 2044 1679 51.
2087 1624 2193 1680 Sed
2232 1623 2390 1693 Deus,
2420 1625 2682 1695 inquiunt,
2711 1611 2871 1698 potest
2913 1627 3084 1682 omnia
3120 1645 3318 1684 sanare.
3347 1627 3461 1685 Iloc

1883 1715 2064 1785 utique
2089 1717 2217 1787 agit,
2248 1727 2304 1772 ut
2323 1725 2474 1798 sanet
2497 1719 2674 1773 omnia
2699 1737 2711 1775 :
2736 1719 2830 1774 sed
2855 1721 2962 1790 agit
2981 1720 3180 1790 judicio
3209 1737 3326 1788 suo,
3360 1737 3460 1780 nec

1882 1806 2124 1862 ordinem
2170 1797 2389 1863 sanandi
2440 1809 2630 1881 accipit
2673 1810 2738 1866 ab
2782 1822 3001 1882 tegroto.
3053 1797 3249 1868 Procul
3299 1814 3462 1871 dubio

1883 1899 2076 1970 quippe
2096 1899 2452 1955 ﬁrmissimum
2470 1902 2780 1972 Apostolum
2798 1901 3005 1960 volebat
3020 1904 3252 1973 efficere,
3275 1907 3360 1962 cui
3377 1916 3459 1961 ta-

1882 2005 2006 2046 men
2046 1991 2196 2058 dixit,
2251 1991 2416 2047 Virtus
2461 1996 2513 2047 in
2553 1979 2844 2063 infirmitate
2871 1977 3174 2066 perﬁcitur}
3199 2007 3254 2053 et
3279 2012 3384 2054 non
3412 1998 3464 2054 ei

1883 2083 2040 2138 toties
2083 2083 2255 2137 oranti
2305 2084 2477 2139 aufert
2522 2085 2703 2140 nescio
2745 2102 2902 2156 quem
2947 2087 3220 2143 stimulum
3263 2088 3462 2157 carnis,

1884 2187 2041 2243 quem
2057 2174 2154 2228 sibi
2169 2171 2507 2243 dicitdatum,
2525 2191 2590 2230 ne
2603 2177 2962 2247 magnitudine
2974 2179 3354 2235 revelationum
3372 2196 3467 2234 ex-

1887 2264 2162 2320 tollerelur
2211 2263 2276 2336 (ll
2305 2265 2422 2320 Cor.
2468 2283 2563 2333 xu,
2592 2266 2729 2339 7-9).
2772 2267 2974 2324 Caetera
3010 2271 3154 2325 enim
3182 2269 3306 2325 vitia
3355 2280 3462 2326 tan-

1886 2364 1998 2412 tum
2030 2356 2083 2410 in
2109 2354 2400 2412 malefactis
2433 2358 2626 2422 valent,
2667 2359 2778 2414 sola
2811 2370 2988 2414 autem
3027 2361 3272 2430 superbia
3301 2362 3463 2420 etiam

1885 2449 1938 2504 in
1962 2459 2107 2504 recte
2140 2447 2290 2504 factis
2317 2450 2546 2504 cavenda
2575 2460 2674 2506 est.
2710 2451 2859 2507 Unde
2896 2452 3248 2508 admonentur
3275 2455 3370 2521 illi,
3395 2470 3463 2511 ne

1885 2538 2026 2595 dona
2053 2540 2144 2595 Dei
2183 2555 2291 2596 sua:
2319 2542 2564 2612 potestati
2605 2542 2882 2598 tribuendo
2909 2558 3132 2616 seseque
3159 2545 3464 2604 extollendo

1886 2631 2096 2704 gravius
2123 2641 2360 2702 pereant,
2383 2648 2542 2702 quam
2569 2634 2613 2688 si
2637 2634 2711 2689 nil
2738 2644 3084 2704 operarcntur
3103 2636 3247 2702 boni,
3273 2639 3468 2708 quibus

1888 2724 2100 2789 dicitur,
2146 2721 2273 2778 Cum
2298 2724 2474 2778 timore
2512 2733 2560 2778 et
2589 2735 2802 2780 tremore
2825 2737 3040 2781 vestram
3075 2728 3301 2796 ipsorum
3326 2731 3466 2783 salu-

1889 2825 1986 2869 tem
2013 2815 2290 2885 operamini
2314 2830 2332 2869 :
2361 2813 2500 2868 Deus
2530 2816 2660 2869 enim
2701 2825 2772 2870 est
2795 2817 2879 2887 qui
2917 2827 3153 2888 aperatur
3179 2819 3232 2872 in
3258 2817 3392 2873 vobis
3421 2827 3469 2873 et

1888 2904 2014 2960 velle
2049 2915 2094 2960 et
2140 2907 2360 2975 operari,
2409 2923 2500 2976 pro
2543 2906 2671 2961 bona
2708 2907 2961 2962 voluntate
3000 2907 3259 2981 (Philipp.
3290 2927 3346 2978 ιι,
3381 2908 3464 2978 1‘2,

1890 2996 2004 3067 15).
2037 2996 2209 3062 Quare
2239 3012 2364 3067 ergo
2391 3011 2511 3050 cum
2554 2996 2741 3052 timore
2770 3007 2822 3052 et
2854 3006 3104 3067 tremore,
3137 2997 3191 3055 et
3229 3015 3336 3054 non
3368 3015 3464 3070 po-

1889 3088 1994 3142 tius
2023 3102 2142 3141 cum
2172 3088 2473 3153 securitate,
2512 3088 2556 3142 si
2593 3088 2733 3143 Deus
2759 3093 3040 3160 operatur;
3065 3090 3163 3144 nisi
3190 3091 3310 3160 quia
3347 3106 3470 3162 pro-

1890 3188 2012 3251 pter
2032 3179 2360 3234 voluntatem
2399 3188 2656 3245 nostram,
2701 3180 2815 3235 sine
2841 3197 2940 3251 qua
2971 3180 3106 3236 bene
3143 3197 3246 3236 non
3275 3197 3466 3254 possu—

1832 3323 1838 3328 .
1891 3288 2008 3327 nius
2038 3271 2265 3342 operari,
2286 3270 2392 3325 cito
2414 3281 2588 3341 potest
2616 3273 2904 3343 subrepere
2935 3274 3113 3329 animo
3141 3274 3392 3340 humano,
3412 3271 3470 3330 ut

1891 3364 2033 3438 quod
2063 3365 2199 3420 bene
2224 3367 2492 3434 operatur,
2525 3380 2679 3420 suum
2707 3365 3073 3421 tantummodo
3102 3366 3388 3433 existimet,
3417 3372 3471 3422 et

1891 3456 2032 3512 dicat
2059 3455 2114 3510 in
2150 3455 2471 3512 abundantia
2516 3472 2630 3525 sua,
2664 3453 2786 3512 Non
2830 3459 3059 3512 movebar
3095 3458 3149 3512 in
3187 3457 3472 3513 aeternum?

1893 3548 2018 3604 Ideo
2047 3549 2136 3618 qui
2163 3549 2216 3602 in
2247 3548 2520 3604 voluntate
2546 3565 2637 3603 sua
2671 3550 2988 3620 praestiterat
3013 3549 3194 3605 decori
3222 3550 3337 3622 ejus
3360 3548 3470 3605 vir-

1893 3647 2082 3707 tutem,
2139 3640 2328 3694 avertit
2369 3641 2640 3710 paululum
2682 3639 2872 3696 faciem
2914 3656 3086 3709 suam,
3126 3651 3194 3698 .ut
3244 3642 3331 3712 qui
3374 3643 3474 3698 lioc

1892 3727 2099 3785 dixerat
2127 3729 2277 3784 fieret
2311 3730 2658 3785 conturbatus
2687 3749 2699 3785 :
2725 3732 2975 3802 quoniam
3003 3732 3130 3802 ipsis
3158 3743 3238 3788 est
3265 3733 3356 3788 ille
3387 3741 3472 3788 tu-

1893 3836 2014 3877 mor
2037 3820 2305 3876 sanandus
2332 3820 2624 3875 doloribus.

1964 3913 2190 3970 CAPUT
2249 3913 2486 3970 XXVIII.
2513 3913 2688 3970 —-52.
2739 3912 2938 3970 Deserit
2961 3912 3274 3986 aliquanlum
3312 3911 3472 3984 Deus,

1893 4023 1958 4063 ne
1980 4005 2345 4078 superbiamus.
2376 3993 2489 4062 Non
2534 4007 2710 4079 itaque
2757 4005 2950 4064 dicitur
2993 4009 3215 4077 homini,
3259 4001 3477 4065 Necesse

1895 4104 1968 4152 est
2008 4113 2231 4170 peccare,
2289 4113 2351 4152 ne
2400 4114 2623 4169 pecces:
2669 4097 2763 4153 sed
2828 4095 3019 4153 dicitur
3074 4097 3317 4168 homini,
3371 4099 3476 4154 De-

1896 4188 2025 4243 serit
2055 4187 2382 4258 aliquantum
2427 4187 2565 4242 Deus
2609 4186 2749 4242 unde
2795 4187 3054 4257 superbis,
3104 4197 3162 4242 ut
3186 4189 3323 4244 scias
3369 4205 3480 4245 non

1900 4288 2066 4348 tuum,
2097 4280 2192 4336 sed
2243 4280 2359 4351 ejus
2401 4296 2538 4346 esse,
2583 4289 2637 4335 et
2682 4280 2856 4336 discas
2894 4282 3154 4352 superbus
3193 4297 3298 4338 non
3338 4295 3478 4339 esse.

1896 4373 2029 4430 Nam
2056 4371 2184 4428 illud
2218 4374 2377 4428 etiam
2428 4371 2667 4442 Apostoli
2696 4373 2851 4444 quale
2896 4383 2996 4441 est,
3031 4390 3207 4430 nonne
3259 4374 3328 4430 ita
3381 4375 3483 4430 mi-

1897 4461 2087 4530 rabile,
2121 4465 2178 4518 u't
2235 4463 2336 4517 nisi
2392 4463 2514 4533 quia
2587 4463 2697 4534 ipse
2749 4464 2917 4530 dicit,
2974 4465 3058 4522 cui
3112 4481 3234 4520 vera
3284 4465 3483 4521 dicenti

1901 4555 2265 4613 contradicere
2317 4554 2466 4611 nefas
2511 4563 2638 4625 est,
2694 4572 2799 4611 non
2866 4557 2934 4611 sit
2998 4553 3290 4612 credibile?
3351 4557 3480 4624 Quis

1902 4650 2045 4707 enim
2077 4649 2275 4704 neseiat
2305 4647 2558 4714 ﬁdeliora,
2588 4665 2617 4702 a
2645 4656 2826 4704 satana
2860 4649 3070 4704 venisse
3099 4648 3322 4719 primam
3352 4653 3478 4718 pec-

1902 4744 2008 4800 cati
2027 4742 2328 4797 suasionem
2352 4740 2504 4812 (Gen.
2535 4757 2612 4809 ιιι,
2644 4740 2788 4812 1-6),
2811 4740 3020 4812 etquod
3047 4742 3134 4797 ille
3159 4741 3360 4811 primus
3389 4756 3484 4797 au-

1903 4841 2020 4889 ctor
2045 4832 2113 4888 sit
2141 4832 2378 4887 omnium
2408 4832 2784 4904 peccatorum?
2810 4831 2876 4886 Et
2919 4839 3094 4887 tamen
3133 4831 3345 4902 quidam
3370 4837 3482 4887 tra-

1903 4922 2102 4981 duntur
2134 4932 2351 4990 satanre,
2399 4932 2454 4978 ut
2499 4921 2705 4978 discant
2746 4927 2850 4978 non
2885 4921 3253 4993 blasphemare
3278 4923 3323 4994 (l
3350 4921 3484 4978 Tim.

1903 5030 1943 5085 1,
1971 5015 2084 5086 20).
2117 5014 2395 5082 Quomodo
2421 5013 2578 5085 igitur
2606 5029 2740 5086 opus
2761 5022 2958 5069 satanm
2997 5014 3294 5069 excluditur
3319 5013 3483 5084 apere

1905 5108 2139 5164 Satanae?
2166 5108 2289 5164 Haec
2311 5115 2467 5178 atque
2484 5107 2788 5177 hujusmodi
2809 5108 3092 5173 intueatur,
3115 5117 3184 5163 ne
3204 5107 3483 5163 videantur

1905 5200 1954 5257 ei
1981 5199 2139 5255 nimis
2165 5206 2336 5264 acuta,
2363 5209 2480 5268 quat
2514 5199 2724 5254 acutule
2761 5206 2974 5266 sonant,
3003 5204 3058 5254 et
3077 5196 3316 5253 discussa
3340 5198 3487 5254 inve-

1907 5292 2126 5347 niuntur
2148 5291 2356 5347 obtusa.
2380 5290 2516 5357 Quid
2546 5287 2687 5361 quod
2725 5290 2885 5346 etiam
2920 5288 3293 5346 similitudines
3331 5287 3484 5343 adhi-

1907 5382 2015 5450 bet,
2043 5381 2235 5454 quibus
2262 5381 2430 5453 magis
2457 5380 2741 5438 admoneat
2765 5381 2889 5452 quid
2928 5381 2978 5437 ei
3023 5379 3214 5436 debeat
3261 5391 3485 5449 rcSpon-

1907 5475 2058 5533 deri?
2106 5474 2240 5543 Quid
2287 5475 2504 5547 amplius
2547 5473 2732 5544 dicam,
2785 5475 2990 5546 inquit,
3023 5474 3122 5528 nisi
3157 5474 3276 5543 quia
3331 5479 3488 5542 potest

1843 5597 1846 5599 λ
1909 5566 2046 5622 credi
2073 5567 2206 5638 quod
2235 5566 2374 5637 ignes
2416 5563 2614 5637 ignibus
2653 5567 3057 5637 exstinguuntur,
3094 5563 3140 5616 si
3165 5563 3185 5594 '
3215 5561 3352 5616 credi
3391 5561 3487 5632 po-

1913 5667 2003 5715 test
2052 5659 2187 5731 quod
2239 5659 2451 5729 peccatis
2506 5669 2708 5730 peccata
2768 5656 3043 5712 curentur?
3071 5653 3206 5724 Quid
3251 5656 3294 5711 si
3341 5653 3489 5725 ignes

1911 5752 2245 5822 exstinguere
2282 5751 2562 5823 quisquam
2591 5768 2693 5806 non
2722 5757 2894 5821 potest
2920 5748 3150 5820 ignibus,
3179 5748 3273 5805 sed
3309 5747 3489 5804 tamen

1977 5867 1995 5898 ¹
2021 5865 2386 5928 Cygirannensis
2408 5871 2511 5925 Ms,
2536 5866 2662 5928 quod
2685 5863 2729 5914 ei
2753 5861 2949 5928 dicitur.

1977 5929 2000 5960 ⁸
2019 5923 2157 5986 aditi,
2179 5927 2265 5978 sic.
2291 5923 2588 5991 castigantur
2613 5941 2675 5977 ex
2699 5923 3050 5989 militis.
