3984 6516
561 425 672 494 265

563 559 807 628 possunt,
837 557 898 607 ut
919 545 1094 614 docui,
1124 533 1338 602 dolores
1362 540 1539 599 curari
1563 541 1841 598 doloribus
1861 543 1885 595 ‘t
1909 539 2143 596 Possunt

563 650 744 715 etiam,
776 645 820 700 si
841 649 1043 714 quaerat
1091 647 1146 694 et
1170 637 1360 703 discat,
1415 636 1636 692 venenis
1686 649 1891 691 venena
1925 631 2138 704 depelli.

561 739 716 803 Nam,
747 735 791 791 si
817 745 870 790 et
894 731 1120 788 advertit
1146 729 1431 800 aliquando
1481 729 1689 785 calores
1735 727 1964 783 febrium
2019 724 2139 795 qui-

561 829 782 887 busdam
828 824 1094 904 caloribus
1120 822 1521 880 medicinalibus
1551 821 1740 893 frangi,
1793 820 1952 876 etiam
1991 818 2144 889 ignes

561 921 766 992 ignibus
788 918 1014 973 fortasse
1042 915 1303 973 concedet
1325 914 1609 985 exstingui.

629 1009 854 1066 CAPUT
879 1007 1070 1064 XXIX.
1103 1038 1172 1048 —
1198 1008 1288 1062 5'5.
1315 1005 1437 1060 Non
1457 1020 1604 1059 omne
1628 1011 1886 1075 peccatum
1909 999 2143 1072 superbia

559 1111 650 1158 est.
676 1101 926 1173 Superbia
953 1099 1204 1172 quomodo
1251 1098 1414 1154 omnis
1436 1096 1627 1168 peccati
1653 1096 1872 1149 initiunt.
1909 1094 2143 1160 Quonam

559 1196 730 1260 modo,
761 1193 950 1264 inquit,
971 1192 1256 1263 superbiam
1282 1192 1447 1262 ipsant
1475 1206 1508 1243 a
1535 1199 1738 1261 peccato
1758 1187 2099 1258 separabimus
2117 1187 2144 1240 .9

560 1287 694 1357 Quid
735 1288 876 1343 cnim
917 1286 1020 1341 hoc
1067 1292 1241 1354 urget,
1297 1295 1416 1337 cum
1465 1279 1804 1336 manifestum
1860 1280 1930 1333 sit
1979 1278 2140 1333 etiam

561 1381 728 1449 ipsam
753 1391 870 1434 csse
908 1374 1220 1446 peccatum?
1243 1371 1371 1427 Tam
1399 1386 1626 1442 peccare,
1649 1369 1838 1440 inquit,
1878 1368 2138 1439 superbire

559 1481 652 1538 est,
683 1485 833 1540 quant
868 1467 1122 1538 superbire
1141 1480 1364 1536 peccare.
1400 1461 1536 1518 Nam
1556 1477 1724 1534 qutere
1740 1461 1864 1534 quid
1889 1461 1953 1516 sit
1975 1464 2142 1533 quod-

559 1575 770 1630 cumque
793 1567 1067 1629 peccatunt,
1098 1564 1144 1611 et
1163 1556 1276 1610 vide
1317 1556 1360 1610 si
1392 1554 1612 1608 invenies
1646 1551 1850 1624 aliquod
1897 1551 2008 1606 sine
2044 1567 2130 1605 su-

562 1654 746 1724 perbia:
770 1652 1108 1723 appellatione
1128 1659 1405 1722 peccatum.
1432 1648 1580 1703 Hanc
1606 1657 1786 1701 autem
1821 1645 2140 1700 sententiam

560 1744 638 1799 sic
679 1743 1008 1813 exsequitur,
1047 1749 1104 1798 et
1149 1741 1227 1796 sic
1273 1741 1500 1811 probare
1557 1749 1819 1794 conatur:
1851 1736 2030 1803 Omne,
2061 1736 2141 1792 in-

561 1839 698 1909 quit,
753 1845 1032 1907 peccatum,
1077 1834 1175 1888 nisi
1216 1833 1404 1906 fallor,
1455 1831 1546 1885 Dei
1587 1839 1902 1900 contemptus
1950 1840 2020 1907 es!
2048 1837 2140 1884 :et

570 1930 733 1984 omnis
754 1929 849 1982 Dei
870 1935 1180 1998 contemmus
1207 1919 1444 1995 superbia
1471 1931 1561 1978 est.
1593 1921 1729 1990 Quid
1758 1922 1889 1976 enim
1915 1931 2018 1974 tant
2042 1937 2133 1975 su-

557 2023 784 2094 perbum,
807 2037 959 2092 quam
981 2018 1144 2074 Deum
1163 2014 1518 2072 contemnere?
1550 2013 1712 2068 Omne
1735 2029 1852 2084 ergo
1881 2021 2140 2084 peccatunt

556 2122 605 2167 et
647 2111 882 2183 superbia
936 2119 1029 2176 est,
1079 2109 1230 2163 etiam
1270 2106 1539 2178 Scriptura
1612 2105 1824 2171 dicente,
1879 2121 1898 2154 ‹
1927 2102 2139 2158 Initium

561 2223 582 2260 t
613 2205 774 2258 omnis
806 2202 995 2268 peccati
1019 2201 1254 2272 superbia
1301 2209 1395 2254 est.
1421 2219 1441 2252 ι
1475 2199 1690 2266 Qumrat
1736 2197 2038 2268 diligenter,
2085 2205 2140 2253 et

553 2295 787 2351 inveniet
815 2295 868 2349 in
913 2294 1030 2364 lege
1082 2291 1306 2348 multum
1349 2289 1638 2345 discretum
1689 2302 1808 2345 esse
1849 2303 1878 2340 a
1929 2287 2138 2344 cmteris

553 2387 784 2457 peccatis
817 2393 1088 2454 peccatum
1115 2381 1398 2452 superbire.
1429 2380 1589 2434 Multa
1613 2380 1755 2434 enim
1786 2386 2002 2449 peccata
2043 2394 2138 2449 per

553 2480 854 2550 superbiam
883 2476 1305 2540 committuntur,
1349 2473 1444 2529 sed
1485 2487 1657 2542 neque
1699 2471 1875 2526 omnia
1906 2471 2138 2542 superbe

553 2570 706 2638 fiunt,
737 2584 855 2640 qua:
880 2582 1156 2639 perperam
1183 2567 1331 2630 ﬁunt;
1351 2572 1498 2619 certe
1523 2579 1553 2617 a
1576 2563 1959 2629 nescientibus,
1992 2571 2136 2618 certe

551 2663 620 2719 ab
645 2661 889 2725 inﬁrmis,
922 2667 1070 2714 certe
1097 2659 1408 2728 plerumque
1435 2672 1464 2710 a
1495 2655 1742 2710 flentibus
1786 2663 1842 2710 et
1867 2655 2135 2725 gementi-

551 2757 672 2812 bus.
697 2757 764 2811 Et
800 2755 1015 2826 quidem
1045 2755 1312 2824 superbia,
1343 2767 1464 2808 cum
1491 2767 1739 2824 magnum
1767 2752 1838 2806 sit
1867 2751 1982 2821 ipsa
2012 2764 2136 2820 pec-

551 2860 748 2913 catum,
777 2848 850 2902 ita
870 2848 984 2902 siue
1009 2846 1127 2900 aliis
1147 2860 1244 2916 per
1267 2860 1327 2901 se
1355 2846 1464 2915 ipsa
1490 2853 1592 2910 est,
1621 2852 1680 2898 ut
1709 2843 1868 2900 etiam
1895 2843 2134 2912 plerum-

549 2955 676 3012 que,
705 2949 764 2996 ut
795 2939 924 3006 dixi,
945 2953 1053 2995 non
1075 2939 1126 2994 in
1159 2938 1411 3009 peccatis,
1435 2937 1530 2993 sed
1569 2937 1622 2992 in
1650 2936 1779 3008 ipsis
1808 2945 1953 2993 recte
1978 2935 2134 2990 factis

553 3032 689 3102 pede
717 3031 979 3088 celeriore
1005 3031 1348 3101 superveniat
1373 3037 1429 3084 et
1472 3030 1712 3100 obrepat.
1746 3029 1852 3086 Sed
1891 3030 2010 3085 ideo
2037 3045 2132 3084 ve-
2169 3061 2172 3064 -

555 3123 768 3178 rissime
828 3123 1025 3178 dictum
1065 3131 1168 3189 est,
1208 3121 1349 3192 quod
1392 3123 1492 3176 iste
1527 3121 1683 3176 aliter
1724 3120 2000 3186 intellexit,
2041 3118 2135 3173 In-

550 3213 700 3268 itium
742 3217 904 3268 ontnis
951 3213 1144 3284 peccati
1182 3211 1419 3283 superbia
1443 3228 1458 3267 :
1486 3213 1736 3282 quoniam
1781 3211 2070 3278 diabolum,
2099 3226 2132 3265 a

548 3323 654 3379 quo
683 3307 884 3363 exstitit
908 3306 1060 3376 origo
1085 3309 1307 3376 peccati,
1335 3306 1446 3376 ipsa
1465 3305 1684 3374 dejecit,
1703 3313 1758 3361 et
1771 3305 2131 3374 subsequente

548 3399 840 3454 invidentia
865 3399 1136 3453 hominem
1157 3407 1410 3464 stantem,
1445 3395 1585 3452 unde
1615 3397 1729 3466 ipse
1759 3394 1968 3460 cecidit,
2007 3393 2131 3450 inde

550 3492 834 3548 subvertit.
865 3489 997 3545 Nam
1025 3490 1208 3560 utique
1232 3489 1499 3559 jabtantite
1533 3489 1766 3558 januam,
1809 3502 1912 3557 qua
1961 3487 2127 3541 intra-

546 3591 648 3651 ret,
670 3597 892 3652 serpens
920 3581 1006 3636 ille
1031 3581 1296 3652 quaesivit,
1328 3579 1542 3651 quando
1569 3579 1663 3643 ait,
1711 3577 1870 3632 Eritis
1896 3578 2028 3632 sicut
2055 3575 2129 3631 dii

545 3674 700 3747 (Gen.
729 3692 809 3744 tu,
841 3675 920 3746 5).
945 3674 1070 3729 Ideo
1097 3673 1296 3728 dictqu
1345 3681 1446 3738 est,
1475 3670 1690 3726 Initium
1729 3672 1894 3727 omnis
1937 3671 2129 3743 peccati

543 3767 799 3838 superbia;
823 3775 898 3834 et,
947 3763 1160 3820 Initium
1205 3765 1452 3832 superbiae
1503 3765 1721 3820 hominis
1767 3773 2055 3834 apostatare
2094 3780 2127 3818 a

542 3857 652 3914 Deo
680 3859 866 3931 (Eccli.
888 3875 944 3924 Χ,
971 3858 1058 3924 15,
1091 3855 1202 3930 14).

612 3949 838 4006 CAPUT
864 3949 1013 4006 XXX
1023 3949 1200 4006 .-—54.
1228 3935 1653 4016 Quomodosuum
1669 3957 1742 4003 est
1769 3947 1985 4004 hominis
2006 3964 2124 4020 pec-

543 4053 730 4110 catunt,
760 4043 874 4097 licet
911 4046 1074 4114 gratia
1110 4042 1330 4111 indigeat
1357 4051 1412 4095 ut
1448 4051 1650 4096 sanetur
1691 4041 1801 4112 ejus
1833 4042 2125 4111 inﬁrmitas.

541 4135 678 4206 Quid
706 4143 880 4190 autem
919 4134 1018 4188 sibi
1063 4133 1200 4200 vult,
1245 4131 1386 4203 quod
1430 4133 1559 4187 dicit
1593 4150 1605 4186 :
1637 4131 1835 4186 Deinde
1875 4134 2125 4203 quomodo

543 4225 653 4283 Deo
677 4243 769 4296 pro
793 4227 932 4280 illius
955 4225 1146 4294 peccati
1174 4235 1318 4279 reatu
1348 4223 1576 4278 subditus
1608 4240 1715 4278 esse
1741 4223 1942 4293 poterit,
1989 4224 2126 4295 quod

540 4335 691 4374 suum
711 4335 813 4373 non
835 4333 939 4372 esse
957 4315 1240 4388 cognoverit
1261 4315 1285 4370 ?
1307 4313 1472 4370 Suum
1497 4314 1634 4368 enim
1662 4331 1764 4370 non
1800 4323 1896 4382 est,
1927 4315 2119 4386 inquit,

540 4411 586 4466 si
610 4409 944 4466 necessarium
969 4418 1059 4462 est.
1087 4407 1187 4461 Aut
1213 4407 1257 4461 si
1281 4423 1432 4461 suum
1475 4414 1566 4473 est,
1613 4404 1954 4460 uoluntarium
2011 4414 2124 4461 est:

541 4515 590 4561 et
615 4505 658 4560 si
684 4503 1022 4559 uoluntarium
1046 4510 1140 4566 est,
1168 4499 1314 4553 uitari
1342 4507 1520 4569 potest.
1563 4495 1671 4552 Nos
1698 4497 2120 4568 respondemus:

541 4598 708 4656 Suum
735 4604 817 4652 est
841 4595 1095 4659 omnino;
1127 4591 1218 4648 sed
1245 4590 1434 4646 vitium
1464 4605 1569 4662 quo
1591 4590 1957 4658 committitur,
1987 4605 2120 4646 non-

541 4690 670 4746 dum
697 4687 842 4744 omni
872 4702 938 4742 ex
977 4693 1124 4756 parte
1165 4691 1410 4739 sanatum
1456 4691 1540 4736 est
1572 4699 1584 4734 :
1612 4679 1754 4752 quod
1805 4681 2019 4752 quidem
2062 4689 2124 4738 ut

541 4783 878 4846 inolesceret,
902 4779 970 4836 de
997 4793 1100 4834 non
1120 4785 1265 4834 recte
1292 4791 1385 4832 usa
1431 4776 1656 4832 sanitate
1704 4776 1983 4833 descendit
2011 4795 2024 4831 :
2054 4793 2122 4836 ex

539 4891 646 4950 quo
675 4876 802 4930 vitio
825 4875 932 4943 jam
957 4871 1099 4926 male
1138 4870 1341 4936 valens,
1373 4868 1458 4923 vel
1485 4865 1814 4936 infirmitate,
1844 4871 1931 4926 vel
1955 4871 2120 4926 caeci-

541 4979 648 5026 tate
679 4969 828 5040 plura
848 4963 1133 5022 committit
1163 4978 1295 5032 :pro
1339 4977 1445 5032 quo
1487 4961 1890 5032 supplicandum
1931 4971 2034 5030 est,
2063 4971 2122 5018 ut

540 5071 777 5126 sanetur,
818 5066 874 5113 et
910 5055 1160 5124 deinceps
1201 5055 1254 5108 in
1291 5061 1544 5124 perpetua
1597 5053 1826 5110 sanitate
1873 5054 2114 5121 vivatur;

540 5171 644 5211 non
667 5148 1101 5223 superbiendum,
1124 5147 1272 5216 quasi
1303 5145 1466 5200 homo
1491 5144 1679 5201 eadem
1724 5153 1987 5216 potestate
2027 5161 2116 5202 sa-

539 5256 716 5310 netur,
747 5257 846 5313 qua
868 5247 1134 5312 potestate
1162 5237 1378 5290 vitiatus
1400 5245 1504 5290 est.

609 5335 833 5396 CAPUT
863 5333 1058 5390 XXXI.
1081 5362 1150 5372 —
1175 5330 1263 5386 55.
1311 5329 1612 5402 Superbiam
1648 5331 1812 5400 ipsam
1837 5347 1927 5384 cur
1977 5329 2118 5386 Deus

538 5449 640 5487 non
665 5432 764 5486 cito
805 5435 967 5483 sanet.
1003 5426 1162 5492 Quam
1206 5425 1396 5478 occulte
1435 5419 1698 5478 insidietur
1750 5423 2005 5496 superbia.
2048 5423 2118 5478 Et

540 5523 655 5578 haec
681 5520 894 5592 quidem
915 5520 985 5574 ita
1005 5517 1250 5578 dixerim,
1278 5525 1337 5571 ut
1362 5515 1520 5571 altius
1550 5516 1640 5571 Dei
1671 5517 1946 5574 consilium
1981 5519 1998 5550 ί
2031 5534 2117 5576 me

535 5613 705 5672 fatear
731 5613 997 5684 ignorare,
1025 5625 1120 5666 cur
1147 5608 1305 5664 etiam
1339 5607 1504 5676 ipsum
1533 5607 1858 5678 superbiam,
1903 5625 2020 5679 quae
2062 5618 2118 5665 et

537 5705 592 5763 in
629 5713 774 5764 recte
823 5703 973 5760 factis
1000 5703 1180 5758 animo
1221 5701 1499 5756 insidiatur
1547 5699 1799 5769 humano,
1855 5717 1963 5757 non
2007 5701 2115 5759 cito

537 5795 680 5853 Deus
703 5805 886 5853 sanet:
923 5811 1022 5866 pro
1060 5811 1160 5865 qua
1203 5793 1436 5848 sananda
1485 5793 1562 5848 illi
1615 5795 1716 5866 pite
1760 5797 1949 5854 anima:
1975 5813 2110 5873 .cum

599 5907 624 5946 ι
637 5905 820 5972 mia
833 5907 1028 5976 quidam
1047 5914 1176 5970 nas»
1197 5905 1464 5970 meum.

1521 417 1608 478 ou
1643 417 1926 478 unum
1963 407 2053 474 ur
2091 399 2372 483 GRA'I‘IA,
2409 413 2468 471 s.
2509 409 2879 474 AUGUSTINI
3296 361 3330 364 ”
3683 441 3771 516 m

2250 535 2500 610 lacrymis
2527 547 2582 593 et
2607 537 2815 610 magnis
2839 536 3119 610 gemitibus
3143 526 3465 620 Supplicant,
3489 561 3550 611 ut
3585 559 3647 617 ad
3681 579 3773 628 eam

2248 629 2602 700 superandam
2627 639 2681 686 et
2703 629 2934 701 quodam
2964 631 3123 687 modo
3145 633 3457 697 calcandam
3499 655 3550 702 et
3576 650 3766 717 obteren.

2248 722 2390 788 dam,
2425 723 2697 780 dexteram
2721 724 3039 780 conantibus
3053 727 3310 798 porrigat.
3337 731 3433 788 Ubi
3457 739 3582 795 enim
3601 743 3761 808 Izetatus

2249 814 2410 870 homo
2436 814 2613 883 fuerit,
2651 815 2704 870 in
2724 815 2901 887 aliquo
2925 816 3066 871 bono
3094 831 3256 888 opere
3279 835 3339 878 se
3357 826 3507 884 etiam
3533 844 3765 903 superasse

2247 907 2570 977 superbiam,
2589 923 2653 966 ex
2681 907 2792 978 ipsa
2821 907 3002 963 laetitia
3023 919 3181 980 caput
3205 913 3377 983 erigit,
3405 927 3458 972 et
3477 920 3596 978 dicit
3621 945 3633 980 :
3658 930 3763 991 Ecce

2247 1011 2349 1068 ego
2372 998 2514 1066 vivo,
2545 999 2670 1068 quid
2699 999 3026 1070 triumphas?
3052 1010 3105 1056 et
3135 1001 3254 1058 ideo
3293 1006 3430 1074 vivo,
3469 1017 3580 1080 quia
3617 1021 3763 1075 trium.

2248 1089 2401 1160 phas.
2430 1090 2569 1145 Ante
2591 1099 2800 1161 tempus
2825 1091 2967 1147 enim
2995 1091 3220 1148 fortasse
3266 1095 3332 1151 de
3369 1098 3451 1153 illa
3495 1107 3626 1172 quasi
3657 1112 3764 1168 victa

2248 1182 2576 1254 triumphare
2605 1183 2854 1250 delectat,
2903 1200 3025 1240 cum
3069 1194 3306 1242 extrema
3347 1191 3459 1260 ejus
3495 1197 3660 1252 umbra
3694 1203 3764 1257 illo

2247 1275 2489 1342 meridie,
2517 1285 2772 1346 quantum
2802 1277 3050 1342 arbitror,
3094 1262 3460 1337 absorbebitur
3485 1301 3498 1338 :
3524 1287 3602 1356 qui
3635 1295 3764 1346 meri.

2246 1369 2362 1425 dies
2385 1369 2656 1440 Scriptura
2679 1370 2889 1425 dicente
2929 1371 3274 1440 promittitur,
3303 1371 3368 1426 Et
3392 1374 3555 1430 educet
3577 1379 3684 1433 sicut
3708 1383 3770 1437 Iu-

2247 1481 2360 1520 men
2371 1465 2628 1536 justitiam
2648 1475 2808 1531 tuam,
2838 1473 2886 1518 et
2898 1464 3154 1535 judicium
3185 1473 3325 1518 tuum
3357 1465 3482 1521 sicut
3509 1471 3769 1530 meridiem:

2245 1561 2290 1617 si
2319 1560 2412 1615 fiat
2434 1562 2577 1632 quod
2606 1575 2764 1632 supra
2805 1561 3058 1630 scriptum
3086 1568 3191 1627 est,
3233 1557 3418 1615 Revela
3454 1562 3518 1614 ad
3543 1562 3769 1622 Dominum

2245 1654 2377 1708 viam
2402 1663 2560 1722 luant,
2593 1661 2640 1708 et
2663 1669 2812 1724 spera
2835 1653 2889 1708 in
2899 1669 3044 1720 eum;
3066 1662 3112 1707 et
3131 1653 3239 1721 ipse
3260 1653 3406 1722 faciet
3430 1651 3587 1725 (Psal.
3614 1671 3768 1728 xxxvi,

2244 1746 2299 1822 6,
2326 1746 2382 1818 5)
2413 1765 2426 1801 :
2455 1761 2562 1802 non
2592 1747 2728 1802 sicut
2751 1745 2963 1816 quidam
2993 1752 3198 1816 putant,
3223 1743 3365 1816 quod
3385 1746 3480 1816 ipsi
3504 1745 3691 1802 faciant.
3708 1749 3768 1822 (a)

2243 1838 2428 1895 Nullos
2455 1839 2597 1894 enim
2619 1839 2828 1896 videtur
2856 1838 3170 1904 attendisse,
3201 1853 3326 1893 cum
3348 1838 3494 1907 dixit,
3522 1837 3584 1892 Et
3604 1841 3695 1910 ipse
3708 1847 3771 1913 fa-

2244 1933 2377 1998 ciet;
2401 1931 2500 1987 nisi
2543 1947 2637 1988 eos
2677 1932 2769 2004 qui
2798 1932 3002 1998 dicunt,
3053 1930 3161 1986 Nos
3205 1929 3446 1996 facimus,
3490 1931 3540 1985 id
3568 1940 3658 1998 est,
3695 1949 3772 1990 nos

2243 2025 2346 2095 ipsi
2371 2040 2469 2080 nos
2494 2025 2639 2096 ipsos
2656 2025 3030 2096 justiticamus.
3053 2023 3153 2081 Ubi
3189 2024 3406 2096 quidem
3447 2039 3700 2095 operemur
3729 2037 3772 2084 et

2243 2133 2343 2174 nos
2375 2136 2388 2172 :
2421 2117 2515 2174 sed
2541 2119 2633 2174 illo
2657 2129 2914 2186 operante
2939 2133 3314 2189 cooperamur,
3357 2117 3480 2188 quia
3515 2118 3772 2174 misericor-

2243 2210 2330 2268 dia
2354 2211 2469 2282 ejus
2509 2213 2901 2282 praaveuitnos.
2937 2211 3202 2268 Prtevenit
3247 2217 3422 2266 autem
3459 2219 3515 2264 ut
3545 2224 3771 2278 sanemur,

2241 2305 2365 2376 quia
2406 2313 2460 2359 et
2510 2304 2867 2374 subsequetur
2895 2305 2913 2337 ¹
2941 2311 3000 2358 ut
3037 2303 3196 2359 etiam
3263 2301 3432 2357 sanati
3476 2309 3769 2372 vegetamur:

2243 2396 2580 2468 praevenitut
2602 2411 2875 2461 vocemur,
2927 2394 3288 2464 subsequetur
3335 2401 3392 2447 ut
3425 2391 3769 2464 glorificemur:

2243 2486 2501 2559 praevenit
2526 2495 2586 2540 ut
2624 2486 2708 2558 pie
2747 2485 3008 2552 vivamus,
3052 2483 3408 2554 subsequetur
3449 2490 3507 2536 ut
3553 2495 3660 2535 cum
3700 2480 3773 2534 illo

2241 2593 2455 2650 semper
2479 2579 2719 2633 vivamus
2751 2595 2764 2631 :
2797 2577 2919 2647 quia
2947 2576 3064 2630 sine
3113 2575 3205 2630 illo
3250 2573 3382 2630 nihil
3426 2585 3683 2643 possumus
3713 2569 3774 2625 fa-

2241 2683 2364 2725 cere
2387 2669 2562 2742 (Joan.
2589 2685 2681 2736 xv,
2708 2669 2783 2741 5).
2811 2667 3104 2738 Utrumque
3132 2666 3280 2722 enim
3307 2666 3552 2734 scriptum
3576 2672 3648 2719 est
3671 2671 3771 2730 :et,

2239 2759 2379 2815 Deus
2429 2777 2590 2828 meus,
2642 2759 2984 2814 misericordia
3026 2760 3135 2829 ejus
3185 2757 3457 2828 prmeniet
3501 2771 3573 2809 me
3618 2751 3771 2826 (Psal.

2240 2871 2386 2922 LVIII,
2417 2855 2530 2926 II);
2578 2862 2633 2910 et
2683 2852 3037 2908 Misericordia
3083 2863 3169 2905 tua
3227 2851 3545 2921 subsequetur
3591 2863 3661 2901 me
3703 2862 3774 2916 per

2239 2965 2410 3003 omnes
2429 2947 2534 3002 dies
2557 2947 2674 3002 vitae
2692 2961 2817 3000 mete
2855 2944 3025 3018 (Psal.
3057 2961 3187 3012 xxu,
3216 2943 3300 3016 6).
3339 2941 3638 2998 Revelemus
3673 2951 3775 3008 ergo

2237 3040 2305 3096 ad
2331 3055 2452 3094 eum
2477 3039 2617 3092 viam
2655 3045 2892 3094 nostram
2943 3035 3306 3103 confessione,
3357 3051 3462 3090 non
3507 3031 3774 3088 defensione

2237 3131 2538 3187 laudemus.
2592 3130 2649 3186 Si
2677 3130 2818 3185 enim
2847 3143 2956 3184 non
2999 3136 3084 3185 est
3116 3128 3292 3200 ipsius
3334 3127 3440 3194 via,
3483 3123 3571 3181 sed
3601 3131 3770 3188 nostra,

2236 3223 2420 3293 procul
2443 3222 2604 3278 dubio
2651 3235 2757 3276 non
2787 3229 2868 3277 est
2921 3228 3088 3276 recta.
3131 3219 3454 3275 ltevelemus
3498 3230 3606 3272 eam
3641 3211 3775 3270 conii-

2235 3315 2432 3382 tendo;
2461 3317 2583 3386 quia
2610 3331 2718 3371 non
2743 3330 2868 3371 eum
2887 3315 3034 3381 latet,
3067 3315 3286 3370 etiamsi
3311 3313 3518 3384 operire
3537 3321 3774 3366 conemur.

2234 3408 2438 3464 Bonum
2465 3415 2546 3463 est
2575 3415 2752 3463 autem
2775 3407 3019 3462 confiteri
3051 3407 3284 3462 Domino
3312 3405 3481 3478 (Psal.
3511 3418 3609 3470 xcr,
3632 3397 3701 3474 2).

2304 3499 2530 3556 CAPUT
2559 3498 2776 3554 XXXII.
2794 3497 3030 3570 (ἰὴ-56.
3049 3497 3308 3568 Superbia
3332 3497 3480 3552 etiant
3501 3497 3552 3549 in
3574 3501 3690 3548 recte
3713 3490 3777 3560 {a-

2233 3593 2328 3648 ctis
2351 3591 2592 3646 cauenda.
2620 3590 2856 3645 Liberum
2879 3589 3141 3644 arbitrium
3175 3607 3284 3644 non
3309 3589 3502 3644 tollitur
3539 3601 3644 3640 cum
3682 3597 3778 3654 gra-

2233 3686 2305 3740 tia
2329 3685 2655 3755 praedicatur.
2683 3683 2758 3738 lta
2783 3684 2926 3738 enim
2958 3683 3100 3754 quod
3142 3683 3192 3739 ei
3218 3683 3401 3754 placet
3445 3679 3586 3736 dabit
3625 3675 3774 3742 nobis,

2231 3778 2278 3833 si
2326 3776 2467 3848 quod
2506 3777 2556 3832 ei
2603 3775 2846 3846 displicet
2895 3776 2948 3830 in
2993 3776 3165 3843 nobis,
3220 3775 3504 3847 displiceat
3540 3779 3593 3828 et
3631 3768 3776 3826 nobis.

2231 3869 2469 3936 Avertet,
2491 3867 2899 3936 sicutscriptum
2919 3874 3019 3933 est,
3053 3867 3280 3922 semitas
3310 3875 3519 3922 nostras
3557 3878 3585 3916 a
3608 3859 3682 3914 via
3701 3869 3779 3913 sua

2232 3957 2403 4035 (Psal.
2445 3977 2597 4028 mn,
2630 3959 2743 4032 I9),
2797 3969 2851 4016 et
2884 3969 3120 4016 nostram
3169 3961 3333 4017 faciet
3397 3974 3513 4015 esse
3552 3971 3661 4028 quae
3703 3965 3781 4006 sua

2229 4061 2342 4120 est;
2373 4054 2622 4123 quoniam
2653 4053 2718 4108 ab
2759 4051 2876 4122 ipso
2905 4051 3172 4121 praebetur
3197 4050 3538 4108 credentibus
3564 4047 3614 4102 in
3658 4057 3778 4110 eum,

2229 4151 2285 4200 et
2311 4143 2646 4214 sperantibus
2675 4143 2728 4198 in
2758 4158 2878 4199 eum
2901 4152 2959 4198 ut
2998 4143 3113 4214 ipse
3155 4143 3336 4199 faciat.
3385 4143 3500 4212 Ipsa
3541 4145 3619 4194 est
3651 4134 3774 4192 enim

2229 4237 2313 4292 via
2327 4237 2492 4308 justa,
2524 4252 2683 4307 quam
2710 4236 3015 4308 ignorantes
3053 4237 3142 4307 qui
3167 4237 3336 4290 zelum
3359 4234 3454 4290 Dei
3473 4231 3664 4294 habent,
3707 4222 3780 4279 sed

2229 4345 2330 4384 non
2353 4329 2629 4384 secundum
2657 4329 2941 4396 scientiam,-
2983 4336 3030 4382 et
3074 4345 3216 4382 suant
3245 4327 3469 4382 uolentes
3520 4319 3784 4378 constituere

2218 4421 2497 4492 justitiam,
2519 4419 2724 4488 iustitia:
2763 4417 2858 4472 Dei
2906 4434 3008 4472 non
3046 4426 3162 4472 sunt
3200 4417 3436 4489 subjecti.
3484 4413 3626 4468 Finis
3672 4407 3784 4462 enim

2229 4513 2352 4586 legis
2377 4512 2627 4581 Christus,
2649 4513 2726 4584 {ad
2761 4511 3018 4582 justitiam
3065 4510 3202 4565 omni
3242 4508 3468 4565 credenti
3521 4503 3704 4579 (Rom.
3735 4514 3783 4566 x,

2226 4601 2371 4678 2-4),
2396 4605 2486 4675 qui
2505 4603 2664 4670 dixit,
2685 4602 2795 4672 Ego
2813 4619 2924 4657 sunt
2942 4602 3022 4656 via
3044 4599 3225 4676 (Joan,
3242 4617 3364 4671 xxv,
3385 4601 3464 4670 6).
3495 4597 3550 4654 1η
3577 4609 3672 4666 qua
3691 4591 3784 4678 iatn

2229 4677 2566 4752 ambulantes
2618 4705 2798 4750 tamen
2826 4694 3013 4749 terruit
3058 4709 3160 4749 vox
3199 4693 3402 4760 divina,
3442 4705 3509 4746 ne
3553 4683 3693 4758 quasi
3729 4677 3787 4734 de

2228 4789 2460 4862 propriis
2485 4789 2542 4842 in
2580 4803 2642 4844 ea
2669 4787 2871 4842 viribus
2908 4787 3254 4842 extollantur.
3287 4786 3422 4841 Nam
3455 4781 3641 4854 quibus
3681 4789 3788 4847 pro-

2229 4887 2348 4950 pter
2375 4879 2479 4934 hoc
2524 4877 2599 4932 ait
2627 4876 2934 4947 Apostolus,
2983 4875 3110 4931 Cum
3158 4878 3337 4931 timore
3379 4879 3427 4929 et
3472 4883 3675 4928 tremore
3713 4879 3786 4918 re-

2226 4981 2384 5028 strant
2411 4972 2634 5042 ipsorum
2672 4969 2952 5040 operamini
2979 4968 3226 5034 salutem;
3269 4967 3413 5022 Deus
3439 4966 3570 5022 enim
3607 4969 3674 5016 est
3715 4955 3789 5027 qui

2227 5071 2464 5136 cperatur
2487 5063 2541 5115 in
2567 5060 2704 5115 vobis
2743 5069 2788 5115 et
2813 5060 2937 5116 uelle
2964 5069 3011 5114 et
3040 5059 3262 5130 operari,
3313 5075 3408 5132 pro
3452 5056 3582 5111 bona
3624 5049 3787 5138 volun:-

2227 5163 2326 5210 tate
2351 5153 2606 5225 (Philipp.
2639 5169 2697 5220 ιι,
2724 5151 2808 5217 12,
2839 5150 2928 5226 15)
2956 5171 2967 5206 :
3000 5153 3079 5207 eis
3095 5161 3316 5222 propter
3343 5151 3449 5206 hoc
3479 5149 3647 5220 ipsum
3676 5141 3790 5198 dicit

2225 5246 2386 5303 etiam
2412 5245 2673 5312 Psalmus,
2715 5243 2914 5300 Servite
2953 5241 3175 5298 Domino
3213 5243 3267 5297 in
3305 5243 3504 5306 timore,
3541 5247 3590 5294 et
3635 5233 3790 5292 exsul-

2227 5348 2327 5394 tate
2371 5337 2419 5394 ei
2461 5354 2577 5392 cum
2646 5345 2888 5402 tremore;
2950 5337 3314 5409 apprehendite
3359 5335 3697 5407 disciplinam,
3737 5341 3792 5381 ne

2225 5429 2429 5501 quando
2459 5429 2709 5483 irascatur
2727 5426 3000 5492 Dominus,
3026 5435 3074 5481 ct
3095 5428 3308 5498 pereatis
3333 5426 3398 5481 de
3415 5426 3498 5480 uia
3509 5425 3669 5497 justo,
3691 5431 3792 5474 cum

2224 5521 2466 5577 exarserit
2487 5520 2541 5574 in
2565 5519 2698 5574 breui
2719 5519 2798 5573 ira
2817 5520 2926 5589 ejus
2949 5535 3101 5590 super
3125 5535 3233 5573 vos.
3263 5517 3378 5574 Non
3400 5519 3497 5584 ait,
3525 5532 3588 5571 ne
3605 5509 3792 5585 quando

2223 5615 2470 5670 irascatur
2501 5611 2764 5675 Dominus,
2788 5619 2967 5666 etnon
2988 5609 3140 5666 vobis
3158 5609 3406 5667 ostendat
3425 5609 3564 5664 viam
3585 5605 3788 5676 justam,

2289 5730 2306 5761 ι
2331 5725 2698 5792 Cygirannensis
2719 5723 2874 5774 codex
2898 5729 2949 5774 et
2967 5721 3150 5787 aliquot
3185 5721 3394 5774 vaticani
3415 5729 3546 5786 Mss,

2222 5797 2358 5914 mia)
2390 5853 2474 5900 Hic
2495 5849 2662 5914 incipit
2675 5855 2816 5911 caput
2835 5846 3046 5914 5g_apud
3081 5857 3178 5900 Am.
3200 5855 3251 5901 et
3273 5855 3345 5900 Er.

2306 5853 2358 5914 a)
2390 5853 2474 5900 Hic
2495 5853 2662 5912 incipit
2675 5855 2816 5911 caput
2835 5853 2936 5897 52a

2282 5853 2360 5979 ib)
2392 5913 2528 5976 Apud
2541 5920 2642 5962 sui.
2671 5919 2721 5963 et
2743 5917 2837 5974 En,
2861 5911 2936 5962 55.
