3984 6516
216 271 305 332 π
810 197 812 199 ¹
1598 242 1802 303 LIBER
1838 239 2039 302 UNUS.

226 400 315 455 ιηι,
337 397 432 440 non
455 393 559 436 vos
571 374 885 435 introducat
912 373 970 437 in
1000 373 1141 429 viam
1165 369 1360 442 justam
1392 385 1406 422 :
1435 363 1528 422 sed
1570 365 1682 435 jam
1709 363 1771 418 il-

224 481 281 537 lic
297 469 616 529 ambulantes
634 467 714 522 sic
735 473 954 521 terrere
978 461 1146 532 potuit
1174 467 1230 514 ut
1251 457 1472 522 diceret,
1506 469 1568 507 ne
1606 467 1780 523 perea-

226 571 282 624 tis
302 562 438 619 deria
455 561 625 630 iusta.
657 553 838 621 Unde,
870 554 974 608 nisi
999 551 1120 624 quia
1144 547 1414 618 superbia,
1445 542 1585 616 quod
1623 541 1779 630 toties

227 658 334 719 dixi,
356 662 404 706 et
425 628 575 718 saepe
595 645 884 702 dicendum
909 652 1013 707 est,
1061 641 1220 698 etiam
1262 638 1316 691 in
1355 634 1484 706 ipsis
1521 641 1667 688 recte
1701 628 1784 684 fa-

227 748 307 804 ctis
328 738 558 798 cavenda
583 745 692 805 est,
739 734 795 791 id
822 742 924 799 est,
958 733 1011 786 in
1043 731 1154 803 ipsa
1184 729 1268 782 via
1296 727 1474 798 justa;
1514 737 1582 778 ne
1619 721 1782 776 homo

223 839 324 894 dum
345 830 489 902 quod
511 830 612 886 Dei
656 837 740 884 est
766 827 990 897 deputat
1036 837 1212 885 suum,
1259 819 1468 902 amittat
1503 814 1642 902 quod
1686 811 1780 868 Dei

222 929 307 985 est,
329 899 376 972 et
401 914 603 970 redeat
629 911 697 966 ad
723 906 1086 972 suumtideo,
1115 919 1220 974 quo
1237 901 1471 972 psalmus
1520 899 1622 953 iste
1654 909 1785 951 con-

223 1009 447 1069 cluditur,
473 1003 741 1058 faciamus
783 997 967 1052 :Beati
1011 1010 1182 1050 omnes
1203 993 1289 1064 qui
1335 989 1597 1058 conﬁdunt
1633 986 1690 1039 in
1727 999 1785 1038 eo

227 1097 366 1170 (Ptol.
388 1109 452 1156 ιι,
487 1093 686 1161 11-15)
720 1090 939 1158 :utique
968 1095 1024 1141 ut
1043 1085 1158 1156 ipse
1173 1082 1348 1144 iaciat,
1381 1079 1495 1148 ipse
1536 1074 1787 1131 ostendat

224 1169 336 1250 viam
358 1204 543 1252 snam,
587 1185 674 1242 cui
703 1185 915 1248 dicitur,
948 1177 1169 1236 Ostende
1211 1176 1372 1239 nobis,
1417 1171 1650 1237 Domine,
1692 1169 1790 1220 mi-

222 1279 528 1342 ισίιοτᾱὶαηι
557 1288 700 1330 tuam
731 1293 744 1329 :
779 1275 965 1343 eti’pse
986 1271 1076 1325 det
1117 1268 1365 1330 salutem,
1412 1271 1470 1317 ut
1517 1259 1790 1315 ambulare

223 1373 486 1445 possimus,
520 1367 612 1422 cui
642 1365 862 1429 dicitur,
882 1361 950 1415 Et
971 1358 1191 1414 salutare
1217 1366 1355 1410 tuum
1375 1348 1787 1445 donabis-(limi.

221 1438 416 1524 ixxxtv,
451 1457 558 1527 8):
595 1457 715 1526 ipse
737 1455 791 1508 in
818 1451 1001 1507 eadem
1035 1449 1121 1503 via
1152 1445 1394 1505 deducat,
1449 1443 1533 1497 cui
1575 1438 1788 1502 dicitur,

226 1551 373 1608 Deduc
391 1564 500 1612 me,
526 1545 780 1609 Domine,
807 1542 864 1595 in
886 1541 966 1594 via
991 1549 1102 1604 tua,
1126 1546 1172 1591 et
1199 1532 1465 1589 ambulabo
1492 1533 1546 1585 in
1588 1529 1793 1601 veritate

226 1639 488 1710 tua(Psal.
519 1650 730 1700 cxxxv,
761 1631 852 1704 ll)
881 1650 894 1686 :
929 1632 1042 1700 ipse
1081 1629 1149 1684 ad
1193 1628 1300 1691 illa,
1333 1640 1442 1696 quo
1490 1624 1574 1678 via
1625 1621 1790 1688 ducit,

229 1730 465 1802 promissa
493 1724 784 1796 perducat,
817 1721 900 1777 cui
928 1719 1146 1782 dicitur,
1191 1716 1392 1771 Etenim
1443 1713 1568 1768 illuc
1594 1726 1794 1793 “manus

227 1834 302 1878 tua
333 1819 547 1873 deducet
592 1831 698 1880 me,
726 1824 777 1869 et
816 1813 1054 1884 perducet
1095 1825 1174 1864 me
1215 1809 1421 1862 dextera
1469 1815 1556 1860 tua
1591 1803 1617 1876 (
1647 1802 1793 1858 Psai.

227 1923 448 1970 cxxxvm,
476 1905 577 1976 {0)
614 1922 628 1957 :
658 1905 776 1973 ipse
796 1902 868 1956 ibi
897 1909 1079 1972 pascat
1096 1897 1464 1952 recumbentes
1487 1909 1608 1950 cum
1626 1893 1798 1947 Abra-

233 2001 355 2063 ham,
377 1996 547 2061 Isaac,
575 2002 639 2049 et
664 1992 856 2058 Jacob,
885 1991 954 2046 de
983 2005 1088 2061 quo
1127 1989 1324 2044 dictum
1358 1994 1464 2052 est,
1512 1983 1688 2039 Faciet
1715 1999 1798 2038 eos

233 2088 504 2153 recumbere,
530 2095 584 2140 et
616 2084 876 2148 transibit,
903 2090 951 2137 et
980 2080 1278 2136 ministrabit
1303 2079 1374 2132 eis
1405 2077 1534 2147 (Luc
1562 2092 1656 2140 χιι,
1683 2072 1795 2146 57).

236 2181 332 2236 Non
351 2179 503 2242 enim,
539 2190 674 2230 cum
706 2175 809 2229 ista
848 2159 1348 2234 commemoramus,
1395 2167 1673 2222 arbitrium
1703 2181 1797 2220 vo-
1822 2190 1848 2216 ι-

246 2270 429 2326 luutatis
447 2267 725 2327 tollimus.
759 2265 854 2321 sed
887 2265 981 2319 Dei
1022 2263 1242 2333 gratiam
1286 2261 1655 2331 praedicamus.
1702 2255 1797 2312 Cui

248 2362 366 2416 enim
385 2365 598 2429 prosunt
627 2356 738 2410 ista
769 2355 869 2408 nisi
897 2353 1115 2420 volenti,
1139 2351 1232 2407 sed
1273 2351 1542 2405 humiliter
1579 2348 1798 2417 volenti,

243 2465 334 2505 non
358 2464 408 2503 se
437 2449 502 2501 de
529 2447 838 2500 voluntatis
871 2444 1092 2508 viribus,
1137 2454 1386 2512 tanquam
1426 2440 1490 2495 ad
1521 2439 1804 2512 perfectio-

239 2555 346 2596 nem
366 2538 576 2609 justitizn
599 2536 720 2589 sola
749 2534 1002 2602 sufﬁciat,
1031 2533 1338 2588 extollenti?

303 2628 512 2684 CAPUT
535 2624 765 2682 XXXIII
785 2625 1051 2696 (a).—57.
1076 2623 1198 2679 Esse
1216 2625 1324 2678 sine
1342 2625 1448 2678 ullo
1473 2623 1673 2678 omnino
1688 2640 1804 2693 pec-

246 2731 353 2774 cato
367 2719 578 2774 nondum
600 2727 764 2786 aqua:
789 2717 1044 2771 hominem
1059 2714 1186 2770 Deo.
1207 2716 1358 2770 Absit
1379 2724 1553 2770 autem
1572 2726 1627 2770 ut
1647 2716 1694 2771 ei
1727 2716 1806 2770 di-

251 2826 445 2870 camus,
466 2810 600 2880 quod
625 2825 652 2862 a
674 2808 992 2879 quibusdam
1019 2817 1202 2861 contra
1229 2822 1287 2862 se
1306 2807 1409 2862 dici
1435 2807 1527 2871 ait,
1548 2825 1566 2859 ι
1595 2822 1804 2875 compa.

252 2901 354 2954 rari
387 2899 635 2953 hominem
658 2899 790 2964 Deo,
820 2897 867 2951 si
896 2897 1096 2966 absque
1123 2905 1336 2966 peccato
1359 2911 1476 2952 esse
1491 2907 1756 2952 asseratur
1782 2915 1801 2950 ι

253 2994 324 3064 (ι)
351 2992 515 3063 :quasi
558 3005 685 3045 vero
734 2990 978 3061 angelus,
1034 2990 1154 3059 quia
1205 2988 1403 3058 absque
1442 2996 1660 3057 peccato
1703 2997 1806 3052 est,

247 3092 559 3151 comparetur
590 3082 725 3136 Deo.
759 3080 875 3150 Ego
894 3079 1107 3150 quidem
1133 3078 1235 3133 hoc
1263 3080 1456 3144 sentio,
1489 3080 1612 3148 quia
1649 3080 1809 3134 etiam

242 3187 354 3226 cum
379 3171 522 3226 fuerit
554 3171 609 3225 in
639 3169 802 3224 nobis
830 3176 974 3223 tanta
1010 3168 1234 3238 iustitia,
1277 3177 1335 3222 ut
1361 3168 1410 3222 ei
1440 3167 1562 3222 addi
1589 3168 1810 3223 omnino

232 3261 355 3316 nihil
378 3262 560 3331 possit,
595 3274 711 3314 non
733 3259 1034 3330 mquabitur
1061 3265 1302 3312 creatura
1327 3257 1587 3312 Creatori.
1622 3257 1677 3313 Si
1714 3273 1812 3312 au-

232 3363 329 3408 tem
350 3353 508 3423 aliqui
531 3359 733 3421 putant
767 3360 970 3406 tantum
1005 3359 1240 3403 nostrum
1271 3347 1506 3403 futurum
1536 3363 1656 3404 esse
1692 3364 1815 3419 pro-

226 3455 450 3509 vectum,
481 3454 538 3499 ut
579 3445 641 3499 in
672 3443 774 3498 Dei
803 3442 1152 3497 substantiam
1178 3450 1572 3505 convertamur,
1616 3447 1669 3495 et
1703 3440 1806 3495 hoc

222 3537 511 3592 elliciamur
539 3551 780 3607 prorsus
826 3535 968 3605 quod
1000 3534 1089 3587 ille
1131 3540 1253 3588 est:
1283 3533 1512 3587 vide‘rint
1560 3533 1817 3602 quemad-

220 3629 428 3682 modum
457 3637 720 3683 astruant
773 3626 1092 3686 sententiam
1119 3639 1300 3690 suam;
1347 3625 1474 3680 mihi
1502 3624 1601 3680 hoc
1649 3625 1818 3680 fateor

221 3736 316 3776 non
338 3737 459 3776 esse
487 3735 856 3792 persuasum.

277 3811 506 3866 CAPUT
548 3809 813 3866 XXXIV.
835 3838 909 3850 —
935 3809 1025 3864 58.
1063 3807 1329 3863 Verissime
1353 3807 1564 3862 dicimus
1591 3824 1680 3862 nos
1718 3823 1820 3861 non

215 3917 314 3956 esse
348 3903 458 3955 sine
503 3911 754 3971 peccato.
803 3898 912 3953 Nec
954 3899 1212 3953 modestiae
1253 3914 1406 3952 causa
1455 3896 1816 3952 mentiendum.

214 3993 342 4048 Laus
380 3993 714 4048 hurnilitatis
759 3992 812 4044 in
854 4001 995 4062 parte
1034 4000 1235 4045 nonest
1282 3991 1513 4061 ponenda
1563 3989 1818 4061 falsitatis.

213 4084 322 4139 lam
352 4099 488 4140 sane
516 4085 640 4139 hoc
675 4083 898 4137 multum
922 4082 1073 4137 faveo
1102 4082 1218 4137 libri
1242 4083 1396 4150 hujus
1423 4081 1654 4149 auctori,
1679 4081 1822 4151 quod

210 4177 465 4232 adversus
496 4192 607 4231 eos
643 4175 738 4245 qui
770 4174 988 4254 dicunt,
1023 4192 1043 4226 ι
1079 4173 1408 4228 Rationabile
1435 4171 1646 4242 quidem
1673 4171 1822 4227 vide-

210 4281 291 4325 tur
327 4286 452 4325 esse
480 4267 650 4338 quod
683 4267 914 4334 asseris,
959 4266 1052 4321 sed
1093 4267 1376 4335 superbum
1407 4275 1485 4320 est
1514 4265 1616 4320 dici
1654 4265 1824 4319 homi-

208 4376 325 4415 nem
380 4359 609 4431 absque
671 4367 891 4427 peccato
939 4371 1058 4412 esse
1103 4371 1292 4426 posse;
1329 4375 1348 4408 ι
1392 4357 1461 4410 ita
1514 4355 1821 4425 respondet,

210 4461 264 4505 ut
290 4451 521 4504 omnino
566 4468 621 4504 si
665 4463 845 4503 verum
873 4458 988 4512 est,
1024 4448 1164 4500 nullo
1194 4447 1352 4501 modo
1395 4447 1678 4516 superbum
1706 4462 1826 4501 esse

211 4541 496 4598 dicendum
527 4541 636 4595 sit.
689 4539 780 4593 Ait
804 4538 945 4593 enim
983 4538 1284 4594 acutissime
1326 4547 1482 4608 atque
1509 4538 1782 4593 verissime
1810 4555 1824 4592 :

218 4653 237 4685 ι
279 4635 334 4689 ln
357 4651 470 4704 qua
501 4632 700 4702 magis
730 4641 880 4701 parte
908 4630 1178 4684 humilitas
1207 4629 1513 4684 collocanda
1543 4630 1661 4685 est?
1703 4631 1828 4685 Siue

215 4723 368 4780 dubio
386 4766 402 4789 ,
441 4721 754 4785 falsitatis,
782 4721 824 4773 si
858 4721 908 4772 in
940 4735 999 4772 ea
1028 4734 1144 4789 quae
1170 4719 1406 4774 veritatis
1430 4721 1684 4790 probatur
1710 4735 1829 4776 esse

213 4815 462 4882 superbia
512 4822 635 4867 est.
679 4828 698 4862 ι
729 4812 805 4864 Ac
835 4826 930 4879 per
974 4809 1072 4865 hoc
1111 4809 1286 4880 placet
1322 4811 1428 4876 illi,
1455 4818 1511 4866 et
1539 4821 1682 4867 recte
1710 4812 1829 4882 pla-

213 4916 320 4972 cet,
355 4917 415 4961 ut
446 4907 506 4961 in
558 4913 730 4975 parte
755 4903 1027 4968 veritatis,
1057 4919 1162 4957 non
1192 4903 1244 4957 in
1276 4914 1422 4973 parte
1451 4902 1694 4959 falsitatis
1720 4920 1832 4957 ina-

213 5000 290 5068 gis
319 4998 627 5053 humilitas
677 4995 991 5050 collocetur.
1035 4995 1112 5049 Ex
1154 5010 1259 5065 quo
1297 5004 1378 5050 est
1419 5010 1745 5065 consequens
1775 5002 1832 5049 ut

216 5091 303 5147 ille
325 5091 420 5162 qui
453 5089 612 5144 dixit
634 5128 655 5154 ,
687 5087 750 5142 Si
794 5087 1066 5141 dixerimus
1107 5086 1225 5156 quia
1262 5093 1519 5157 peccatum
1547 5101 1647 5140 non
1676 5085 1828 5140 habe-

293 5247 346 5314 ει)
369 5243 520 5308 Apud
546 5247 968 5314 Αφοειετκεερο

294 5301 343 5368 ει)
361 5301 469 5357 non
496 5305 700 5374 probat
715 5301 966 5374 idPelagio
982 5304 1237 5374 objectarj;
1263 5316 1361 5374 quo
1371 5302 1584 5374 quidem
1591 5301 1836 5374 adversus

217 5364 683 5436 euin'arguthentq
696 5364 1238 5436 ptitur-ttiemuymusﬁin
1261 5364 1462 5436 epistola
1477 5365 1535 5413 ad
1557 5364 1836 5436 Ctesiphon-

218 5436 350 5477 tem:
386 5424 787 5489 ι’δϊιιιιψιὶιὶμ
817 5424 1214 5489 ειμι-ρώπων.
1250 5424 1366 5474 mihi
1407 5433 1533 5474 Deus
1557 5432 1628 5489 ut
1672 5424 1836 5476 essem

223 5507 246 5536 ι
265 5491 396 5553 quod
419 5497 570 5539 Deus
593 5485 691 5555 est
708 5520 723 5544 ,
746 5491 800 5534 ut
822 5485 938 5534 nihil
961 5485 1184 5555 interme
1209 5493 1344 5555 esset
1367 5487 1686 5555 etpominum
1701 5499 1837 5535 crea-

224 5568 246 5596 ι
267 5547 448 5608 tiu-em,
474 5557 541 5599 ut.
565 5547 741 5610 qiajor
763 5558 924 5610 essem
955 5547 1243 5610 angelorum
1284 5547 1475 5610 fastigio
1491 5582 1506 5607 ,
1530 5556 1584 5598 ut
1601 5547 1839 5610 haberem

224 5628 246 5656 ι
267 5612 398 5676 quod
424 5607 623 5676 Angeli
649 5607 753 5656 non
768 5607 984 5656 habent?
1003 5607 1178 5676 peillo
1199 5607 1428 5672 scriptum
1461 5615 1537 5660 est
1557 5607 1694 5672 quasi
1721 5621 1837 5670 pro-

226 5689 247 5718 ι
268 5667 451 5735 frium,
468 5667 568 5730 Qii
594 5678 864 5732 peccatum
886 5681 979 5716 non
1001 5667 1130 5719 fecit.
1149 5686 1173 5715 ι

469 5755 738 5816 ὃΑιιοτ.
777 5750 1045 5812 Aueusr.
1076 5752 1162 5813 X.

3342 235 3452 297 ἰεῦ

1887 376 2034 426 mus,
2064 375 2154 413 nos
2190 357 2325 428 ipsos
2355 355 2662 427 decipimus,
2688 367 2733 410 et
2770 356 2947 412 veritas
2984 359 3035 412 in
3065 357 3206 413 nobis
3243 377 3340 414 non
3381 369 3457 415 est

1886 451 1927 519 (1
1951 451 2106 503 Joan.
2136 464 2188 516 ι,
2220 448 2311 518 8);
2339 464 2520 504 verum
2549 449 2747 505 dixisse
2773 451 2989 506 minime
3011 449 3314 520 dubitetur,
3347 454 3454 510 ne‘

1887 554 2045 594 causa
2085 539 2391 594 humilitatis
2420 540 2519 595 hoc
2563 541 2750 596 falsum
2790 542 2988 598 dixisse
3035 543 3291 597 videatur.
3326 545 3458 599 Pro-

1888 636 2067 698 pterea
2095 627 2235 684 enim
2277 627 2504 694 addidit,
2539 629 2605 684 Et
2630 633 2809 687 veritas
2831 635 2883 687 in
2911 633 3052 687 nobis
3073 650 3171 688 non
3201 646 3271 689 cst
3297 651 3311 688 :
3340 651 3461 689 cum

1888 717 2026 773 forte
2065 717 2332 774 sufﬁceret
2355 720 2563 786 dicere,
2599 721 2709 777 Nos
2741 724 2878 794 ipsos
2920 725 3228 796 decipimus;
3252 725 3354 781 nisi
3384 737 3465 781 at-

1889 807 2132 863 tenderet
2170 809 2425 878 quosdam
2466 819 2651 881 putare
2702 828 2889 882 posse,
2945 815 3064 871 ideo
3109 815 3338 882 dictum,
3372 835 3463 871 nos

1889 898 2025 968 ipsos
2071 897 2383 967 decipimus,
2431 901 2556 970 quia
2598 903 2756 956 etiam
2802 903 2868 958 de
2908 920 3034 960 vero
3076 906 3216 962 bono
3263 908 3351 978 qui
3405 923 3467 964 se

1893 985 2070 1041 laudat
2093 988 2382 1044 extollitur.
2413 989 2672 1046 Addenda
2698 993 2901 1061 itaque,
2934 993 3003 1047 Et
3022 997 3204 1051 veritas
3234 998 3286 1051 in
3323 999 3468 1054 nobis

1893 1092 1993 1131 non
2020 1086 2124 1144 est,
2158 1079 2434 1134 manifeste
2461 1081 2723 1146 ostendit,
2757 1084 2892 1137 sicut
2920 1086 3080 1138 etiam
3114 1085 3235 1143 huic
3278 1091 3466 1145 rectis-

1892 1165 2028 1223 sime
2053 1168 2254 1238 placet,
2284 1169 2386 1226 hoc
2422 1173 2636 1227 omnino
2673 1189 2855 1229 verum
2884 1191 2988 1230 non
3015 1191 3136 1233 esse
3155 1219 3170 1244 ,
3210 1180 3254 1232 si
3278 1181 3469 1236 dixeri-

1892 1275 2004 1314 mus
2035 1261 2152 1330 quia
2176 1272 2433 1332 peccatum
2463 1279 2562 1317 non
2601 1264 2841 1321 habemus
2873 1282 2892 1321 :
2929 1284 2996 1323 ne
3035 1269 3305 1328 humilitas
3330 1289 3466 1330 con-

1895 1351 2075 1406 stituta
2103 1352 2154 1406 in
2186 1362 2333 1422 parte
2353 1353 2624 1423 falsitatis,
2651 1357 2834 1425 perdat
2861 1361 3138 1429 praemium
3171 1363 3426 1420 veritatis.

1965 1442 2053 1498 59.
2085 1442 2250 1498 Porro
2275 1453 2450 1499 autem
2477 1446 2615 1516 quod
2645 1447 2737 1503 Dei
2761 1464 2975 1504 causam
3006 1453 3104 1506 sibi
3131 1467 3288 1523 agere
3315 1455 3463 1510 vide-
3511 1468 3554 1497 ’κ-

1896 1539 2001 1596 tur,
2032 1532 2363 1589 defendendo
2383 1543 2656 1603 naturam;
2683 1553 2787 1592 non
2814 1541 3037 1596 attendit
3061 1544 3200 1613 quod
3227 1546 3470 1602 eamdem

1896 1627 2139 1675 naturam
2166 1637 2348 1676 sanam
2373 1638 2490 1679 esse
2514 1623 2737 1681 dicendo
2755 1669 2770 1694 ,
2804 1629 2992 1684 medici
3021 1633 3227 1703 repellit
3253 1635 3486 1697 miseris

1898 1712 2158 1767 cordiam.
2203 1713 2321 1782 ipse
2347 1723 2429 1770 est
2470 1725 2646 1772 autem
2683 1727 2906 1775 creator
2942 1722 3088 1792 ejus,
3123 1725 3214 1794 qui
3241 1726 3472 1786 salvator

1898 1802 2033 1871 ejus.
2063 1803 2176 1858 Non
2214 1818 2343 1876 ergo
2379 1805 2635 1863 debemus
2678 1809 2756 1864 sic
2784 1811 3000 1868 laudare
3045 1825 3369 1884 creatorem,
3415 1829 3476 1875 ut

1899 1906 2179 1963 cogamur,
2210 1897 2317 1951 imo
2346 1913 2470 1954 vere
2493 1901 2514 1933 ⁸
2539 1901 2914 1958 convincamur
2941 1903 3120 1960 dicere
3149 1906 3474 1976 superﬂuum

1899 1983 2234 2039 salvatorem.
2278 1985 2525 2043 Naturam
2554 1990 2730 2067 itaque
2774 1991 3001 2048 hominis
3024 1995 3198 2065 dignis
3232 1997 3477 2053 laudibus

1902 2071 2252 2145 honoremus,
2279 2093 2476 2149 easque
2516 2081 2702 2137 laudes
2748 2082 2813 2136 ad
2841 2086 3094 2139 creatoris
3124 2087 3345 2156 gloriam
3386 2104 3478 2144 re-

1903 2165 2135 2222 feramus
2163 2185 2176 2222 :
2204 2169 2298 2224 sed
2339 2171 2460 2241 quia
2505 2187 2604 2228 nos
2631 2174 2862 2242 creavit,
2912 2176 2980 2230 ita
3013 2175 3177 2232 simus
3219 2179 3384 2249 grati,
3415 2189 3479 2235 ut

1904 2271 2009 2311 non
2058 2258 2258 2324 simus,
2301 2261 2423 2330 quia
2451 2270 2635 2329 sanat,
2688 2265 2899 2334 ingrati.
2946 2266 3085 2321 Vitia
3130 2282 3258 2324 sane
3299 2279 3481 2326 nostra

1904 2361 2022 2416 quae
2051 2356 2234 2413 sanat,
2269 2364 2374 2403 non
2403 2350 2583 2406 divino
2609 2354 2787 2421 operi,
2827 2355 2920 2409 sed
2951 2355 3195 2411 humanae
3223 2359 3481 2414 voluntati

1900 2435 2162 2507 justaeque
2185 2438 2326 2494 illius
2355 2440 2597 2497 vindicta:
2627 2443 2920 2498 tribuamus
2964 2461 2979 2498 :
3019 2446 3112 2502 sed
3135 2457 3191 2501 ut
3219 2449 3270 2502 in
3301 2458 3481 2505 nostra

1905 2536 2168 2597 potestate
2210 2529 2372 2586 fuisse
2401 2547 2469 2587 ne
2495 2533 2796 2589 acciderent
2837 2537 3184 2607 confitemur,
3215 2540 3286 2594 ita
3313 2553 3370 2596 ut
3398 2556 3485 2596 sa-

1907 2628 2101 2673 nentur
2129 2620 2181 2673 in
2211 2620 2349 2675 illius
2375 2623 2544 2692 magis
2571 2638 2690 2679 esse
2719 2625 3076 2681 misericordia
3104 2646 3260 2698 quam
3303 2632 3355 2685 in
3383 2648 3486 2686 no-

1908 2716 2014 2762 stra
2042 2717 2303 2778 potestate
2349 2711 2630 2767 fateamur.
2663 2713 2811 2768 Hanc
2850 2715 2948 2770 iste
2987 2717 3404 2775 misericordiam
3431 2731 3488 2777 et

1909 2799 2225 2856 medicinale
2251 2802 2536 2858 Salvatoris
2564 2806 2815 2860 auxilium
2844 2814 3045 2863 tantum
3076 2809 3130 2862 in
3170 2809 3272 2865 hoc
3298 2813 3485 2881 ponit,
3553 2866 3555 2868 .

1913 2901 1968 2945 ut
1997 2892 2234 2962 ignoscat
2279 2894 2563 2950 commissa
2616 2897 2883 2970 prteterita
2905 2938 2919 2964 ,
2949 2913 3054 2951 non
3085 2907 3146 2953 ut
3185 2899 3398 2970 adjuvet
3419 2902 3488 2956 ad

1913 2981 2083 3036 futura
2111 2983 2342 3038 vitanda.
2370 2985 2467 3040 Hic
2498 2986 2942 3054 perniciosissimo
2968 2987 3164 3044 fallitur
3193 3007 3206 3042 :
3241 2990 3326 3048 hic
3345 3033 3360 3057 ,
3388 2993 3490 3047 etsi

1913 3072 2156 3126 nesciens
2175 3112 2190 3138 ,
2221 3073 2470 3142 prohibet
2499 3090 2595 3131 nos
2622 3075 2839 3146 vigilare
2872 3084 2928 3132 et
2952 3092 3105 3134 orare
3131 3095 3198 3136 ne
3233 3081 3491 3137 intremus

1913 3159 1966 3214 in
1992 3161 2335 3216 tentationem
2355 3203 2370 3230 ,
2394 3178 2513 3218 cum
2545 3165 2647 3221 hoc
2685 3182 2751 3221 ne
2781 3167 2933 3223 nobis
2962 3169 3199 3238 accidat,
3230 3171 3282 3226 in
3310 3182 3492 3228 nostra

1917 3260 2114 3306 tantum
2142 3260 2402 3323 potestate
2429 3268 2549 3310 esse
2572 3257 2862 3311 contendit.

1987 3342 2210 3418 CAPUT
2249 3343 2464 3399 XXXV.
2503 3375 2577 3386 —
2613 3347 2702 3402 40.
2759 3348 3108 3415 Quorumdam
3160 3367 3254 3406 cur
3303 3355 3495 3426 scripta

1917 3448 2139 3510 peccata.
2169 3438 2462 3508 Desperatio
2484 3441 2537 3494 iu
2575 3443 2788 3512 peccatis
2825 3443 3036 3513 perdere
3055 3461 3109 3498 se
3137 3455 3275 3517 putat
3307 3448 3352 3501 si
3373 3449 3496 3518 quid

1919 3547 2018 3584 non
2062 3532 2234 3602 fecerit
2269 3548 2366 3601 quo
2395 3532 2596 3604 instigat
2638 3533 2812 3588 libido.
2844 3535 2922 3588 An
2966 3539 3128 3592 sancti
3168 3541 3352 3594 mortui
3395 3541 3496 3594 sint

1918 3623 2024 3676 sine
2067 3631 2288 3692 peccato.
2326 3642 2345 3674 ι
2382 3622 2737 3690 Quorumdam
2772 3643 2790 3678 ι
2826 3639 2953 3680 sane
2983 3644 3002 3679 ι
3037 3630 3277 3700 exempla
3299 3672 3314 3697 ,
3361 3646 3498 3702 quos

1921 3727 2170 3781 peccasse
2201 3712 2454 3782 legimus,
2494 3731 2513 3765 ι
2545 3728 2647 3767 non
2683 3733 2700 3766 ι
2741 3715 2862 3770 ideo
2908 3717 3104 3786 scripta
3141 3737 3160 3770 ι
3194 3719 3356 3785 dicit,
3403 3722 3495 3790 qui

1921 3820 2106 3858 sanum
2155 3807 2325 3874 sapit,
2364 3823 2383 3858 ‹
2420 3814 2478 3859 ut
2517 3805 2585 3860 ad
2628 3806 3053 3876 desperationem
3100 3825 3203 3863 non
3244 3813 3496 3880 peccandi

1921 3896 2160 3960 valeant,
2192 3905 2244 3951 et
2267 3898 2602 3952 securitatem
2633 3900 2884 3967 peccandi
2905 3901 3056 3956 nobis
3082 3903 3308 3971 quodam
3339 3905 3498 3960 modo

1926 3989 2161 4058 praebere
2203 3989 2481 4044 videantur
2509 4007 2523 4043 :
2563 4009 2581 4042 ι
2613 3990 2705 4046 sed
2743 4000 2805 4046 ut
2828 3992 3188 4060 disceremus,
3212 3995 3296 4050 vel
3327 3998 3500 4066 poeni-

1924 4081 2070 4137 tendi
2112 4080 2462 4137 humilitatem
2483 4125 2498 4148 ,
2531 4082 2615 4138 vel
2641 4084 2797 4138 etiam
2839 4085 2892 4140 in
2921 4085 3108 4140 talibus
3135 4087 3370 4157 lapsibus
3394 4104 3498 4143 nou

1925 4171 2311 4242 desperandum
2351 4172 2594 4228 salutem.
2623 4172 2846 4241 Quidam
2876 4174 3016 4230 enim
3055 4175 3107 4230 in
3137 4187 3350 4246 peccata
3381 4193 3501 4248 pru-

1927 4263 2059 4334 lapsi
2089 4263 2454 4333 desperatione
2484 4264 2603 4333 plus
2629 4275 2877 4334 pereunt,
2916 4281 3014 4322 nec
3037 4268 3212 4322 solum
3240 4271 3504 4337 paeniten-

1927 4353 1979 4408 di
2025 4355 2295 4424 negligunt
2333 4355 2649 4409 medicinam
2670 4397 2685 4418 ,
2729 4356 2821 4410 sed
2850 4355 2915 4410 ad
2941 4357 3196 4426 explenda
3226 4361 3502 4416 inhonesta

1927 4455 1982 4501 et
2024 4446 2220 4500 nefaria
2267 4445 2527 4501 desideria
2558 4446 2694 4500 servi
2728 4447 2995 4501 libidinum
3041 4456 3095 4502 et
3124 4450 3500 4506 sceleratarum

1929 4539 2270 4609 cupiditatum
2315 4538 2475 4604 ﬁunt;
2519 4539 2665 4608 quasi
2712 4538 2964 4606 perdant,
3005 4540 3049 4592 si
3096 4556 3200 4593 non
3243 4541 3500 4609 fecerint,

1929 4630 2069 4700 quod
2122 4629 2333 4698 instigat
2384 4629 2578 4694 libido,
2631 4643 2748 4682 cum
2793 4643 2885 4682 eos
2926 4629 3032 4698 jam
3087 4642 3297 4686 maneat
3360 4645 3506 4694 certa

1931 4722 2219 4776 damnatio.
2262 4718 2540 4774 ‘Adversus
2597 4718 2742 4772 hunc
2789 4718 3030 4773 morbum
3082 4721 3302 4776 nimium
3368 4726 3508 4792 peri-

1931 4813 2169 4867 culosum
2214 4821 2268 4864 et
2302 4809 2654 4872 exitiabilem,
2711 4809 2849 4864 valet
2899 4814 3330 4869 commemoratio
3381 4830 3506 4884 pec-

1933 4911 2171 4958 catorum
2228 4901 2386 4956 etiam
2453 4901 2506 4956 in
2571 4916 2689 4972 quae
2746 4901 2872 4971 juSti
2933 4904 3208 4974 sanctique
3269 4907 3508 4978 prolapsi

1931 5003 2076 5052 sunt.

2003 5089 2093 5142 41.
2125 5085 2230 5141 Sed
2259 5091 2411 5140 acute
2431 5082 2639 5138 videtur
2663 5083 3009 5154 interrogare,
3039 5103 3057 5137 ι
3084 5085 3350 5155 quomodo
3377 5087 3507 5144 istos

1936 5189 2146 5236 sanctos
2173 5178 2239 5234 de
2261 5178 2362 5233 hac
2387 5178 2490 5232 vita
2527 5176 2719 5232 abiisse
2743 5176 3064 5232 credendum
3093 5179 3192 5243 sit,
3219 5195 3338 5235 cum
3381 5197 3510 5252 pec-

1877 5297 1880 5300 ·
1937 5283 2084 5340 cato,
2113 5286 2179 5326 an
2200 5270 2315 5326 sine
2339 5277 2572 5339 peccato.
2611 5287 2630 5320 ι
2665 5267 2731 5323 Ut
2759 5268 2803 5324 si
2829 5282 3140 5338 responsum
3167 5269 3344 5336 fuerit,
3375 5271 3504 5328 Cum

1937 5368 2425 5434 peccato,puletur
2462 5374 2555 5414 eos
2597 5367 2776 5412 secuta
2824 5358 3126 5427 damnatio,
3173 5361 3313 5431 quod
3361 5363 3507 5416 nefas

1938 5464 2021 5512 est
2043 5452 2262 5509 credere
2287 5451 2328 5517 ³;
2360 5451 2403 5505 si
2429 5458 2604 5504 autem
2627 5451 2741 5504 sine
2769 5461 2986 5520 peccato
3005 5450 3205 5505 dictum
3231 5452 3384 5507 fuerit
3413 5467 3505 5508 eos

2003 5546 2022 5616 ξ
2046 5552 2153 5616 έπιο.
2169 5548 2244 5616 εν-
2271 5541 2708 5616 siccaneus,
2731 5553 2836 5591 ηεσ-

2002 5607 2023 5638 i
2047 5607 2410 5666 Cygiranneusis
2431 5609 2534 5666 his,
2556 5614 2682 5652 vero.

2015 5671 2024 5692 ‘
2049 5655 2272 5728 PlErique
2290 5672 2410 5728 Mss,
2431 5655 2608 5714 dicere.

2941 5743 2983 5821 ί
2978 5743 3043 5810 Ν
3046 5742 3205 5824 θαι)
