4036 6520
549 317 652 372 267

545 429 720 486 exisse
761 427 830 485 de
855 427 956 484 hac
979 426 1119 494 vita,
1147 423 1336 496 probet
1380 421 1651 478 hominem
1672 421 1861 476 saltem
1904 419 2128 490 propin-

544 529 740 590 quante
765 527 936 574 morte
961 517 1125 574 fuisse
1149 515 1264 570 sine
1287 523 1508 586 peccato
1537 513 1592 567 in
1616 512 1717 567 hac
1739 511 1868 566 vita.
1908 509 2010 567 Ubi
2039 525 2133 576 pa-

544 627 664 667 rum
689 611 938 675 attendit,
971 624 1089 664 cum
1111 607 1182 662 sit
1215 605 1574 670 acutissimus,
1607 619 1715 658 non
1745 602 1940 658 frustra
1965 602 2128 658 etiam

543 702 716 772 iustos
743 700 798 755 in
825 699 1064 756 oratione
1088 696 1265 752 dicere
1283 737 1298 762 ,
1327 694 1539 750 Dimitte
1563 695 1704 748 nobis
1733 693 1900 748 debita
1924 702 2128 761 nostra,

545 794 673 846 sicut
694 801 740 846 et
783 807 874 846 nos
897 789 1200 846 dimittimus
1232 787 1536 844 debitoribus
1561 787 1746 842 nostris
1771 803 1791 842 :
1819 785 2131 840 Dominum-

546 897 651 950 que
681 879 948 936 Christum
966 920 981 946 ,
1024 894 1145 935 cum
1171 878 1416 935 eamdem
1443 877 1740 934 orationem
1766 875 2006 932 docendo
2033 891 2132 930 ex-

544 971 854 1042 plicuisset,
905 969 1248 1026 veracissime
1274 969 1607 1036 subdidisse,
1649 967 1710 1022 Si
1729 967 1860 1022 enim
1884 966 2133 1020 dimiseri-

543 1065 606 1118 tis
643 1069 848 1132 peccata
893 1059 1174 1115 hominibus
1194 1101 1209 1126 ,
1241 1060 1454 1114 dimittet
1485 1057 1620 1112 vobis
1647 1055 1802 1111 Pater
1828 1065 1984 1112 vester
2019 1072 2134 1126 pec-

545 1163 661 1206 cata
705 1160 887 1206 vestra.
946 1152 1050 1208 Per
1114 1152 1216 1208 hoc
1245 1151 1390 1206 enim
1439 1149 1803 1220 quotidianum
1857 1147 2134 1218 spirituale

545 1245 775 1314 quodam
799 1243 959 1300 modo
985 1244 1258 1300 incensum
1279 1285 1294 1310 ,
1323 1242 1464 1314 quod
1517 1249 1641 1298 ante
1671 1242 1834 1296 Deum
1881 1243 1936 1296 in
1965 1241 2135 1296 altare

546 1335 723 1390 cordis
745 1375 760 1402 ,
799 1334 944 1407 quod
970 1349 1182 1390 sursum
1229 1334 1426 1393 habere
1453 1333 1801 1388 admonemur
1819 1374 1834 1400 ,
1867 1331 2092 1386 infertur
2113 1372 2130 1398 ,

546 1425 758 1480 etiamsi
783 1440 890 1480 non
921 1425 1006 1480 hic
1033 1425 1238 1480 vivatur
1279 1425 1396 1479 sine
1421 1433 1674 1494 peccato,
1701 1423 1824 1478 licet
1853 1422 1988 1476 mori
2017 1423 2136 1476 sine

547 1525 801 1585 peccato,
844 1515 970 1572 dum
1007 1515 1232 1570 subinde
1271 1516 1424 1569 venia
1469 1513 1704 1582 deletur,
1744 1512 1884 1584 quod
1914 1513 2136 1569 subinde

547 1606 842 1676 ignorantia
873 1605 956 1660 vel
981 1605 1286 1660 inﬁrmitate
1305 1604 1671 1660 committitur.

617 1695 844 1754 CAPUT
880 1695 1295 1752 XXXVI.-—42.
1321 1696 1513 1751 Sancta
1537 1695 1674 1766 uirgo
1703 1693 1868 1748 Maria
1893 1693 2002 1748 sine
2028 1693 2136 1748 ullo

547 1787 671 1842 uixit
705 1797 927 1856 peccato.
959 1785 1152 1842 Nullus
1195 1795 1436 1856 prieterea
1475 1795 1762 1842 sanctorum
1797 1783 1980 1853 absque
2021 1800 2139 1854 pec-

547 1887 680 1933 cato.
697 1877 898 1934 Deinde
909 1886 1291 1933 commemorat
1306 1891 1418 1944 eos,
1443 1876 1561 1947 tqui
1578 1891 1684 1930 non
1701 1875 1861 1930 modo
1881 1890 1986 1929 non
2013 1889 2138 1944 pec-

548 1981 734 2034 casse,
767 1983 947 2023 verum
989 1967 1149 2022 etiam
1171 1967 1313 2037 juste
1357 1967 1554 2022 vixisse
1599 1964 1919 2030 referuntur,
1976 1964 2140 2033 Abel,

548 2057 756 2124 Enoch,
773 2058 1183 2124 Melchisedech,
1201 2057 1486 2124 Abraham,
1509 2057 1674 2122 Isaac,
1697 2057 1882 2124 Jacob,
1901 2057 2026 2113 Jesu
2043 2056 2142 2112 Na-

546 2163 634 2214 ve,
657 2147 906 2214 Phincos,
926 2148 1164 2216 Samuel,
1191 2148 1419 2214 Nathan,
1449 2147 1608 2214 Elias,
1643 2147 1862 2218 Joseph,
1894 2148 2136 2214 Elisaeus,

547 2237 801 2304 Micheas,
831 2239 1042 2306 Daniel,
1075 2239 1330 2304 Ananias,
1357 2239 1605 2302 Azarias,
1633 2239 1834 2305 Misael,
1857 2237 2136 2304 Ezechiel,

552 2327 951 2396 Mardoclunus,
999 2327 1254 2394 Simeon,
1300 2326 1502 2397 Joseph
1531 2327 1616 2381 cui
1662 2327 1980 2396 desponsata
2023 2334 2142 2382 erat

547 2415 702 2486 virgo
747 2415 945 2483 Maria,
995 2415 1253 2472 Joannes.
1309 2434 1329 2468 ι
1383 2415 1636 2486 Adjungit
1676 2417 1836 2472 etiam
1881 2415 2136 2483 feminas,

554 2523 575 2557 ι
620 2505 953 2572 Debboram,
1009 2507 1218 2560 Annam
1285 2505 1546 2561 Samuelis
1605 2513 1866 2573 matrem,
1919 2505 2136 2572 Iudith,

547 2595 775 2664 Esther,
807 2597 1028 2652 alteram
1057 2597 1265 2650 Annam
1307 2595 1468 2650 filiam
1509 2595 1784 2662 Phanuel,
1825 2595 2138 2664 Elisabeth,

546 2685 718 2758 ipsam
770 2686 930 2742 etiam
975 2685 1184 2740 Domini
1221 2700 1284 2740 ac
1321 2684 1614 2741 Salvatoris
1661 2685 1828 2740 nostri
1875 2685 2136 2750 Matrem,

547 2790 709 2847 quam
755 2793 775 2829 ι
817 2775 946 2830 dicit
989 2794 1009 2828 t
1045 2777 1161 2830 sine
1191 2784 1412 2846 peccato
1467 2776 1710 2831 conﬁteri
1757 2789 1974 2830 necesse
2019 2791 2140 2832 esse

547 2865 754 2938 pietati.
812 2885 832 2920 ι
883 2867 1114 2936 Excepta
1163 2865 1342 2938 itaque
1387 2876 1568 2922 sancta
1593 2867 1794 2936 virgine
1839 2866 2036 2932 Maria,
2071 2866 2140 2922 de

548 2971 651 3028 qua
677 2965 894 3026 propter
929 2957 1186 3012 honorem
1213 2955 1423 3012 Domini
1449 2958 1652 3011 nullam
1683 2971 1902 3026 prorsus
1927 2971 2048 3012 cum
2071 2957 2140 3012 de

547 3049 782 3120 peccatis
827 3049 1032 3120 agitur,
1085 3047 1271 3104 haberi
1317 3050 1335 3082 ¹
1373 3050 1497 3104 volo
1535 3049 1884 3119 quzestionem
1933 3065 1948 3103 :
1999 3047 2139 3104 unde

549 3143 692 3198 enim
724 3143 922 3198 scimus
948 3142 1076 3213 quid
1118 3143 1170 3200 ei
1215 3143 1335 3212 plus
1363 3143 1546 3212 gratia:
1573 3143 1820 3196 collatum
1871 3139 2030 3196 fuerit
2070 3140 2138 3195 ad

548 3231 868 3288 vincendum
887 3233 1032 3287 omni
1055 3247 1123 3288 ex
1149 3241 1299 3302 parte
1325 3243 1627 3304 peccatum,
1657 3249 1776 3302 qua:
1805 3233 2087 3301 concipere
2116 3233 2138 3264 ’

549 3339 614 3380 ac
637 3339 826 3395 parere
845 3326 1065 3392 meruit,
1093 3341 1250 3396 quem
1281 3334 1490 3380 constat
1510 3327 1708 3380 nullum
1739 3326 1986 3382 habuisse
2013 3341 2140 3396 pec—

549 3413 768 3474 catum?
793 3414 893 3470 hac
911 3429 1038 3486 ergo
1059 3415 1276 3487 Virgine
1298 3425 1536 3486 excepta,
1573 3417 1616 3472 si
1647 3432 1832 3472 omnes
1859 3417 1980 3472 illos
2009 3433 2137 3472 san-

549 3515 665 3562 ctos
686 3513 740 3562 et
767 3515 1008 3574 sanctas,
1036 3521 1159 3562 cum
1189 3507 1274 3563 hic
1302 3509 1578 3575 viverent,
1604 3523 1928 3580 cciigregare
1951 3523 2140 3580 posse-

550 3615 671 3656 mus
693 3607 748 3656 et
793 3599 1122 3671 interrogare
1166 3598 1344 3656 utrum
1373 3611 1550 3656 essent
1577 3602 1693 3656 sine
1731 3611 1984 3672 peccato,
2011 3601 2137 3672 quid

548 3691 716 3750 fuisse
757 3707 1113 3763 responsuros
1159 3691 1445 3763 putamus?
1491 3703 1668 3746 utrum
1717 3691 1820 3748 hoc
1863 3691 2002 3762 quod
2035 3693 2135 3748 iste

548 3785 710 3852 dicit,
737 3800 804 3840 an
835 3783 974 3854 quod
1003 3783 1238 3840 Joannes
1275 3783 1582 3855 apostolus?
1621 3783 1771 3854 Rogo
1800 3799 1896 3838 vos
1915 3825 1930 3850 ,
1961 3798 2136 3853 quan-

552 3875 734 3932 talibet
760 3875 956 3930 fuerint
985 3875 1037 3930 in
1070 3874 1174 3931 hoc
1199 3889 1428 3946 corpore
1455 3874 1770 3930 excellentia
1797 3873 2092 3929 sanctitatis
2115 3913 2134 3938 ,

549 3967 596 4023 si
629 3967 733 4022 hoc
761 3965 1079 4036 interrogari
1123 3965 1450 4036 potuissent,
1481 3979 1659 4020 nonne
1685 3963 1705 3996 ³
1727 3979 1834 4020 una
1858 3979 1990 4019 voce
2024 3964 2140 4018 cla-

550 4063 820 4126 massent,
862 4053 924 4111 Si
965 4055 1240 4111 dixerimus
1277 4055 1394 4124 quia
1433 4062 1692 4126 peccatum
1732 4071 1834 4109 non
1861 4053 2134 4121 habemus,

551 4164 644 4204 nos
679 4148 815 4218 ipsos
837 4145 1114 4218 decipimus
1137 4187 1154 4214 ,
1198 4155 1246 4200 et
1283 4147 1464 4200 ueritas
1489 4145 1542 4198 in
1581 4144 1723 4198 nobis
1769 4161 1869 4198 non
1906 4145 2020 4200 est?
2056 4145 2140 4199 An

553 4237 684 4293 illud
723 4237 974 4292 humilius
1001 4234 1390 4306 responderent
1431 4233 1660 4290 fortasse
1679 4277 1694 4298 ,
1739 4249 1896 4305 quam
1920 4235 2140 4290 verius?

552 4327 659 4385 Sed
688 4327 812 4382 huic
846 4326 956 4398 jam
987 4327 1196 4398 placet,
1243 4334 1300 4382 et
1327 4333 1474 4382 recte
1511 4325 1713 4395 placet,
1747 4344 1765 4378 ι
1800 4327 2008 4382 laudem
2043 4327 2142 4382 hu-

552 4419 795 4476 militatis
823 4419 875 4474 in
905 4428 1055 4490 parte
1083 4432 1187 4471 non
1221 4431 1420 4487 ponere
1450 4415 1715 4471 falsitatis.
1751 4435 1770 4469 ι
1815 4415 1996 4487 Itaque
2039 4417 2141 4472 hoc

551 4511 599 4567 si
625 4525 806 4567 verum
836 4509 1106 4574 dicerent,
1139 4507 1398 4564 haberent
1422 4517 1730 4578 peccatum;
1759 4507 1898 4576 quod
1925 4507 2141 4561 humili-

552 4605 633 4658 ter
662 4602 784 4672 quia
827 4601 1154 4666 faterentur,
1185 4599 1382 4655 veritas
1423 4599 1478 4653 in
1501 4599 1579 4653 eis
1615 4606 1758 4653 esset
1785 4597 1806 4628 ⁸
1835 4615 1848 4650 :
1873 4599 1916 4652 si
1961 4608 2140 4653 autem

552 4689 659 4744 hoc
695 4689 1077 4755 mentirentur,
1127 4689 1475 4744 nihilominus
1523 4687 1784 4743 haberent
1826 4699 2138 4758 peceatum,

555 4780 678 4852 quia
705 4780 899 4836 veritas
929 4779 978 4834 in
1002 4779 1080 4834 eis
1101 4793 1205 4833 non
1231 4788 1393 4833 esset.

625 4870 853 4928 CAPUT
889 4869 1154 4926 XXXVII.
1181 4900 1254 4912 ——
1281 4871 1370 4926 45.
1403 4869 1506 4923 Cur
1534 4886 1635 4923 non
1671 4869 1897 4924 omnium
1937 4880 2144 4942 peccata

555 4965 829 5034 Scriptura
853 4968 1332 5017 commemorauerit.
1358 4979 1378 5013 ι
1407 4961 1596 5014 Dicent
1623 4959 1866 5026 forsitan,
1892 4979 1910 5013 ι
1947 4961 2138 5030 inquit,

562 5075 583 5110 ι
627 5053 892 5126 Numquid
941 5053 1179 5108 omnium
1211 5052 1382 5122 potuit
1419 5051 1691 5120 Scriptura
1717 5065 2142 5108 commemorare

555 5145 814 5219 peccata?
851 5163 871 5198 ι
906 5143 971 5199 Et
1005 5156 1188 5198 verum
1231 5141 1280 5197 ei
1309 5141 1521 5207 dicent,
1554 5141 1874 5212 quicumque
1915 5141 2136 5197 dicent:

619 5279 638 5344 ξ
665 5283 716 5327 ιιι
735 5277 878 5328 editis
897 5273 1174 5344 legebatur,
1203 5272 1396 5344 habere.
1431 5279 1486 5324 At
1519 5274 1568 5344 in
1607 5279 1746 5344 pass,
1769 5271 1954 5344 haberi.

618 5342 640 5373 ²
663 5347 764 5402 Duo
787 5352 852 5390 ex
867 5334 1093 5402 quinque
1115 5334 1350 5402 Vaticanis
1372 5344 1514 5402 .\tS_S.,_
1532 5334 1646 5385 inde
1659 5334 1796 5402 enim
1813 5334 1991 5402 scimus
2012 5335 2141 5398 quod

553 5401 602 5454 ei
623 5401 732 5465 plus
751 5395 924 5466 gratim
943 5395 1169 5466 collatum
1187 5395 1332 5461 fuerit
1369 5395 1434 5446 ad
1468 5395 1754 5466 parcendum
1773 5395 1902 5466 omni
1914 5409 1987 5466 ea:
2005 5395 2145 5466 parte

556 5457 820 5528 peccatum,
845 5459 974 5526 quod
999 5457 1266 5524 concipere,
1301 5466 1400 5510 etc.
1437 5459 1510 5510 sic
1551 5461 1700 5508 etiam
1726 5457 1930 5523 legebat
1947 5457 2144 5508 s."rbo-

556 5538 660 5575 nias
682 5527 730 5574 in
751 5527 783 5575 5
805 5539 872 5575 υ..
897 5537 946 5575 α.
966 5522 1046 5575 27.
1067 5535 1111 5572 a.
1137 5521 1186 5570 4.

555 5538 660 5576 111³8
682 5535 730 5574 in
751 5535 783 5575 5
805 5539 872 5576 υ..
897 5537 946 5576 α.
966 5535 1046 5576 τι,
1067 5535 1111 5572 2.
1137 5535 1186 5570 4.

621 5538 660 5574 I8
682 5537 730 5574 in
751 5537 783 5575 ὖ
805 5539 872 5586 p.,
897 5537 946 5588 q.
966 5537 1046 5581 τι,
1067 5537 1111 5572 a.
1137 5537 1186 5570 4.

621 5587 644 5618 ³
666 5594 754 5634 Per
773 5593 883 5635 nov.
907 5584 1121 5634 additum
1141 5583 1234 5642 hic,
1248 5593 1419 5642 nonne,
1439 5595 1500 5632 ex
1518 5595 1618 5632 uno
1637 5580 1802 5632 codice
1825 5579 2036 5645 Belgica.
2050 5580 2143 5631 Sed

558 5647 700 5696 abest
720 5659 748 5695 a
771 5649 964 5708 caneris
991 5645 1136 5696 editis
1159 5651 1210 5694 ct
1233 5646 1582 5708 manuscriptis.

620 5711 642 5738 δ
673 5707 796 5768 apud
815 5713 889 5756 Er.
915 5715 968 5756 et
989 5713 1099 5756 l.ov.
1121 5713 1305 5768 mutato
1321 5702 1583 5768 verborum
1605 5703 1776 5754 ordine
1791 5702 1990 5768 legitur,
2011 5703 2140 5768 quod

561 5765 804 5818 humiliter
825 5769 1104 5832 faterentur,
1131 5767 1246 5832 quia
1267 5765 1439 5818 veritas
1453 5765 1502 5818 in
1524 5765 1594 5818 cis
1615 5773 1754 5816 esset.

1485 309 1576 364 ne
1613 305 1896 364 unum
1935 303 2025 360 ET
2064 301 2344 376 cna'na,
2389 306 2448 363 s.
2495 307 2858 367 AUGUSTINI
2897 279 2908 290 ’

2239 435 2340 477 nec
2403 437 2528 480 eum
2593 435 2776 480 contra
2839 426 2942 480 hoc
2981 425 3178 497 allquid
3237 427 3465 487 validum
3527 435 3669 494 video
3711 459 3794 499 re-

2238 511 2550 580 spondisse;
2596 515 2840 584 quamvis
2891 515 3098 570 videam
3157 525 3330 576 tacere
3369 522 3615 583 noluisse.
3673 529 3793 596 Quid

2238 601 2379 656 enim
2438 603 2667 668 dixerit,
2731 620 2948 676 qumso,
2995 607 3272 665 attendite.
3311 627 3330 662 t
3381 613 3521 682 Hoc,
3557 635 3576 670 ι
3609 618 3794 692 inquit,

2245 709 2264 743 ι
2299 703 2442 748 recte
2483 703 2660 764 potest
2697 695 2800 750 diei
2829 695 2896 752 de
2947 695 3031 751 his
3067 713 3296 768 quorum
3349 717 3520 774 neque
3559 706 3796 769 bonorum

2237 799 2411 854 neque
2449 786 2708 841 malorum
2735 785 3008 858 Scriptura
3059 788 3127 844 sit
3172 805 3419 847 memor:
3449 793 3514 850 de
3559 796 3659 854 illis
3683 816 3796 858 vero

2238 889 2462 944 quorum
2503 875 2720 946 justititc
2759 878 3034 946 meminit,
3068 886 3123 934 et
3185 891 3522 950 peccatorum
3564 886 3674 944 sine
3713 891 3798 946 du-

2237 964 2327 1020 bio
2391 967 2755 1034 meminisset,
2798 967 2842 1023 si
2886 983 2989 1038 qua
3032 983 3128 1024 eos
3169 985 3421 1040 peccasse
3481 976 3738 1032 sensisset.
3773 999 3790 1032 ι

2239 1053 2388 1110 Dicat
2415 1070 2546 1126 ergo
2583 1071 2688 1112 non
2719 1058 3040 1128 pertinuisse
3077 1059 3144 1114 ad
3180 1059 3442 1130 justitiam
3473 1072 3664 1121 tantam
3691 1069 3798 1126 illo-

2237 1160 2357 1200 rum
2401 1145 2562 1202 lidem
2585 1187 2600 1213 ,
2645 1147 2736 1218 qui
2765 1163 2954 1218 magna
2995 1150 3330 1206 multitudine
3369 1153 3720 1224 praecedentes
3750 1169 3800 1218 et

2238 1245 2626 1306 consequentes
2654 1253 2774 1292 cum
2815 1237 3060 1294 laudibus
3105 1239 3317 1295 Domini
3359 1243 3614 1312 asellum,
3653 1247 3799 1306 etiam

2238 1327 2377 1384 inter
2405 1328 2692 1384 frementes
2733 1344 2898 1400 quare
2923 1327 3027 1384 hoc
3055 1331 3292 1385 facerent
3321 1331 3588 1399 inimicos,
3617 1335 3799 1392 clama-

2238 1419 2366 1474 bant
2393 1419 2632 1476 dicentes
2651 1461 2666 1488 ,
2703 1419 2950 1474 Hosanna
2985 1420 3094 1490 filio
3131 1419 3300 1475 Dauid
3329 1422 3386 1487 ¹;
3421 1424 3693 1482 benedictus
3725 1433 3800 1498 qui

2237 1511 2368 1566 venit
2390 1512 2442 1566 in
2469 1513 2668 1566 nomine
2703 1513 2912 1568 Domini
2941 1512 3154 1584 (Βοιώ.
3183 1529 3274 1569 ιιι
3298 1555 3314 1580 ,
3343 1514 3430 1586 9).
3469 1517 3666 1574 Audeat
3685 1535 3800 1591 ergo

2239 1603 2418 1660 dicere
2445 1604 2580 1670 iste,
2620 1605 2666 1658 si
2711 1613 2918 1674 potest,
2947 1606 3213 1660 neminem
3255 1605 3422 1662 fuisse
3467 1608 3520 1663 in
3562 1617 3696 1666 tanta
3723 1613 3798 1668 illa

2239 1695 2614 1764 multitudine,
2649 1698 2740 1767 qui
2784 1697 2949 1752 ullum
2997 1697 3218 1753 haberet
3259 1698 3482 1754 omnino
3526 1713 3798 1769 peccatum.

2240 1785 2392 1854 Quod
2421 1787 2466 1841 si
2491 1787 2932 1842 absurdissimum
2957 1795 3041 1842 est
3067 1788 3276 1854 dicere,
3303 1803 3400 1844 cur
3443 1789 3582 1844 nulla
3607 1803 3801 1860 peccata

2239 1892 2427 1932 eorum
2447 1877 2718 1948 Scriptura
2747 1879 3216 1942 commemoravit,
3245 1893 3368 1948 qua:
3403 1889 3602 1936 tantum
3625 1881 3802 1938 bonum

2241 1966 2365 2022 iidei
2391 1967 2628 2037 ipsorum
2653 1983 3077 2023 commemorare
3100 1967 3346 2022 curavit?

2311 2057 2398 2111 44.
2426 2055 2532 2112 Sed
2561 2058 2663 2112 hoc
2687 2057 2846 2112 etiam
2884 2056 3104 2112 forsitan
3135 2057 3249 2126 ipse
3269 2057 3437 2126 vidit,
3465 2069 3518 2114 et
3542 2059 3656 2114 ideo
3687 2059 3800 2116 sub-

2236 2145 2366 2216 jecit
2400 2155 2558 2216 atque
2593 2146 2666 2202 ait
2694 2164 2707 2201 :
2747 2164 2768 2199 ι
2801 2147 2908 2202 Sed
2943 2157 3094 2212 esto,
3139 2148 3258 2202 aliis
3287 2149 3614 2218 temporibus
3652 2151 3804 2204 turbae

2243 2239 2624 2292 numerositate
2659 2238 2894 2310 omnium
2933 2238 3351 2294 dissimulaverit
3391 2247 3601 2308 peccata
3637 2251 3802 2296 eonte-

2240 2343 2367 2382 xcrc
2397 2345 2410 2382 :
2445 2329 2496 2382 in
2527 2327 2642 2398 ipso
2681 2329 2860 2384 statim
2891 2328 3072 2384 mundi
3119 2328 3448 2398 primordio,
3489 2331 3580 2384 ubi
3615 2331 3804 2386 nonnisi

2242 2428 2468 2488 quatuor
2506 2419 2748 2474 homines
2789 2428 2974 2482 erant,
3023 2419 3185 2488 quid,
3224 2437 3244 2472 ι
3277 2421 3482 2496 inquit,
3513 2437 3532 2472 ι
3567 2419 3803 2489 dicimus,

2241 2521 2338 2562 cur
2358 2523 2464 2562 non
2488 2509 2722 2563 omnium
2754 2509 2982 2564 voluerit
3007 2510 3198 2564 delicta
3243 2511 3582 2566 memorare?
3605 2509 3802 2568 Utrum-

2241 2611 2312 2651 ne
2341 2597 2570 2668 ingentis
2614 2597 2964 2654 multitudinis
2991 2614 3150 2654 causa
3171 2640 3186 2666 ,
3233 2615 3358 2669 quae
3405 2601 3632 2656 nondum
3667 2602 3803 2657 erat?

2244 2700 2311 2739 an
2359 2688 2480 2756 quia
2527 2687 2736 2742 illorum
2785 2697 2988 2743 tantum
3017 2691 3106 2759 qui
3143 2691 3528 2746 commiserant
3565 2693 3803 2760 meminit,

2241 2775 2380 2830 illius
2421 2791 2546 2830 vero
2571 2777 2658 2846 qui
2695 2777 2836 2831 nulla
2877 2779 3220 2833 commiserat
3247 2781 3558 2836 meminisse
3587 2795 3682 2834 non
3717 2796 3802 2850 po-

2243 2865 2379 2918 tuit?
2417 2884 2436 2917 ι
2471 2865 2660 2921 Adhuc
2689 2867 2710 2898 ³
2738 2867 2977 2936 adiungit
3000 2869 3160 2922 verba
3179 2909 3194 2934 ,
3223 2869 3424 2938 quibus
3453 2869 3547 2923 ista
3569 2871 3802 2924 sententia

2243 2956 2460 3010 uberius
2485 2966 2539 3011 et
2560 2957 2766 3026 planius
2785 2965 3088 3012 astruatur:
3117 2975 3136 3010 ι
3169 2958 3354 3026 Certe,
3381 2977 3402 3012 ι
3435 2959 3627 3028 inquit,
3659 2977 3675 3011 t
3707 2959 3802 3028 pri-

2241 3063 2330 3101 mo
2357 3048 2408 3101 in
2431 3055 2672 3117 tempore
2699 3049 2866 3102 Adam
2895 3059 2947 3102 et
2973 3049 3085 3103 Eva
3105 3091 3120 3116 ,
3151 3065 3218 3104 ex
3245 3051 3447 3120 quibus
3475 3051 3596 3106 Cain
3619 3059 3669 3106 et
3687 3049 3802 3104 Abel

2241 3137 2350 3192 nati
2393 3147 2550 3204 sunt,
2593 3149 2821 3208 quatuor
2861 3149 3064 3194 tantum
3111 3141 3362 3198 homines
3391 3141 3550 3198 fuisse
3589 3141 3804 3198 referun-

2243 3237 2332 3284 tur
2356 3246 2370 3282 :
2394 3231 2636 3300 peccavit
2655 3231 2786 3298 Eva,
2805 3232 3078 3302 Scriptura
3101 3233 3200 3288 hoc
3223 3235 3480 3303 prodidit,
3511 3234 3669 3290 Adam
3689 3247 3803 3303 quo-

2241 3335 2346 3389 que
2391 3321 2634 3392 deliquit,
2665 3323 2850 3378 eadem
2880 3324 3154 3394 Scriptura
3195 3339 3308 3380 non
3337 3325 3500 3380 tacuit
3523 3322 3664 3396 (Gen.
3689 3323 3760 3394 ut)
3785 3340 3800 3376 :

2240 3414 2336 3470 sed
2379 3422 2436 3469 et
2467 3412 2598 3470 Cain
2647 3431 2928 3485 peccasse,
2973 3417 3085 3486 ipsa
3133 3432 3288 3488 teque
3337 3417 3604 3488 Scriptura
3639 3423 3802 3486 testata

2241 3515 2324 3562 est
2367 3505 2478 3576 (Id.
2529 3505 2603 3580 tv)
2657 3525 2674 3562 :
2717 3523 2945 3578 quorum
2991 3525 3097 3564 non
3143 3509 3310 3564 modo
3353 3519 3600 3581 peccata,
3639 3523 3802 3565 verum

2240 3597 2400 3652 etiam
2431 3607 2768 3667 peccatorum
2795 3599 2991 3654 indicat
3011 3600 3350 3670 qualitatem.
3375 3600 3526 3668 Quod
3550 3601 3594 3654 si
3618 3609 3668 3655 et
3689 3596 3802 3654 Abel

2242 3696 2546 3758 peccasset,
2587 3688 2764 3744 ethoc
2795 3691 2914 3745 sine
2937 3689 3100 3744 dubio
3122 3690 3402 3760 Scriptura
3445 3691 3658 3746 dixisset
3683 3705 3696 3743 :
3723 3687 3802 3742 sed

2241 3795 2348 3836 non
2373 3781 2546 3848 dixit;
2571 3797 2698 3851 ergo
2724 3796 2823 3837 nec
2859 3782 2948 3836 ille
2976 3784 3253 3851 peccavit;
3293 3781 3420 3852 quin
3449 3783 3605 3838 etiam
3627 3781 3804 3852 justum

2241 3873 2495 3929 Ostendit.
2539 3873 2832 3930 Credamus
2875 3873 3036 3943 igitur
3079 3873 3224 3944 quod
3295 3873 3549 3946 legimus,
3589 3880 3642 3928 et
3681 3868 3803 3942 quod

2243 3978 2351 4019 non
2373 3963 2624 4032 legimus,
2655 3961 2802 4018 nefas
2826 3962 3107 4016 credamus
3135 3972 3402 4020 astruere.
3439 3980 3464 4016 ι

2313 4051 2538 4110 CAPUT
2565 4051 2851 4108 XXXVIII.
2877 4082 2948 4092 —
2965 4053 3056 4107 ιδ.
3075 4051 3202 4106 Cain
3221 4069 3289 4106 ea:
3305 4051 3416 4107 an
3435 4059 3590 4106 matre
3605 4048 3808 4123 genuisse

2243 4161 2336 4198 cur
2363 4153 2592 4214 putatum
2615 4161 2646 4198 a
2669 4143 2968 4216 quibusdam
3013 4145 3188 4214 fuerit.
3225 4141 3452 4200 Pcecata
3469 4145 3742 4214 justoruut;
3765 4147 3806 4193 et

2237 4233 2412 4304 justus
2437 4233 2550 4302 quis
2578 4249 2683 4286 esse
2711 4240 2756 4286 et
2791 4233 2899 4286 sine
2927 4241 3132 4304 peccato
3157 4248 3256 4285 non
3289 4249 3398 4288 esse
3421 4241 3600 4304 potest.
3627 4230 3684 4286 Si
3703 4225 3807 4297 quid

2245 4327 2412 4380 minus
2435 4333 2507 4380 est
2531 4325 2814 4390 alacritatis,
2836 4341 2898 4378 ea:
2921 4325 3040 4380 uitio
3063 4335 3154 4379 est.
3173 4324 3302 4380 Haec
3319 4325 3522 4390 dicens,
3545 4337 3716 4394 parum
3735 4327 3805 4372 at-

2246 4419 2416 4475 tendit
2431 4419 2568 4490 quod
2591 4417 2750 4490 paqu
2769 4429 2892 4474 ante
2909 4420 3020 4488 ipse
3037 4419 3264 4486 dixerat,
3291 4437 3311 4470 ι
3333 4419 3446 4488 jam
3467 4425 3645 4474 exorta
3661 4410 3808 4469 multi-

2247 4512 2428 4566 tudine
2453 4511 2666 4582 generis
2705 4511 2952 4578 humani,
2981 4510 3149 4566 turba:
3187 4511 3572 4566 numerositate
3598 4505 3808 4578 potuisse

2245 4603 2572 4675 Scripturam
2597 4603 2932 4658 dissimulare
2969 4601 3208 4656 omnium
3236 4611 3455 4671 peccata
3479 4609 3764 4658 contexere.
3787 4609 3805 4648 ι

2249 4693 2362 4749 Hoc
2401 4693 2541 4748 enim
2581 4693 2626 4747 si
2666 4693 2795 4746 satis
2833 4691 3166 4756 attendisset,
3197 4691 3406 4748 videret
3443 4691 3602 4746 etiam
3636 4687 3684 4742 in
3715 4695 3810 4738 uno

2249 4783 2466 4839 homine
2496 4782 2700 4837 turbam
2732 4791 2786 4836 et
2814 4782 3204 4836 multitudinem
3237 4791 3578 4852 peccatorum
3614 4776 3808 4840 levium,

2249 4874 2332 4929 vel
2363 4888 2468 4928 non
2495 4872 2733 4942 potuisse
2755 4913 2770 4937 ,
2803 4873 2886 4926 vel
2927 4874 2972 4926 si
3011 4875 3171 4926 etiam
3213 4873 3418 4942 potuit,
3459 4885 3566 4928 non
3589 4865 3811 4924 debuisse

2249 4963 2538 5020 conscribi.
2555 4963 2628 5016 Ea
2643 4963 2838 5034 quippe
2855 4964 3050 5034 scripta
3064 4964 3407 5034 sunt,quibus
3423 4973 3476 5020 et
3489 4961 3672 5018 modus
3681 4955 3813 5014 adhi-

2249 5055 2456 5112 bendus
2483 5055 2598 5122 fuit,
2629 5063 2684 5110 et
2723 5055 2904 5124 paucis
2938 5057 3199 5126 exemplis
3235 5055 3304 5112 ad
3339 5056 3506 5112 multa
3535 5049 3811 5110 necessaria

2249 5149 2421 5204 lector
2437 5146 2798 5202 instruendus.
2831 5145 2962 5200 Nam
2983 5161 3103 5201 cum
3123 5148 3264 5218 ipsos
3287 5154 3416 5201 tunc
3433 5145 3690 5206 homines,
3709 5139 3812 5195 licet

2249 5241 2424 5295 adhuc
2445 5253 2660 5309 paucos,
2675 5247 2806 5308 quot
2825 5238 2908 5293 vel
2929 5239 3020 5310 qui
3039 5237 3253 5304 fuerint,
3271 5237 3326 5292 id
3343 5245 3449 5304 est,
3472 5237 3634 5291 Adam
3647 5229 3812 5318 et‘Eva

2251 5341 2380 5403 quot
2407 5330 2544 5386 filios
2571 5339 2627 5386 et
2653 5329 2786 5384 tilias
2817 5330 3235 5400 procreaverint,
3261 5337 3316 5384 et
3339 5343 3463 5400 qute
3493 5327 3596 5382 illis
3621 5321 3814 5380 nomine

2250 5423 2604 5496 imposuerint
2632 5421 2908 5494 Scriptura
2937 5435 3364 5478 commemorare
3402 5417 3632 5474 noluerit
3655 5409 3814 5486 (unde

2286 5583 2334 5656 ,ξ
2357 5583 2612 5656 sic_etiam
2643 5587 2758 5632 Lov.
2793 5588 2922 5642 Mss,
2967 5591 3080 5629 cum
3122 5577 3349 5642 Vulgata;
3383 5581 3436 5626 at
3459 5573 3590 5634 editi,
3625 5566 3696 5634 ﬁli
3729 5573 3814 5617 Da-

2249 5643 2562 5778 t"fi-Siculam.
2589 5711 2646 5758 At
2677 5711 2808 5768 t.ov.,
2833 5703 2898 5754 ad
2921 5703 3030 5754 hac
3061 5714 3079 5753 :
3106 5709 3158 5752 et
3193 5699 3333 5760 infra,
3357 5697 3580 5764 plenius;
3603 5707 3700 5760 pro,
3721 5685 3810 5754 pla-

2251 5779 2376 5821 usus.
