3984 6520
292 389 521 452 nonnulli
551 401 746 460 parum
771 385 1190 443 considerantes
1217 395 1372 454 quam
1402 379 1567 434 multa
1603 377 1874 447 Scriptura

291 485 440 542 tacite
465 486 785 550 pretereat,
815 477 997 548 ipsum
1027 475 1157 531 Cain
1184 488 1305 528 cum
1334 479 1502 524 matre
1528 467 1878 522 concubuisse

294 581 637 649 putaverunt,
659 569 806 625 unde
832 569 1040 640 prolem
1070 580 1186 636 qua:
1209 569 1621 619 commemorata
1646 569 1728 649 est
1752 574 1880 649 pro-

292 647 509 727 crearet,
538 671 802 734 putantes
829 659 937 714 illis
966 657 1090 712 ﬁliis
1124 654 1292 710 Adam
1320 665 1534 707 sorores
1559 663 1664 703 non
1691 647 1876 714 fuisse,

284 757 397 827 quia
431 767 530 808 eas
560 752 844 822 Scriptum
873 756 1003 803 tunc
1033 746 1226 812 tacuit,
1258 752 1445 814 postea
1479 737 1879 810 recapitulando

281 845 515 901 inferens
560 841 714 912 quod
757 837 1213 910 praetermiserat,
1263 832 1433 887 Adam
1469 830 1608 885 ﬁlios
1648 837 1703 885 et
1746 827 1879 883 ﬁlias

280 947 601 1006 procreasse
641 929 798 1004 (Gen.
831 945 893 996 v,
923 929 1018 999 l),
1052 941 1152 981 nec
1184 934 1393 996 tempus
1428 936 1534 992 quo
1573 919 1682 976 uati
1720 928 1877 989 sunt,

280 1039 372 1080 nec
412 1037 759 1088 numerum,
805 1033 906 1076 nec
951 1015 1210 1073 vocabula
1253 1009 1566 1082 ostendens)
1613 1028 1625 1064 :
1664 1009 1737 1065 ita
1781 1023 1882 1066 nec

275 1110 820 1177 eouunemomndum
847 1108 965 1177 fuit,
987 1108 1033 1163 si
1053 1106 1208 1170 Abel,
1231 1102 1477 1175 quamvis
1497 1102 1687 1157 merito
1703 1100 1880 1171 justus

274 1202 584 1276 appellatus
613 1211 733 1268 est,
762 1202 923 1272 paulo
958 1197 1364 1254 immoderatius
1401 1193 1686 1265 aliquando
1725 1193 1877 1259 risit,

214 1281 221 1318 7
274 1295 354 1351 vel
387 1295 569 1350 animi
600 1294 925 1350 remissione
949 1292 1159 1362 jocatus
1182 1298 1284 1356 est,
1317 1287 1401 1343 vel
1429 1286 1560 1342 vidit
1584 1283 1783 1356 aliquid
1813 1283 1880 1339 ad

272 1383 812 1454 concupiscendum,
855 1382 939 1437 vel
979 1381 1248 1452 aliquanto
1286 1377 1689 1434 immoderatius
1723 1389 1879 1447 poma

275 1476 588 1545 decerpsit,
632 1477 720 1532 vel
767 1475 1012 1546 plusculo
1049 1475 1171 1530 cibo
1209 1473 1426 1530 crudior
1462 1471 1594 1539 fuit,
1635 1471 1720 1527 vel
1757 1485 1879 1528 eum

274 1572 445 1621 oraret
473 1565 748 1635 cogitavit
776 1563 978 1635 aliquid
1010 1563 1150 1619 unde
1176 1562 1291 1633 ejus
1321 1563 1374 1617 in
1401 1561 1543 1617 aliud
1570 1573 1881 1618 avocaretur

277 1655 522 1723 intentio,
553 1664 618 1711 et
640 1657 858 1727 quoties
879 1656 955 1711 illi
977 1655 1074 1711 ista
1101 1669 1165 1711 ac
1188 1654 1378 1710 similia
1405 1653 1571 1709 multa
1601 1653 1882 1723 subrepse-

277 1750 393 1802 rint.
416 1750 509 1801 An
531 1746 683 1803 forte
705 1755 926 1818 peccata
949 1761 1055 1802 non
1079 1755 1231 1810 sunt,
1255 1744 1324 1800 de
1343 1744 1536 1814 quibus
1557 1743 1880 1815 generaliter

278 1837 529 1893 cavendis
549 1846 725 1909 atque
751 1837 1066 1894 cohibendis
1091 1836 1439 1892 admonemur
1463 1844 1727 1906 praecepto
1753 1850 1880 1906 apo-

280 1930 493 1995 stolico,
523 1929 625 1985 ubi
653 1929 821 1995 dicit,
853 1927 976 1984 Non
1000 1945 1117 2000 ergo
1147 1937 1315 1998 regnet
1350 1936 1611 1998 peccatum
1636 1927 1690 1980 in
1717 1938 1878 1981 uestro

281 2020 470 2075 sustuli
490 2036 723 2092 corpore
747 2020 817 2075 ad
836 2019 1165 2074 obedientium
1188 2018 1449 2072 desideriis
1470 2017 1580 2088 ejus
1602 2013 1780 2085 (Rom.
1801 2032 1875 2083 vt,

285 2112 403 2181 12)?
428 2112 526 2168 llis
552 2111 768 2183 quippe
792 2127 862 2168 ne
891 2110 1202 2166 obediamus
1222 2109 1288 2164 ad
1316 2125 1378 2165 ea
1409 2124 1528 2180 qua:
1556 2123 1662 2164 non
1685 2108 1874 2174 licent,

286 2205 364 2262 vel
385 2204 562 2260 minus
593 2205 842 2272 decent,
871 2203 1176 2274 quotidiana
1215 2211 1271 2258 et
1309 2210 1565 2272 perpetua
1605 2200 1879 2256 conﬂicta-

295 2298 768 2356 tionecertandum
784 2307 888 2354 est.
913 2297 1045 2352 Nam
1067 2298 1246 2367 utique
1265 2311 1331 2352 ex
1356 2296 1459 2351 hoc
1481 2296 1608 2350 vitio
1627 2295 1874 2359 mittitur,

297 2392 370 2448 vel
392 2391 677 2447 dimittitur
705 2391 901 2447 oculus
919 2430 937 2456 ,
968 2404 1076 2460 quo
1103 2403 1209 2444 non
1239 2395 1452 2458 oportet
1477 2406 1490 2442 :
1517 2386 1660 2458 quod
1691 2387 1876 2440 vitium

287 2483 331 2537 si
349 2481 680 2537 convaluerit
719 2490 780 2537 et
816 2480 1155 2552 praevaluerit
1173 2520 1188 2543 ,
1213 2478 1371 2534 etiam
1401 2476 1724 2532 adulterium
1752 2492 1877 2548 per-

291 2583 518 2645 petratur
561 2575 618 2628 in
655 2585 929 2642 corpore,
971 2570 1111 2641 quod
1153 2571 1205 2624 in
1232 2568 1395 2624 corde
1426 2576 1573 2622 tanto
1608 2568 1664 2622 lit
1689 2568 1874 2633 citius,

296 2676 488 2736 quanto
523 2672 608 2720 est
643 2663 903 2732 cogitatio
932 2662 1159 2716 celerior
1179 2702 1194 2726 ,
1223 2669 1278 2715 et
1303 2659 1501 2714 nullum
1530 2658 1878 2728 impedimen-

306 2765 418 2810 tum
444 2769 724 2808 morarum.
754 2751 873 2807 Hoc
913 2760 1185 2821 peccatum
1206 2791 1221 2816 ,
1251 2750 1304 2804 id
1341 2757 1456 2814 est,
1499 2749 1636 2803 hunc
1673 2748 1878 2802 vitiosae

304 2843 591 2900 aleetionis
622 2843 919 2912 appetitum
945 2840 1036 2911 qui
1063 2854 1250 2910 magna
1278 2855 1345 2894 ex
1388 2848 1537 2908 parte
1565 2837 1839 2892 lrenarunt
1857 2877 1874 2904 ,

306 2945 361 2989 ut
390 2949 490 2988 non
525 2931 806 2988 obedirent
845 2930 1128 2986 desideriis
1154 2929 1305 3000 ejus,
1345 2944 1442 2984 nec
1477 2928 1794 2984 cxhiberent
1828 2928 1878 2983 ei

302 3024 522 3078 membra
552 3037 649 3079 sua
693 3036 851 3076 arma
897 3020 1228 3092 iniquitatis,
1256 3022 1414 3074 etiam
1455 3019 1582 3089 justi
1625 3019 1879 3088 appellari

295 3124 629 3180 meruerunt;
652 3123 712 3168 et
742 3113 870 3180 hoc,
897 3111 1162 3182 adjutorio
1185 3111 1370 3182 gratiae
1398 3110 1510 3164 Dei.
1534 3109 1728 3165 Verum
1755 3110 1878 3178 quia

284 3221 422 3276 saepe
444 3207 499 3260 in
525 3205 827 3261 levissimis
860 3213 916 3261 et
952 3204 1234 3275 aliquando
1260 3203 1486 3258 incautis
1511 3201 1718 3272 obrepit
1750 3216 1877 3271 pee-

277 3307 479 3361 catum;
506 3306 563 3352 et
587 3296 728 3366 justi
753 3296 1004 3359 luerunt,
1037 3304 1092 3350 et
1120 3295 1236 3349 sine
1267 3301 1484 3363 peccato
1509 3309 1614 3348 non
1641 3292 1874 3348 fuerunt.

272 3387 554 3444 Postremo
582 3389 633 3442 si
663 3388 718 3442 in
749 3387 884 3441 Abel
909 3386 1054 3456 justo
1078 3384 1309 3440 eharitas
1336 3383 1464 3449 Dei,
1490 3398 1595 3454 qua
1623 3397 1725 3438 una
1754 3398 1878 3438 vere

265 3469 442 3546 jusl'us
466 3486 556 3532 est
581 3476 921 3548 quicumque
944 3475 1120 3544 justus
1144 3482 1245 3540 est,
1275 3472 1449 3528 adhuc
1478 3482 1594 3527 erat
1619 3487 1726 3542 quo
1755 3487 1878 3542 pos-

264 3577 348 3624 set
383 3576 444 3623 et
481 3566 726 3622 deberet
764 3566 945 3636 augeri
982 3562 1060 3635 (a)
1085 3604 1100 3629 ,
1139 3563 1394 3634 quidquid
1435 3563 1610 3616 minus
1641 3572 1783 3628 erat,
1811 3578 1875 3634 ex

262 3658 393 3713 vitio
416 3667 563 3714 erat.
601 3657 681 3711 Et
705 3656 795 3712 cui
819 3669 925 3710 non
963 3656 1139 3709 minus
1162 3655 1261 3719 sit,
1299 3653 1471 3708 donec
1495 3652 1563 3707 ad
1589 3651 1734 3707 illam
1762 3653 1879 3722 ejus

259 3747 654 3812 fortitudinem
683 3747 966 3816 veniatur,
995 3747 1082 3802 ubi
1125 3756 1232 3802 tota
1263 3744 1498 3802 hominis
1525 3744 1880 3801 absorbeatur

259 3838 553 3894 inﬁrmitas
569 3837 599 3892 τ

324 3928 569 3985 CAPUT
618 3926 872 3984 XXXIX.
915 3957 990 3968 —
1029 3926 1120 3983 66.
1160 3925 1308 3981 Idem
1341 3934 1584 3980 tractatur
1610 3943 1879 3998 argumen-

257 4028 382 4074 tum.
406 4019 619 4090 Magna
647 4019 808 4090 plane
825 4017 1089 4074 sententia
1111 4017 1374 4073 conclusit
1396 4017 1538 4074 hunc
1559 4018 1734 4074 locum
1755 4032 1878 4074 cum

253 4111 327 4166 ait
354 4128 370 4165 :
394 4111 706 4166 Credamus
738 4111 894 4182 igitur
929 4110 1064 4181 quod
1098 4109 1342 4182 legimus,
1370 4120 1417 4166 et
1443 4109 1580 4182 quod
1611 4127 1711 4166 non
1747 4110 1877 4182 legi-

252 4219 396 4267 mus,
427 4201 592 4271 nefas
624 4203 898 4257 aedituus
934 4213 1196 4270 astruere,
1227 4203 1362 4273 quod
1399 4203 1464 4258 de
1495 4204 1688 4257 cunctis
1725 4205 1878 4260 etiam

252 4294 446 4347 dixisse
464 4292 729 4364 suﬁciat.
757 4291 954 4348 Contra
981 4307 1082 4363 ego
1109 4293 1250 4359 dico,
1277 4307 1375 4348 nec
1403 4306 1562 4350 omne
1583 4292 1723 4364 quod
1744 4293 1876 4365 legi-

250 4399 370 4438 mus
389 4383 648 4438 credere
672 4397 771 4437 nos
788 4380 1006 4447 debere,
1033 4391 1250 4454 propter
1271 4382 1398 4436 illud
1419 4383 1560 4451 quod
1590 4385 1877 4454 Apostolus

252 4474 360 4537 ait,
401 4472 617 4527 Omnia
663 4471 846 4544 legite,
873 4487 988 4544 qua:
1012 4474 1140 4526 bona
1181 4481 1294 4526 sunt
1334 4482 1491 4529 tenete
1515 4473 1571 4544 (Ι
1601 4473 1773 4531 Thess.
1808 4491 1838 4530 v
1858 4517 1872 4541 ,

250 4563 342 4632 2|)
377 4579 393 4621 :
420 4573 483 4619 et
510 4574 780 4618 astruere
799 4561 1001 4634 aliquid
1025 4563 1182 4618 etiam
1209 4562 1348 4634 quod
1379 4577 1482 4618 non
1507 4564 1750 4634 legimus,
1779 4581 1874 4621 ne-

252 4653 328 4708 fas
357 4670 472 4709 non
501 4669 669 4709 esse.
697 4653 990 4708 Possumus
1028 4653 1169 4709 enim
1199 4654 1395 4724 aliquid
1420 4655 1556 4710 bona
1584 4656 1685 4711 ﬁde
1715 4665 1875 4714 testes

250 4757 505 4802 astruere
533 4745 696 4817 quod
723 4745 932 4816 experti
955 4761 1157 4810 sumus,
1183 4747 1341 4800 etiam
1367 4746 1412 4801 si
1441 4746 1576 4803 forte
1598 4763 1703 4804 non
1740 4749 1873 4820 legi-

252 4855 393 4894 mus.
423 4839 535 4894 llic
569 4838 811 4892 fortasse
835 4837 1144 4907 respondet,
1169 4837 1277 4909 Ego
1298 4855 1412 4892 cum
1438 4839 1530 4894 hoc
1551 4841 1786 4906 dicerem,
1811 4842 1874 4896 de

250 4934 556 5005 Scripturis
589 4934 786 4988 sanctis
815 4933 1047 5004 agebam.
1081 4931 1124 4987 Ο
1154 4933 1351 4987 utinam
1372 4974 1386 4999 ,
1429 4947 1531 4988 non
1572 4933 1692 4990 dico
1729 4936 1870 4990 aliud

249 5041 409 5096 quam
442 5027 502 5079 in
530 5026 655 5079 illis
683 5025 900 5078 Litteris
931 5023 1092 5094 legit,
1123 5039 1304 5077 verum
1331 5033 1515 5078 contra
1547 5024 1597 5078 id
1624 5025 1764 5095 quod
1793 5028 1872 5080 lc-

247 5122 342 5190 git,
375 5119 524 5175 nihil
571 5117 747 5172 vellet
777 5117 1051 5170 astruere!
1084 5115 1310 5171 ﬁdeliter
1339 5124 1393 5170 et
1430 5114 1743 5172 obedienter
1772 5133 1869 5171 au-

249 5213 390 5268 diret
416 5210 588 5282 quod
611 5211 875 5279 scriptum
902 5217 1004 5276 est,
1028 5206 1130 5263 Per
1158 5225 1316 5262 unum
1337 5207 1587 5264 hominem
1612 5219 1872 5280 peccatum

249 5305 460 5358 intrauit
489 5303 554 5357 in
587 5300 842 5355 mundum
865 5339 880 5366 ,
927 5309 973 5354 et
1010 5315 1098 5370 per
1135 5308 1395 5370 peccatum
1436 5315 1569 5353 mors
1588 5315 1608 5364 ,°
1641 5309 1688 5353 ct
1724 5300 1794 5352 ita
1819 5301 1872 5354 in

310 5460 388 5522 (a)
424 5457 706 5528 tntellige,
729 5469 826 5518 quo
838 5463 1014 5528 posset
1033 5463 1084 5528 et
1104 5454 1313 5528 deberet
1333 5453 1424 5528 hac
1444 5454 1509 5528 'in
1543 5455 1641 5503 vita
1679 5456 1866 5528 augeri.

258 5538 282 5568 ι
312 5517 495 5584 Seque
543 5517 696 5584 enim
717 5517 778 5577 ,3
808 5520 873 5566 ait
914 5517 1035 5566 libro
1057 5519 1128 5584 de
1142 5518 1314 5584 Spiritu
1339 5523 1388 5584 et
1411 5517 1676 5584 litterata.
1699 5517 1810 5575 65,«
1830 5519 1871 5584 si

259 5601 283 5628 ι
305 5577 424 5632 ες.ιὲ
455 5580 703 5630 nondum
725 5586 886 5640 potest
907 5586 1035 5627 tanta
1066 5579 1262 5628 dilectio
1286 5578 1385 5636 Dei,
1411 5586 1586 5640 quanta
1612 5577 1678 5626 illi
1702 5581 1870 5639 Cogni-

260 5662 280 5692 ι
302 5647 425 5694 tium
455 5643 646 5706 (deus:
669 5639 990 5706 perfectaque
1004 5641 1231 5706 debetur,
1251 5640 1350 5706 jam
1372 5639 1510 5706 culpa
1540 5639 1870 5706 deputandum

262 5725 284 5754 ι
309 5716 409 5757 est.
438 5701 472 5752 ἰ
502 5703 640 5754 ’τωο
672 5705 793 5751 intra
809 5701 978 5751 librum
992 5703 1055 5750 de
1079 5701 1376 5752 therlectione
1399 5702 1616 5764 iustitiae,
1643 5715 1689 5749 n.
1725 5703 1791 5751 lii.

1687 267 1890 322 LIBER
1927 267 2126 322 UNUS.

3450 260 3558 312 Q70

1988 391 2158 430 omnes
2200 375 2428 429 homines
2465 379 2792 446 pertransiit,
2833 378 2886 430 in
2923 396 3020 448 quo
3045 396 3211 433 omnes
3240 393 3568 446 peccaverunt

1988 468 2164 538 (Rom.
2195 483 2247 534 v,
2282 467 2368 538 η)
2396 487 2406 520 :
2431 475 2486 521 et
2509 483 2612 522 non
2637 469 2926 522 inﬁrmaret
2951 471 3078 522 tanti
3102 470 3291 523 medici
3316 472 3560 540 gratiam,

1985 557 2111 612 dum
2141 557 2289 613 fateri
2318 574 2422 611 non
2446 559 2555 611 vult
2581 568 2820 612 naturam
2847 559 3128 612 humanam
3158 574 3276 614 esse
3303 561 3562 615 vitiatam.

1985 650 2032 704 0
2075 650 2274 704 utinam
2318 649 2455 704 sicut
2496 649 2816 704 christianus
2861 649 3098 720 legeret,
3145 659 3337 721 praeter
3379 652 3563 707 Jcsutn

1985 740 2252 794 Christum
2277 740 2479 796 nullum
2505 756 2622 796 esse
2643 756 2834 795 nomen
2857 743 2954 796 sub
2973 743 3130 810 caelo,
3155 744 3205 798 in
3228 759 3333 814 quo
3353 753 3565 814 oportet

1985 831 2160 885 salvos
2179 830 2288 884 ﬁeri
2309 829 2546 900 nos(Act.
2563 846 2636 896 tv,
2655 830 2742 898 12)
2760 849 2774 886 :
2793 841 2845 885 ct
2867 848 2968 887 non
2993 835 3394 904 possibilitatem
3413 843 3567 889 natu-

1985 939 2061 980 rae
2086 924 2328 978 humanae
2357 924 2427 978 ita
2456 923 2782 988 defenderet,
2801 935 2856 978 ut
2876 925 3034 980 homo
3057 943 3150 996 per
3171 927 3392 983 liberum
3419 927 3560 982 arbi-

1986 1014 2142 1068 trium
2158 1014 2315 1070 etiam
2333 1015 2446 1068 sine
2459 1013 2558 1068 isto
2570 1015 2784 1069 nomine
2800 1015 2976 1071 salvus
2989 1031 3104 1070 esse
3120 1033 3272 1086 posse
3287 1017 3556 1072 credatur!

2056 1104 2280 1161 CAPUT
2318 1103 2430 1160 XL.
2462 1135 2534 1145 —
2559 1105 2648 1160 47.
2685 1105 2939 1159 Christum
2974 1107 3039 1159 ad
3072 1109 3191 1177 quid
3227 1110 3561 1164 necessarium

1984 1193 2126 1249 nobis
2154 1195 2310 1266 [uisse
2348 1196 2539 1265 putavit
2579 1195 2840 1267 Pelagius.
2869 1196 2976 1252 Sed
3005 1206 3152 1268 putat
3188 1198 3410 1255 fortasse
3440 1201 3560 1256 ideo

1984 1288 2340 1344 necessarium
2353 1303 2472 1344 esse
2483 1287 2680 1344 Christi
2695 1303 2886 1343 nomen
2896 1297 2974 1356 ,ut
2986 1304 3080 1358 per
3093 1289 3206 1359 ejus
3221 1291 3558 1362 Evangelium

1983 1377 2250 1434 discamus
2275 1377 2719 1449 quemadmodum
2741 1379 2919 1434 vivere
2941 1379 3248 1445 debeamus,
3272 1395 3376 1435 non
3397 1382 3559 1436 etiam

1985 1477 2043 1524 ut
2066 1468 2181 1538 ejus
2203 1469 2515 1539 adjuvemur
2533 1471 2721 1540 gratia,
2750 1484 2856 1542 quo
2881 1469 3017 1525 bene
3037 1470 3295 1526 vivamus.
3320 1471 3415 1527 Vel
3438 1471 3562 1528 hinc

1983 1559 2170 1616 saltem
2195 1560 2506 1616 conﬁteatur
2524 1575 2647 1617 esse
2667 1560 2998 1616 miserabiles
3026 1561 3274 1617 tenebras
3303 1562 3356 1617 in
3381 1563 3560 1618 animo

1985 1649 2217 1706 humano
2237 1691 2250 1716 ,
2280 1651 2368 1721 qui
2403 1652 2506 1706 scit
2533 1651 2979 1722 quemadmodum
3007 1651 3197 1708 debeat
3224 1653 3434 1708 leonem
3459 1652 3562 1708 do-

1982 1755 2132 1797 mare
2150 1781 2167 1808 ,
2205 1749 2260 1796 et
2299 1743 2470 1797 nescit
2495 1741 2942 1812 quemadmodum
2971 1743 3168 1798 vivere.
3195 1743 3275 1797 An
3300 1753 3356 1799 et
3380 1742 3481 1798 hoc
3507 1753 3564 1799 ut

1983 1831 2116 1886 sciat
2151 1831 2349 1888 sufﬁcit
2385 1833 2436 1888 ei
2468 1833 2694 1889 liberum
2732 1832 3008 1888 arbitrium
3039 1834 3228 1904 lexque
3267 1834 3561 1891 naturalis!

1983 1921 2106 1979 llam
2133 1933 2214 1978 est
2237 1925 2493 1994 sapientia
2527 1925 2706 1993 verbi,
2735 1941 2835 1996 qua
2873 1935 3159 1982 evacuatur
3185 1942 3314 1982 crux
3341 1925 3560 1983 Christi.

1981 2014 2088 2070 Sed
2113 2015 2198 2084 qui
2221 2014 2376 2081 dixit,
2402 2013 2626 2069 Perdam
2644 2016 2945 2086 sapientiam
2969 2017 3286 2088 sapientum;
3315 2018 3437 2088 quia
3461 2018 3559 2073 ista

1980 2119 2112 2161 crux
2141 2121 2244 2159 non
2274 2113 2447 2175 potest
2473 2107 2741 2172 evacuari,
2771 2106 3010 2177 profecto
3047 2109 3200 2162 iStam
3246 2109 3561 2178 sapientiam

1983 2211 2080 2266 per
2110 2195 2384 2263 stultitiam
2419 2197 2827 2267 praedicationis,
2853 2213 2954 2268 qua
2975 2197 3255 2253 credentes
3283 2212 3558 2267 sanantur,

1979 2287 2172 2341 evertit
2200 2284 2242 2359 (l
2269 2286 2384 2341 Cor.
2415 2303 2462 2354 ι,
2496 2288 2578 2354 l7,
2606 2287 2693 2355 19,
2719 2287 2833 2358 2|).
2865 2286 2920 2343 Si
2947 2289 3086 2342 enim
3116 2290 3438 2358 possibilitas
3463 2306 3561 2346 na-

1982 2377 2168 2432 turalis
2197 2392 2290 2446 per
2331 2377 2554 2433 liberum
2585 2379 2860 2434 arbitrium
2884 2421 2900 2448 ,
2931 2390 2983 2436 et
3019 2381 3087 2436 ad
3129 2383 3560 2452 cognoscendum

1981 2467 2246 2537 quomodo
2274 2468 2451 2523 vivere
2473 2469 2696 2535 debeat,
2726 2481 2778 2525 et
2807 2471 2871 2524 ad
2902 2471 3034 2526 bene
3060 2472 3340 2526 vivendum
3366 2473 3563 2529 sufﬁcit

1983 2556 2119 2624 sibi;
2151 2573 2270 2626 ergo
2299 2555 2528 2612 Christus
2551 2560 2709 2629 gratis
2745 2569 2971 2613 mortuus
2995 2570 3069 2614 est
3093 2560 3287 2631 (Colat.
3321 2577 3396 2632 ll,
3425 2563 3517 2635 21)
3541 2581 3557 2631 ;

1982 2664 2100 2718 ergo
2136 2657 2428 2702 euacuatum
2458 2657 2530 2702 est
2565 2649 2862 2703 scandalum
2897 2652 3080 2704 crucis.
3111 2651 3217 2706 Cur
3253 2667 3357 2707 non
3399 2655 3561 2708 etiam

1981 2753 2080 2809 ego
2101 2738 2186 2793 hic
2205 2739 2522 2794 exclamem?
2542 2739 2649 2795 imo
2669 2740 3000 2808 exelamabo,
3024 2751 3078 2797 et
3101 2743 3214 2798 istis
3235 2745 3562 2815 increpitabo

1981 2829 2164 2884 dolore
2211 2829 2502 2884 christiano
2547 2848 2562 2886 :
2609 2830 2861 2886 Evacuati
2901 2833 3029 2887 estis
3056 2848 3088 2888 a
3117 2833 3362 2901 Christo,
3391 2836 3478 2905 qui
3507 2837 3560 2890 in

1981 2927 2168 2974 natura
2189 2919 2574 2990 justiﬁcamini,
2599 2935 2628 2973 a
2653 2921 2818 2991 gratia
2844 2923 3115 2978 excidistis
3137 2922 3245 2995 (Id.
3275 2939 3327 2993 v,
3354 2925 3440 2992 ll,
3463 2926 3518 2997 4)
3543 2943 3558 2979 :

1981 3010 2287 3082 ignorantes
2327 3012 2472 3066 enim
2514 3012 2608 3066 Dei
2643 3013 2939 3081 justitiam,
2971 3023 3026 3068 et
3061 3024 3292 3070 vestram
3319 3017 3562 3072 volentes

1981 3102 2325 3168 constituere,
2344 3101 2563 3171 justitize
2586 3103 2680 3157 Dei
2707 3119 2810 3158 non
2833 3104 2962 3159 estis
2983 3105 3226 3174 subjecti.
3249 3106 3398 3162 Sicut
3415 3109 3559 3163 enim

1983 3193 2104 3248 linis
2128 3194 2278 3263 legis,
2310 3194 2381 3248 ita
2412 3195 2571 3249 etiam
2601 3205 2801 3250 natura;
2827 3196 3072 3252 humana:
3096 3198 3298 3254 vitiosae
3327 3201 3562 3257 salvator

1982 3286 2222 3342 Cbrisms
2238 3286 2409 3349 est,ad
2422 3287 2681 3358 justitiam
2699 3289 2844 3344 omni
2860 3289 3094 3345 credenti
3113 3290 3286 3363 (Rom.
3305 3308 3359 3360 ι,
3375 3293 3465 3348 5et
3478 3294 3533 3365 4)
3545 3333 3561 3350 .

2051 3379 2277 3435 CAPUT
2315 3379 2448 3433 XLI.
2479 3409 2552 3420 -—-
2573 3381 2662 3436 48.
2692 3380 2889 3438 Omnes
2915 3382 3164 3450 quomodo
3191 3383 3561 3454 accipiendum,

1981 3469 2034 3523 in
2075 3469 2234 3523 verbis
2264 3469 2492 3540 Apostoli
2515 3511 2528 3536 ,
2560 3469 2624 3524 de
2659 3471 2836 3540 quibus
2876 3481 3101 3525 movetur
3137 3474 3364 3542 quaestio.
3408 3473 3564 3541 Quod

1981 3571 2157 3618 autem
2179 3562 2278 3616 sibi
2299 3550 2545 3632 opposuit
2573 3563 2638 3618 ab
2667 3564 2745 3618 eis
2772 3563 2898 3628 dici,
2931 3573 3115 3618 contra
3144 3579 3278 3634 quos
3306 3565 3559 3636 loquitur,

1986 3653 2172 3708 Omnes
2190 3654 2320 3708 enim
2341 3666 2665 3724 peccauerunt
2693 3655 2826 3725 (Id.,
2850 3672 2928 3724 tu,
2958 3657 3054 3726 23)
3079 3675 3092 3712 :
3117 3658 3455 3714 manifestum
3475 3669 3561 3716 est

1982 3745 2124 3816 quod
2157 3745 2221 3798 de
2246 3745 2324 3798 his
2349 3745 2542 3799 dicebat
2567 3746 2838 3816 Apostolus
2865 3747 2952 3816 qui
2981 3757 3100 3801 tunc
3127 3757 3269 3802 erant
3286 3789 3301 3815 ,
3331 3750 3426 3804 hoc
3449 3761 3521 3804 est
3538 3793 3554 3818 ,

1982 3835 2046 3890 de
2069 3835 2264 3890 Iudicis
2291 3846 2336 3890 et
2366 3834 2626 3890 Gentibus.
2663 3835 2769 3892 Sed
2807 3837 2964 3906 plane
2989 3837 3116 3892 illud
3152 3838 3294 3908 quod
3319 3853 3559 3896 comme-

1983 3927 2208 3993 moravi,
2238 3926 2338 3981 Per
2367 3942 2520 3980 unum
2541 3926 2792 3981 hominem
2819 3937 3077 3998 peccatum
3107 3929 3310 3985 intravit
3331 3931 3384 3986 in
3411 3948 3562 3987 utun-

1982 4019 2125 4084 dum,
2148 4027 2193 4073 et
2214 4035 2303 4089 per
2317 4027 2573 4088 peccatum
2591 4033 2726 4074 mors
2741 4033 2762 4084 ,°
2779 4027 2829 4074 et
2847 4018 2920 4072 ita
2937 4019 2991 4074 in
3010 4035 3182 4076 omnes
3200 4021 3427 4079 homines
3446 4040 3562 4095 per-

1980 4111 2218 4177 transiit,
2261 4111 2317 4164 in
2359 4125 2460 4181 quo
2498 4125 2669 4165 omnes
2715 4121 3081 4181 peccauerunt;
3121 4122 3174 4170 et
3217 4115 3464 4187 antiquos
3503 4129 3561 4174 et

1981 4202 2325 4268 recentiores,
2364 4210 2418 4256 et
2446 4216 2544 4256 nos
2568 4207 2625 4257 et
2662 4211 2906 4272 posteros
2930 4213 3142 4260 nostros
3167 4208 3430 4264 sententia
3457 4209 3558 4264 ista

1981 4295 2370 4365 complectitur.
2412 4293 2568 4348 Ponit
2596 4294 2757 4350 etiam
2799 4294 2926 4350 illud
2969 4297 3372 4368 tesﬁmonium,
3416 4301 3559 4358 unde

1981 4385 2172 4457 probet
2193 4399 2313 4440 cum
2339 4383 2587 4440 dicuntur
2617 4399 2787 4439 omnes
2805 4426 2821 4452 ,
2852 4401 2957 4440 non
2979 4401 3192 4457 semper
3227 4404 3416 4446 omnes
3443 4404 3562 4446 om-

1982 4477 2110 4531 nino
2131 4476 2279 4532 nullo
2307 4476 2664 4546 praetermisso
2694 4476 2912 4546 intelligi
2940 4486 3208 4547 oportere.
3241 4497 3262 4532 ι
3294 4479 3439 4535 Sicut
3468 4498 3560 4552 per

1987 4587 2007 4620 ι
2045 4569 2234 4635 unius,
2269 4587 2290 4621 s
2330 4569 2535 4638 inquit,
2572 4586 2591 4619 ι
2635 4567 2872 4622 delictum
2916 4569 2970 4622 in
3018 4586 3189 4624 omnes
3235 4571 3461 4627 homines
3505 4575 3560 4628 in

1988 4679 2006 4713 ι
2045 4659 2506 4714 condemnationem
2531 4675 2548 4724 ;
2571 4660 2642 4712 sic
2663 4669 2709 4712 et
2743 4677 2832 4730 per
2860 4661 3009 4715 unius
3022 4661 3277 4732 justitiam
3299 4663 3351 4716 in
3388 4680 3560 4720 omnes

1989 4771 2009 4806 ο
2043 4751 2268 4806 homines
2297 4751 2347 4804 in
2376 4751 2793 4821 justi/icationem
2833 4753 2966 4806 vitta.
3004 4771 3020 4804 s
3060 4751 3186 4807 Cum
3212 4770 3300 4822 per
3326 4753 3514 4810 Christi
3543 4799 3557 4820 ,

1981 4843 2183 4914 inquit,
2203 4843 2494 4914 justitiam,
2523 4859 2621 4896 non
2651 4859 2822 4897 omnes
2846 4885 2860 4908 ,
2898 4845 2986 4898 sed
3022 4860 3104 4899 eos
3139 4854 3334 4900 tantum
3369 4847 3454 4918 qui
3480 4849 3560 4902 illi

1981 4934 2184 4990 obedire
2218 4934 2482 4986 uoluerunt
2506 4975 2521 5001 ,
2567 4943 2611 4986 et
2652 4933 2900 5003 Baptismi
2937 4936 3047 5004 ejus
3071 4936 3322 4990 ablutione
3358 4941 3559 5009 purgati

1979 5034 2126 5090 sunt,
2161 5025 2502 5094 sanctiﬁcatos
2528 5042 2633 5080 esse
2656 5043 2755 5080 non
2777 5025 2984 5080 dubium
3011 5029 3094 5081 sit.
3127 5028 3242 5082 Non
3272 5029 3426 5098 plane
3455 5032 3559 5086 isto

1983 5115 2286 5169 testimonio
2316 5116 2503 5186 probat
2527 5115 2667 5185 quod
2703 5116 2834 5171 vult.
2875 5116 3003 5172 Nam
3034 5117 3171 5173 sicut
3211 5119 3409 5175 dictum
3436 5132 3556 5186 est,

1982 5207 2127 5262 Sicut
2154 5224 2242 5278 per
2269 5209 2420 5263 unius
2457 5207 2693 5262 delictum
2721 5209 2772 5263 in
2802 5225 2971 5263 omnes
3008 5210 3233 5266 homines
3274 5213 3326 5266 in
3369 5215 3558 5267 conde-

1980 5303 2312 5370 mnationem,
2355 5311 2411 5356 ut
2436 5301 2610 5355 nullus
2637 5304 3132 5370 praetermitteretur
3160 5323 3173 5359 :
3206 5306 3283 5358 sic
3320 5312 3375 5360 et
3415 5306 3466 5358 in
3494 5319 3558 5359 eo

1981 5393 2122 5464 quod
2147 5393 2343 5449 dictum
2368 5402 2468 5459 est,
2501 5409 2588 5462 per
2609 5394 2756 5446 unius
2773 5395 3023 5465 justitiam
3056 5395 3108 5448 in
3138 5411 3309 5448 omnes
3332 5394 3557 5449 homines

1979 5486 2031 5539 in
2043 5485 2460 5556 justiﬁcationem
2482 5491 2598 5538 vita:
2618 5483 2726 5554 (Id.
2752 5500 2806 5552 γ,
2833 5486 2942 5556 l8),
2967 5487 3143 5540 nullus
3170 5488 3557 5555 pnetermissus

1981 5586 2062 5632 est
2089 5596 2101 5631 :
2127 5591 2231 5630 non
2259 5577 2377 5646 quia
2403 5591 2589 5630 omnes
2610 5576 2661 5629 in
2684 5591 2804 5630 eum
2828 5575 3049 5631 credunt
3073 5583 3126 5630 et
3147 5577 3418 5646 Baptismo
3441 5578 3557 5648 ejus
3585 5619 3589 5622 ι

1981 5671 2300 5736 abluuntur,
2342 5667 2434 5724 sed
2479 5668 2599 5738 quia
2641 5683 2796 5723 nemo
2835 5667 3154 5738 justilicatur
3199 5669 3297 5725 nisi
3343 5671 3392 5725 in
3437 5688 3557 5726 eum
