4036 6532
457 432 642 488 credat
659 440 714 488 et
736 431 1007 501 Baptismo
1026 428 1140 497 ejus
1161 425 1423 478 abluatur.
1448 421 1630 491 Itaque
1651 435 1821 473 omnes
1841 418 2039 473 dictum

459 532 578 589 est,
627 538 695 577 ne
739 522 918 590 aliquo
960 517 1117 571 modo
1156 513 1262 567 alio
1299 518 1495 580 praeter
1543 510 1716 578 ipsum
1759 507 2038 578 quisquam

460 614 638 668 salvus
659 611 950 680 ﬁeriposse
970 605 1235 663 credatur.
1265 601 1416 656 Sicut
1436 599 1579 655 enim
1605 613 1713 652 uno
1740 598 2037 652 litterarum

461 706 717 774 magistro
746 702 798 755 in
829 698 1043 755 civitate
1080 692 1370 749 constituto
1389 733 1405 760 ,
1444 689 1743 745 rectissime
1772 688 1997 743 dicimus
2019 728 2034 753 ,

459 796 657 853 Omnes
695 793 795 849 iste
833 790 919 844 hic
945 788 1149 843 litteras
1173 785 1364 851 docet;
1392 798 1498 838 non
1528 783 1649 851 quia
1678 795 1865 836 omnes
1895 785 2038 836 cives

461 887 665 945 litteras
685 883 914 947 discunt,
942 877 1043 933 sed
1065 877 1187 947 quia
1218 889 1377 931 nemo
1402 872 1593 938 discit,
1624 871 1729 926 nisi
1753 886 1911 942 quem
1950 870 2038 925 ille

457 975 736 1050 docuerit:
765 973 843 1029 sic
868 985 1027 1026 nemo
1046 968 1382 1041 justiﬁcatur,
1407 966 1509 1021 nisi
1529 980 1687 1036 quem
1707 963 2036 1035 justiﬁcave-

456 1069 528 1123 rit
554 1065 816 1121 Christus.
883 1093 947 1137 (ετ

527 1153 753 1209 CAPUT
788 1151 947 1207 XLII.
973 1179 1047 1191 -
1063 1148 1152 1205 49.
1185 1147 1359 1202 Potest
1384 1146 1533 1202 homo
1562 1146 1667 1200 sine
1686 1152 1890 1217 peccato
1910 1160 2033 1211 esse,

455 1245 545 1300 sed
577 1244 856 1299 auxiliante
881 1241 1066 1314 gratia.
1099 1237 1414 1294 Possibilitas
1446 1237 1500 1290 in
1533 1236 1720 1291 sanctis
1745 1234 1898 1290 simul
1920 1250 2037 1288 cum

457 1338 637 1403 effectu
656 1334 977 1407 prouenit.—
995 1331 1100 1388 Sed
1110 1340 1236 1396 esto,
1255 1330 1445 1399 inquit,
1468 1329 1776 1382 consentiam
1795 1328 1915 1399 quia
1930 1342 2038 1381 ont-

458 1446 543 1483 nes
565 1434 846 1500 peccatures
872 1425 1030 1495 fuisse
1066 1431 1293 1476 testatur.
1324 1418 1465 1474 Dicit
1493 1421 1626 1473 enim
1652 1418 1773 1487 quid
1812 1418 2000 1488 fuerim
2019 1459 2033 1483 ,

456 1536 556 1574 non
592 1517 727 1588 quod
765 1515 909 1572 aliud
950 1528 1058 1568 esse
1100 1528 1200 1567 non
1240 1511 1510 1581 potuerint.
1559 1507 1894 1575 Quamobrem
1923 1516 1969 1561 et
1993 1507 2039 1561 si

457 1626 629 1664 omnes
658 1607 882 1661 homines
902 1603 1205 1676 peccatores,
1232 1601 1419 1667 inquit,
1444 1607 1644 1670 possent
1673 1597 1876 1669 probari
1895 1638 1909 1661 ,
1943 1596 2036 1651 de-

456 1697 675 1769 ﬁnitioni
712 1707 877 1750 tamen
902 1702 1087 1748 nostra:
1109 1706 1423 1761 nequaquam
1461 1688 1516 1742 id
1556 1689 1784 1753 obesset,
1826 1688 1909 1757 qui
1936 1703 2038 1741 non

457 1799 559 1842 tam
583 1787 704 1860 quid
724 1787 950 1841 homines
982 1786 1114 1849 sint,
1141 1798 1289 1855 quant
1312 1781 1435 1853 quid
1460 1790 1661 1852 possent
1683 1795 1787 1834 esse
1810 1780 2042 1849 defendi-

457 1895 587 1933 mus.
621 1878 716 1932 Ilic
741 1885 886 1932 recte
907 1877 1028 1930 facit
1048 1875 1087 1939 ί,
1115 1870 1402 1943 aliquando
1428 1869 1754 1934 consentire,
1782 1870 1902 1938 quia
1932 1884 2038 1924 non

454 1967 827 2039 justiﬁcabilur
840 1967 890 2021 iu
909 1972 1194 2035 conspectu
1208 1963 1300 2019 Dei
1314 1962 1488 2017 omnis
1501 1962 1684 2015 vivens
1701 1959 2036 2031 (Psal.cxut,

454 2059 538 2129 2).
570 2058 685 2113 Non
717 2068 890 2112 tamen
924 2055 995 2109 ibi
1022 2070 1141 2111 esse
1164 2053 1511 2125 quaestionem
1530 2092 1546 2118 ,
1576 2050 1669 2106 sed
1705 2052 1756 2104 in
1786 2050 1902 2120 ipsa
1932 2064 2040 2105 non

454 2150 709 2223 peccandi
751 2148 1099 2219 possibilitate
1133 2145 1437 2210 contendit,
1466 2144 1519 2198 in
1555 2159 1659 2214 qua
1686 2157 1786 2197 nec
1817 2156 1913 2197 nos
1940 2141 2038 2196 ad-

456 2257 643 2297 versus
671 2256 791 2295 eum
816 2248 1022 2294 certare
1048 2253 1183 2307 opus
1212 2245 1312 2292 est.
1351 2235 1484 2290 Nam
1522 2248 1694 2303 neque
1724 2232 1852 2286 illud
1882 2232 2040 2288 nimis

455 2348 603 2399 curo,
632 2340 807 2386 utrum
839 2329 1033 2384 fuerint
1056 2328 1142 2382 hic
1165 2326 1349 2396 aliqui,
1381 2324 1466 2379 vel
1490 2324 1616 2390 sint,
1642 2321 1728 2377 vel
1756 2336 1874 2376 esse
1913 2336 2039 2391 pos-

454 2426 580 2490 sint,
609 2424 697 2492 qui
725 2419 1033 2491 pert‘ectam,
1064 2420 1147 2473 cui
1169 2418 1301 2472 nihil
1322 2414 1626 2471 addendum
1649 2421 1813 2478 esset,
1835 2413 2040 2472 habue-

454 2518 594 2583 rint,
624 2514 709 2569 vel
749 2512 1012 2576 habeant,
1058 2511 1140 2565 vel
1182 2507 1413 2563 habituri
1453 2507 1560 2562 sint
1605 2504 1918 2560 cbaritatem
1946 2503 2042 2559 Dei

457 2608 597 2678 (ipsa
624 2614 706 2661 est
730 2604 871 2660 enim
899 2605 921 2635 ³
952 2600 1244 2664 verissima,
1269 2598 1598 2669 plenissima,
1627 2593 2041 2665 perfectissima-

455 2712 560 2768 que
585 2691 847 2766 justitia);
879 2692 1127 2763 quoniam
1170 2689 1222 2744 id
1245 2730 1258 2754 ,
1285 2688 1427 2759 quod
1457 2688 1479 2720 ³
1506 2688 1775 2740 voluntate
1811 2684 2042 2739 hominis

455 2787 634 2856 adjuta
676 2799 774 2855 per
812 2784 905 2837 Dei
949 2781 1168 2851 gratiam
1214 2778 1328 2832 ﬁeri
1371 2791 1529 2848 posse
1564 2776 1822 2830 conliteor
1849 2782 1904 2829 et
1941 2772 2039 2828 de-

455 2876 638 2942 fendo,
664 2873 877 2945 quando
907 2871 989 2927 vel
1014 2869 1103 2923 ubi
1129 2870 1214 2924 vel
1244 2869 1297 2922 in
1326 2882 1432 2939 quo
1458 2866 1570 2933 ﬁat,
1592 2866 1814 2920 nimium
1833 2872 2041 2921 certare

455 2982 562 3021 non
606 2965 796 3019 debeo.
844 2961 1024 3030 Neque
1067 2958 1136 3014 de
1189 2958 1303 3029 ipsa
1344 2955 1696 3027 possibilitate
1743 2952 2036 3020 contendo,

455 3071 577 3111 cum
619 3063 803 3113 sanata
848 3061 903 3107 et
946 3050 1127 3120 adjuta
1177 3048 1409 3105 hominis
1458 3046 1734 3101 voluntate
1773 3044 2041 3114 possibili-

455 3156 539 3203 tas
566 3147 680 3216 ipsa
710 3144 865 3199 simul
890 3157 1010 3198 cum
1041 3141 1235 3198 ell‘ectu
1271 3141 1325 3193 in
1351 3137 1550 3193 sanctis
1575 3136 1886 3206 proveniat,
1914 3135 2040 3189 dum

456 3237 688 3293 eharitas
715 3234 833 3300 Dei,
867 3229 1125 3303 quantum
1155 3229 1462 3301 plenissime
1486 3235 1675 3281 natura
1703 3232 1883 3281 nostra
1912 3238 2040 3279 sana

454 3337 613 3398 atque
640 3335 859 3396 purgata
896 3339 1089 3393 capere
1118 3329 1324 3392 potest,
1355 3318 1669 3374 diﬂ‘unditur
1704 3317 1758 3372 in
1786 3315 2041 3372 cordibus

455 3417 655 3475 nostris
681 3431 776 3486 per
800 3416 1054 3485 Spiritum
1097 3419 1375 3478 sanctum,
1425 3410 1516 3476 qui
1557 3409 1717 3463 datus
1760 3416 1844 3462 est
1887 3407 2041 3462 nobis

457 3508 637 3580 (Rom.
665 3522 720 3573 v,
751 3505 831 3576 5).
862 3503 1049 3558 Melius
1073 3502 1248 3571 itaque
1272 3500 1365 3555 Dei
1391 3513 1550 3554 causa
1576 3499 1750 3568 agitur
1778 3496 1958 3570 (quam
1981 3510 2042 3552 se

457 3599 560 3654 iste
588 3596 794 3668 agendo
817 3595 947 3651 dicit
971 3593 1251 3649 defensare
1279 3591 1568 3664 naturam),
1600 3605 1723 3646 cum
1751 3598 1806 3646 et
1833 3597 2043 3645 creator

458 3700 511 3747 et
536 3690 767 3744 salvator
789 3684 1093 3757 agnoscitur
1112 3725 1126 3748 ,
1165 3697 1324 3754 quam
1347 3696 1468 3736 eum
1497 3680 1714 3737 defensa
1743 3680 1887 3735 velut
1912 3693 2043 3735 sana

458 3782 766 3851 viribusque
803 3776 1021 3848 integris
1060 3782 1305 3831 creatura
1332 3772 1612 3844 Opitulatio
1650 3770 1928 3826 salvatoris
1956 3770 2042 3825 in-

458 3874 654 3933 anitur.

531 3960 754 4020 CAPUT
790 3957 973 4014 XLIII.
995 3956 1176 4013 —50.
1201 3956 1341 4011 Deus
1376 3972 1478 4010 non
1506 3953 1652 4026 jubet
1688 3951 2039 4023 impossibilia.

460 4054 659 4109 Verum
697 4058 780 4106 est
815 4060 991 4104 autem
1029 4047 1173 4118 quod
1209 4048 1315 4113 ait,
1364 4045 1514 4113 Quod
1553 4043 1694 4097 Deus
1739 4053 1844 4096 tant
1886 4043 2043 4095 bonus

460 4159 614 4216 quam
632 4143 805 4209 justus
831 4139 982 4194 talem
1020 4138 1274 4192 hominem
1314 4135 1516 4206 fecerit,
1546 4134 1631 4202 qui
1651 4131 1674 4163 ⁸⁵
1695 4132 1883 4203 peccati
1909 4129 2043 4184 malo

464 4249 635 4289 carere
657 4231 919 4302 δυσίων-ει,
945 4228 1033 4283 sed
1057 4228 1101 4283 si
1124 4228 1379 4282 uoluisset.
1401 4225 1531 4293 Quis
1555 4224 1697 4278 enim
1727 4238 1848 4277 eum
1874 4220 2046 4276 nescit

464 4340 653 4383 sanum
675 4334 728 4379 et
749 4321 1121 4391 incnlpahilem
1143 4320 1356 4382 factum,
1382 4327 1436 4371 et
1460 4317 1628 4371 libero
1648 4315 1867 4368 arbitrio
1887 4323 2045 4382 atque

461 4418 529 4474 ad
552 4419 694 4489 juste
717 4414 1002 4471 vivendum
1035 4418 1295 4482 potestate
1337 4410 1501 4463 libera
1530 4405 1913 4462 constitutum?
1941 4404 2045 4459 Sed

464 4524 607 4570 nunc
631 4509 701 4564 de
729 4506 820 4562 illo
845 4506 1046 4576 agitur,
1075 4516 1232 4572 quem
1259 4499 1572 4556 semivivum
1600 4497 1835 4551 latrones
1870 4495 1925 4550 in
1960 4494 2044 4549 via

462 4602 811 4671 reliquerunt,
834 4597 920 4667 qui
942 4594 1191 4667 gravibus
1214 4594 1425 4646 saucius
1447 4588 1836 4658 confessusque
1862 4586 2046 4640 vulne-

461 4692 614 4748 ribus
652 4704 759 4743 non
796 4687 867 4743 ita
911 4693 1085 4756 potest
1120 4682 1187 4738 ad
1225 4683 1443 4752 justitia:
1481 4679 1692 4735 culmen
1717 4677 2043 4743 ascendere,

463 4783 603 4839 sicut
623 4780 791 4851 potuit
816 4778 937 4833 inde
957 4775 1283 4832 descendere
1313 4792 1325 4829 :
1353 4774 1444 4845 qui
1470 4774 1629 4828 etiam
1651 4773 1694 4826 si
1718 4772 1828 4842 jam
1858 4771 1912 4826 in
1938 4779 2048 4825 sta-

462 4875 589 4931 bulo
613 4882 713 4937 est,
745 4870 918 4925 adhuc
938 4880 1156 4923 curatur
1182 4866 1329 4938 (Luc.
1358 4883 1390 4921 x
1410 4906 1426 4933 ,
1458 4864 1556 4931 50,
1594 4861 1705 4936 Si).
1736 4863 1851 4917 Non
1888 4862 2049 4933 igitur

465 4965 611 5021 Deus
655 4960 997 5031 impossibilia
1032 4958 1185 5027 jubet
1220 4974 1235 5011 :
1273 4956 1368 5011 sed
1409 4954 1646 5025 jubt-ndo
1683 4953 1964 5016 admonet,
1994 4960 2050 5007 et

462 5062 642 5119 facere
666 5056 806 5130 quod
832 5053 1039 5125 possis,
1078 5061 1134 5108 et
1169 5060 1355 5123 petere
1380 5048 1519 5119 quod
1561 5064 1664 5102 non
1703 5048 1895 5117 possis.
1929 5045 2047 5101 Jam

462 5166 608 5208 nunc
633 5148 909 5204 videamus
934 5142 1073 5199 unde
1100 5140 1286 5213 possit.
1316 5141 1456 5194 unde
1486 5154 1589 5193 non
1618 5137 1804 5208 possit.
1838 5136 1939 5192 Iste
1964 5135 2041 5190 di-

461 5244 539 5299 cit
563 5259 578 5296 :
615 5238 886 5295 Voluntate
914 5252 1015 5291 non
1042 5243 1117 5290 est
1137 5275 1151 5298 ,
1179 5231 1314 5303 quod
1337 5240 1517 5285 natura
1541 5238 1718 5301 potest.
1748 5229 1857 5299 Ego
1885 5227 2005 5283 dico
2032 5243 2047 5285 :

463 5334 753 5390 Voluntate
794 5327 1007 5398 quidem
1048 5342 1157 5382 non
1197 5333 1280 5381 est
1324 5325 1485 5378 homo
1521 5324 1730 5392 justus,
1771 5321 1814 5375 si
1860 5328 2048 5375 natura

463 5435 641 5497 potest
673 5442 686 5479 :
725 5423 820 5479 sed
845 5419 1109 5477 medicina
1138 5416 1356 5490 poterit,
1384 5414 1524 5485 quod
1555 5413 1682 5470 vitio
1720 5428 1825 5469 non
1854 5419 2047 5483 potest.

529 5536 549 5573 “
568 5549 675 5595 Duo
694 5538 905 5590 Vaticani
929 5529 1056 5596 ω,
1080 5532 1169 5583 hoc
1191 5536 1317 5596 recte
1338 5527 1472 5596 facit.

526 5604 555 5638 ι
568 5589 819 5664 btet-ique,
839 5608 964 5664 Mss,
986 5589 1098 5662 ipsa
1118 5602 1187 5647 est
1209 5589 1472 5664 uerissan
1496 5592 1676 5664 omisso
1696 5589 1843 5664 enim.

527 5663 553 5756 ξ
574 5672 675 5772 lino
695 5653 1063 5775 alligatus,
1084 5655 1303 5721 quoniam
1327 5653 1377 5706 in
1398 5653 1648 5721 voluntate,
1669 5656 1865 5712 omisso,
1881 5662 2025 5716 quoa.

626 5737 730 5774 nne
833 5758 864 5775 ..
938 5735 986 5772 tt.

626 5737 752 5775 n.-et
771 5737 864 5781 ιιι-η
889 5737 986 5772 cm.

1400 312 1488 365 DE
1527 307 1807 365 NATURA
1848 304 1938 362 ET
1976 306 2255 376 GRATIA,
2294 306 2352 364 S.
2395 307 2765 366 AUGUSTINI

3329 236 3423 249 ..θ’

3612 308 3718 368 ιτς

2213 416 2441 474 CAPUT
2481 420 2759 475 XLIW—
2776 423 2863 478 5|.
2892 422 3071 477 Status
3093 424 3381 493 qua’stionis
3405 426 3534 480 inter
3565 423 3721 481 Pela-

2142 509 2319 579 gianos
2364 520 2412 563 et
2456 509 2759 566 Catholicos.
2812 513 3019 583 Antiqui
3078 515 3200 580 iusti
3246 516 3420 570 eadem
3481 533 3583 587 qua
3629 535 3722 573 nos

2143 600 2331 656 Christi
2357 602 2459 670 ﬁde
2494 603 2691 656 saluati.
2722 602 2857 671 Quid
2898 618 3027 675 ergo
3063 604 3173 674 jam
3213 621 3346 676 opus
3384 614 3468 662 est
3508 607 3563 661 in
3606 603 3723 679 piti-

2142 689 2290 747 ribus
2350 689 2674 745 immorari?
2738 691 3022 747 Veniamus
3076 694 3297 750 interius
3351 695 3421 751 ad
3481 712 3718 763 cauum,

2143 794 2300 849 quam
2356 780 2408 834 in
2466 780 2566 836 hac
2620 779 2876 837 duntaxat
2924 785 3219 854 quaestione
3256 786 3342 841 vel
3383 788 3589 852 solam.
3636 792 3723 845 vct

2143 886 2277 942 pene
2320 872 2487 927 solam
2541 888 2662 929 cum
2714 874 2829 930 istis
2884 874 3163 933 habemus.
3218 878 3366 935 Sicut
3413 882 3555 937 enim
3608 881 3723 951 ipse

2141 961 2288 1027 dicit,
2321 979 2341 1014 ‹
2365 961 2430 1016 ad
2458 963 2597 1033 quod
2626 978 2766 1018 nunc
2794 966 2901 1035 agit
2927 980 3031 1020 non
3059 968 3327 1037 pertinere
3353 978 3409 1025 ut
3432 980 3723 1041 quaamtur,

2142 1060 2317 1106 utrum
2360 1051 2575 1119 fuerint,
2617 1054 2700 1108 vel
2742 1055 2850 1109 sint
2893 1055 3053 1126 aliqui
3095 1056 3340 1114 homines
3382 1062 3434 1114 in
3480 1058 3581 1115 hac
3619 1062 3726 1118 vita

2140 1142 2258 1198 sine
2303 1151 2553 1213 peccato,
2592 1143 2685 1199 sed
2724 1154 2899 1200 utrum
2940 1162 3062 1204 esse
3108 1149 3410 1219 potuerint,
3441 1152 3553 1206 sive
3595 1167 3724 1222 pos-

2141 1234 2249 1289 sint
2288 1251 2302 1289 :
2350 1253 2371 1287 t
2414 1234 2483 1288 ita
2513 1250 2613 1306 ego
2639 1236 2847 1291 etiamsi
2891 1236 3052 1292 fuisse
3084 1240 3170 1294 vel
3209 1254 3333 1295 esse
3368 1243 3723 1307 consentiam,

2142 1325 2286 1379 nullo
2312 1325 2473 1381 modo
2500 1334 2673 1382 tamen
2705 1328 2941 1396 potuisse
2977 1327 3062 1385 vel
3104 1346 3260 1400 posse
3298 1332 3587 1399 conﬁrmo,
3621 1335 3726 1391 nisi

2137 1414 2453 1485 jnstiﬁcatos
2490 1418 2658 1487 gratia
2687 1418 2779 1473 Dei
2810 1433 2904 1487 per
2939 1418 3119 1475 Iesum
3146 1418 3413 1476 Christum
3441 1423 3727 1479 Dominum

2141 1516 2380 1563 nostrum
2408 1516 2463 1564 et
2492 1486 2632 1564 hunc
2659 1486 2991 1565 cruciﬁxum.
3040 1510 3115 1565 Ea
3150 1513 3346 1582 quippe
3388 1514 3518 1571 ﬁdes
3551 1515 3731 1585 justas
3779 1486 3789 1496 ”

2143 1599 2349 1654 sanavit
2381 1599 2647 1669 antiquos,
2676 1615 2794 1670 quae
2823 1609 2973 1654 sanat
3001 1608 3058 1656 et
3085 1617 3182 1658 nos
3201 1644 3217 1669 ,
3246 1602 3299 1658 id
3327 1612 3430 1668 est,
3462 1606 3729 1660 mediato-

2141 1690 2217 1744 ris
2244 1689 2334 1743 Dei
2362 1697 2417 1744 et
2441 1688 2710 1744 hominum
2752 1689 2980 1744 hominis
3006 1690 3135 1747 Iesu
3163 1690 3361 1748 Christi
3385 1711 3400 1759 ;
3433 1693 3566 1750 ﬁdes
3595 1709 3730 1750 san-

2141 1781 2315 1851 guinis
2344 1781 2457 1850 cjus
2476 1821 2490 1841 .
2524 1780 2656 1835 ﬁdes
2683 1781 2855 1835 crucis
2883 1781 3032 1851 ejus,
3065 1783 3198 1837 ﬁdes
3223 1785 3410 1840 mortis
3447 1794 3502 1840 et
3539 1800 3730 1840 resur-

2141 1872 2391 1925 rectionis
2431 1871 2567 1940 ejus.
2615 1870 2868 1925 Habentes
2895 1887 3024 1942 ergo
3063 1873 3292 1929 eumdem
3319 1876 3551 1944 spiritum
3579 1876 3729 1946 ﬁdei,

2142 1970 2188 2015 et
2208 1977 2299 2015 nos
2321 1961 2589 2027 credimus,
2610 1971 2814 2032 propter
2827 1963 2963 2031 quod
2976 1972 3022 2016 et
3037 1962 3288 2031 loquimur
3306 1964 3374 2033 (II
3387 1964 3505 2020 Cor.
3520 1979 3593 2031 tv,
3610 1967 3728 2036 i3).

2214 2051 2307 2107 52.
2335 2050 2439 2106 Iste
2465 2066 2593 2106 vero
2618 2051 2826 2121 objecta
2855 2051 2955 2106 sibi
2984 2053 3298 2121 quaestione,
3323 2055 3375 2108 in
3405 2069 3507 2126 qua
3536 2069 3733 2110 revera

2144 2140 2492 2195 intolerabilis
2537 2141 2745 2196 videtur
2792 2141 3045 2196 cordibus
3091 2142 3413 2210 cltristianis,
3463 2144 3590 2214 quid
3638 2159 3732 2201 re-

2142 2231 2402 2300 spondeat
2428 2231 2778 2285 attendamus.
2815 2232 2903 2285 Ait
2936 2232 3078 2286 enim
3107 2249 3121 2286 :
3159 2251 3179 2285 s
3211 2231 3316 2290 Sed
3346 2234 3449 2290 hoc
3471 2245 3554 2290 est
3582 2221 3735 2305 quod

2144 2322 2338 2377 multos
2384 2331 2581 2386 movet,
2623 2322 2852 2392 inquies,
2888 2324 3031 2393 quod
3075 2339 3181 2379 non
3223 2341 3320 2396 per
3359 2326 3454 2381 Dei
3497 2328 3736 2397 gratiam

2144 2412 2412 2468 hominem
2440 2414 2554 2467 sine
2582 2423 2799 2482 peccato
2825 2428 2945 2469 esse
2975 2422 3131 2485 posse
3154 2415 3414 2472 defendis.
3446 2436 3467 2472 ι
3495 2418 3737 2477 Prorsus

2145 2501 2248 2558 hoc
2274 2511 2357 2557 est
2393 2502 2533 2573 quod
2563 2511 2760 2568 movet,
2792 2502 2892 2558 hoc
2934 2513 3018 2559 est
3061 2505 3200 2575 quod
3245 2506 3545 2576 objicimus.
3590 2509 3738 2565 Rem

2145 2593 2313 2665 ipsam
2343 2593 2507 2659 dicit;
2540 2592 2644 2649 hoc
2671 2595 2889 2649 omnino
2915 2597 3194 2665 aegerrime
3212 2599 3572 2656 sustinemus:
3601 2600 3738 2656 hinc

2143 2702 2176 2741 a
2202 2685 2520 2741 Christianis
2563 2686 2685 2741 talia
2715 2685 3005 2756 disputari,
3037 2702 3100 2742 ea
3129 2703 3287 2758 quam
3321 2690 3374 2744 in
3409 2690 3544 2745 alios
3577 2701 3640 2747 et
3680 2693 3737 2749 in

2144 2779 2290 2849 ipsos
2335 2778 2614 2845 habemus,
2660 2778 2947 2833 dilectione
2991 2793 3096 2833 non
3149 2779 3388 2845 ferimus.
3433 2781 3739 2840 Audiamus

2152 2870 2310 2939 igitur
2352 2870 2618 2942 quomodo
2660 2885 2719 2925 se
2765 2869 2832 2925 ab
2879 2869 3177 2940 obiectione
3220 2874 3526 2943 quaestionis
3571 2874 3741 2947 hujus

2144 2960 2414 3029 expediat.
2453 2979 2473 3012 ι
2505 2962 2550 3016 0
2579 2960 2889 3031 ignorantia:
2915 2961 3146 3029 caecitas,
3176 2979 3196 3013 ι
3229 2962 3414 3033 inquit,
3450 2982 3472 3016 ι
3502 2980 3539 3021 o
3562 2966 3742 3036 impe-

2143 3054 2261 3109 rita:
2289 3053 2484 3109 mentis
2514 3053 2717 3124 ignavia
2738 3094 2752 3118 ,
2783 3068 2903 3123 qua:
2929 3052 2983 3110 id
3011 3054 3127 3109 sine
3150 3054 3242 3109 Dei
3265 3055 3432 3125 gratia
3458 3055 3738 3114 defensari

2143 3145 2434 3213 existimat,
2456 3145 2599 3216 quod
2621 3145 2731 3201 Deo
2754 3152 2957 3203 tantum
2982 3144 3164 3201 audiat
3186 3145 3389 3203 debere
3411 3151 3650 3219 reputari
3669 3152 3684 3204 ι
3713 3169 3737 3204 ι

2144 3234 2202 3290 Si
2232 3236 2560 3291 nesciremus
2587 3251 2708 3306 qua:
2733 3243 3043 3306 sequantur,
3074 3236 3158 3292 his
3188 3239 3552 3295 tantummodo
3578 3240 3742 3296 audi-

2145 3327 2247 3394 tis,
2275 3326 2410 3381 falsa
2449 3342 2548 3382 nos
2587 3326 2655 3382 de
2699 3326 2844 3393 illis,
2866 3326 3102 3396 iactante
3144 3325 3281 3382 fama
3318 3337 3375 3383 et
3412 3329 3740 3399 quibusdam

2144 3416 2396 3474 fratribus
2422 3418 2441 3450 ³
2471 3417 2678 3474 idoneis
2706 3417 2930 3472 testibus
2956 3417 3409 3484 asseverantibus,
3436 3419 3743 3478 credidisse

2147 3519 2473 3578 putaremus.
2517 3506 2652 3575 Quid
2682 3505 2824 3561 enim
2861 3504 2965 3561 dici
3004 3506 3216 3561 brevius
3247 3508 3419 3577 potuit
3446 3516 3499 3563 et
3528 3510 3742 3578 verius,

2145 3613 2305 3669 quam
2363 3596 2770 3677 possibilitatem
2820 3610 2927 3651 non
2979 3596 3253 3666 peccandi,
3303 3605 3744 3668 quantacumque

2145 3698 2229 3745 est
2254 3687 2343 3745 vel
2370 3688 2474 3744 erit
2498 3688 2550 3743 in
2578 3687 2817 3753 homine,
2848 3686 3058 3740 nonnisi
3088 3686 3200 3742 Deo
3225 3685 3423 3742 debere
3451 3688 3698 3758 reputari
3717 3688 3745 3742 ?

2146 3780 2260 3835 lioc
2282 3785 2340 3835 et
2363 3791 2462 3833 nos
2491 3777 2735 3844 dicimus,
2760 3777 3046 3848 jungamus
3070 3774 3339 3832 dexteras.
3760 3766 3763 3769 ’

2217 3870 2445 3927 CAPUT
2483 3868 2645 3925 XLV.
2684 3898 2755 3910 —
2790 3869 2881 3924 ss.
2911 3868 3055 3924 Alias
3100 3869 3337 3940 expendit
3376 3870 3746 3927 similitudines

2149 3970 2195 4017 et
2218 3962 2629 4017 ratiocinationes
2668 3958 2890 4031 Pelagii.
2933 3961 3015 4014 An
3055 3959 3315 4016 audienda
3343 3970 3465 4016 sunt
3493 3969 3695 4016 cetera
3718 3962 3747 4016 ἲ

2147 4053 2423 4110 Audienda
2465 4053 2621 4123 plane
2642 4093 2656 4118 ,
2685 4060 2742 4108 et
2776 4051 3089 4121 corrigenda
3134 4051 3315 4123 utique
3344 4052 3430 4107 vel
3471 4051 3742 4107 cavenda.

2156 4164 2176 4198 ε
2221 4145 2353 4201 Nam
2381 4159 2502 4200 eum
2528 4143 2739 4207 dicitur,
2776 4162 2795 4196 ι
2830 4142 3020 4213 inquit,
3057 4161 3078 4195 ι
3114 4143 3286 4213 ipsum
3317 4156 3495 4212 posse,
3525 4142 3748 4198 arbitrii

2149 4238 2367 4294 humani
2406 4236 2627 4292 omnino
2670 4250 2781 4290 non
2818 4250 2954 4300 esse,
2988 4234 3082 4290 sed
3123 4235 3354 4289 auctoris
3380 4242 3603 4297 natum,

2149 4328 2389 4392 scilicet;
2433 4327 2588 4397 ecqui
2634 4326 2747 4381 ﬁeri
2778 4333 2952 4394 potest
2981 4332 3040 4379 ut
3078 4325 3277 4395 absque
3308 4324 3399 4378 Dei
3440 4324 3608 4393 gratia
3657 4324 3749 4378 iu-

2150 4418 2438 4489 telligatur,
2477 4416 2619 4486 quod
2658 4415 2723 4470 ad
2765 4416 2932 4473 Deum
2975 4416 3188 4485 proprie
3232 4414 3500 4484 pertinere
3541 4429 3750 4470 cense-

2150 4511 2274 4566 tur?
2307 4528 2327 4563 t
2360 4509 2476 4565 Jam
2513 4508 2677 4579 erepit
2710 4522 2968 4578 apparere
2995 4506 3123 4577 quid
3151 4505 3293 4561 dicat
3320 4522 3335 4559 :
3363 4505 3458 4562 sed
3500 4520 3569 4561 ne
3594 4504 3753 4561 forte

2152 4601 2427 4667 fallamur,
2455 4601 2612 4655 latius
2649 4599 2699 4654 id
2738 4598 2988 4667 explanat
3014 4604 3070 4652 et
3096 4597 3311 4652 clarius.
3354 4615 3375 4651 ι
3408 4596 3517 4653 Sed
3547 4606 3605 4651 ut
3640 4597 3750 4652 hoe

2153 4692 2520 4759 manifestius,
2557 4710 2576 4744 t
2609 4692 2813 4762 inquit,
2851 4707 2872 4744 ι
2913 4690 3041 4756 ﬁat,
3068 4689 3225 4760 paulo
3253 4688 3410 4744 latius
3453 4688 3750 4758 disputan-

2152 4783 2277 4839 dum
2308 4791 2409 4839 est.
2444 4782 2678 4837 Dicimus
2720 4780 2862 4835 enim
2903 4778 3160 4850 cujusque
3194 4779 3271 4834 rei
3303 4778 3749 4850 possibilitatem,

2153 4893 2259 4934 non
2288 4886 2396 4933 tam
2438 4877 2493 4932 in
2529 4874 2734 4930 arbitrii
2780 4873 2997 4928 humani
3040 4881 3335 4944 potestate,
3365 4886 3525 4942 quam
3554 4886 3606 4925 tn
3642 4886 3752 4925 na-

2154 4977 2287 5024 tura:
2334 4965 2652 5023 necessitate
2700 4966 3015 5019 consistere.
3067 4982 3087 5017 ι
3134 4962 3406 5034 Exemplis
3449 4962 3609 5017 etiam
3660 4961 3753 5016 vel

2155 5056 2591 5115 similitudinibus
2634 5054 2758 5125 quid
2801 5053 2944 5109 dicat
2982 5053 3251 5109 illustrat:
3288 5070 3307 5104 ι
3342 5051 3412 5109 Ut
3439 5061 3561 5122 puta
3598 5070 3618 5103 ι
3658 5053 3755 5106 in-

2154 5151 2289 5222 quit,
2338 5168 2357 5201 I
2408 5148 2550 5218 loqui
2596 5161 2857 5216 possum:
2896 5144 3039 5216 quod
3082 5144 3225 5214 loqui
3270 5158 3509 5213 possum,
3560 5154 3755 5197 meum

2157 5257 2261 5296 nou
2292 5247 2409 5300 est;
2453 5237 2597 5309 quod
2639 5237 2861 5306 loquor,
2891 5249 3069 5290 meum
3106 5241 3223 5297 est,
3268 5232 3321 5288 id
3350 5239 3467 5300 est,
3509 5232 3756 5301 propria:

2155 5327 2445 5386 voluntatis
2471 5345 2486 5382 :
2516 5337 2571 5382 et
2599 5327 2721 5397 quia
2750 5324 2892 5396 quod
2923 5324 3112 5394 loquor
3131 5364 3146 5389 ,
3176 5338 3356 5380 meum
3392 5331 3498 5390 est,
3532 5333 3756 5377 utrum-

2154 5438 2258 5494 que
2288 5421 2462 5476 facere
2504 5433 2753 5490 possum,
2782 5417 2832 5471 id
2863 5423 2979 5481 est,
3006 5425 3062 5471 et
3103 5414 3249 5485 loqui
3288 5421 3344 5469 et
3389 5427 3494 5468 non
3542 5412 3701 5482 loqui
3733 5428 3753 5466 :

2155 5518 2277 5589 quia
2304 5530 2430 5571 vero
2457 5514 2599 5585 quod
2625 5511 2769 5582 loqui
2800 5525 3039 5582 possunt,
3067 5523 3246 5565 meum
3273 5521 3380 5562 non
3411 5515 3514 5573 est,
3545 5503 3600 5560 id
3635 5515 3754 5573 est,

2222 5649 2238 5680 ¹
2265 5646 2487 5710 Belgicus
2508 5644 2677 5710 cedes
2696 5651 2741 5693 S.
2775 5642 2986 5707 Antandi,
3009 5648 3057 5695 et
3078 5638 3367 5706 quibusdam
3387 5634 3571 5693 illud!
3608 5640 3747 5687 tab

2164 5712 2249 5762 bus
2264 5706 2490 5775 ,‘on'ﬁsso,
2516 5706 2765 5770 fratribus.
