  <div class='ocr_page' id='page_1' title='image "/cluster/home/n/w/nwhite01/storage/ocr_20150623/44-45/uva.x000217727/140.png"; bbox 0 0 3984 6522; ppageno 0'>
   <div class='ocr_carea' id='block_1_1' title="bbox 312 388 2127 483">
    <p class='ocr_par' dir='ltr' id='par_1_1' title="bbox 312 388 2127 483">
     <span class='ocr_line' id='line_1_1' title="bbox 312 388 2127 483; baseline -0.001 -38"><span class='ocrx_word' id='word_1_1' title='bbox 312 427 401 483; x_wconf 49' lang='lat' dir='ltr'><strong>an</strong></span> <span class='ocrx_word' id='word_1_2' title='bbox 1688 391 1889 445; x_wconf 74' lang='lat' dir='ltr'><strong>LIBER</strong></span> <span class='ocrx_word' id='word_1_3' title='bbox 1926 388 2127 448; x_wconf 76' lang='lat' dir='ltr'><strong>UNLS.</strong></span> 
     </span>
    </p>
   </div>
   <div class='ocr_carea' id='block_1_2' title="bbox 315 518 1855 592">
    <p class='ocr_par' dir='ltr' id='par_1_2' title="bbox 315 518 1855 592">
     <span class='ocr_line' id='line_1_2' title="bbox 315 518 1855 592; baseline -0.021 1"><span class='ocrx_word' id='word_1_4' title='bbox 315 531 484 592; x_wconf 86' lang='lat' dir='ltr'><strong>arbitrii</strong></span> <span class='ocrx_word' id='word_1_5' title='bbox 509 525 610 583; x_wconf 87' lang='lat' dir='ltr'><strong>mei</strong></span> <span class='ocrx_word' id='word_1_6' title='bbox 634 531 798 592; x_wconf 85' lang='lat' dir='ltr'><strong>atque</strong></span> <span class='ocrx_word' id='word_1_7' title='bbox 824 519 1105 573; x_wconf 68' lang='lat' dir='ltr'><strong>voluntatis</strong></span> <span class='ocrx_word' id='word_1_8' title='bbox 1122 556 1139 585; x_wconf 94' lang='lat'><strong>,</strong></span> <span class='ocrx_word' id='word_1_9' title='bbox 1168 526 1382 570; x_wconf 90' lang='lat' dir='ltr'><strong>necesse</strong></span> <span class='ocrx_word' id='word_1_10' title='bbox 1410 518 1493 567; x_wconf 90' lang='lat' dir='ltr'><strong>est</strong></span> <span class='ocrx_word' id='word_1_11' title='bbox 1533 524 1617 564; x_wconf 91' lang='lat' dir='ltr'><strong>me</strong></span> <span class='ocrx_word' id='word_1_12' title='bbox 1643 521 1855 578; x_wconf 80' lang='lat' dir='ltr'><strong>semper</strong></span> 
     </span>
    </p>
   </div>
   <div class='ocr_carea' id='block_1_3' title="bbox 320 599 1855 693">
    <p class='ocr_par' dir='ltr' id='par_1_3' title="bbox 320 599 1855 693">
     <span class='ocr_line' id='line_1_3' title="bbox 320 599 1855 693; baseline -0.017 -16"><span class='ocrx_word' id='word_1_13' title='bbox 320 622 437 693; x_wconf 82' lang='lat' dir='ltr'><strong>loqui</strong></span> <span class='ocrx_word' id='word_1_14' title='bbox 474 628 660 689; x_wconf 84' lang='lat' dir='ltr'><strong>posse;</strong></span> <span class='ocrx_word' id='word_1_15' title='bbox 712 619 769 666; x_wconf 90' lang='lat' dir='ltr'><strong>et</strong></span> <span class='ocrx_word' id='word_1_16' title='bbox 817 608 860 664; x_wconf 89' lang='lat' dir='ltr'><strong>si</strong></span> <span class='ocrx_word' id='word_1_17' title='bbox 902 607 1125 663; x_wconf 84' lang='lat' dir='ltr'><strong>voluero</strong></span> <span class='ocrx_word' id='word_1_18' title='bbox 1174 619 1280 660; x_wconf 92' lang='lat' dir='ltr'><strong>non</strong></span> <span class='ocrx_word' id='word_1_19' title='bbox 1329 616 1487 693; x_wconf 85' lang='lat' dir='ltr'><strong>posse</strong></span> <span class='ocrx_word' id='word_1_20' title='bbox 1530 599 1710 693; x_wconf 59' lang='lat' dir='ltr'><strong>loqui,</strong></span> <span class='ocrx_word' id='word_1_21' title='bbox 1748 613 1855 652; x_wconf 92' lang='lat' dir='ltr'><strong>non</strong></span> 
     </span>
    </p>
   </div>
   <div class='ocr_carea' id='block_1_4' title="bbox 321 688 1857 785">
    <p class='ocr_par' dir='ltr' id='par_1_4' title="bbox 321 688 1857 785">
     <span class='ocr_line' id='line_1_4' title="bbox 321 688 1857 785; baseline -0.015 -20"><span class='ocrx_word' id='word_1_22' title='bbox 321 688 499 785; x_wconf 69' lang='lat' dir='ltr'><strong>possum</strong></span> <span class='ocrx_word' id='word_1_23' title='bbox 526 713 700 759; x_wconf 89' lang='lat' dir='ltr'><strong>tamen</strong></span> <span class='ocrx_word' id='word_1_24' title='bbox 725 714 834 755; x_wconf 88' lang='lat' dir='ltr'><strong>non</strong></span> <span class='ocrx_word' id='word_1_25' title='bbox 861 712 1021 769; x_wconf 81' lang='lat' dir='ltr'><strong>posse</strong></span> <span class='ocrx_word' id='word_1_26' title='bbox 1044 695 1223 766; x_wconf 88' lang='lat' dir='ltr'><strong>loqui,</strong></span> <span class='ocrx_word' id='word_1_27' title='bbox 1250 694 1352 749; x_wconf 92' lang='lat' dir='ltr'><strong>nisi</strong></span> <span class='ocrx_word' id='word_1_28' title='bbox 1392 691 1529 748; x_wconf 86' lang='lat' dir='ltr'><strong>forte</strong></span> <span class='ocrx_word' id='word_1_29' title='bbox 1557 688 1857 746; x_wconf 83' lang='lat' dir='ltr'><strong>membrum</strong></span> 
     </span>
    </p>
   </div>
   <div class='ocr_carea' id='block_1_5' title="bbox 320 785 1854 865">
    <p class='ocr_par' dir='ltr' id='par_1_5' title="bbox 320 785 1854 865">
     <span class='ocr_line' id='line_1_5' title="bbox 320 785 1854 865; baseline -0.017 -5"><span class='ocrx_word' id='word_1_30' title='bbox 320 803 423 860; x_wconf 91' lang='lat' dir='ltr'><strong>illud</strong></span> <span class='ocrx_word' id='word_1_31' title='bbox 442 799 682 863; x_wconf 79' lang='lat' dir='ltr'><strong>adimam,</strong></span> <span class='ocrx_word' id='word_1_32' title='bbox 708 807 815 865; x_wconf 88' lang='lat' dir='ltr'><strong>quo</strong></span> <span class='ocrx_word' id='word_1_33' title='bbox 844 790 1095 862; x_wconf 83' lang='lat' dir='ltr'><strong>loquendi</strong></span> <span class='ocrx_word' id='word_1_34' title='bbox 1125 787 1334 859; x_wconf 90' lang='lat' dir='ltr'><strong>impleri</strong></span> <span class='ocrx_word' id='word_1_35' title='bbox 1362 785 1592 841; x_wconf 86' lang='lat' dir='ltr'><strong>officium</strong></span> <span class='ocrx_word' id='word_1_36' title='bbox 1620 792 1811 854; x_wconf 91' lang='lat' dir='ltr'><strong>potest.</strong></span> <span class='ocrx_word' id='word_1_37' title='bbox 1834 800 1854 835; x_wconf 74' lang='grc' dir='ltr'><strong><em>ι</em></strong></span> 
     </span>
    </p>
   </div>
   <div class='ocr_carea' id='block_1_6' title="bbox 315 873 1861 961">
    <p class='ocr_par' dir='ltr' id='par_1_6' title="bbox 315 873 1861 961">
     <span class='ocr_line' id='line_1_6' title="bbox 315 873 1861 961; baseline -0.017 -9"><span class='ocrx_word' id='word_1_38' title='bbox 315 895 450 952; x_wconf 81' lang='lat' dir='ltr'><strong>llulta</strong></span> <span class='ocrx_word' id='word_1_39' title='bbox 476 887 678 961; x_wconf 86' lang='lat' dir='ltr'><strong>quidem</strong></span> <span class='ocrx_word' id='word_1_40' title='bbox 722 884 831 939; x_wconf 87' lang='lat' dir='ltr'><strong>dici</strong></span> <span class='ocrx_word' id='word_1_41' title='bbox 879 890 1117 953; x_wconf 77' lang='lat' dir='ltr'><strong>possent,</strong></span> <span class='ocrx_word' id='word_1_42' title='bbox 1160 878 1372 951; x_wconf 83' lang='lat' dir='ltr'><strong>quibus,</strong></span> <span class='ocrx_word' id='word_1_43' title='bbox 1418 877 1463 933; x_wconf 89' lang='lat' dir='ltr'><strong>si</strong></span> <span class='ocrx_word' id='word_1_44' title='bbox 1491 875 1656 942; x_wconf 90' lang='lat' dir='ltr'><strong>velit,</strong></span> <span class='ocrx_word' id='word_1_45' title='bbox 1699 873 1861 929; x_wconf 86' lang='lat' dir='ltr'><strong>homo</strong></span> 
     </span>
    </p>
   </div>
   <div class='ocr_carea' id='block_1_7' title="bbox 318 964 1861 1045">
    <p class='ocr_par' dir='ltr' id='par_1_7' title="bbox 318 964 1861 1045">
     <span class='ocr_line' id='line_1_7' title="bbox 318 964 1861 1045; baseline -0.016 -5"><span class='ocrx_word' id='word_1_46' title='bbox 318 984 486 1040; x_wconf 85' lang='lat' dir='ltr'><strong>adimat</strong></span> <span class='ocrx_word' id='word_1_47' title='bbox 527 976 623 1033; x_wconf 82' lang='lat' dir='ltr'><strong>sibi</strong></span> <span class='ocrx_word' id='word_1_48' title='bbox 680 973 1095 1045; x_wconf 71' lang='lat' dir='ltr'><strong>possibilitatem</strong></span> <span class='ocrx_word' id='word_1_49' title='bbox 1146 967 1415 1040; x_wconf 87' lang='lat' dir='ltr'><strong>loquendi,</strong></span> <span class='ocrx_word' id='word_1_50' title='bbox 1455 982 1564 1022; x_wconf 92' lang='lat' dir='ltr'><strong>non</strong></span> <span class='ocrx_word' id='word_1_51' title='bbox 1613 964 1861 1035; x_wconf 89' lang='lat' dir='ltr'><strong>adempto</strong></span> 
     </span>
    </p>
   </div>
   <div class='ocr_carea' id='block_1_8' title="bbox 321 1054 1863 1136">
    <p class='ocr_par' dir='ltr' id='par_1_8' title="bbox 321 1054 1863 1136">
     <span class='ocr_line' id='line_1_8' title="bbox 321 1054 1863 1136; baseline -0.014 -5"><span class='ocrx_word' id='word_1_52' title='bbox 321 1077 397 1132; x_wconf 87' lang='lat' dir='ltr'><strong>illo</strong></span> <span class='ocrx_word' id='word_1_53' title='bbox 419 1068 643 1127; x_wconf 83' lang='lat' dir='ltr'><strong>membro</strong></span> <span class='ocrx_word' id='word_1_54' title='bbox 665 1081 774 1136; x_wconf 89' lang='lat' dir='ltr'><strong>quo</strong></span> <span class='ocrx_word' id='word_1_55' title='bbox 801 1065 1092 1136; x_wconf 81' lang='lat' dir='ltr'><strong>loquimur.</strong></span> <span class='ocrx_word' id='word_1_56' title='bbox 1126 1061 1281 1118; x_wconf 83' lang='lat' dir='ltr'><strong>Velut</strong></span> <span class='ocrx_word' id='word_1_57' title='bbox 1306 1061 1351 1115; x_wconf 89' lang='lat' dir='ltr'><strong>si</strong></span> <span class='ocrx_word' id='word_1_58' title='bbox 1379 1058 1574 1130; x_wconf 90' lang='lat' dir='ltr'><strong>aliquid</strong></span> <span class='ocrx_word' id='word_1_59' title='bbox 1604 1056 1696 1112; x_wconf 85' lang='lat' dir='ltr'><strong>fiat</strong></span> <span class='ocrx_word' id='word_1_60' title='bbox 1724 1054 1863 1111; x_wconf 85' lang='lat' dir='ltr'><strong>unde</strong></span> 
     </span>
    </p>
   </div>
   <div class='ocr_carea' id='block_1_9' title="bbox 318 1145 1864 1230">
    <p class='ocr_par' dir='ltr' id='par_1_9' title="bbox 318 1145 1864 1230">
     <span class='ocr_line' id='line_1_9' title="bbox 318 1145 1864 1230; baseline -0.014 -9"><span class='ocrx_word' id='word_1_61' title='bbox 318 1180 404 1220; x_wconf 82' lang='lat' dir='ltr'><strong>vox</strong></span> <span class='ocrx_word' id='word_1_62' title='bbox 444 1162 546 1230; x_wconf 80' lang='lat' dir='ltr'><strong>ipsa</strong></span> <span class='ocrx_word' id='word_1_63' title='bbox 596 1156 836 1223; x_wconf 86' lang='lat' dir='ltr'><strong>tollatur,</strong></span> <span class='ocrx_word' id='word_1_64' title='bbox 885 1154 1031 1225; x_wconf 85' lang='lat' dir='ltr'><strong>loqui</strong></span> <span class='ocrx_word' id='word_1_65' title='bbox 1079 1168 1235 1207; x_wconf 86' lang='lat' dir='ltr'><strong>nemo</strong></span> <span class='ocrx_word' id='word_1_66' title='bbox 1283 1149 1481 1221; x_wconf 83' lang='lat' dir='ltr'><strong>poterit</strong></span> <span class='ocrx_word' id='word_1_67' title='bbox 1527 1145 1864 1203; x_wconf 88' lang='lat' dir='ltr'><strong>manentibus</strong></span> 
     </span>
    </p>
   </div>
   <div class='ocr_carea' id='block_1_10' title="bbox 321 1238 1862 1311">
    <p class='ocr_par' dir='ltr' id='par_1_10' title="bbox 321 1238 1862 1311">
     <span class='ocr_line' id='line_1_10' title="bbox 321 1238 1862 1311; baseline -0.012 -5"><span class='ocrx_word' id='word_1_68' title='bbox 321 1250 536 1311; x_wconf 84' lang='lat' dir='ltr'><strong>membris</strong></span> <span class='ocrx_word' id='word_1_69' title='bbox 576 1265 590 1301; x_wconf 94' lang='lat'>:</span> <span class='ocrx_word' id='word_1_70' title='bbox 632 1261 741 1300; x_wconf 84' lang='lat' dir='ltr'><strong>non</strong></span> <span class='ocrx_word' id='word_1_71' title='bbox 796 1247 938 1302; x_wconf 88' lang='lat' dir='ltr'><strong>enim</strong></span> <span class='ocrx_word' id='word_1_72' title='bbox 972 1260 1071 1298; x_wconf 72' lang='lat' dir='ltr'><strong>vox</strong></span> <span class='ocrx_word' id='word_1_73' title='bbox 1119 1241 1351 1298; x_wconf 83' lang='lat' dir='ltr'><strong>hominis</strong></span> <span class='ocrx_word' id='word_1_74' title='bbox 1394 1238 1694 1294; x_wconf 81' lang='lat' dir='ltr'><strong>membrum</strong></span> <span class='ocrx_word' id='word_1_75' title='bbox 1739 1243 1862 1290; x_wconf 89' lang='lat' dir='ltr'><strong>est:</strong></span> 
     </span>
    </p>
   </div>
   <div class='ocr_carea' id='block_1_11' title="bbox 321 1327 1863 1408">
    <p class='ocr_par' dir='ltr' id='par_1_11' title="bbox 321 1327 1863 1408">
     <span class='ocr_line' id='line_1_11' title="bbox 321 1327 1863 1408; baseline -0.01 -11"><span class='ocrx_word' id='word_1_76' title='bbox 321 1350 479 1399; x_wconf 77' lang='lat' dir='ltr'><strong>vexato</strong></span> <span class='ocrx_word' id='word_1_77' title='bbox 516 1352 638 1396; x_wconf 83' lang='lat' dir='ltr'><strong>sane</strong></span> <span class='ocrx_word' id='word_1_78' title='bbox 681 1337 873 1408; x_wconf 90' lang='lat' dir='ltr'><strong>aliquo</strong></span> <span class='ocrx_word' id='word_1_79' title='bbox 912 1335 1166 1391; x_wconf 90' lang='lat' dir='ltr'><strong>interiore</strong></span> <span class='ocrx_word' id='word_1_80' title='bbox 1210 1331 1452 1388; x_wconf 90' lang='lat' dir='ltr'><strong>membro</strong></span> <span class='ocrx_word' id='word_1_81' title='bbox 1481 1331 1498 1362; x_wconf 79' lang='grc' dir='ltr'>ι</span> <span class='ocrx_word' id='word_1_82' title='bbox 1521 1327 1637 1384; x_wconf 88' lang='lat' dir='ltr'><strong>fieri</strong></span> <span class='ocrx_word' id='word_1_83' title='bbox 1669 1334 1863 1398; x_wconf 87' lang='lat' dir='ltr'><strong>potest,</strong></span> 
     </span>
    </p>
   </div>
   <div class='ocr_carea' id='block_1_12' title="bbox 320 1416 1869 1498">
    <p class='ocr_par' dir='ltr' id='par_1_12' title="bbox 320 1416 1869 1498">
     <span class='ocr_line' id='line_1_12' title="bbox 320 1416 1869 1498; baseline -0.011 -10"><span class='ocrx_word' id='word_1_84' title='bbox 320 1447 410 1488; x_wconf 89' lang='lat' dir='ltr'><strong>non</strong></span> <span class='ocrx_word' id='word_1_85' title='bbox 443 1428 693 1498; x_wconf 81' lang='lat' dir='ltr'><strong>adempto.</strong></span> <span class='ocrx_word' id='word_1_86' title='bbox 737 1426 855 1483; x_wconf 86' lang='lat' dir='ltr'><strong>Sed</strong></span> <span class='ocrx_word' id='word_1_87' title='bbox 885 1441 951 1480; x_wconf 89' lang='lat' dir='ltr'><strong>ne</strong></span> <span class='ocrx_word' id='word_1_88' title='bbox 978 1424 1142 1480; x_wconf 88' lang='lat' dir='ltr'><strong>verbo</strong></span> <span class='ocrx_word' id='word_1_89' title='bbox 1177 1437 1421 1495; x_wconf 87' lang='lat' dir='ltr'><strong>premere</strong></span> <span class='ocrx_word' id='word_1_90' title='bbox 1457 1420 1671 1485; x_wconf 85' lang='lat' dir='ltr'><strong>videar,</strong></span> <span class='ocrx_word' id='word_1_91' title='bbox 1712 1416 1869 1471; x_wconf 86' lang='lat' dir='ltr'><strong>mihi-</strong></span> 
     </span>
    </p>
   </div>
   <div class='ocr_carea' id='block_1_13' title="bbox 322 1511 1865 1592">
    <p class='ocr_par' dir='ltr' id='par_1_13' title="bbox 322 1511 1865 1592">
     <span class='ocr_line' id='line_1_13' title="bbox 322 1511 1865 1592; baseline -0.009 -17"><span class='ocrx_word' id='word_1_92' title='bbox 322 1537 409 1592; x_wconf 86' lang='lat' dir='ltr'><strong>que</strong></span> <span class='ocrx_word' id='word_1_93' title='bbox 427 1516 745 1574; x_wconf 86' lang='lat' dir='ltr'><strong>contentiose</strong></span> <span class='ocrx_word' id='word_1_94' title='bbox 786 1517 1027 1584; x_wconf 83' lang='lat' dir='ltr'><strong>dicatur,</strong></span> <span class='ocrx_word' id='word_1_95' title='bbox 1054 1515 1224 1570; x_wconf 84' lang='lat' dir='ltr'><strong>Etiam</strong></span> <span class='ocrx_word' id='word_1_96' title='bbox 1246 1527 1441 1567; x_wconf 83' lang='lat' dir='ltr'><strong>vexare</strong></span> <span class='ocrx_word' id='word_1_97' title='bbox 1475 1511 1709 1565; x_wconf 80' lang='lat' dir='ltr'><strong>adimere</strong></span> <span class='ocrx_word' id='word_1_98' title='bbox 1747 1515 1865 1564; x_wconf 89' lang='lat' dir='ltr'><strong>est:</strong></span> 
     </span>
    </p>
   </div>
   <div class='ocr_carea' id='block_1_14' title="bbox 324 1598 1869 1682">
    <p class='ocr_par' dir='ltr' id='par_1_14' title="bbox 324 1598 1869 1682">
     <span class='ocr_line' id='line_1_14' title="bbox 324 1598 1869 1682; baseline -0.006 -17"><span class='ocrx_word' id='word_1_99' title='bbox 324 1604 813 1682; x_wconf 86' lang='lat' dir='ltr'><strong>possumns&#39;quidem</strong></span> <span class='ocrx_word' id='word_1_100' title='bbox 844 1607 896 1661; x_wconf 90' lang='lat' dir='ltr'><strong>id</strong></span> <span class='ocrx_word' id='word_1_101' title='bbox 921 1608 1131 1662; x_wconf 81' lang='lat' dir='ltr'><strong>efﬁcere</strong></span> <span class='ocrx_word' id='word_1_102' title='bbox 1157 1615 1209 1661; x_wconf 90' lang='lat' dir='ltr'><strong>et</strong></span> <span class='ocrx_word' id='word_1_103' title='bbox 1237 1620 1333 1659; x_wconf 89' lang='lat' dir='ltr'><strong>ore</strong></span> <span class='ocrx_word' id='word_1_104' title='bbox 1359 1602 1622 1673; x_wconf 82' lang='lat' dir='ltr'><strong>aliquibus</strong></span> <span class='ocrx_word' id='word_1_105' title='bbox 1647 1598 1869 1655; x_wconf 81' lang='lat' dir='ltr'><strong>vinculis</strong></span> 
     </span>
    </p>
   </div>
   <div class='ocr_carea' id='block_1_15' title="bbox 323 1693 1871 1768">
    <p class='ocr_par' dir='ltr' id='par_1_15' title="bbox 323 1693 1871 1768">
     <span class='ocr_line' id='line_1_15' title="bbox 323 1693 1871 1768; baseline -0.006 -11"><span class='ocrx_word' id='word_1_106' title='bbox 323 1702 388 1757; x_wconf 85' lang='lat' dir='ltr'><strong>sic</strong></span> <span class='ocrx_word' id='word_1_107' title='bbox 406 1699 564 1755; x_wconf 83' lang='lat' dir='ltr'><strong>clauso</strong></span> <span class='ocrx_word' id='word_1_108' title='bbox 598 1706 775 1768; x_wconf 85' lang='lat' dir='ltr'><strong>atque</strong></span> <span class='ocrx_word' id='word_1_109' title='bbox 802 1698 1075 1760; x_wconf 89' lang='lat' dir='ltr'><strong>obserato,</strong></span> <span class='ocrx_word' id='word_1_110' title='bbox 1103 1704 1160 1752; x_wconf 93' lang='lat' dir='ltr'><strong>ut</strong></span> <span class='ocrx_word' id='word_1_111' title='bbox 1199 1696 1249 1751; x_wconf 90' lang='lat' dir='ltr'><strong>id</strong></span> <span class='ocrx_word' id='word_1_112' title='bbox 1289 1695 1496 1765; x_wconf 86' lang='lat' dir='ltr'><strong>aperire</strong></span> <span class='ocrx_word' id='word_1_113' title='bbox 1536 1693 1755 1749; x_wconf 91' lang='lat' dir='ltr'><strong>minime</strong></span> <span class='ocrx_word' id='word_1_114' title='bbox 1780 1708 1871 1747; x_wconf 90' lang='lat' dir='ltr'><strong>va-</strong></span> 
     </span>
    </p>
   </div>
   <div class='ocr_carea' id='block_1_16' title="bbox 325 1787 1868 1860">
    <p class='ocr_par' dir='ltr' id='par_1_16' title="bbox 325 1787 1868 1860">
     <span class='ocr_line' id='line_1_16' title="bbox 325 1787 1868 1860; baseline -0.005 -13"><span class='ocrx_word' id='word_1_115' title='bbox 325 1792 522 1856; x_wconf 83' lang='lat' dir='ltr'><strong>leamus,</strong></span> <span class='ocrx_word' id='word_1_116' title='bbox 556 1804 745 1860; x_wconf 76' lang='lat' dir='ltr'><strong>neque</strong></span> <span class='ocrx_word' id='word_1_117' title='bbox 773 1798 831 1844; x_wconf 91' lang='lat' dir='ltr'><strong>ut</strong></span> <span class='ocrx_word' id='word_1_118' title='bbox 868 1790 1137 1860; x_wconf 88' lang='lat' dir='ltr'><strong>aperiatur</strong></span> <span class='ocrx_word' id='word_1_119' title='bbox 1177 1788 1229 1843; x_wconf 90' lang='lat' dir='ltr'><strong>in</strong></span> <span class='ocrx_word' id='word_1_120' title='bbox 1260 1796 1442 1843; x_wconf 84' lang='lat' dir='ltr'><strong>nostra</strong></span> <span class='ocrx_word' id='word_1_121' title='bbox 1482 1787 1552 1842; x_wconf 87' lang='lat' dir='ltr'><strong>sit</strong></span> <span class='ocrx_word' id='word_1_122' title='bbox 1586 1793 1868 1857; x_wconf 88' lang='lat' dir='ltr'><strong>potestate,</strong></span> 
     </span>
    </p>
   </div>
   <div class='ocr_carea' id='block_1_17' title="bbox 325 1875 1870 1950">
    <p class='ocr_par' dir='ltr' id='par_1_17' title="bbox 325 1875 1870 1950">
     <span class='ocr_line' id='line_1_17' title="bbox 325 1875 1870 1950; baseline -0.005 -14"><span class='ocrx_word' id='word_1_123' title='bbox 325 1896 420 1936; x_wconf 85' lang='lat' dir='ltr'><strong>cum</strong></span> <span class='ocrx_word' id='word_1_124' title='bbox 451 1881 495 1933; x_wconf 89' lang='lat' dir='ltr'><strong>in</strong></span> <span class='ocrx_word' id='word_1_125' title='bbox 532 1886 808 1950; x_wconf 63' lang='lat' dir='ltr'><strong>potestate</strong></span> <span class='ocrx_word' id='word_1_126' title='bbox 838 1879 999 1934; x_wconf 85' lang='lat' dir='ltr'><strong>fuerit</strong></span> <span class='ocrx_word' id='word_1_127' title='bbox 1037 1887 1093 1933; x_wconf 92' lang='lat' dir='ltr'><strong>ut</strong></span> <span class='ocrx_word' id='word_1_128' title='bbox 1129 1877 1465 1933; x_wconf 89' lang='lat' dir='ltr'><strong>clauderetur</strong></span> <span class='ocrx_word' id='word_1_129' title='bbox 1497 1886 1747 1932; x_wconf 88' lang='lat' dir='ltr'><strong>manente</strong></span> <span class='ocrx_word' id='word_1_130' title='bbox 1786 1875 1870 1930; x_wconf 86' lang='lat' dir='ltr'><strong>iu-</strong></span> 
     </span>
    </p>
   </div>
   <div class='ocr_carea' id='block_1_18' title="bbox 328 1969 1289 2041">
    <p class='ocr_par' dir='ltr' id='par_1_18' title="bbox 328 1969 1289 2041">
     <span class='ocr_line' id='line_1_18' title="bbox 328 1969 1289 2041; baseline -0.002 -17"><span class='ocrx_word' id='word_1_131' title='bbox 328 1971 524 2041; x_wconf 80' lang='lat' dir='ltr'><strong>tegritate</strong></span> <span class='ocrx_word' id='word_1_132' title='bbox 550 1980 601 2023; x_wconf 88' lang='lat' dir='ltr'><strong>et</strong></span> <span class='ocrx_word' id='word_1_133' title='bbox 628 1970 879 2024; x_wconf 75' lang='lat' dir='ltr'><strong>sanitate</strong></span> <span class='ocrx_word' id='word_1_134' title='bbox 910 1969 1289 2024; x_wconf 84' lang='lat' dir='ltr'><strong>membrorum.</strong></span> 
     </span>
    </p>
   </div>
   <div class='ocr_carea' id='block_1_19' title="bbox 382 2058 1873 2129">
    <p class='ocr_par' dir='ltr' id='par_1_19' title="bbox 382 2058 1873 2129">
     <span class='ocr_line' id='line_1_19' title="bbox 382 2058 1873 2129; baseline -0.006 -12"><span class='ocrx_word' id='word_1_135' title='bbox 382 2059 570 2117; x_wconf 81' lang='lat' dir='ltr'><strong>CAPUT</strong></span> <span class='ocrx_word' id='word_1_136' title='bbox 594 2058 800 2114; x_wconf 81' lang='lat' dir='ltr'><strong>XLVI.</strong></span> <span class='ocrx_word' id='word_1_137' title='bbox 820 2090 892 2100; x_wconf 94' lang='lat'>—</span> <span class='ocrx_word' id='word_1_138' title='bbox 906 2061 998 2116; x_wconf 73' lang='grc'><strong>54.</strong></span> <span class='ocrx_word' id='word_1_139' title='bbox 1017 2058 1302 2115; x_wconf 71' lang='lat' dir='ltr'><strong>Necessitas</strong></span> <span class='ocrx_word' id='word_1_140' title='bbox 1320 2075 1420 2113; x_wconf 84' lang='lat' dir='ltr'><strong>non</strong></span> <span class='ocrx_word' id='word_1_141' title='bbox 1440 2064 1632 2129; x_wconf 83' lang='lat' dir='ltr'><strong>pugnat</strong></span> <span class='ocrx_word' id='word_1_142' title='bbox 1646 2074 1763 2113; x_wconf 81' lang='lat' dir='ltr'><strong>cum</strong></span> <span class='ocrx_word' id='word_1_143' title='bbox 1781 2074 1873 2111; x_wconf 81' lang='lat' dir='ltr'><strong>ar.-</strong></span> 
     </span>
    </p>
   </div>
   <div class='ocr_carea' id='block_1_20' title="bbox 332 2152 1873 2231">
    <p class='ocr_par' dir='ltr' id='par_1_20' title="bbox 332 2152 1873 2231">
     <span class='ocr_line' id='line_1_20' title="bbox 332 2152 1873 2231; baseline -0.001 -22"><span class='ocrx_word' id='word_1_144' title='bbox 332 2155 444 2231; x_wconf 70' lang='lat' dir='ltr'><strong>ltitrio</strong></span> <span class='ocrx_word' id='word_1_145' title='bbox 453 2154 740 2208; x_wconf 72' lang='lat' dir='ltr'><strong>minutalia.</strong></span> <span class='ocrx_word' id='word_1_146' title='bbox 757 2153 863 2210; x_wconf 93' lang='lat' dir='ltr'><strong>Sed</strong></span> <span class='ocrx_word' id='word_1_147' title='bbox 876 2154 1003 2224; x_wconf 91' lang='lat' dir='ltr'><strong>quid</strong></span> <span class='ocrx_word' id='word_1_148' title='bbox 1016 2152 1079 2208; x_wconf 91' lang='lat' dir='ltr'><strong>ad</strong></span> <span class='ocrx_word' id='word_1_149' title='bbox 1093 2168 1190 2208; x_wconf 91' lang='lat' dir='ltr'><strong>nos</strong></span> <span class='ocrx_word' id='word_1_150' title='bbox 1202 2153 1225 2207; x_wconf 86' lang='lat'><strong>?</strong></span> <span class='ocrx_word' id='word_1_151' title='bbox 1238 2152 1525 2209; x_wconf 79' lang='lat' dir='ltr'><strong>Videamus</strong></span> <span class='ocrx_word' id='word_1_152' title='bbox 1540 2152 1665 2223; x_wconf 78' lang='lat' dir='ltr'><strong>quid</strong></span> <span class='ocrx_word' id='word_1_153' title='bbox 1682 2152 1873 2209; x_wconf 80' lang='lat' dir='ltr'><strong>exinde</strong></span> 
     </span>
    </p>
   </div>
   <div class='ocr_carea' id='block_1_21' title="bbox 338 2241 1874 2312">
    <p class='ocr_par' dir='ltr' id='par_1_21' title="bbox 338 2241 1874 2312">
     <span class='ocr_line' id='line_1_21' title="bbox 338 2241 1874 2312; baseline -0.003 -10"><span class='ocrx_word' id='word_1_154' title='bbox 338 2253 559 2302; x_wconf 70' lang='lat' dir='ltr'><strong>conlaxat:</strong></span> <span class='ocrx_word' id='word_1_155' title='bbox 580 2265 597 2294; x_wconf 73' lang='grc' dir='ltr'><strong><em>ο</em></strong></span> <span class='ocrx_word' id='word_1_156' title='bbox 612 2244 937 2299; x_wconf 80' lang='lat' dir='ltr'><strong>Voluntatis</strong></span> <span class='ocrx_word' id='word_1_157' title='bbox 953 2245 1092 2298; x_wconf 89' lang='lat' dir='ltr'><strong>enim</strong></span> <span class='ocrx_word' id='word_1_158' title='bbox 1110 2244 1349 2311; x_wconf 89' lang='lat' dir='ltr'><strong>arbitrio,</strong></span> <span class='ocrx_word' id='word_1_159' title='bbox 1365 2262 1383 2296; x_wconf 73' lang='grc' dir='ltr'><strong><em>ι</em></strong></span> <span class='ocrx_word' id='word_1_160' title='bbox 1402 2243 1590 2312; x_wconf 89' lang='lat' dir='ltr'><strong>inquit,</strong></span> <span class='ocrx_word' id='word_1_161' title='bbox 1615 2262 1633 2296; x_wconf 71' lang='grc' dir='ltr'>ι</span> <span class='ocrx_word' id='word_1_162' title='bbox 1658 2258 1721 2299; x_wconf 85' lang='lat' dir='ltr'><strong>ac</strong></span> <span class='ocrx_word' id='word_1_163' title='bbox 1742 2241 1874 2298; x_wconf 90' lang='lat' dir='ltr'><strong>deli-</strong></span> 
     </span>
    </p>
   </div>
   <div class='ocr_carea' id='block_1_22' title="bbox 343 2332 1875 2406">
    <p class='ocr_par' dir='ltr' id='par_1_22' title="bbox 343 2332 1875 2406">
     <span class='ocr_line' id='line_1_22' title="bbox 343 2332 1875 2406; baseline -0.001 -15"><span class='ocrx_word' id='word_1_164' title='bbox 343 2336 551 2391; x_wconf 77' lang='lat' dir='ltr'><strong>beratione</strong></span> <span class='ocrx_word' id='word_1_165' title='bbox 574 2335 830 2406; x_wconf 83' lang='lat' dir='ltr'><strong>privatur</strong></span> <span class='ocrx_word' id='word_1_166' title='bbox 849 2376 862 2400; x_wconf 90' lang='lat'><strong>,</strong></span> <span class='ocrx_word' id='word_1_167' title='bbox 883 2333 1136 2405; x_wconf 89' lang='lat' dir='ltr'><strong>quidquid</strong></span> <span class='ocrx_word' id='word_1_168' title='bbox 1162 2334 1388 2389; x_wconf 87' lang='lat' dir='ltr'><strong>naturali</strong></span> <span class='ocrx_word' id='word_1_169' title='bbox 1415 2332 1733 2389; x_wconf 86' lang='lat' dir='ltr'><strong>necessitate</strong></span> <span class='ocrx_word' id='word_1_170' title='bbox 1753 2349 1875 2389; x_wconf 86' lang='lat' dir='ltr'><strong>con-</strong></span> 
     </span>
    </p>
   </div>
   <div class='ocr_carea' id='block_1_23' title="bbox 342 2424 1872 2498">
    <p class='ocr_par' dir='ltr' id='par_1_23' title="bbox 342 2424 1872 2498">
     <span class='ocr_line' id='line_1_23' title="bbox 342 2424 1872 2498; baseline -0.002 -16"><span class='ocrx_word' id='word_1_171' title='bbox 342 2429 569 2498; x_wconf 73' lang='lat' dir='ltr'><strong>stringitur.</strong></span> <span class='ocrx_word' id='word_1_172' title='bbox 596 2448 616 2481; x_wconf 81' lang='grc'><strong>›</strong></span> <span class='ocrx_word' id='word_1_173' title='bbox 657 2428 735 2482; x_wconf 82' lang='lat' dir='ltr'><strong>Et</strong></span> <span class='ocrx_word' id='word_1_174' title='bbox 760 2426 853 2482; x_wconf 86' lang='lat' dir='ltr'><strong>hic</strong></span> <span class='ocrx_word' id='word_1_175' title='bbox 887 2427 1140 2481; x_wconf 90' lang='lat' dir='ltr'><strong>nonnulla</strong></span> <span class='ocrx_word' id='word_1_176' title='bbox 1164 2426 1387 2495; x_wconf 63' lang='lat' dir='ltr'><strong>quaestio</strong></span> <span class='ocrx_word' id='word_1_177' title='bbox 1412 2433 1512 2481; x_wconf 88' lang='lat' dir='ltr'><strong>est.</strong></span> <span class='ocrx_word' id='word_1_178' title='bbox 1549 2425 1651 2480; x_wconf 84' lang='lat' dir='ltr'><strong>Per</strong></span> <span class='ocrx_word' id='word_1_179' title='bbox 1674 2424 1815 2480; x_wconf 91' lang='lat' dir='ltr'><strong>enim</strong></span> <span class='ocrx_word' id='word_1_180' title='bbox 1851 2428 1872 2459; x_wconf 79' lang='grc'>³</span> 
     </span>
    </p>
   </div>
   <div class='ocr_carea' id='block_1_24' title="bbox 337 2517 1872 2587">
    <p class='ocr_par' dir='ltr' id='par_1_24' title="bbox 337 2517 1872 2587">
     <span class='ocr_line' id='line_1_24' title="bbox 337 2517 1872 2587; baseline -0.003 -12"><span class='ocrx_word' id='word_1_181' title='bbox 337 2522 564 2576; x_wconf 84' lang='lat' dir='ltr'><strong>absurdum</strong></span> <span class='ocrx_word' id='word_1_182' title='bbox 607 2530 725 2583; x_wconf 85' lang='lat' dir='ltr'><strong>est,</strong></span> <span class='ocrx_word' id='word_1_183' title='bbox 780 2529 843 2575; x_wconf 89' lang='lat' dir='ltr'><strong>ut</strong></span> <span class='ocrx_word' id='word_1_184' title='bbox 890 2519 1014 2574; x_wconf 91' lang='lat' dir='ltr'><strong>ideo</strong></span> <span class='ocrx_word' id='word_1_185' title='bbox 1062 2518 1300 2573; x_wconf 90' lang='lat' dir='ltr'><strong>dicamus</strong></span> <span class='ocrx_word' id='word_1_186' title='bbox 1347 2533 1451 2572; x_wconf 89' lang='lat' dir='ltr'><strong>non</strong></span> <span class='ocrx_word' id='word_1_187' title='bbox 1498 2518 1764 2587; x_wconf 88' lang='lat' dir='ltr'><strong>pertinere</strong></span> <span class='ocrx_word' id='word_1_188' title='bbox 1806 2517 1872 2572; x_wconf 86' lang='lat' dir='ltr'><strong>ad</strong></span> 
     </span>
    </p>
   </div>
   <div class='ocr_carea' id='block_1_25' title="bbox 337 2607 1873 2680">
    <p class='ocr_par' dir='ltr' id='par_1_25' title="bbox 337 2607 1873 2680">
     <span class='ocr_line' id='line_1_25' title="bbox 337 2607 1873 2680; baseline -0.001 -16"><span class='ocrx_word' id='word_1_189' title='bbox 337 2613 600 2667; x_wconf 84' lang='lat' dir='ltr'><strong>voluntatem</strong></span> <span class='ocrx_word' id='word_1_190' title='bbox 642 2618 896 2666; x_wconf 88' lang='lat' dir='ltr'><strong>nostram</strong></span> <span class='ocrx_word' id='word_1_191' title='bbox 935 2608 1076 2680; x_wconf 90' lang='lat' dir='ltr'><strong>quod</strong></span> <span class='ocrx_word' id='word_1_192' title='bbox 1118 2607 1259 2663; x_wconf 85' lang='lat' dir='ltr'><strong>beati</strong></span> <span class='ocrx_word' id='word_1_193' title='bbox 1299 2623 1419 2663; x_wconf 91' lang='lat' dir='ltr'><strong>esse</strong></span> <span class='ocrx_word' id='word_1_194' title='bbox 1451 2609 1712 2673; x_wconf 86' lang='lat' dir='ltr'><strong>volumus,</strong></span> <span class='ocrx_word' id='word_1_195' title='bbox 1751 2609 1873 2679; x_wconf 84' lang='lat' dir='ltr'><strong>quia</strong></span> 
     </span>
    </p>
   </div>
   <div class='ocr_carea' id='block_1_26' title="bbox 346 2698 1873 2770">
    <p class='ocr_par' dir='ltr' id='par_1_26' title="bbox 346 2698 1873 2770">
     <span class='ocr_line' id='line_1_26' title="bbox 346 2698 1873 2770; baseline -0.001 -15"><span class='ocrx_word' id='word_1_196' title='bbox 346 2701 393 2755; x_wconf 90' lang='lat' dir='ltr'><strong>id</strong></span> <span class='ocrx_word' id='word_1_197' title='bbox 419 2703 593 2756; x_wconf 72' lang='lat' dir='ltr'><strong>omnino</strong></span> <span class='ocrx_word' id='word_1_198' title='bbox 620 2702 766 2755; x_wconf 89' lang='lat' dir='ltr'><strong>nolle</strong></span> <span class='ocrx_word' id='word_1_199' title='bbox 812 2716 921 2754; x_wconf 91' lang='lat' dir='ltr'><strong>non</strong></span> <span class='ocrx_word' id='word_1_200' title='bbox 961 2714 1264 2770; x_wconf 86' lang='lat' dir='ltr'><strong>possumus,</strong></span> <span class='ocrx_word' id='word_1_201' title='bbox 1307 2698 1486 2753; x_wconf 91' lang='lat' dir='ltr'><strong>nescio</strong></span> <span class='ocrx_word' id='word_1_202' title='bbox 1511 2714 1613 2768; x_wconf 91' lang='lat' dir='ltr'><strong>qua</strong></span> <span class='ocrx_word' id='word_1_203' title='bbox 1642 2708 1697 2754; x_wconf 91' lang='lat' dir='ltr'><strong>et</strong></span> <span class='ocrx_word' id='word_1_204' title='bbox 1734 2699 1873 2754; x_wconf 88' lang='lat' dir='ltr'><strong>bona</strong></span> 
     </span>
    </p>
   </div>
   <div class='ocr_carea' id='block_1_27' title="bbox 348 2790 1875 2858">
    <p class='ocr_par' dir='ltr' id='par_1_27' title="bbox 348 2790 1875 2858">
     <span class='ocr_line' id='line_1_27' title="bbox 348 2790 1875 2858; baseline 0.001 -13"><span class='ocrx_word' id='word_1_205' title='bbox 348 2793 670 2847; x_wconf 77' lang='lat' dir='ltr'><strong>constrictione</strong></span> <span class='ocrx_word' id='word_1_206' title='bbox 724 2800 934 2845; x_wconf 76' lang='lat' dir='ltr'><strong>natura:</strong></span> <span class='ocrx_word' id='word_1_207' title='bbox 981 2810 995 2845; x_wconf 89' lang='lat'><strong>:</strong></span> <span class='ocrx_word' id='word_1_208' title='bbox 1042 2806 1141 2846; x_wconf 92' lang='lat' dir='ltr'><strong>nec</strong></span> <span class='ocrx_word' id='word_1_209' title='bbox 1190 2790 1367 2846; x_wconf 83' lang='lat' dir='ltr'><strong>dicere</strong></span> <span class='ocrx_word' id='word_1_210' title='bbox 1416 2790 1703 2858; x_wconf 87' lang='lat' dir='ltr'><strong>audemus,</strong></span> <span class='ocrx_word' id='word_1_211' title='bbox 1755 2790 1875 2846; x_wconf 90' lang='lat' dir='ltr'><strong>ideo</strong></span> 
     </span>
    </p>
   </div>
   <div class='ocr_carea' id='block_1_28' title="bbox 355 2879 1872 2952">
    <p class='ocr_par' dir='ltr' id='par_1_28' title="bbox 355 2879 1872 2952">
     <span class='ocr_line' id='line_1_28' title="bbox 355 2879 1872 2952; baseline -0.001 -16"><span class='ocrx_word' id='word_1_212' title='bbox 355 2881 489 2936; x_wconf 83' lang='lat' dir='ltr'><strong>Deum</strong></span> <span class='ocrx_word' id='word_1_213' title='bbox 519 2898 610 2937; x_wconf 88' lang='lat' dir='ltr'><strong>non</strong></span> <span class='ocrx_word' id='word_1_214' title='bbox 634 2884 982 2949; x_wconf 75' lang='lat' dir='ltr'><strong>voluntatem,</strong></span> <span class='ocrx_word' id='word_1_215' title='bbox 1013 2882 1107 2937; x_wconf 90' lang='lat' dir='ltr'><strong>sed</strong></span> <span class='ocrx_word' id='word_1_216' title='bbox 1147 2881 1518 2937; x_wconf 85' lang='lat' dir='ltr'><strong>necessitatem</strong></span> <span class='ocrx_word' id='word_1_217' title='bbox 1555 2879 1752 2937; x_wconf 87' lang='lat' dir='ltr'><strong>habere</strong></span> <span class='ocrx_word' id='word_1_218' title='bbox 1783 2882 1872 2952; x_wconf 87' lang='lat' dir='ltr'><strong>ju-</strong></span> 
     </span>
    </p>
   </div>
   <div class='ocr_carea' id='block_1_29' title="bbox 352 2973 1389 3043">
    <p class='ocr_par' dir='ltr' id='par_1_29' title="bbox 352 2973 1389 3043">
     <span class='ocr_line' id='line_1_29' title="bbox 352 2973 1389 3043; baseline 0 -17"><span class='ocrx_word' id='word_1_219' title='bbox 352 2974 493 3039; x_wconf 67' lang='lat' dir='ltr'><strong>stitim,</strong></span> <span class='ocrx_word' id='word_1_220' title='bbox 512 2975 615 3043; x_wconf 81' lang='lat' dir='ltr'><strong>quia</strong></span> <span class='ocrx_word' id='word_1_221' title='bbox 642 2990 748 3027; x_wconf 89' lang='lat' dir='ltr'><strong>non</strong></span> <span class='ocrx_word' id='word_1_222' title='bbox 779 2981 963 3043; x_wconf 88' lang='lat' dir='ltr'><strong>potest</strong></span> <span class='ocrx_word' id='word_1_223' title='bbox 989 2973 1123 3028; x_wconf 88' lang='lat' dir='ltr'><strong>velle</strong></span> <span class='ocrx_word' id='word_1_224' title='bbox 1149 2987 1389 3043; x_wconf 85' lang='lat' dir='ltr'><strong>peccare.</strong></span> 
     </span>
    </p>
   </div>
   <div class='ocr_carea' id='block_1_30' title="bbox 405 3063 1874 3136">
    <p class='ocr_par' dir='ltr' id='par_1_30' title="bbox 405 3063 1874 3136">
     <span class='ocr_line' id='line_1_30' title="bbox 405 3063 1874 3136; baseline -0.003 -14"><span class='ocrx_word' id='word_1_225' title='bbox 405 3067 586 3124; x_wconf 72' lang='lat' dir='ltr'><strong>CAPUT</strong></span> <span class='ocrx_word' id='word_1_226' title='bbox 622 3066 834 3122; x_wconf 70' lang='lat' dir='ltr'><strong>XLVII.</strong></span> <span class='ocrx_word' id='word_1_227' title='bbox 873 3095 949 3107; x_wconf 92' lang='lat'><strong>-—</strong></span> <span class='ocrx_word' id='word_1_228' title='bbox 991 3066 1081 3122; x_wconf 82' lang='lat'><strong>55.</strong></span> <span class='ocrx_word' id='word_1_229' title='bbox 1122 3063 1269 3120; x_wconf 84' lang='lat' dir='ltr'><strong>Idem</strong></span> <span class='ocrx_word' id='word_1_230' title='bbox 1317 3073 1561 3119; x_wconf 82' lang='lat' dir='ltr'><strong>tractatur</strong></span> <span class='ocrx_word' id='word_1_231' title='bbox 1602 3080 1874 3136; x_wconf 82' lang='lat' dir='ltr'><strong>argumen-</strong></span> 
     </span>
    </p>
   </div>
   <div class='ocr_carea' id='block_1_31' title="bbox 346 3154 1873 3227">
    <p class='ocr_par' dir='ltr' id='par_1_31' title="bbox 346 3154 1873 3227">
     <span class='ocr_line' id='line_1_31' title="bbox 346 3154 1873 3227; baseline -0.003 -17"><span class='ocrx_word' id='word_1_232' title='bbox 346 3165 440 3211; x_wconf 71' lang='grc' dir='ltr'><strong>ιω.</strong></span> <span class='ocrx_word' id='word_1_233' title='bbox 460 3158 715 3213; x_wconf 78' lang='lat' dir='ltr'><strong>Attendite</strong></span> <span class='ocrx_word' id='word_1_234' title='bbox 741 3158 903 3212; x_wconf 90' lang='lat' dir='ltr'><strong>etiam</strong></span> <span class='ocrx_word' id='word_1_235' title='bbox 930 3172 1050 3227; x_wconf 74' lang='lat' dir='ltr'><strong>qum</strong></span> <span class='ocrx_word' id='word_1_236' title='bbox 1075 3163 1367 3227; x_wconf 88' lang='lat' dir='ltr'><strong>sequuntur</strong></span> <span class='ocrx_word' id='word_1_237' title='bbox 1391 3174 1403 3209; x_wconf 90' lang='lat'><strong>:</strong></span> <span class='ocrx_word' id='word_1_238' title='bbox 1434 3175 1451 3207; x_wconf 84' lang='grc'><strong>‹</strong></span> <span class='ocrx_word' id='word_1_239' title='bbox 1480 3156 1610 3220; x_wconf 92' lang='lat' dir='ltr'><strong>lloc,</strong></span> <span class='ocrx_word' id='word_1_240' title='bbox 1640 3173 1659 3208; x_wconf 77' lang='lat' dir='ltr'><strong>s</strong></span> <span class='ocrx_word' id='word_1_241' title='bbox 1686 3154 1873 3224; x_wconf 88' lang='lat' dir='ltr'><strong>inquit,</strong></span> 
     </span>
    </p>
   </div>
   <div class='ocr_carea' id='block_1_32' title="bbox 340 3245 1875 3317">
    <p class='ocr_par' dir='ltr' id='par_1_32' title="bbox 340 3245 1875 3317">
     <span class='ocr_line' id='line_1_32' title="bbox 340 3245 1875 3317; baseline -0.001 -18"><span class='ocrx_word' id='word_1_242' title='bbox 340 3267 360 3299; x_wconf 75' lang='grc' dir='ltr'><em>ι</em></span> <span class='ocrx_word' id='word_1_243' title='bbox 378 3249 495 3305; x_wconf 85' lang='lat' dir='ltr'><strong>etde</strong></span> <span class='ocrx_word' id='word_1_244' title='bbox 515 3250 722 3314; x_wconf 87' lang='lat' dir='ltr'><strong>auditu,</strong></span> <span class='ocrx_word' id='word_1_245' title='bbox 742 3249 997 3315; x_wconf 86' lang='lat' dir='ltr'><strong>odoratu,</strong></span> <span class='ocrx_word' id='word_1_246' title='bbox 1028 3247 1110 3303; x_wconf 88' lang='lat' dir='ltr'><strong>vel</strong></span> <span class='ocrx_word' id='word_1_247' title='bbox 1140 3248 1255 3301; x_wconf 91' lang='lat' dir='ltr'><strong>visu</strong></span> <span class='ocrx_word' id='word_1_248' title='bbox 1285 3247 1465 3301; x_wconf 90' lang='lat' dir='ltr'><strong>sentiri</strong></span> <span class='ocrx_word' id='word_1_249' title='bbox 1497 3245 1749 3317; x_wconf 88' lang='lat' dir='ltr'><strong>possibile</strong></span> <span class='ocrx_word' id='word_1_250' title='bbox 1774 3256 1875 3311; x_wconf 91' lang='lat' dir='ltr'><strong>est,</strong></span> 
     </span>
    </p>
   </div>
   <div class='ocr_carea' id='block_1_33' title="bbox 331 3336 1876 3407">
    <p class='ocr_par' dir='ltr' id='par_1_33' title="bbox 331 3336 1876 3407">
     <span class='ocr_line' id='line_1_33' title="bbox 331 3336 1876 3407; baseline -0.003 -15"><span class='ocrx_word' id='word_1_251' title='bbox 331 3339 444 3407; x_wconf 85' lang='lat' dir='ltr'><strong>quod</strong></span> <span class='ocrx_word' id='word_1_252' title='bbox 465 3340 644 3395; x_wconf 86' lang='lat' dir='ltr'><strong>audire</strong></span> <span class='ocrx_word' id='word_1_253' title='bbox 664 3382 679 3405; x_wconf 90' lang='lat'><strong>,</strong></span> <span class='ocrx_word' id='word_1_254' title='bbox 709 3338 962 3403; x_wconf 87' lang='lat' dir='ltr'><strong>odorari,</strong></span> <span class='ocrx_word' id='word_1_255' title='bbox 993 3337 1176 3392; x_wconf 88' lang='lat' dir='ltr'><strong>videre</strong></span> <span class='ocrx_word' id='word_1_256' title='bbox 1217 3337 1491 3407; x_wconf 85' lang='lat' dir='ltr'><strong>potestatis</strong></span> <span class='ocrx_word' id='word_1_257' title='bbox 1534 3344 1731 3390; x_wconf 68' lang='lat' dir='ltr'><strong>nostra:</strong></span> <span class='ocrx_word' id='word_1_258' title='bbox 1770 3336 1876 3402; x_wconf 85' lang='lat' dir='ltr'><strong>sit;</strong></span> 
     </span>
    </p>
   </div>
   <div class='ocr_carea' id='block_1_34' title="bbox 327 3426 1880 3496">
    <p class='ocr_par' dir='ltr' id='par_1_34' title="bbox 327 3426 1880 3496">
     <span class='ocr_line' id='line_1_34' title="bbox 327 3426 1880 3496; baseline -0.001 -14"><span class='ocrx_word' id='word_1_259' title='bbox 327 3443 460 3496; x_wconf 84' lang='lat' dir='ltr'><strong>posse</strong></span> <span class='ocrx_word' id='word_1_260' title='bbox 482 3444 609 3484; x_wconf 78' lang='lat' dir='ltr'><strong>vero</strong></span> <span class='ocrx_word' id='word_1_261' title='bbox 646 3429 856 3492; x_wconf 85' lang='lat' dir='ltr'><strong>audire,</strong></span> <span class='ocrx_word' id='word_1_262' title='bbox 889 3428 979 3483; x_wconf 85' lang='lat' dir='ltr'><strong>vel</strong></span> <span class='ocrx_word' id='word_1_263' title='bbox 1008 3426 1241 3492; x_wconf 91' lang='lat' dir='ltr'><strong>odorari,</strong></span> <span class='ocrx_word' id='word_1_264' title='bbox 1273 3426 1357 3481; x_wconf 85' lang='lat' dir='ltr'><strong>vel</strong></span> <span class='ocrx_word' id='word_1_265' title='bbox 1388 3426 1565 3481; x_wconf 65' lang='lat' dir='ltr'><strong>ridere</strong></span> <span class='ocrx_word' id='word_1_266' title='bbox 1603 3427 1880 3495; x_wconf 87' lang='lat' dir='ltr'><strong>potestatis</strong></span> 
     </span>
    </p>
   </div>
   <div class='ocr_carea' id='block_1_35' title="bbox 327 3516 1874 3586">
    <p class='ocr_par' dir='ltr' id='par_1_35' title="bbox 327 3516 1874 3586">
     <span class='ocr_line' id='line_1_35' title="bbox 327 3516 1874 3586; baseline 0 -16"><span class='ocrx_word' id='word_1_267' title='bbox 327 3528 495 3575; x_wconf 68' lang='lat' dir='ltr'><strong>nostra:</strong></span> <span class='ocrx_word' id='word_1_268' title='bbox 516 3536 621 3575; x_wconf 92' lang='lat' dir='ltr'><strong>non</strong></span> <span class='ocrx_word' id='word_1_269' title='bbox 647 3521 740 3586; x_wconf 91' lang='lat' dir='ltr'><strong>sit,</strong></span> <span class='ocrx_word' id='word_1_270' title='bbox 764 3520 857 3575; x_wconf 83' lang='lat' dir='ltr'><strong>sed</strong></span> <span class='ocrx_word' id='word_1_271' title='bbox 884 3520 937 3574; x_wconf 92' lang='lat' dir='ltr'><strong>in</strong></span> <span class='ocrx_word' id='word_1_272' title='bbox 961 3519 1185 3573; x_wconf 89' lang='lat' dir='ltr'><strong>naturali</strong></span> <span class='ocrx_word' id='word_1_273' title='bbox 1214 3517 1530 3573; x_wconf 89' lang='lat' dir='ltr'><strong>necessitate</strong></span> <span class='ocrx_word' id='word_1_274' title='bbox 1550 3516 1827 3573; x_wconf 90' lang='lat' dir='ltr'><strong>consistat.</strong></span> <span class='ocrx_word' id='word_1_275' title='bbox 1855 3536 1874 3570; x_wconf 76' lang='grc' dir='ltr'><strong><em>ι</em></strong></span> 
     </span>
    </p>
   </div>
   <div class='ocr_carea' id='block_1_36' title="bbox 326 3608 1880 3682">
    <p class='ocr_par' dir='ltr' id='par_1_36' title="bbox 326 3608 1880 3682">
     <span class='ocr_line' id='line_1_36' title="bbox 326 3608 1880 3682; baseline 0.001 -20"><span class='ocrx_word' id='word_1_276' title='bbox 326 3611 413 3663; x_wconf 77' lang='lat' dir='ltr'><strong>Aut</strong></span> <span class='ocrx_word' id='word_1_277' title='bbox 438 3626 529 3682; x_wconf 83' lang='lat' dir='ltr'><strong>ego</strong></span> <span class='ocrx_word' id='word_1_278' title='bbox 559 3627 669 3667; x_wconf 89' lang='lat' dir='ltr'><strong>non</strong></span> <span class='ocrx_word' id='word_1_279' title='bbox 711 3610 956 3681; x_wconf 79' lang='lat' dir='ltr'><strong>intelligo</strong></span> <span class='ocrx_word' id='word_1_280' title='bbox 984 3610 1108 3680; x_wconf 90' lang='lat' dir='ltr'><strong>quid</strong></span> <span class='ocrx_word' id='word_1_281' title='bbox 1133 3609 1294 3677; x_wconf 89' lang='lat' dir='ltr'><strong>dicat,</strong></span> <span class='ocrx_word' id='word_1_282' title='bbox 1325 3618 1414 3663; x_wconf 90' lang='lat' dir='ltr'><strong>aut</strong></span> <span class='ocrx_word' id='word_1_283' title='bbox 1441 3609 1573 3679; x_wconf 90' lang='lat' dir='ltr'><strong>ipse.</strong></span> <span class='ocrx_word' id='word_1_284' title='bbox 1600 3608 1880 3677; x_wconf 86' lang='lat' dir='ltr'><strong>Quomodo</strong></span> 
     </span>
    </p>
   </div>
   <div class='ocr_carea' id='block_1_37' title="bbox 321 3700 1881 3775">
    <p class='ocr_par' dir='ltr' id='par_1_37' title="bbox 321 3700 1881 3775">
     <span class='ocr_line' id='line_1_37' title="bbox 321 3700 1881 3775; baseline 0.001 -21"><span class='ocrx_word' id='word_1_285' title='bbox 321 3703 440 3755; x_wconf 86' lang='lat' dir='ltr'><strong>enim</strong></span> <span class='ocrx_word' id='word_1_286' title='bbox 468 3705 519 3757; x_wconf 91' lang='lat' dir='ltr'><strong>in</strong></span> <span class='ocrx_word' id='word_1_287' title='bbox 547 3711 813 3772; x_wconf 86' lang='lat' dir='ltr'><strong>potestate</strong></span> <span class='ocrx_word' id='word_1_288' title='bbox 838 3710 1021 3775; x_wconf 87' lang='lat' dir='ltr'><strong>nostra</strong></span> <span class='ocrx_word' id='word_1_289' title='bbox 1049 3717 1153 3756; x_wconf 92' lang='lat' dir='ltr'><strong>non</strong></span> <span class='ocrx_word' id='word_1_290' title='bbox 1183 3710 1265 3756; x_wconf 90' lang='lat' dir='ltr'><strong>est</strong></span> <span class='ocrx_word' id='word_1_291' title='bbox 1291 3700 1500 3755; x_wconf 84' lang='lat' dir='ltr'><strong>videndi</strong></span> <span class='ocrx_word' id='word_1_292' title='bbox 1533 3700 1881 3769; x_wconf 88' lang='lat' dir='ltr'><strong>possibilitas,</strong></span> 
     </span>
    </p>
   </div>
   <div class='ocr_carea' id='block_1_38' title="bbox 319 3793 1877 3867">
    <p class='ocr_par' dir='ltr' id='par_1_38' title="bbox 319 3793 1877 3867">
     <span class='ocr_line' id='line_1_38' title="bbox 319 3793 1877 3867; baseline 0.001 -21"><span class='ocrx_word' id='word_1_293' title='bbox 319 3794 358 3847; x_wconf 80' lang='lat' dir='ltr'><strong>si</strong></span> <span class='ocrx_word' id='word_1_294' title='bbox 399 3796 446 3849; x_wconf 89' lang='lat' dir='ltr'><strong>in</strong></span> <span class='ocrx_word' id='word_1_295' title='bbox 488 3803 756 3867; x_wconf 63' lang='lat' dir='ltr'><strong>potestate</strong></span> <span class='ocrx_word' id='word_1_296' title='bbox 804 3804 987 3849; x_wconf 88' lang='lat' dir='ltr'><strong>nostra</strong></span> <span class='ocrx_word' id='word_1_297' title='bbox 1031 3804 1113 3849; x_wconf 93' lang='lat' dir='ltr'><strong>est</strong></span> <span class='ocrx_word' id='word_1_298' title='bbox 1154 3810 1260 3848; x_wconf 91' lang='lat' dir='ltr'><strong>nou</strong></span> <span class='ocrx_word' id='word_1_299' title='bbox 1307 3793 1517 3848; x_wconf 87' lang='lat' dir='ltr'><strong>videndi</strong></span> <span class='ocrx_word' id='word_1_300' title='bbox 1568 3794 1877 3860; x_wconf 90' lang='lat' dir='ltr'><strong>necessitas,</strong></span> 
     </span>
    </p>
   </div>
   <div class='ocr_carea' id='block_1_39' title="bbox 312 3884 1883 3956">
    <p class='ocr_par' dir='ltr' id='par_1_39' title="bbox 312 3884 1883 3956">
     <span class='ocr_line' id='line_1_39' title="bbox 312 3884 1883 3956; baseline 0.002 -18"><span class='ocrx_word' id='word_1_301' title='bbox 312 3886 423 3952; x_wconf 84' lang='lat' dir='ltr'><strong>quia</strong></span> <span class='ocrx_word' id='word_1_302' title='bbox 463 3888 515 3941; x_wconf 91' lang='lat' dir='ltr'><strong>in</strong></span> <span class='ocrx_word' id='word_1_303' title='bbox 563 3895 826 3956; x_wconf 86' lang='lat' dir='ltr'><strong>potestate</strong></span> <span class='ocrx_word' id='word_1_304' title='bbox 874 3897 959 3941; x_wconf 90' lang='lat' dir='ltr'><strong>est</strong></span> <span class='ocrx_word' id='word_1_305' title='bbox 993 3884 1225 3953; x_wconf 72' lang='lat' dir='ltr'><strong>accitas,</strong></span> <span class='ocrx_word' id='word_1_306' title='bbox 1252 3901 1356 3956; x_wconf 87' lang='lat' dir='ltr'><strong>qua</strong></span> <span class='ocrx_word' id='word_1_307' title='bbox 1396 3884 1448 3939; x_wconf 92' lang='lat' dir='ltr'><strong>id</strong></span> <span class='ocrx_word' id='word_1_308' title='bbox 1490 3884 1661 3954; x_wconf 87' lang='lat' dir='ltr'><strong>ipsum</strong></span> <span class='ocrx_word' id='word_1_309' title='bbox 1701 3885 1883 3941; x_wconf 87' lang='lat' dir='ltr'><strong>videre</strong></span> 
     </span>
    </p>
   </div>
   <div class='ocr_carea' id='block_1_40' title="bbox 318 3978 1882 4049">
    <p class='ocr_par' dir='ltr' id='par_1_40' title="bbox 318 3978 1882 4049">
     <span class='ocr_line' id='line_1_40' title="bbox 318 3978 1882 4049; baseline 0.001 -15"><span class='ocrx_word' id='word_1_310' title='bbox 318 3992 457 4046; x_wconf 85' lang='lat' dir='ltr'><strong>posse</strong></span> <span class='ocrx_word' id='word_1_311' title='bbox 512 3979 705 4046; x_wconf 91' lang='lat' dir='ltr'><strong>nobis,</strong></span> <span class='ocrx_word' id='word_1_312' title='bbox 763 3980 808 4033; x_wconf 91' lang='lat' dir='ltr'><strong>si</strong></span> <span class='ocrx_word' id='word_1_313' title='bbox 855 3981 1136 4044; x_wconf 89' lang='lat' dir='ltr'><strong>volumus,</strong></span> <span class='ocrx_word' id='word_1_314' title='bbox 1184 3978 1532 4034; x_wconf 80' lang='lat' dir='ltr'><strong>adimamus?</strong></span> <span class='ocrx_word' id='word_1_315' title='bbox 1603 3980 1882 4049; x_wconf 83' lang='lat' dir='ltr'><strong>Quomodo</strong></span> 
     </span>
    </p>
   </div>
   <div class='ocr_carea' id='block_1_41' title="bbox 316 4070 1879 4142">
    <p class='ocr_par' dir='ltr' id='par_1_41' title="bbox 316 4070 1879 4142">
     <span class='ocr_line' id='line_1_41' title="bbox 316 4070 1879 4142; baseline 0.003 -20"><span class='ocrx_word' id='word_1_316' title='bbox 316 4078 476 4124; x_wconf 83' lang='lat' dir='ltr'><strong>autem</strong></span> <span class='ocrx_word' id='word_1_317' title='bbox 531 4071 583 4125; x_wconf 91' lang='lat' dir='ltr'><strong>in</strong></span> <span class='ocrx_word' id='word_1_318' title='bbox 623 4079 891 4142; x_wconf 86' lang='lat' dir='ltr'><strong>potestate</strong></span> <span class='ocrx_word' id='word_1_319' title='bbox 944 4078 1123 4125; x_wconf 87' lang='lat' dir='ltr'><strong>nostra</strong></span> <span class='ocrx_word' id='word_1_320' title='bbox 1176 4080 1257 4125; x_wconf 91' lang='lat' dir='ltr'><strong>est</strong></span> <span class='ocrx_word' id='word_1_321' title='bbox 1299 4070 1496 4138; x_wconf 88' lang='lat' dir='ltr'><strong>videre,</strong></span> <span class='ocrx_word' id='word_1_322' title='bbox 1548 4071 1592 4126; x_wconf 90' lang='lat' dir='ltr'><strong>si</strong></span> <span class='ocrx_word' id='word_1_323' title='bbox 1635 4073 1879 4140; x_wconf 85' lang='lat' dir='ltr'><strong>velimus,</strong></span> 
     </span>
    </p>
   </div>
   <div class='ocr_carea' id='block_1_42' title="bbox 316 4162 1885 4232">
    <p class='ocr_par' dir='ltr' id='par_1_42' title="bbox 316 4162 1885 4232">
     <span class='ocr_line' id='line_1_42' title="bbox 316 4162 1885 4232; baseline 0.003 -18"><span class='ocrx_word' id='word_1_324' title='bbox 316 4175 422 4216; x_wconf 87' lang='lat' dir='ltr'><strong>cum</strong></span> <span class='ocrx_word' id='word_1_325' title='bbox 459 4163 619 4216; x_wconf 89' lang='lat' dir='ltr'><strong>etiam</strong></span> <span class='ocrx_word' id='word_1_326' title='bbox 659 4162 803 4216; x_wconf 86' lang='lat' dir='ltr'><strong>salva</strong></span> <span class='ocrx_word' id='word_1_327' title='bbox 844 4162 1144 4232; x_wconf 86' lang='lat' dir='ltr'><strong>integritate</strong></span> <span class='ocrx_word' id='word_1_328' title='bbox 1187 4170 1389 4216; x_wconf 66' lang='lat' dir='ltr'><strong>natura!</strong></span> <span class='ocrx_word' id='word_1_329' title='bbox 1426 4163 1664 4232; x_wconf 90' lang='lat' dir='ltr'><strong>corporis</strong></span> <span class='ocrx_word' id='word_1_330' title='bbox 1702 4162 1885 4218; x_wconf 92' lang='lat' dir='ltr'><strong>oculo-</strong></span> 
     </span>
    </p>
   </div>
   <div class='ocr_carea' id='block_1_43' title="bbox 318 4253 1879 4324">
    <p class='ocr_par' dir='ltr' id='par_1_43' title="bbox 318 4253 1879 4324">
     <span class='ocr_line' id='line_1_43' title="bbox 318 4253 1879 4324; baseline 0.002 -18"><span class='ocrx_word' id='word_1_331' title='bbox 318 4266 525 4323; x_wconf 86' lang='lat' dir='ltr'><strong>rumque</strong></span> <span class='ocrx_word' id='word_1_332' title='bbox 564 4264 895 4321; x_wconf 90' lang='lat' dir='ltr'><strong>nostrorum,</strong></span> <span class='ocrx_word' id='word_1_333' title='bbox 941 4269 1040 4309; x_wconf 92' lang='lat' dir='ltr'><strong>nec</strong></span> <span class='ocrx_word' id='word_1_334' title='bbox 1077 4253 1318 4308; x_wconf 89' lang='lat' dir='ltr'><strong>volentes</strong></span> <span class='ocrx_word' id='word_1_335' title='bbox 1360 4253 1541 4308; x_wconf 87' lang='lat' dir='ltr'><strong>videre</strong></span> <span class='ocrx_word' id='word_1_336' title='bbox 1589 4254 1879 4324; x_wconf 90' lang='lat' dir='ltr'><strong>possimus,</strong></span> 
     </span>
    </p>
   </div>
   <div class='ocr_carea' id='block_1_44' title="bbox 318 4340 1883 4413">
    <p class='ocr_par' dir='ltr' id='par_1_44' title="bbox 318 4340 1883 4413">
     <span class='ocr_line' id='line_1_44' title="bbox 318 4340 1883 4413; baseline 0.002 -19"><span class='ocrx_word' id='word_1_337' title='bbox 318 4341 424 4398; x_wconf 84' lang='lat' dir='ltr'><strong>sive</strong></span> <span class='ocrx_word' id='word_1_338' title='bbox 458 4357 553 4413; x_wconf 88' lang='lat' dir='ltr'><strong>per</strong></span> <span class='ocrx_word' id='word_1_339' title='bbox 587 4353 799 4398; x_wconf 90' lang='lat' dir='ltr'><strong>noctem</strong></span> <span class='ocrx_word' id='word_1_340' title='bbox 840 4343 1126 4397; x_wconf 88' lang='lat' dir='ltr'><strong>luminibus</strong></span> <span class='ocrx_word' id='word_1_341' title='bbox 1152 4358 1269 4413; x_wconf 78' lang='lat' dir='ltr'><strong>qua:</strong></span> <span class='ocrx_word' id='word_1_342' title='bbox 1304 4340 1598 4397; x_wconf 79' lang='lat' dir='ltr'><strong>forinsecus</strong></span> <span class='ocrx_word' id='word_1_343' title='bbox 1624 4342 1883 4397; x_wconf 85' lang='lat' dir='ltr'><strong>adhiben-</strong></span> 
     </span>
    </p>
   </div>
   <div class='ocr_carea' id='block_1_45' title="bbox 322 4434 1881 4506">
    <p class='ocr_par' dir='ltr' id='par_1_45' title="bbox 322 4434 1881 4506">
     <span class='ocr_line' id='line_1_45' title="bbox 322 4434 1881 4506; baseline 0.003 -20"><span class='ocrx_word' id='word_1_344' title='bbox 322 4441 399 4488; x_wconf 86' lang='lat' dir='ltr'><strong>tur</strong></span> <span class='ocrx_word' id='word_1_345' title='bbox 432 4435 704 4505; x_wconf 90' lang='lat' dir='ltr'><strong>ademptis,</strong></span> <span class='ocrx_word' id='word_1_346' title='bbox 745 4436 858 4489; x_wconf 89' lang='lat' dir='ltr'><strong>sive</strong></span> <span class='ocrx_word' id='word_1_347' title='bbox 901 4450 999 4489; x_wconf 88' lang='lat' dir='ltr'><strong>nos</strong></span> <span class='ocrx_word' id='word_1_348' title='bbox 1038 4434 1314 4506; x_wconf 88' lang='lat' dir='ltr'><strong>quisquam</strong></span> <span class='ocrx_word' id='word_1_349' title='bbox 1355 4434 1406 4489; x_wconf 93' lang='lat' dir='ltr'><strong>in</strong></span> <span class='ocrx_word' id='word_1_350' title='bbox 1452 4435 1733 4490; x_wconf 89' lang='lat' dir='ltr'><strong>tenebroso</strong></span> <span class='ocrx_word' id='word_1_351' title='bbox 1763 4434 1881 4490; x_wconf 92' lang='lat' dir='ltr'><strong>loco</strong></span> 
     </span>
    </p>
   </div>
   <div class='ocr_carea' id='block_1_46' title="bbox 323 4524 1882 4595">
    <p class='ocr_par' dir='ltr' id='par_1_46' title="bbox 323 4524 1882 4595">
     <span class='ocr_line' id='line_1_46' title="bbox 323 4524 1882 4595; baseline 0.003 -19"><span class='ocrx_word' id='word_1_352' title='bbox 323 4524 486 4594; x_wconf 83' lang='lat' dir='ltr'><strong>aliquo</strong></span> <span class='ocrx_word' id='word_1_353' title='bbox 519 4524 793 4579; x_wconf 74' lang='lat' dir='ltr'><strong>includat?</strong></span> <span class='ocrx_word' id='word_1_354' title='bbox 833 4524 963 4580; x_wconf 90' lang='lat' dir='ltr'><strong>Item</strong></span> <span class='ocrx_word' id='word_1_355' title='bbox 1002 4524 1048 4578; x_wconf 91' lang='lat' dir='ltr'><strong>si</strong></span> <span class='ocrx_word' id='word_1_356' title='bbox 1088 4524 1230 4595; x_wconf 90' lang='lat' dir='ltr'><strong>quod</strong></span> <span class='ocrx_word' id='word_1_357' title='bbox 1272 4525 1453 4579; x_wconf 88' lang='lat' dir='ltr'><strong>audire</strong></span> <span class='ocrx_word' id='word_1_358' title='bbox 1495 4539 1774 4595; x_wconf 89' lang='lat' dir='ltr'><strong>possumus</strong></span> <span class='ocrx_word' id='word_1_359' title='bbox 1800 4525 1882 4581; x_wconf 91' lang='lat' dir='ltr'><strong>vel</strong></span> 
     </span>
    </p>
   </div>
   <div class='ocr_carea' id='block_1_47' title="bbox 326 4615 1880 4686">
    <p class='ocr_par' dir='ltr' id='par_1_47' title="bbox 326 4615 1880 4686">
     <span class='ocr_line' id='line_1_47' title="bbox 326 4615 1880 4686; baseline 0 -16"><span class='ocrx_word' id='word_1_360' title='bbox 326 4630 424 4669; x_wconf 89' lang='lat' dir='ltr'><strong>non</strong></span> <span class='ocrx_word' id='word_1_361' title='bbox 463 4630 737 4686; x_wconf 79' lang='lat' dir='ltr'><strong>possumus</strong></span> <span class='ocrx_word' id='word_1_362' title='bbox 757 4658 772 4682; x_wconf 92' lang='lat'><strong>,</strong></span> <span class='ocrx_word' id='word_1_363' title='bbox 803 4617 857 4670; x_wconf 93' lang='lat' dir='ltr'><strong>in</strong></span> <span class='ocrx_word' id='word_1_364' title='bbox 895 4622 1074 4669; x_wconf 87' lang='lat' dir='ltr'><strong>nostra</strong></span> <span class='ocrx_word' id='word_1_365' title='bbox 1104 4624 1366 4685; x_wconf 90' lang='lat' dir='ltr'><strong>potestate</strong></span> <span class='ocrx_word' id='word_1_366' title='bbox 1410 4630 1515 4670; x_wconf 91' lang='lat' dir='ltr'><strong>nou</strong></span> <span class='ocrx_word' id='word_1_367' title='bbox 1553 4625 1635 4672; x_wconf 90' lang='lat' dir='ltr'><strong>est</strong></span> <span class='ocrx_word' id='word_1_368' title='bbox 1656 4658 1669 4680; x_wconf 90' lang='lat'><strong>,</strong></span> <span class='ocrx_word' id='word_1_369' title='bbox 1703 4615 1797 4671; x_wconf 90' lang='lat' dir='ltr'><strong>sed</strong></span> <span class='ocrx_word' id='word_1_370' title='bbox 1827 4615 1880 4670; x_wconf 93' lang='lat' dir='ltr'><strong>in</strong></span> 
     </span>
    </p>
   </div>
   <div class='ocr_carea' id='block_1_48' title="bbox 329 4707 1882 4778">
    <p class='ocr_par' dir='ltr' id='par_1_48' title="bbox 329 4707 1882 4778">
     <span class='ocr_line' id='line_1_48' title="bbox 329 4707 1882 4778; baseline 0.003 -19"><span class='ocrx_word' id='word_1_371' title='bbox 329 4715 510 4762; x_wconf 65' lang='lat' dir='ltr'><strong>natura</strong></span> <span class='ocrx_word' id='word_1_372' title='bbox 548 4708 967 4773; x_wconf 84' lang='lat' dir='ltr'><strong>constrictione;</strong></span> <span class='ocrx_word' id='word_1_373' title='bbox 1014 4707 1154 4778; x_wconf 91' lang='lat' dir='ltr'><strong>quod</strong></span> <span class='ocrx_word' id='word_1_374' title='bbox 1190 4723 1320 4763; x_wconf 86' lang='lat' dir='ltr'><strong>vero</strong></span> <span class='ocrx_word' id='word_1_375' title='bbox 1362 4707 1606 4764; x_wconf 86' lang='lat' dir='ltr'><strong>audimus</strong></span> <span class='ocrx_word' id='word_1_376' title='bbox 1645 4708 1726 4765; x_wconf 90' lang='lat' dir='ltr'><strong>vel</strong></span> <span class='ocrx_word' id='word_1_377' title='bbox 1775 4723 1882 4764; x_wconf 91' lang='lat' dir='ltr'><strong>non</strong></span> 
     </span>
    </p>
   </div>
   <div class='ocr_carea' id='block_1_49' title="bbox 296 4795 1882 4871">
    <p class='ocr_par' dir='ltr' id='par_1_49' title="bbox 296 4795 1882 4871">
     <span class='ocr_line' id='line_1_49' title="bbox 296 4795 1882 4871; baseline 0.004 -20"><span class='ocrx_word' id='word_1_378' title='bbox 296 4795 305 4801; x_wconf 84' lang='grc'><strong>’</strong></span> <span class='ocrx_word' id='word_1_379' title='bbox 328 4799 568 4865; x_wconf 83' lang='lat' dir='ltr'><strong>audimus,</strong></span> <span class='ocrx_word' id='word_1_380' title='bbox 598 4799 702 4855; x_wconf 85' lang='lat' dir='ltr'><strong>hoc</strong></span> <span class='ocrx_word' id='word_1_381' title='bbox 726 4809 810 4855; x_wconf 86' lang='lat' dir='ltr'><strong>est</strong></span> <span class='ocrx_word' id='word_1_382' title='bbox 832 4800 1063 4871; x_wconf 75' lang='lat' dir='ltr'><strong>propria:</strong></span> <span class='ocrx_word' id='word_1_383' title='bbox 1091 4800 1376 4856; x_wconf 82' lang='lat' dir='ltr'><strong>voluntatis</strong></span> <span class='ocrx_word' id='word_1_384' title='bbox 1404 4822 1419 4858; x_wconf 88' lang='lat'><strong>:</strong></span> <span class='ocrx_word' id='word_1_385' title='bbox 1450 4817 1547 4857; x_wconf 92' lang='lat' dir='ltr'><strong>cur</strong></span> <span class='ocrx_word' id='word_1_386' title='bbox 1573 4817 1676 4855; x_wconf 92' lang='lat' dir='ltr'><strong>non</strong></span> <span class='ocrx_word' id='word_1_387' title='bbox 1702 4809 1882 4857; x_wconf 90' lang='lat' dir='ltr'><strong>atten-</strong></span> 
     </span>
    </p>
   </div>
   <div class='ocr_carea' id='block_1_50' title="bbox 331 4887 1881 4962">
    <p class='ocr_par' dir='ltr' id='par_1_50' title="bbox 331 4887 1881 4962">
     <span class='ocr_line' id='line_1_50' title="bbox 331 4887 1881 4962; baseline 0.005 -22"><span class='ocrx_word' id='word_1_388' title='bbox 331 4887 416 4953; x_wconf 89' lang='lat' dir='ltr'><strong>dit,</strong></span> <span class='ocrx_word' id='word_1_389' title='bbox 439 4899 619 4959; x_wconf 87' lang='lat' dir='ltr'><strong>quanta</strong></span> <span class='ocrx_word' id='word_1_390' title='bbox 640 4890 923 4947; x_wconf 86' lang='lat' dir='ltr'><strong>audiamus</strong></span> <span class='ocrx_word' id='word_1_391' title='bbox 947 4890 1116 4956; x_wconf 88' lang='lat' dir='ltr'><strong>inviti,</strong></span> <span class='ocrx_word' id='word_1_392' title='bbox 1136 4907 1254 4962; x_wconf 77' lang='lat' dir='ltr'><strong>qua:</strong></span> <span class='ocrx_word' id='word_1_393' title='bbox 1284 4901 1561 4961; x_wconf 89' lang='lat' dir='ltr'><strong>penetrant</strong></span> <span class='ocrx_word' id='word_1_394' title='bbox 1585 4892 1636 4948; x_wconf 90' lang='lat' dir='ltr'><strong>in</strong></span> <span class='ocrx_word' id='word_1_395' title='bbox 1665 4908 1881 4949; x_wconf 91' lang='lat' dir='ltr'><strong>sensum</strong></span> 
     </span>
    </p>
   </div>
   <div class='ocr_carea' id='block_1_51' title="bbox 337 4982 1883 5055">
    <p class='ocr_par' dir='ltr' id='par_1_51' title="bbox 337 4982 1883 5055">
     <span class='ocr_line' id='line_1_51' title="bbox 337 4982 1883 5055; baseline 0.005 -22"><span class='ocrx_word' id='word_1_396' title='bbox 337 4991 542 5037; x_wconf 87' lang='lat' dir='ltr'><strong>nostrum</strong></span> <span class='ocrx_word' id='word_1_397' title='bbox 569 4984 727 5039; x_wconf 89' lang='lat' dir='ltr'><strong>etiam</strong></span> <span class='ocrx_word' id='word_1_398' title='bbox 757 4982 975 5038; x_wconf 88' lang='lat' dir='ltr'><strong>auribus</strong></span> <span class='ocrx_word' id='word_1_399' title='bbox 1002 4983 1261 5038; x_wconf 89' lang='lat' dir='ltr'><strong>obturatis</strong></span> <span class='ocrx_word' id='word_1_400' title='bbox 1285 5024 1299 5050; x_wconf 95' lang='lat'><strong>,</strong></span> <span class='ocrx_word' id='word_1_401' title='bbox 1330 4984 1481 5039; x_wconf 90' lang='lat' dir='ltr'><strong>sicuti</strong></span> <span class='ocrx_word' id='word_1_402' title='bbox 1526 4996 1607 5040; x_wconf 89' lang='lat' dir='ltr'><strong>est</strong></span> <span class='ocrx_word' id='word_1_403' title='bbox 1642 4984 1712 5040; x_wconf 91' lang='lat' dir='ltr'><strong>de</strong></span> <span class='ocrx_word' id='word_1_404' title='bbox 1755 5000 1883 5055; x_wconf 92' lang='lat' dir='ltr'><strong>pro-</strong></span> 
     </span>
    </p>
   </div>
   <div class='ocr_carea' id='block_1_52' title="bbox 338 5072 1880 5148">
    <p class='ocr_par' dir='ltr' id='par_1_52' title="bbox 338 5072 1880 5148">
     <span class='ocr_line' id='line_1_52' title="bbox 338 5072 1880 5148; baseline 0.005 -23"><span class='ocrx_word' id='word_1_405' title='bbox 338 5072 458 5127; x_wconf 82' lang='lat' dir='ltr'><strong>ximo</strong></span> <span class='ocrx_word' id='word_1_406' title='bbox 498 5090 655 5130; x_wconf 66' lang='lat' dir='ltr'><strong>serrte</strong></span> <span class='ocrx_word' id='word_1_407' title='bbox 690 5076 907 5140; x_wconf 91' lang='lat' dir='ltr'><strong>stridor,</strong></span> <span class='ocrx_word' id='word_1_408' title='bbox 948 5076 1029 5131; x_wconf 85' lang='lat' dir='ltr'><strong>vel</strong></span> <span class='ocrx_word' id='word_1_409' title='bbox 1060 5076 1339 5147; x_wconf 80' lang='lat' dir='ltr'><strong>grunnitus</strong></span> <span class='ocrx_word' id='word_1_410' title='bbox 1367 5077 1521 5131; x_wconf 87' lang='lat' dir='ltr'><strong>suis?</strong></span> <span class='ocrx_word' id='word_1_411' title='bbox 1569 5077 1880 5148; x_wconf 88' lang='lat' dir='ltr'><strong>Quanquam</strong></span> 
     </span>
    </p>
   </div>
   <div class='ocr_carea' id='block_1_53' title="bbox 341 5161 1882 5236">
    <p class='ocr_par' dir='ltr' id='par_1_53' title="bbox 341 5161 1882 5236">
     <span class='ocr_line' id='line_1_53' title="bbox 341 5161 1882 5236; baseline 0.003 -19"><span class='ocrx_word' id='word_1_412' title='bbox 341 5161 571 5220; x_wconf 84' lang='lat' dir='ltr'><strong>obturatio</strong></span> <span class='ocrx_word' id='word_1_413' title='bbox 605 5167 813 5221; x_wconf 90' lang='lat' dir='ltr'><strong>aurium</strong></span> <span class='ocrx_word' id='word_1_414' title='bbox 851 5166 1117 5232; x_wconf 90' lang='lat' dir='ltr'><strong>ostendit,</strong></span> <span class='ocrx_word' id='word_1_415' title='bbox 1160 5183 1264 5220; x_wconf 90' lang='lat' dir='ltr'><strong>non</strong></span> <span class='ocrx_word' id='word_1_416' title='bbox 1310 5167 1363 5220; x_wconf 92' lang='lat' dir='ltr'><strong>in</strong></span> <span class='ocrx_word' id='word_1_417' title='bbox 1401 5174 1664 5236; x_wconf 89' lang='lat' dir='ltr'><strong>potestate</strong></span> <span class='ocrx_word' id='word_1_418' title='bbox 1701 5174 1882 5221; x_wconf 87' lang='lat' dir='ltr'><strong>nostra</strong></span> 
     </span>
    </p>
   </div>
   <div class='ocr_carea' id='block_1_54' title="bbox 341 5257 1883 5325">
    <p class='ocr_par' dir='ltr' id='par_1_54' title="bbox 341 5257 1883 5325">
     <span class='ocr_line' id='line_1_54' title="bbox 341 5257 1883 5325; baseline 0.004 -17"><span class='ocrx_word' id='word_1_419' title='bbox 341 5266 456 5320; x_wconf 84' lang='lat' dir='ltr'><strong>esse,</strong></span> <span class='ocrx_word' id='word_1_420' title='bbox 480 5257 670 5325; x_wconf 87' lang='lat' dir='ltr'><strong>apertis</strong></span> <span class='ocrx_word' id='word_1_421' title='bbox 696 5257 915 5313; x_wconf 89' lang='lat' dir='ltr'><strong>auribus</strong></span> <span class='ocrx_word' id='word_1_422' title='bbox 942 5272 1048 5312; x_wconf 92' lang='lat' dir='ltr'><strong>non</strong></span> <span class='ocrx_word' id='word_1_423' title='bbox 1077 5258 1296 5313; x_wconf 87' lang='lat' dir='ltr'><strong>audire:</strong></span> <span class='ocrx_word' id='word_1_424' title='bbox 1325 5257 1452 5313; x_wconf 89' lang='lat' dir='ltr'><strong>facit</strong></span> <span class='ocrx_word' id='word_1_425' title='bbox 1472 5258 1627 5311; x_wconf 89' lang='lat' dir='ltr'><strong>etiam</strong></span> <span class='ocrx_word' id='word_1_426' title='bbox 1655 5257 1883 5314; x_wconf 81' lang='lat' dir='ltr'><strong>fortasse</strong></span> 
     </span>
    </p>
   </div>
   <div class='ocr_carea' id='block_1_55' title="bbox 343 5345 1880 5420">
    <p class='ocr_par' dir='ltr' id='par_1_55' title="bbox 343 5345 1880 5420">
     <span class='ocr_line' id='line_1_55' title="bbox 343 5345 1880 5420; baseline 0.007 -24"><span class='ocrx_word' id='word_1_427' title='bbox 343 5345 442 5400; x_wconf 81' lang='lat' dir='ltr'><strong>talis</strong></span> <span class='ocrx_word' id='word_1_428' title='bbox 468 5348 723 5404; x_wconf 87' lang='lat' dir='ltr'><strong>obturatio</strong></span> <span class='ocrx_word' id='word_1_429' title='bbox 763 5365 881 5419; x_wconf 64' lang='lat' dir='ltr'><strong>quae</strong></span> <span class='ocrx_word' id='word_1_430' title='bbox 926 5350 1096 5418; x_wconf 83' lang='lat' dir='ltr'><strong>ipsum</strong></span> <span class='ocrx_word' id='word_1_431' title='bbox 1137 5366 1352 5406; x_wconf 91' lang='lat' dir='ltr'><strong>sensum</strong></span> <span class='ocrx_word' id='word_1_432' title='bbox 1397 5358 1632 5405; x_wconf 89' lang='lat' dir='ltr'><strong>nostrum</strong></span> <span class='ocrx_word' id='word_1_433' title='bbox 1662 5350 1880 5420; x_wconf 87' lang='lat' dir='ltr'><strong>adimat,</strong></span> 
     </span>
    </p>
   </div>
   <div class='ocr_carea' id='block_1_56' title="bbox 343 5436 1880 5525">
    <p class='ocr_par' dir='ltr' id='par_1_56' title="bbox 343 5436 1880 5525">
     <span class='ocr_line' id='line_1_56' title="bbox 343 5436 1880 5525; baseline 0.004 -35"><span class='ocrx_word' id='word_1_434' title='bbox 343 5444 390 5489; x_wconf 79' lang='lat' dir='ltr'><strong>ut</strong></span> <span class='ocrx_word' id='word_1_435' title='bbox 416 5436 463 5492; x_wconf 88' lang='lat' dir='ltr'><strong>in</strong></span> <span class='ocrx_word' id='word_1_436' title='bbox 495 5448 668 5494; x_wconf 86' lang='lat' dir='ltr'><strong>nostra</strong></span> <span class='ocrx_word' id='word_1_437' title='bbox 707 5447 973 5510; x_wconf 85' lang='lat' dir='ltr'><strong>potestate</strong></span> <span class='ocrx_word' id='word_1_438' title='bbox 1015 5439 1079 5495; x_wconf 87' lang='lat' dir='ltr'><strong>sit</strong></span> <span class='ocrx_word' id='word_1_439' title='bbox 1124 5439 1282 5495; x_wconf 91' lang='lat' dir='ltr'><strong>etiam</strong></span> <span class='ocrx_word' id='word_1_440' title='bbox 1326 5438 1512 5494; x_wconf 88' lang='lat' dir='ltr'><strong>audire</strong></span> <span class='ocrx_word' id='word_1_441' title='bbox 1540 5455 1658 5525; x_wconf 41' lang='lat' dir='ltr'><strong>.non</strong></span> <span class='ocrx_word' id='word_1_442' title='bbox 1700 5454 1880 5511; x_wconf 91' lang='lat' dir='ltr'><strong>posse.</strong></span> 
     </span>
    </p>
   </div>
   <div class='ocr_carea' id='block_1_57' title="bbox 393 5589 1884 5666">
    <p class='ocr_par' dir='ltr' id='par_1_57' title="bbox 393 5589 1884 5666">
     <span class='ocr_line' id='line_1_57' title="bbox 393 5589 1884 5666; baseline 0.003 -25"><span class='ocrx_word' id='word_1_443' title='bbox 393 5589 826 5666; x_wconf 50' lang='lat' dir='ltr'><strong>{Intuendum-nm</strong></span> <span class='ocrx_word' id='word_1_444' title='bbox 843 5594 1066 5666; x_wconf 72' lang='lat' dir='ltr'><strong>editione</strong></span> <span class='ocrx_word' id='word_1_445' title='bbox 1080 5592 1332 5666; x_wconf 58' lang='lat' dir='ltr'><strong>tfarjsigansi</strong></span> <span class='ocrx_word' id='word_1_446' title='bbox 1353 5593 1467 5664; x_wconf 66' lang='lat' dir='ltr'><strong>anni</strong></span> <span class='ocrx_word' id='word_1_447' title='bbox 1499 5592 1637 5654; x_wconf 67' lang='lat' dir='ltr'><strong>16M,</strong></span> 
     </span>
    </p>
   </div>
   <div class='ocr_carea' id='block_1_58' title="bbox 394 5808 1623 5906">
    <p class='ocr_par' dir='ltr' id='par_1_58' title="bbox 394 5808 1623 5906">
     <span class='ocr_line' id='line_1_58' title="bbox 394 5808 1623 5906; baseline 0.002 -19"><span class='ocrx_word' id='word_1_448' title='bbox 394 5808 611 5888; x_wconf 63' lang='grc' dir='ltr'><strong>ῖέἑῖω.</strong></span> <span class='ocrx_word' id='word_1_449' title='bbox 631 5844 685 5891; x_wconf 73' lang='grc' dir='ltr'><strong>α</strong></span> <span class='ocrx_word' id='word_1_450' title='bbox 698 5846 806 5891; x_wconf 68' lang='lat' dir='ltr'><strong>llas.</strong></span> <span class='ocrx_word' id='word_1_451' title='bbox 832 5844 891 5891; x_wconf 77' lang='lat' dir='ltr'><strong>At</strong></span> <span class='ocrx_word' id='word_1_452' title='bbox 908 5844 983 5892; x_wconf 60' lang='lat'><strong>[-1.</strong></span> <span class='ocrx_word' id='word_1_453' title='bbox 1009 5848 1063 5893; x_wconf 82' lang='lat' dir='ltr'><strong>et</strong></span> <span class='ocrx_word' id='word_1_454' title='bbox 1073 5845 1209 5903; x_wconf 56' lang='grc' dir='ltr'>ιω,</span> <span class='ocrx_word' id='word_1_455' title='bbox 1227 5851 1460 5906; x_wconf 73' lang='lat' dir='ltr'><strong>perquam</strong></span> <span class='ocrx_word' id='word_1_456' title='bbox 1480 5839 1623 5891; x_wconf 68' lang='lat' dir='ltr'><strong>sitim.</strong></span> 
     </span>
    </p>
   </div>
   <div class='ocr_carea' id='block_1_59' title="bbox 3428 394 3530 451">
    <p class='ocr_par' dir='ltr' id='par_1_59' title="bbox 3428 394 3530 451">
     <span class='ocr_line' id='line_1_59' title="bbox 3428 394 3530 451; baseline 0.01 -1"><span class='ocrx_word' id='word_1_457' title='bbox 3428 394 3530 451; x_wconf 61' lang='lat'><strong>271</strong></span> 
     </span>
    </p>
   </div>
   <div class='ocr_carea' id='block_1_60' title="bbox 1961 504 3535 577">
    <p class='ocr_par' dir='ltr' id='par_1_60' title="bbox 1961 504 3535 577">
     <span class='ocr_line' id='line_1_60' title="bbox 1961 504 3535 577; baseline 0.001 -16"><span class='ocrx_word' id='word_1_458' title='bbox 1961 506 2037 561; x_wconf 88' lang='lat' dir='ltr'><strong>De</strong></span> <span class='ocrx_word' id='word_1_459' title='bbox 2062 504 2284 562; x_wconf 91' lang='lat' dir='ltr'><strong>odoratu</strong></span> <span class='ocrx_word' id='word_1_460' title='bbox 2310 511 2486 562; x_wconf 90' lang='lat' dir='ltr'><strong>autem</strong></span> <span class='ocrx_word' id='word_1_461' title='bbox 2508 508 2646 577; x_wconf 78' lang='lat' dir='ltr'><strong>quod</strong></span> <span class='ocrx_word' id='word_1_462' title='bbox 2673 506 2816 572; x_wconf 85' lang='lat' dir='ltr'><strong>dicit,</strong></span> <span class='ocrx_word' id='word_1_463' title='bbox 2842 520 3016 561; x_wconf 89' lang='lat' dir='ltr'><strong>nonne</strong></span> <span class='ocrx_word' id='word_1_464' title='bbox 3044 521 3226 577; x_wconf 88' lang='lat' dir='ltr'><strong>parum</strong></span> <span class='ocrx_word' id='word_1_465' title='bbox 3253 508 3471 563; x_wconf 89' lang='lat' dir='ltr'><strong>attendit</strong></span> <span class='ocrx_word' id='word_1_466' title='bbox 3492 510 3535 576; x_wconf 82' lang='grc' dir='ltr'>ί,</span> 
     </span>
    </p>
   </div>
   <div class='ocr_carea' id='block_1_61' title="bbox 1967 596 3536 667">
    <p class='ocr_par' dir='ltr' id='par_1_61' title="bbox 1967 596 3536 667">
     <span class='ocr_line' id='line_1_61' title="bbox 1967 596 3536 667; baseline 0.001 -17"><span class='ocrx_word' id='word_1_467' title='bbox 1967 615 1987 650; x_wconf 73' lang='grc' dir='ltr'><strong><em>ι</em></strong></span> <span class='ocrx_word' id='word_1_468' title='bbox 2025 612 2135 653; x_wconf 87' lang='lat' dir='ltr'><strong>non</strong></span> <span class='ocrx_word' id='word_1_469' title='bbox 2158 611 2277 652; x_wconf 87' lang='lat' dir='ltr'><strong>esse</strong></span> <span class='ocrx_word' id='word_1_470' title='bbox 2308 596 2359 651; x_wconf 92' lang='lat' dir='ltr'><strong>in</strong></span> <span class='ocrx_word' id='word_1_471' title='bbox 2404 608 2584 652; x_wconf 77' lang='lat' dir='ltr'><strong>nostra</strong></span> <span class='ocrx_word' id='word_1_472' title='bbox 2610 605 2872 667; x_wconf 87' lang='lat' dir='ltr'><strong>potestate</strong></span> <span class='ocrx_word' id='word_1_473' title='bbox 2900 611 3053 667; x_wconf 90' lang='lat' dir='ltr'><strong>posse</strong></span> <span class='ocrx_word' id='word_1_474' title='bbox 3078 596 3289 652; x_wconf 88' lang='lat' dir='ltr'><strong>odorari</strong></span> <span class='ocrx_word' id='word_1_475' title='bbox 3319 597 3404 653; x_wconf 86' lang='lat' dir='ltr'><strong>vel</strong></span> <span class='ocrx_word' id='word_1_476' title='bbox 3429 613 3536 652; x_wconf 91' lang='lat' dir='ltr'><strong>non</strong></span> 
     </span>
    </p>
   </div>
   <div class='ocr_carea' id='block_1_62' title="bbox 1965 685 3542 758">
    <p class='ocr_par' dir='ltr' id='par_1_62' title="bbox 1965 685 3542 758">
     <span class='ocr_line' id='line_1_62' title="bbox 1965 685 3542 758; baseline 0.001 -17"><span class='ocrx_word' id='word_1_477' title='bbox 1965 701 2147 758; x_wconf 84' lang='lat' dir='ltr'><strong>posse,</strong></span> <span class='ocrx_word' id='word_1_478' title='bbox 2181 686 2274 742; x_wconf 91' lang='lat' dir='ltr'><strong>sed</strong></span> <span class='ocrx_word' id='word_1_479' title='bbox 2317 685 2370 745; x_wconf 89' lang='lat' dir='ltr'><strong>in</strong></span> <span class='ocrx_word' id='word_1_480' title='bbox 2413 696 2593 742; x_wconf 88' lang='lat' dir='ltr'><strong>nostra</strong></span> <span class='ocrx_word' id='word_1_481' title='bbox 2636 696 2895 757; x_wconf 88' lang='lat' dir='ltr'><strong>potestate</strong></span> <span class='ocrx_word' id='word_1_482' title='bbox 2937 703 3077 755; x_wconf 89' lang='lat' dir='ltr'><strong>esse,</strong></span> <span class='ocrx_word' id='word_1_483' title='bbox 3126 707 3147 741; x_wconf 70' lang='grc' dir='ltr'><strong><em>ι</em></strong></span> <span class='ocrx_word' id='word_1_484' title='bbox 3191 687 3295 745; x_wconf 86' lang='lat' dir='ltr'><strong>hoc</strong></span> <span class='ocrx_word' id='word_1_485' title='bbox 3334 696 3440 758; x_wconf 89' lang='lat' dir='ltr'><strong>est,</strong></span> <span class='ocrx_word' id='word_1_486' title='bbox 3485 691 3542 743; x_wconf 89' lang='lat' dir='ltr'><strong>lu</strong></span> 
     </span>
    </p>
   </div>
   <div class='ocr_carea' id='block_1_63' title="bbox 1963 776 3537 843">
    <p class='ocr_par' dir='ltr' id='par_1_63' title="bbox 1963 776 3537 843">
     <span class='ocr_line' id='line_1_63' title="bbox 1963 776 3537 843; baseline 0 -11"><span class='ocrx_word' id='word_1_487' title='bbox 1963 776 2130 832; x_wconf 87' lang='lat' dir='ltr'><strong>libera</strong></span> <span class='ocrx_word' id='word_1_488' title='bbox 2173 776 2461 843; x_wconf 80' lang='lat' dir='ltr'><strong>voluntate,</strong></span> <span class='ocrx_word' id='word_1_489' title='bbox 2499 796 2518 831; x_wconf 74' lang='lat' dir='ltr'><strong>r</strong></span> <span class='ocrx_word' id='word_1_490' title='bbox 2552 779 2765 833; x_wconf 87' lang='lat' dir='ltr'><strong>odorari</strong></span> <span class='ocrx_word' id='word_1_491' title='bbox 2809 779 2889 834; x_wconf 92' lang='lat' dir='ltr'><strong>vel</strong></span> <span class='ocrx_word' id='word_1_492' title='bbox 2935 795 3041 835; x_wconf 92' lang='lat' dir='ltr'><strong>non</strong></span> <span class='ocrx_word' id='word_1_493' title='bbox 3089 779 3300 835; x_wconf 88' lang='lat' dir='ltr'><strong>odorari</strong></span> <span class='ocrx_word' id='word_1_494' title='bbox 3330 797 3344 834; x_wconf 88' lang='lat'>:</span> <span class='ocrx_word' id='word_1_495' title='bbox 3375 798 3393 833; x_wconf 75' lang='grc' dir='ltr'><strong><em>ι</em></strong></span> <span class='ocrx_word' id='word_1_496' title='bbox 3415 795 3537 836; x_wconf 89' lang='lat' dir='ltr'><strong>cum</strong></span> 
     </span>
    </p>
   </div>
   <div class='ocr_carea' id='block_1_64' title="bbox 1964 865 3541 941">
    <p class='ocr_par' dir='ltr' id='par_1_64' title="bbox 1964 865 3541 941">
     <span class='ocr_line' id='line_1_64' title="bbox 1964 865 3541 941; baseline 0.001 -20"><span class='ocrx_word' id='word_1_497' title='bbox 1964 866 2102 923; x_wconf 88' lang='lat' dir='ltr'><strong>inter</strong></span> <span class='ocrx_word' id='word_1_498' title='bbox 2144 865 2339 923; x_wconf 91' lang='lat' dir='ltr'><strong>odores</strong></span> <span class='ocrx_word' id='word_1_499' title='bbox 2380 881 2568 938; x_wconf 86' lang='lat' dir='ltr'><strong>graves</strong></span> <span class='ocrx_word' id='word_1_500' title='bbox 2615 877 2669 925; x_wconf 90' lang='lat' dir='ltr'><strong>et</strong></span> <span class='ocrx_word' id='word_1_501' title='bbox 2713 869 2967 925; x_wconf 87' lang='lat' dir='ltr'><strong>molestos</strong></span> <span class='ocrx_word' id='word_1_502' title='bbox 3014 869 3225 941; x_wconf 88' lang='lat' dir='ltr'><strong>quando</strong></span> <span class='ocrx_word' id='word_1_503' title='bbox 3269 870 3541 926; x_wconf 87' lang='lat' dir='ltr'><strong>constituti</strong></span> 
     </span>
    </p>
   </div>
   <div class='ocr_carea' id='block_1_65' title="bbox 1965 958 3539 1034">
    <p class='ocr_par' dir='ltr' id='par_1_65' title="bbox 1965 958 3539 1034">
     <span class='ocr_line' id='line_1_65' title="bbox 1965 958 3539 1034; baseline 0.003 -22"><span class='ocrx_word' id='word_1_504' title='bbox 1965 958 2248 1028; x_wconf 85' lang='lat' dir='ltr'><strong>fuerimus,</strong></span> <span class='ocrx_word' id='word_1_505' title='bbox 2281 958 2326 1015; x_wconf 91' lang='lat' dir='ltr'><strong>si</strong></span> <span class='ocrx_word' id='word_1_506' title='bbox 2350 959 2471 1030; x_wconf 89' lang='lat' dir='ltr'><strong>quis</strong></span> <span class='ocrx_word' id='word_1_507' title='bbox 2498 973 2595 1014; x_wconf 92' lang='lat' dir='ltr'><strong>nos</strong></span> <span class='ocrx_word' id='word_1_508' title='bbox 2622 960 2729 1016; x_wconf 92' lang='lat' dir='ltr'><strong>illic</strong></span> <span class='ocrx_word' id='word_1_509' title='bbox 2755 962 2999 1017; x_wconf 89' lang='lat' dir='ltr'><strong>manibus</strong></span> <span class='ocrx_word' id='word_1_510' title='bbox 3039 963 3209 1034; x_wconf 79' lang='lat' dir='ltr'><strong>ligatis</strong></span> <span class='ocrx_word' id='word_1_511' title='bbox 3234 964 3539 1026; x_wconf 82' lang='lat' dir='ltr'><strong>constituat,</strong></span> 
     </span>
    </p>
   </div>
   <div class='ocr_carea' id='block_1_66' title="bbox 1966 1052 3537 1127">
    <p class='ocr_par' dir='ltr' id='par_1_66' title="bbox 1966 1052 3537 1127">
     <span class='ocr_line' id='line_1_66' title="bbox 1966 1052 3537 1127; baseline 0.003 -22"><span class='ocrx_word' id='word_1_512' title='bbox 1966 1061 2176 1106; x_wconf 86' lang='lat' dir='ltr'><strong>servata</strong></span> <span class='ocrx_word' id='word_1_513' title='bbox 2233 1068 2447 1123; x_wconf 88' lang='lat' dir='ltr'><strong>prorsus</strong></span> <span class='ocrx_word' id='word_1_514' title='bbox 2501 1052 2800 1127; x_wconf 70' lang='lat' dir='ltr'><strong>integritate</strong></span> <span class='ocrx_word' id='word_1_515' title='bbox 2845 1068 2907 1109; x_wconf 85' lang='lat' dir='ltr'><strong>ac</strong></span> <span class='ocrx_word' id='word_1_516' title='bbox 2950 1054 3121 1109; x_wconf 85' lang='lat' dir='ltr'><strong>salute</strong></span> <span class='ocrx_word' id='word_1_517' title='bbox 3177 1055 3537 1110; x_wconf 67' lang='lat' dir='ltr'><strong>membrorum</strong></span> 
     </span>
    </p>
   </div>
   <div class='ocr_carea' id='block_1_67' title="bbox 1967 1141 3546 1215">
    <p class='ocr_par' dir='ltr' id='par_1_67' title="bbox 1967 1141 3546 1215">
     <span class='ocr_line' id='line_1_67' title="bbox 1967 1141 3546 1215; baseline 0.006 -24"><span class='ocrx_word' id='word_1_518' title='bbox 1967 1142 2193 1196; x_wconf 77' lang='lat' dir='ltr'><strong>velimus</strong></span> <span class='ocrx_word' id='word_1_519' title='bbox 2235 1157 2339 1196; x_wconf 92' lang='lat' dir='ltr'><strong>non</strong></span> <span class='ocrx_word' id='word_1_520' title='bbox 2389 1141 2622 1211; x_wconf 89' lang='lat' dir='ltr'><strong>odorari,</strong></span> <span class='ocrx_word' id='word_1_521' title='bbox 2670 1157 2768 1197; x_wconf 90' lang='lat' dir='ltr'><strong>nec</strong></span> <span class='ocrx_word' id='word_1_522' title='bbox 2813 1142 3031 1197; x_wconf 89' lang='lat' dir='ltr'><strong>omnino</strong></span> <span class='ocrx_word' id='word_1_523' title='bbox 3079 1144 3375 1212; x_wconf 81' lang='lat' dir='ltr'><strong>possimus;</strong></span> <span class='ocrx_word' id='word_1_524' title='bbox 3418 1143 3546 1215; x_wconf 75' lang='lat' dir='ltr'><strong>quia</strong></span> 
     </span>
    </p>
   </div>
   <div class='ocr_carea' id='block_1_68' title="bbox 1968 1233 3539 1304">
    <p class='ocr_par' dir='ltr' id='par_1_68' title="bbox 1968 1233 3539 1304">
     <span class='ocr_line' id='line_1_68' title="bbox 1968 1233 3539 1304; baseline 0.003 -18"><span class='ocrx_word' id='word_1_525' title='bbox 1968 1247 2087 1287; x_wconf 91' lang='lat' dir='ltr'><strong>cum</strong></span> <span class='ocrx_word' id='word_1_526' title='bbox 2140 1233 2382 1303; x_wconf 85' lang='lat' dir='ltr'><strong>spiritum</strong></span> <span class='ocrx_word' id='word_1_527' title='bbox 2434 1233 2630 1289; x_wconf 89' lang='lat' dir='ltr'><strong>ducere</strong></span> <span class='ocrx_word' id='word_1_528' title='bbox 2682 1234 2965 1304; x_wconf 80' lang='lat' dir='ltr'><strong>cogimur;</strong></span> <span class='ocrx_word' id='word_1_529' title='bbox 3021 1233 3179 1289; x_wconf 88' lang='lat' dir='ltr'><strong>simul</strong></span> <span class='ocrx_word' id='word_1_530' title='bbox 3225 1243 3279 1288; x_wconf 87' lang='lat' dir='ltr'><strong>et</strong></span> <span class='ocrx_word' id='word_1_531' title='bbox 3323 1235 3539 1290; x_wconf 85' lang='lat' dir='ltr'><strong>odorem</strong></span> 
     </span>
    </p>
   </div>
   <div class='ocr_carea' id='block_1_69' title="bbox 1968 1324 2752 1396">
    <p class='ocr_par' dir='ltr' id='par_1_69' title="bbox 1968 1324 2752 1396">
     <span class='ocr_line' id='line_1_69' title="bbox 1968 1324 2752 1396; baseline 0 -19"><span class='ocrx_word' id='word_1_532' title='bbox 1968 1340 2125 1396; x_wconf 89' lang='lat' dir='ltr'><strong>quem</strong></span> <span class='ocrx_word' id='word_1_533' title='bbox 2156 1324 2418 1390; x_wconf 88' lang='lat' dir='ltr'><strong>nolumus,</strong></span> <span class='ocrx_word' id='word_1_534' title='bbox 2453 1324 2752 1379; x_wconf 79' lang='lat' dir='ltr'><strong>trahimus?</strong></span> 
     </span>
    </p>
   </div>
   <div class='ocr_carea' id='block_1_70' title="bbox 2039 1413 3545 1485">
    <p class='ocr_par' dir='ltr' id='par_1_70' title="bbox 2039 1413 3545 1485">
     <span class='ocr_line' id='line_1_70' title="bbox 2039 1413 3545 1485; baseline -0.001 -16"><span class='ocrx_word' id='word_1_535' title='bbox 2039 1413 2265 1471; x_wconf 84' lang='lat' dir='ltr'><strong>CAPUT</strong></span> <span class='ocrx_word' id='word_1_536' title='bbox 2296 1413 2525 1469; x_wconf 81' lang='lat' dir='ltr'><strong>XLVIII.</strong></span> <span class='ocrx_word' id='word_1_537' title='bbox 2550 1445 2615 1455; x_wconf 98' lang='lat'><strong>—</strong></span> <span class='ocrx_word' id='word_1_538' title='bbox 2634 1415 2720 1470; x_wconf 82' lang='grc'><strong>56.</strong></span> <span class='ocrx_word' id='word_1_539' title='bbox 2744 1413 2933 1470; x_wconf 70' lang='lat' dir='ltr'><strong>Gratia!</strong></span> <span class='ocrx_word' id='word_1_540' title='bbox 2952 1415 3263 1485; x_wconf 77' lang='lat' dir='ltr'><strong>adjutorium</strong></span> <span class='ocrx_word' id='word_1_541' title='bbox 3292 1415 3343 1468; x_wconf 84' lang='lat' dir='ltr'><strong>in</strong></span> <span class='ocrx_word' id='word_1_542' title='bbox 3364 1424 3545 1469; x_wconf 86' lang='lat' dir='ltr'><strong>natura</strong></span> 
     </span>
    </p>
   </div>
   <div class='ocr_carea' id='block_1_71' title="bbox 1971 1505 3546 1577">
    <p class='ocr_par' dir='ltr' id='par_1_71' title="bbox 1971 1505 3546 1577">
     <span class='ocr_line' id='line_1_71' title="bbox 1971 1505 3546 1577; baseline 0.001 -18"><span class='ocrx_word' id='word_1_543' title='bbox 1971 1507 2182 1577; x_wconf 87' lang='lat' dir='ltr'><strong>integra.</strong></span> <span class='ocrx_word' id='word_1_544' title='bbox 2212 1505 2359 1562; x_wconf 89' lang='lat' dir='ltr'><strong>Sicut</strong></span> <span class='ocrx_word' id='word_1_545' title='bbox 2385 1522 2513 1577; x_wconf 79' lang='lat' dir='ltr'><strong>ergo</strong></span> <span class='ocrx_word' id='word_1_546' title='bbox 2553 1507 2669 1562; x_wconf 74' lang='lat' dir='ltr'><strong>ista:</strong></span> <span class='ocrx_word' id='word_1_547' title='bbox 2708 1506 3079 1563; x_wconf 75' lang='lat' dir='ltr'><strong>similitudines</strong></span> <span class='ocrx_word' id='word_1_548' title='bbox 3122 1507 3264 1562; x_wconf 77' lang='lat' dir='ltr'><strong>falsa:</strong></span> <span class='ocrx_word' id='word_1_549' title='bbox 3293 1517 3445 1573; x_wconf 90' lang='lat' dir='ltr'><strong>sunt,</strong></span> <span class='ocrx_word' id='word_1_550' title='bbox 3476 1507 3546 1561; x_wconf 80' lang='lat' dir='ltr'><strong>ita</strong></span> 
     </span>
    </p>
   </div>
   <div class='ocr_carea' id='block_1_72' title="bbox 1972 1597 3553 1670">
    <p class='ocr_par' dir='ltr' id='par_1_72' title="bbox 1972 1597 3553 1670">
     <span class='ocr_line' id='line_1_72' title="bbox 1972 1597 3553 1670; baseline -0.001 -19"><span class='ocrx_word' id='word_1_551' title='bbox 1972 1604 2028 1651; x_wconf 91' lang='lat' dir='ltr'><strong>et</strong></span> <span class='ocrx_word' id='word_1_552' title='bbox 2055 1597 2178 1651; x_wconf 92' lang='lat' dir='ltr'><strong>illud</strong></span> <span class='ocrx_word' id='word_1_553' title='bbox 2209 1608 2424 1668; x_wconf 88' lang='lat' dir='ltr'><strong>propter</strong></span> <span class='ocrx_word' id='word_1_554' title='bbox 2462 1598 2599 1669; x_wconf 89' lang='lat' dir='ltr'><strong>quod</strong></span> <span class='ocrx_word' id='word_1_555' title='bbox 2648 1614 2739 1653; x_wconf 92' lang='lat' dir='ltr'><strong>eas</strong></span> <span class='ocrx_word' id='word_1_556' title='bbox 2787 1603 2949 1654; x_wconf 67' lang='lat' dir='ltr'><strong>voluit</strong></span> <span class='ocrx_word' id='word_1_557' title='bbox 2993 1598 3267 1655; x_wconf 83' lang='lat' dir='ltr'><strong>adhibere.</strong></span> <span class='ocrx_word' id='word_1_558' title='bbox 3301 1599 3553 1670; x_wconf 75' lang='lat' dir='ltr'><strong>Sequitur</strong></span> 
     </span>
    </p>
   </div>
   <div class='ocr_carea' id='block_1_73' title="bbox 1973 1689 3554 1762">
    <p class='ocr_par' dir='ltr' id='par_1_73' title="bbox 1973 1689 3554 1762">
     <span class='ocr_line' id='line_1_73' title="bbox 1973 1689 3554 1762; baseline 0.002 -18"><span class='ocrx_word' id='word_1_559' title='bbox 1973 1690 2113 1744; x_wconf 88' lang='lat' dir='ltr'><strong>enim</strong></span> <span class='ocrx_word' id='word_1_560' title='bbox 2141 1698 2193 1744; x_wconf 87' lang='lat' dir='ltr'><strong>et</strong></span> <span class='ocrx_word' id='word_1_561' title='bbox 2222 1690 2348 1744; x_wconf 86' lang='lat' dir='ltr'><strong>dicit</strong></span> <span class='ocrx_word' id='word_1_562' title='bbox 2381 1708 2394 1743; x_wconf 88' lang='lat'><strong>:</strong></span> <span class='ocrx_word' id='word_1_563' title='bbox 2434 1709 2452 1742; x_wconf 78' lang='lat' dir='ltr'><strong>s</strong></span> <span class='ocrx_word' id='word_1_564' title='bbox 2486 1690 2655 1745; x_wconf 87' lang='lat' dir='ltr'><strong>Simili</strong></span> <span class='ocrx_word' id='word_1_565' title='bbox 2688 1705 2816 1762; x_wconf 84' lang='lat' dir='ltr'><strong>ergo</strong></span> <span class='ocrx_word' id='word_1_566' title='bbox 2851 1689 3011 1746; x_wconf 91' lang='lat' dir='ltr'><strong>modo</strong></span> <span class='ocrx_word' id='word_1_567' title='bbox 3047 1691 3114 1747; x_wconf 93' lang='lat' dir='ltr'><strong>de</strong></span> <span class='ocrx_word' id='word_1_568' title='bbox 3156 1706 3260 1746; x_wconf 91' lang='lat' dir='ltr'><strong>non</strong></span> <span class='ocrx_word' id='word_1_569' title='bbox 3301 1693 3554 1762; x_wconf 77' lang='lat' dir='ltr'><strong>peccandi</strong></span> 
     </span>
    </p>
   </div>
   <div class='ocr_carea' id='block_1_74' title="bbox 1974 1781 3556 1854">
    <p class='ocr_par' dir='ltr' id='par_1_74' title="bbox 1974 1781 3556 1854">
     <span class='ocr_line' id='line_1_74' title="bbox 1974 1781 3556 1854; baseline 0.002 -21"><span class='ocrx_word' id='word_1_570' title='bbox 1974 1782 2322 1852; x_wconf 90' lang='lat' dir='ltr'><strong>possibilitate</strong></span> <span class='ocrx_word' id='word_1_571' title='bbox 2376 1782 2772 1854; x_wconf 82' lang='lat' dir='ltr'><strong>intelligendum</strong></span> <span class='ocrx_word' id='word_1_572' title='bbox 2815 1789 2932 1850; x_wconf 91' lang='lat' dir='ltr'><strong>est,</strong></span> <span class='ocrx_word' id='word_1_573' title='bbox 2985 1781 3125 1853; x_wconf 90' lang='lat' dir='ltr'><strong>quod</strong></span> <span class='ocrx_word' id='word_1_574' title='bbox 3180 1798 3287 1838; x_wconf 91' lang='lat' dir='ltr'><strong>non</strong></span> <span class='ocrx_word' id='word_1_575' title='bbox 3333 1798 3556 1853; x_wconf 83' lang='lat' dir='ltr'><strong>peccare</strong></span> 
     </span>
    </p>
   </div>
   <div class='ocr_carea' id='block_1_75' title="bbox 1975 1860 3551 1945">
    <p class='ocr_par' dir='ltr' id='par_1_75' title="bbox 1975 1860 3551 1945">
     <span class='ocr_line' id='line_1_75' title="bbox 1975 1860 3551 1945; baseline 0.001 -19"><span class='ocrx_word' id='word_1_576' title='bbox 1975 1860 2225 1928; x_wconf 39' lang='lat' dir='ltr'><strong>nostrum‘</strong></span> <span class='ocrx_word' id='word_1_577' title='bbox 2244 1873 2333 1940; x_wconf 90' lang='lat' dir='ltr'><strong>sit,</strong></span> <span class='ocrx_word' id='word_1_578' title='bbox 2366 1889 2522 1945; x_wconf 89' lang='lat' dir='ltr'><strong>posse</strong></span> <span class='ocrx_word' id='word_1_579' title='bbox 2550 1889 2676 1929; x_wconf 85' lang='lat' dir='ltr'><strong>vero</strong></span> <span class='ocrx_word' id='word_1_580' title='bbox 2704 1889 2808 1929; x_wconf 91' lang='lat' dir='ltr'><strong>non</strong></span> <span class='ocrx_word' id='word_1_581' title='bbox 2839 1888 3066 1945; x_wconf 85' lang='lat' dir='ltr'><strong>peccare</strong></span> <span class='ocrx_word' id='word_1_582' title='bbox 3094 1890 3198 1929; x_wconf 91' lang='lat' dir='ltr'><strong>non</strong></span> <span class='ocrx_word' id='word_1_583' title='bbox 3233 1885 3495 1930; x_wconf 85' lang='lat' dir='ltr'><strong>nostrum.</strong></span> <span class='ocrx_word' id='word_1_584' title='bbox 3529 1895 3551 1926; x_wconf 76' lang='grc' dir='ltr'><strong><em>ι</em></strong></span> 
     </span>
    </p>
   </div>
   <div class='ocr_carea' id='block_1_76' title="bbox 1974 1963 3555 2036">
    <p class='ocr_par' dir='ltr' id='par_1_76' title="bbox 1974 1963 3555 2036">
     <span class='ocr_line' id='line_1_76' title="bbox 1974 1963 3555 2036; baseline 0.002 -18"><span class='ocrx_word' id='word_1_585' title='bbox 1974 1963 2029 2018; x_wconf 91' lang='lat' dir='ltr'><strong>Si</strong></span> <span class='ocrx_word' id='word_1_586' title='bbox 2076 1963 2142 2019; x_wconf 91' lang='lat' dir='ltr'><strong>de</strong></span> <span class='ocrx_word' id='word_1_587' title='bbox 2194 1964 2396 2036; x_wconf 83' lang='lat' dir='ltr'><strong>integra</strong></span> <span class='ocrx_word' id='word_1_588' title='bbox 2445 1975 2498 2019; x_wconf 89' lang='lat' dir='ltr'><strong>et</strong></span> <span class='ocrx_word' id='word_1_589' title='bbox 2545 1980 2672 2020; x_wconf 85' lang='lat' dir='ltr'><strong>sana</strong></span> <span class='ocrx_word' id='word_1_590' title='bbox 2718 1964 2949 2020; x_wconf 88' lang='lat' dir='ltr'><strong>hominis</strong></span> <span class='ocrx_word' id='word_1_591' title='bbox 2997 1976 3182 2021; x_wconf 87' lang='lat' dir='ltr'><strong>natura</strong></span> <span class='ocrx_word' id='word_1_592' title='bbox 3229 1966 3555 2036; x_wconf 89' lang='lat' dir='ltr'><strong>loqueretur,</strong></span> 
     </span>
    </p>
   </div>
   <div class='ocr_carea' id='block_1_77' title="bbox 1976 2055 3559 2130">
    <p class='ocr_par' dir='ltr' id='par_1_77' title="bbox 1976 2055 3559 2130">
     <span class='ocr_line' id='line_1_77' title="bbox 1976 2055 3559 2130; baseline 0.003 -23"><span class='ocrx_word' id='word_1_593' title='bbox 1976 2070 2131 2125; x_wconf 90' lang='lat' dir='ltr'><strong>quam</strong></span> <span class='ocrx_word' id='word_1_594' title='bbox 2158 2055 2316 2109; x_wconf 91' lang='lat' dir='ltr'><strong>modo</strong></span> <span class='ocrx_word' id='word_1_595' title='bbox 2341 2071 2446 2111; x_wconf 91' lang='lat' dir='ltr'><strong>non</strong></span> <span class='ocrx_word' id='word_1_596' title='bbox 2473 2055 2729 2111; x_wconf 83' lang='lat' dir='ltr'><strong>habemus</strong></span> <span class='ocrx_word' id='word_1_597' title='bbox 2751 2056 2882 2130; x_wconf 82' lang='lat' dir='ltr'><strong>(Spe</strong></span> <span class='ocrx_word' id='word_1_598' title='bbox 2902 2057 3039 2112; x_wconf 79' lang='lat' dir='ltr'><strong>enim</strong></span> <span class='ocrx_word' id='word_1_599' title='bbox 3063 2056 3190 2111; x_wconf 84' lang='lat' dir='ltr'><strong>salvi</strong></span> <span class='ocrx_word' id='word_1_600' title='bbox 3217 2057 3339 2128; x_wconf 79' lang='lat' dir='ltr'><strong>facti</strong></span> <span class='ocrx_word' id='word_1_601' title='bbox 3361 2073 3559 2121; x_wconf 86' lang='lat' dir='ltr'><strong>sumus;</strong></span> 
     </span>
    </p>
   </div>
   <div class='ocr_carea' id='block_1_78' title="bbox 1978 2147 3560 2220">
    <p class='ocr_par' dir='ltr' id='par_1_78' title="bbox 1978 2147 3560 2220">
     <span class='ocr_line' id='line_1_78' title="bbox 1978 2147 3560 2220; baseline 0 -20"><span class='ocrx_word' id='word_1_602' title='bbox 1978 2162 2093 2215; x_wconf 74' lang='lat' dir='ltr'><strong>spes</strong></span> <span class='ocrx_word' id='word_1_603' title='bbox 2118 2154 2286 2199; x_wconf 82' lang='lat' dir='ltr'><strong>autem</strong></span> <span class='ocrx_word' id='word_1_604' title='bbox 2326 2162 2438 2218; x_wconf 66' lang='lat' dir='ltr'><strong>quin</strong></span> <span class='ocrx_word' id='word_1_605' title='bbox 2465 2148 2658 2202; x_wconf 78' lang='lat' dir='ltr'><strong>videtur</strong></span> <span class='ocrx_word' id='word_1_606' title='bbox 2693 2164 2792 2201; x_wconf 83' lang='lat' dir='ltr'><strong>non</strong></span> <span class='ocrx_word' id='word_1_607' title='bbox 2836 2156 2907 2202; x_wconf 78' lang='lat' dir='ltr'><strong>est</strong></span> <span class='ocrx_word' id='word_1_608' title='bbox 2944 2164 3058 2218; x_wconf 86' lang='lat' dir='ltr'><strong>spes</strong></span> <span class='ocrx_word' id='word_1_609' title='bbox 3088 2162 3106 2201; x_wconf 90' lang='lat'><strong><em>:</em></strong></span> <span class='ocrx_word' id='word_1_610' title='bbox 3132 2147 3177 2201; x_wconf 88' lang='lat' dir='ltr'><strong>si</strong></span> <span class='ocrx_word' id='word_1_611' title='bbox 3216 2157 3381 2220; x_wconf 79' lang='lat' dir='ltr'><strong>autem</strong></span> <span class='ocrx_word' id='word_1_612' title='bbox 3426 2148 3560 2218; x_wconf 81' lang='lat' dir='ltr'><strong>quod</strong></span> 
     </span>
    </p>
   </div>
   <div class='ocr_carea' id='block_1_79' title="bbox 1976 2236 3561 2310">
    <p class='ocr_par' dir='ltr' id='par_1_79' title="bbox 1976 2236 3561 2310">
     <span class='ocr_line' id='line_1_79' title="bbox 1976 2236 3561 2310; baseline 0.001 -20"><span class='ocrx_word' id='word_1_613' title='bbox 1976 2252 2077 2291; x_wconf 82' lang='lat' dir='ltr'><strong>non</strong></span> <span class='ocrx_word' id='word_1_614' title='bbox 2127 2236 2351 2292; x_wconf 79' lang='lat' dir='ltr'><strong>videmus</strong></span> <span class='ocrx_word' id='word_1_615' title='bbox 2402 2254 2683 2308; x_wconf 79' lang='lat' dir='ltr'><strong>speramus,</strong></span> <span class='ocrx_word' id='word_1_616' title='bbox 2736 2255 2823 2308; x_wconf 80' lang='lat' dir='ltr'><strong>per</strong></span> <span class='ocrx_word' id='word_1_617' title='bbox 2873 2240 3168 2310; x_wconf 81' lang='lat' dir='ltr'><strong>patientiam</strong></span> <span class='ocrx_word' id='word_1_618' title='bbox 3215 2248 3561 2310; x_wconf 75' lang='lat' dir='ltr'><strong>exspectamus</strong></span> 
     </span>
    </p>
   </div>
   <div class='ocr_carea' id='block_1_80' title="bbox 1979 2324 3561 2401">
    <p class='ocr_par' dir='ltr' id='par_1_80' title="bbox 1979 2324 3561 2401">
     <span class='ocr_line' id='line_1_80' title="bbox 1979 2324 3561 2401; baseline 0.001 -20"><span class='ocrx_word' id='word_1_619' title='bbox 1979 2324 2152 2400; x_wconf 84' lang='lat' dir='ltr'><strong>[Rom.</strong></span> <span class='ocrx_word' id='word_1_620' title='bbox 2180 2344 2290 2396; x_wconf 80' lang='lat' dir='ltr'><strong>vin,</strong></span> <span class='ocrx_word' id='word_1_621' title='bbox 2321 2327 2412 2395; x_wconf 69' lang='lat'><strong>24,</strong></span> <span class='ocrx_word' id='word_1_622' title='bbox 2439 2327 2579 2401; x_wconf 72' lang='lat'><strong>25]),</strong></span> <span class='ocrx_word' id='word_1_623' title='bbox 2609 2343 2705 2383; x_wconf 90' lang='lat' dir='ltr'><strong>nec</strong></span> <span class='ocrx_word' id='word_1_624' title='bbox 2744 2330 2820 2384; x_wconf 89' lang='lat' dir='ltr'><strong>sic</strong></span> <span class='ocrx_word' id='word_1_625' title='bbox 2856 2337 2998 2385; x_wconf 89' lang='lat' dir='ltr'><strong>recte</strong></span> <span class='ocrx_word' id='word_1_626' title='bbox 3027 2329 3246 2396; x_wconf 90' lang='lat' dir='ltr'><strong>diceret,</strong></span> <span class='ocrx_word' id='word_1_627' title='bbox 3275 2329 3416 2400; x_wconf 91' lang='lat' dir='ltr'><strong>quod</strong></span> <span class='ocrx_word' id='word_1_628' title='bbox 3454 2347 3561 2384; x_wconf 91' lang='lat' dir='ltr'><strong>non</strong></span> 
     </span>
    </p>
   </div>
   <div class='ocr_carea' id='block_1_81' title="bbox 1977 2421 3564 2492">
    <p class='ocr_par' dir='ltr' id='par_1_81' title="bbox 1977 2421 3564 2492">
     <span class='ocr_line' id='line_1_81' title="bbox 1977 2421 3564 2492; baseline 0.003 -19"><span class='ocrx_word' id='word_1_629' title='bbox 1977 2433 2201 2489; x_wconf 90' lang='lat' dir='ltr'><strong>peccare</strong></span> <span class='ocrx_word' id='word_1_630' title='bbox 2237 2428 2477 2475; x_wconf 90' lang='lat' dir='ltr'><strong>nostrum</strong></span> <span class='ocrx_word' id='word_1_631' title='bbox 2529 2421 2892 2476; x_wconf 88' lang='lat' dir='ltr'><strong>tantummodo</strong></span> <span class='ocrx_word' id='word_1_632' title='bbox 2925 2422 3015 2489; x_wconf 90' lang='lat' dir='ltr'><strong>sit,</strong></span> <span class='ocrx_word' id='word_1_633' title='bbox 3058 2424 3298 2492; x_wconf 87' lang='lat' dir='ltr'><strong>quamvis</strong></span> <span class='ocrx_word' id='word_1_634' title='bbox 3342 2437 3564 2492; x_wconf 84' lang='lat' dir='ltr'><strong>peccare</strong></span> 
     </span>
    </p>
   </div>
   <div class='ocr_carea' id='block_1_82' title="bbox 1980 2513 3560 2585">
    <p class='ocr_par' dir='ltr' id='par_1_82' title="bbox 1980 2513 3560 2585">
     <span class='ocr_line' id='line_1_82' title="bbox 1980 2513 3560 2585; baseline 0.003 -21"><span class='ocrx_word' id='word_1_635' title='bbox 1980 2519 2220 2567; x_wconf 84' lang='lat' dir='ltr'><strong>nostrum</strong></span> <span class='ocrx_word' id='word_1_636' title='bbox 2246 2520 2428 2569; x_wconf 89' lang='lat' dir='ltr'><strong>esset:</strong></span> <span class='ocrx_word' id='word_1_637' title='bbox 2476 2528 2595 2567; x_wconf 88' lang='lat' dir='ltr'><strong>nam</strong></span> <span class='ocrx_word' id='word_1_638' title='bbox 2626 2522 2680 2567; x_wconf 92' lang='lat' dir='ltr'><strong>et</strong></span> <span class='ocrx_word' id='word_1_639' title='bbox 2716 2522 2838 2569; x_wconf 84' lang='lat' dir='ltr'><strong>tunc</strong></span> <span class='ocrx_word' id='word_1_640' title='bbox 2876 2523 3019 2570; x_wconf 88' lang='lat' dir='ltr'><strong>esset</strong></span> <span class='ocrx_word' id='word_1_641' title='bbox 3043 2515 3064 2546; x_wconf 77' lang='grc'>⁸</span> <span class='ocrx_word' id='word_1_642' title='bbox 3092 2513 3409 2585; x_wconf 85' lang='lat' dir='ltr'><strong>adjutorium</strong></span> <span class='ocrx_word' id='word_1_643' title='bbox 3445 2516 3560 2580; x_wconf 83' lang='lat' dir='ltr'><strong>Dei,</strong></span> 
     </span>
    </p>
   </div>
   <div class='ocr_carea' id='block_1_83' title="bbox 1978 2605 3563 2676">
    <p class='ocr_par' dir='ltr' id='par_1_83' title="bbox 1978 2605 3563 2676">
     <span class='ocr_line' id='line_1_83' title="bbox 1978 2605 3563 2676; baseline 0.001 -15"><span class='ocrx_word' id='word_1_644' title='bbox 1978 2614 2033 2661; x_wconf 91' lang='lat' dir='ltr'><strong>et</strong></span> <span class='ocrx_word' id='word_1_645' title='bbox 2058 2613 2307 2676; x_wconf 89' lang='lat' dir='ltr'><strong>tanquam</strong></span> <span class='ocrx_word' id='word_1_646' title='bbox 2336 2606 2511 2661; x_wconf 89' lang='lat' dir='ltr'><strong>lumen</strong></span> <span class='ocrx_word' id='word_1_647' title='bbox 2543 2605 2688 2659; x_wconf 88' lang='lat' dir='ltr'><strong>sanis</strong></span> <span class='ocrx_word' id='word_1_648' title='bbox 2714 2606 2883 2660; x_wconf 89' lang='lat' dir='ltr'><strong>oculis</strong></span> <span class='ocrx_word' id='word_1_649' title='bbox 2907 2621 3012 2676; x_wconf 91' lang='lat' dir='ltr'><strong>quo</strong></span> <span class='ocrx_word' id='word_1_650' title='bbox 3047 2606 3211 2676; x_wconf 81' lang='lat' dir='ltr'><strong>adjuti</strong></span> <span class='ocrx_word' id='word_1_651' title='bbox 3238 2608 3471 2674; x_wconf 86' lang='lat' dir='ltr'><strong>videant,</strong></span> <span class='ocrx_word' id='word_1_652' title='bbox 3502 2622 3563 2663; x_wconf 78' lang='lat' dir='ltr'><strong>se</strong></span> 
     </span>
    </p>
   </div>
   <div class='ocr_carea' id='block_1_84' title="bbox 1977 2697 3563 2771">
    <p class='ocr_par' dir='ltr' id='par_1_84' title="bbox 1977 2697 3563 2771">
     <span class='ocr_line' id='line_1_84' title="bbox 1977 2697 3563 2771; baseline -0.001 -15"><span class='ocrx_word' id='word_1_653' title='bbox 1977 2699 2241 2771; x_wconf 79' lang='lat' dir='ltr'><strong>praeberet</strong></span> <span class='ocrx_word' id='word_1_654' title='bbox 2265 2698 2287 2731; x_wconf 88' lang='grc'><em>³</em></span> <span class='ocrx_word' id='word_1_655' title='bbox 2314 2700 2634 2755; x_wconf 88' lang='lat' dir='ltr'><strong>volentibus.</strong></span> <span class='ocrx_word' id='word_1_656' title='bbox 2683 2698 2815 2765; x_wconf 90' lang='lat' dir='ltr'><strong>Quia</strong></span> <span class='ocrx_word' id='word_1_657' title='bbox 2842 2713 2969 2754; x_wconf 89' lang='lat' dir='ltr'><strong>vero</strong></span> <span class='ocrx_word' id='word_1_658' title='bbox 3006 2697 3074 2755; x_wconf 89' lang='lat' dir='ltr'><strong>de</strong></span> <span class='ocrx_word' id='word_1_659' title='bbox 3121 2701 3220 2754; x_wconf 85' lang='lat' dir='ltr'><strong>hac</strong></span> <span class='ocrx_word' id='word_1_660' title='bbox 3243 2700 3348 2754; x_wconf 90' lang='lat' dir='ltr'><strong>vita</strong></span> <span class='ocrx_word' id='word_1_661' title='bbox 3377 2699 3563 2770; x_wconf 83' lang='lat' dir='ltr'><strong>dispu-</strong></span> 
     </span>
    </p>
   </div>
   <div class='ocr_carea' id='block_1_85' title="bbox 1980 2791 3561 2862">
    <p class='ocr_par' dir='ltr' id='par_1_85' title="bbox 1980 2791 3561 2862">
     <span class='ocr_line' id='line_1_85' title="bbox 1980 2791 3561 2862; baseline -0.003 -13"><span class='ocrx_word' id='word_1_662' title='bbox 1980 2802 2075 2859; x_wconf 87' lang='lat' dir='ltr'><strong>tat,</strong></span> <span class='ocrx_word' id='word_1_663' title='bbox 2104 2792 2193 2849; x_wconf 91' lang='lat' dir='ltr'><strong>ubi</strong></span> <span class='ocrx_word' id='word_1_664' title='bbox 2232 2806 2425 2861; x_wconf 90' lang='lat' dir='ltr'><strong>corpus</strong></span> <span class='ocrx_word' id='word_1_665' title='bbox 2453 2791 2593 2862; x_wconf 90' lang='lat' dir='ltr'><strong>quod</strong></span> <span class='ocrx_word' id='word_1_666' title='bbox 2621 2791 2998 2862; x_wconf 87' lang='lat' dir='ltr'><strong>corrumpitur,</strong></span> <span class='ocrx_word' id='word_1_667' title='bbox 3032 2798 3285 2862; x_wconf 85' lang='lat' dir='ltr'><strong>aggravat</strong></span> <span class='ocrx_word' id='word_1_668' title='bbox 3307 2791 3561 2855; x_wconf 87' lang='lat' dir='ltr'><strong>animam,</strong></span> 
     </span>
    </p>
   </div>
   <div class='ocr_carea' id='block_1_86' title="bbox 1979 2879 3565 2952">
    <p class='ocr_par' dir='ltr' id='par_1_86' title="bbox 1979 2879 3565 2952">
     <span class='ocr_line' id='line_1_86' title="bbox 1979 2879 3565 2952; baseline -0.002 -13"><span class='ocrx_word' id='word_1_669' title='bbox 1979 2893 2033 2939; x_wconf 89' lang='lat' dir='ltr'><strong>ct</strong></span> <span class='ocrx_word' id='word_1_670' title='bbox 2070 2882 2322 2952; x_wconf 90' lang='lat' dir='ltr'><strong>deprimit</strong></span> <span class='ocrx_word' id='word_1_671' title='bbox 2364 2889 2573 2937; x_wconf 87' lang='lat' dir='ltr'><strong>terrena</strong></span> <span class='ocrx_word' id='word_1_672' title='bbox 2618 2879 2931 2935; x_wconf 79' lang='lat' dir='ltr'><strong>inltabita&#39;tio</strong></span> <span class='ocrx_word' id='word_1_673' title='bbox 2977 2896 3191 2935; x_wconf 90' lang='lat' dir='ltr'><strong>sensum</strong></span> <span class='ocrx_word' id='word_1_674' title='bbox 3223 2881 3384 2935; x_wconf 90' lang='lat' dir='ltr'><strong>multa</strong></span> <span class='ocrx_word' id='word_1_675' title='bbox 3415 2884 3565 2951; x_wconf 81' lang='lat' dir='ltr'><strong>cogi-</strong></span> 
     </span>
    </p>
   </div>
   <div class='ocr_carea' id='block_1_87' title="bbox 1982 2970 3565 3047">
    <p class='ocr_par' dir='ltr' id='par_1_87' title="bbox 1982 2970 3565 3047">
     <span class='ocr_line' id='line_1_87' title="bbox 1982 2970 3565 3047; baseline -0.002 -19"><span class='ocrx_word' id='word_1_676' title='bbox 1982 2982 2179 3029; x_wconf 88' lang='lat' dir='ltr'><strong>tantem</strong></span> <span class='ocrx_word' id='word_1_677' title='bbox 2211 2971 2365 3047; x_wconf 82' lang='lat' dir='ltr'><strong>(Sap.</strong></span> <span class='ocrx_word' id='word_1_678' title='bbox 2397 2987 2477 3038; x_wconf 72' lang='grc' dir='ltr'><strong>ιι,</strong></span> <span class='ocrx_word' id='word_1_679' title='bbox 2507 2970 2594 3043; x_wconf 78' lang='lat' dir='ltr'><strong>l5)</strong></span> <span class='ocrx_word' id='word_1_680' title='bbox 2625 2988 2638 3037; x_wconf 91' lang='lat'>;</span> <span class='ocrx_word' id='word_1_681' title='bbox 2688 2971 2853 3025; x_wconf 80' lang='lat' dir='ltr'><strong>miror</strong></span> <span class='ocrx_word' id='word_1_682' title='bbox 2884 2986 2990 3042; x_wconf 90' lang='lat' dir='ltr'><strong>quo</strong></span> <span class='ocrx_word' id='word_1_683' title='bbox 3034 2971 3217 3036; x_wconf 83' lang='lat' dir='ltr'><strong>corde,</strong></span> <span class='ocrx_word' id='word_1_684' title='bbox 3249 2971 3407 3026; x_wconf 88' lang='lat' dir='ltr'><strong>etiam</strong></span> <span class='ocrx_word' id='word_1_685' title='bbox 3448 2973 3565 3027; x_wconf 75' lang='lat' dir='ltr'><strong>sine</strong></span> 
     </span>
    </p>
   </div>
   <div class='ocr_carea' id='block_1_88' title="bbox 1980 3048 3567 3133">
    <p class='ocr_par' dir='ltr' id='par_1_88' title="bbox 1980 3048 3567 3133">
     <span class='ocr_line' id='line_1_88' title="bbox 1980 3048 3567 3133; baseline -0.001 -16"><span class='ocrx_word' id='word_1_686' title='bbox 1980 3062 2243 3133; x_wconf 87' lang='lat' dir='ltr'><strong>adjutorio</strong></span> <span class='ocrx_word' id='word_1_687' title='bbox 2272 3061 2549 3117; x_wconf 81' lang='lat' dir='ltr'><strong>medicinae</strong></span> <span class='ocrx_word' id='word_1_688' title='bbox 2578 3048 2868 3116; x_wconf 62' lang='lat' dir='ltr'><strong>Salvatori&#39;s</strong></span> <span class='ocrx_word' id='word_1_689' title='bbox 2898 3060 3088 3128; x_wconf 86' lang='lat' dir='ltr'><strong>nostri,</strong></span> <span class='ocrx_word' id='word_1_690' title='bbox 3134 3068 3375 3115; x_wconf 78' lang='lat' dir='ltr'><strong>nostrum</strong></span> <span class='ocrx_word' id='word_1_691' title='bbox 3416 3071 3567 3132; x_wconf 86' lang='lat' dir='ltr'><strong>putet</strong></span> 
     </span>
    </p>
   </div>
   <div class='ocr_carea' id='block_1_89' title="bbox 1981 3162 3567 3223">
    <p class='ocr_par' dir='ltr' id='par_1_89' title="bbox 1981 3162 3567 3223">
     <span class='ocr_line' id='line_1_89' title="bbox 1981 3162 3567 3223; baseline -0.001 -13"><span class='ocrx_word' id='word_1_692' title='bbox 1981 3170 2100 3211; x_wconf 84' lang='lat' dir='ltr'><strong>esse</strong></span> <span class='ocrx_word' id='word_1_693' title='bbox 2148 3169 2251 3209; x_wconf 81' lang='lat' dir='ltr'><strong>llOlI</strong></span> <span class='ocrx_word' id='word_1_694' title='bbox 2297 3168 2539 3223; x_wconf 88' lang='lat' dir='ltr'><strong>peccare,</strong></span> <span class='ocrx_word' id='word_1_695' title='bbox 2588 3168 2744 3223; x_wconf 81' lang='lat' dir='ltr'><strong>pOSSC</strong></span> <span class='ocrx_word' id='word_1_696' title='bbox 2786 3167 2914 3207; x_wconf 72' lang='lat' dir='ltr'><strong>VBI&#39;O</strong></span> <span class='ocrx_word' id='word_1_697' title='bbox 2955 3167 3057 3207; x_wconf 78' lang='lat' dir='ltr'><strong>IIOII</strong></span> <span class='ocrx_word' id='word_1_698' title='bbox 3104 3168 3323 3222; x_wconf 86' lang='lat' dir='ltr'><strong>peccare</strong></span> <span class='ocrx_word' id='word_1_699' title='bbox 3365 3162 3567 3209; x_wconf 71' lang='lat' dir='ltr'><strong>natura:</strong></span> 
     </span>
    </p>
   </div>
   <div class='ocr_carea' id='block_1_90' title="bbox 1982 3246 3567 3317">
    <p class='ocr_par' dir='ltr' id='par_1_90' title="bbox 1982 3246 3567 3317">
     <span class='ocr_line' id='line_1_90' title="bbox 1982 3246 3567 3317; baseline -0.001 -13"><span class='ocrx_word' id='word_1_700' title='bbox 1982 3264 2103 3304; x_wconf 89' lang='lat' dir='ltr'><strong>esse</strong></span> <span class='ocrx_word' id='word_1_701' title='bbox 2130 3247 2435 3313; x_wconf 90' lang='lat' dir='ltr'><strong>contendat,</strong></span> <span class='ocrx_word' id='word_1_702' title='bbox 2481 3263 2640 3317; x_wconf 88' lang='lat' dir='ltr'><strong>quam</strong></span> <span class='ocrx_word' id='word_1_703' title='bbox 2670 3246 2746 3301; x_wconf 91' lang='lat' dir='ltr'><strong>sic</strong></span> <span class='ocrx_word' id='word_1_704' title='bbox 2791 3255 3013 3315; x_wconf 87' lang='lat' dir='ltr'><strong>apparet</strong></span> <span class='ocrx_word' id='word_1_705' title='bbox 3055 3260 3175 3302; x_wconf 89' lang='lat' dir='ltr'><strong>esse</strong></span> <span class='ocrx_word' id='word_1_706' title='bbox 3204 3246 3438 3302; x_wconf 88' lang='lat' dir='ltr'><strong>vitiatam</strong></span> <span class='ocrx_word' id='word_1_707' title='bbox 3463 3288 3478 3313; x_wconf 93' lang='lat'><strong>,</strong></span> <span class='ocrx_word' id='word_1_708' title='bbox 3509 3255 3567 3302; x_wconf 90' lang='lat' dir='ltr'><strong>ut</strong></span> 
     </span>
    </p>
   </div>
   <div class='ocr_carea' id='block_1_91' title="bbox 1984 3337 2945 3410">
    <p class='ocr_par' dir='ltr' id='par_1_91' title="bbox 1984 3337 2945 3410">
     <span class='ocr_line' id='line_1_91' title="bbox 1984 3337 2945 3410; baseline -0.005 -15"><span class='ocrx_word' id='word_1_709' title='bbox 1984 3339 2088 3395; x_wconf 83' lang='lat' dir='ltr'><strong>hoc</strong></span> <span class='ocrx_word' id='word_1_710' title='bbox 2126 3340 2345 3410; x_wconf 86' lang='lat' dir='ltr'><strong>majoris</strong></span> <span class='ocrx_word' id='word_1_711' title='bbox 2368 3338 2479 3394; x_wconf 91' lang='lat' dir='ltr'><strong>vitii</strong></span> <span class='ocrx_word' id='word_1_712' title='bbox 2510 3339 2577 3392; x_wconf 88' lang='lat' dir='ltr'><strong>sit</strong></span> <span class='ocrx_word' id='word_1_713' title='bbox 2610 3354 2716 3392; x_wconf 90' lang='lat' dir='ltr'><strong>non</strong></span> <span class='ocrx_word' id='word_1_714' title='bbox 2743 3337 2945 3393; x_wconf 88' lang='lat' dir='ltr'><strong>videre.</strong></span> 
     </span>
    </p>
   </div>
   <div class='ocr_carea' id='block_1_92' title="bbox 2054 3429 3568 3501">
    <p class='ocr_par' dir='ltr' id='par_1_92' title="bbox 2054 3429 3568 3501">
     <span class='ocr_line' id='line_1_92' title="bbox 2054 3429 3568 3501; baseline -0.001 -16"><span class='ocrx_word' id='word_1_715' title='bbox 2054 3429 2280 3486; x_wconf 82' lang='lat' dir='ltr'><strong>CAPUT</strong></span> <span class='ocrx_word' id='word_1_716' title='bbox 2306 3429 2491 3484; x_wconf 81' lang='lat' dir='ltr'><strong>XLIX.</strong></span> <span class='ocrx_word' id='word_1_717' title='bbox 2516 3430 2689 3485; x_wconf 81' lang='lat'><strong>—57.</strong></span> <span class='ocrx_word' id='word_1_718' title='bbox 2715 3430 3102 3501; x_wconf 64' lang='lat' dir='ltr'><strong>Omnipotentiaz</strong></span> <span class='ocrx_word' id='word_1_719' title='bbox 3119 3429 3215 3483; x_wconf 74' lang='lat' dir='ltr'><strong>Dei</strong></span> <span class='ocrx_word' id='word_1_720' title='bbox 3235 3430 3363 3484; x_wconf 79' lang='lat' dir='ltr'><strong>nihil</strong></span> <span class='ocrx_word' id='word_1_721' title='bbox 3390 3430 3568 3484; x_wconf 78' lang='lat' dir='ltr'><strong>adimit</strong></span> 
     </span>
    </p>
   </div>
   <div class='ocr_carea' id='block_1_93' title="bbox 1985 3522 3564 3595">
    <p class='ocr_par' dir='ltr' id='par_1_93' title="bbox 1985 3522 3564 3595">
     <span class='ocr_line' id='line_1_93' title="bbox 1985 3522 3564 3595; baseline -0.001 -19"><span class='ocrx_word' id='word_1_722' title='bbox 1985 3522 2121 3592; x_wconf 82' lang='lat' dir='ltr'><strong>quod</strong></span> <span class='ocrx_word' id='word_1_723' title='bbox 2141 3538 2230 3576; x_wconf 83' lang='lat' dir='ltr'><strong>nec</strong></span> <span class='ocrx_word' id='word_1_724' title='bbox 2251 3539 2475 3592; x_wconf 80' lang='lat' dir='ltr'><strong>peccare,</strong></span> <span class='ocrx_word' id='word_1_725' title='bbox 2503 3539 2589 3575; x_wconf 62' lang='lat' dir='ltr'><strong>nec</strong></span> <span class='ocrx_word' id='word_1_726' title='bbox 2616 3522 2764 3588; x_wconf 88' lang='lat' dir='ltr'><strong>mori,</strong></span> <span class='ocrx_word' id='word_1_727' title='bbox 2784 3538 2872 3576; x_wconf 84' lang='lat' dir='ltr'><strong>nec</strong></span> <span class='ocrx_word' id='word_1_728' title='bbox 2896 3522 3115 3593; x_wconf 84' lang='lat' dir='ltr'><strong>scipsum</strong></span> <span class='ocrx_word' id='word_1_729' title='bbox 3137 3522 3363 3577; x_wconf 86' lang='lat' dir='ltr'><strong>occidere</strong></span> <span class='ocrx_word' id='word_1_730' title='bbox 3382 3531 3564 3595; x_wconf 78' lang='lat' dir='ltr'><strong>polest.</strong></span> 
     </span>
    </p>
   </div>
   <div class='ocr_carea' id='block_1_94' title="bbox 1992 3615 3568 3685">
    <p class='ocr_par' dir='ltr' id='par_1_94' title="bbox 1992 3615 3568 3685">
     <span class='ocr_line' id='line_1_94' title="bbox 1992 3615 3568 3685; baseline 0 -17"><span class='ocrx_word' id='word_1_731' title='bbox 1992 3634 2012 3668; x_wconf 72' lang='grc' dir='ltr'>ι</span> <span class='ocrx_word' id='word_1_732' title='bbox 2047 3615 2177 3683; x_wconf 88' lang='lat' dir='ltr'><strong>Quia</strong></span> <span class='ocrx_word' id='word_1_733' title='bbox 2210 3630 2316 3670; x_wconf 92' lang='lat' dir='ltr'><strong>non</strong></span> <span class='ocrx_word' id='word_1_734' title='bbox 2349 3629 2590 3684; x_wconf 83' lang='lat' dir='ltr'><strong>peceare,</strong></span> <span class='ocrx_word' id='word_1_735' title='bbox 2627 3634 2646 3667; x_wconf 77' lang='grc' dir='ltr'><strong><em>ι</em></strong></span> <span class='ocrx_word' id='word_1_736' title='bbox 2679 3615 2868 3685; x_wconf 91' lang='lat' dir='ltr'><strong>inquit,</strong></span> <span class='ocrx_word' id='word_1_737' title='bbox 2905 3633 2925 3666; x_wconf 72' lang='grc' dir='ltr'>ι</span> <span class='ocrx_word' id='word_1_738' title='bbox 2959 3622 3199 3669; x_wconf 91' lang='lat' dir='ltr'><strong>nostrum</strong></span> <span class='ocrx_word' id='word_1_739' title='bbox 3227 3623 3343 3677; x_wconf 91' lang='lat' dir='ltr'><strong>est,</strong></span> <span class='ocrx_word' id='word_1_740' title='bbox 3376 3628 3568 3683; x_wconf 89' lang='lat' dir='ltr'><strong>possu-</strong></span> 
     </span>
    </p>
   </div>
   <div class='ocr_carea' id='block_1_95' title="bbox 1986 3705 3567 3777">
    <p class='ocr_par' dir='ltr' id='par_1_95' title="bbox 1986 3705 3567 3777">
     <span class='ocr_line' id='line_1_95' title="bbox 1986 3705 3567 3777; baseline -0.002 -15"><span class='ocrx_word' id='word_1_741' title='bbox 1986 3721 2109 3762; x_wconf 91' lang='lat' dir='ltr'><strong>mus</strong></span> <span class='ocrx_word' id='word_1_742' title='bbox 2149 3721 2369 3777; x_wconf 89' lang='lat' dir='ltr'><strong>peccare</strong></span> <span class='ocrx_word' id='word_1_743' title='bbox 2408 3715 2461 3761; x_wconf 89' lang='lat' dir='ltr'><strong>et</strong></span> <span class='ocrx_word' id='word_1_744' title='bbox 2501 3721 2606 3760; x_wconf 90' lang='lat' dir='ltr'><strong>non</strong></span> <span class='ocrx_word' id='word_1_745' title='bbox 2634 3720 2875 3777; x_wconf 88' lang='lat' dir='ltr'><strong>peccare.</strong></span> <span class='ocrx_word' id='word_1_746' title='bbox 2912 3724 2932 3758; x_wconf 75' lang='grc' dir='ltr'><strong><em>ι</em></strong></span> <span class='ocrx_word' id='word_1_747' title='bbox 2964 3705 3097 3774; x_wconf 91' lang='lat' dir='ltr'><strong>Quid</strong></span> <span class='ocrx_word' id='word_1_748' title='bbox 3122 3746 3138 3770; x_wconf 96' lang='lat'><strong>,</strong></span> <span class='ocrx_word' id='word_1_749' title='bbox 3171 3705 3214 3759; x_wconf 91' lang='lat' dir='ltr'><strong>si</strong></span> <span class='ocrx_word' id='word_1_750' title='bbox 3244 3706 3379 3759; x_wconf 89' lang='lat' dir='ltr'><strong>alius</strong></span> <span class='ocrx_word' id='word_1_751' title='bbox 3406 3705 3567 3768; x_wconf 87' lang='lat' dir='ltr'><strong>dicat,</strong></span> 
     </span>
    </p>
   </div>
   <div class='ocr_carea' id='block_1_96' title="bbox 1986 3796 3568 3866">
    <p class='ocr_par' dir='ltr' id='par_1_96' title="bbox 1986 3796 3568 3866">
     <span class='ocr_line' id='line_1_96' title="bbox 1986 3796 3568 3866; baseline -0.002 -15"><span class='ocrx_word' id='word_1_752' title='bbox 1986 3797 2118 3866; x_wconf 89' lang='lat' dir='ltr'><strong>Quia</strong></span> <span class='ocrx_word' id='word_1_753' title='bbox 2150 3796 2291 3852; x_wconf 89' lang='lat' dir='ltr'><strong>nolle</strong></span> <span class='ocrx_word' id='word_1_754' title='bbox 2321 3796 2701 3863; x_wconf 83' lang='lat' dir='ltr'><strong>infelicitatem,</strong></span> <span class='ocrx_word' id='word_1_755' title='bbox 2729 3805 2969 3850; x_wconf 88' lang='lat' dir='ltr'><strong>nostrum</strong></span> <span class='ocrx_word' id='word_1_756' title='bbox 2999 3802 3112 3861; x_wconf 87' lang='lat' dir='ltr'><strong>est,</strong></span> <span class='ocrx_word' id='word_1_757' title='bbox 3141 3810 3421 3865; x_wconf 88' lang='lat' dir='ltr'><strong>possumus</strong></span> <span class='ocrx_word' id='word_1_758' title='bbox 3448 3810 3568 3850; x_wconf 87' lang='lat' dir='ltr'><strong>eam</strong></span> 
     </span>
    </p>
   </div>
   <div class='ocr_carea' id='block_1_97' title="bbox 1987 3888 3571 3945">
    <p class='ocr_par' dir='ltr' id='par_1_97' title="bbox 1987 3888 3571 3945">
     <span class='ocr_line' id='line_1_97' title="bbox 1987 3888 3571 3945; baseline -0.002 0"><span class='ocrx_word' id='word_1_759' title='bbox 1987 3898 2042 3945; x_wconf 91' lang='lat' dir='ltr'><strong>et</strong></span> <span class='ocrx_word' id='word_1_760' title='bbox 2083 3890 2222 3945; x_wconf 91' lang='lat' dir='ltr'><strong>nolle</strong></span> <span class='ocrx_word' id='word_1_761' title='bbox 2252 3896 2307 3945; x_wconf 91' lang='lat' dir='ltr'><strong>et</strong></span> <span class='ocrx_word' id='word_1_762' title='bbox 2333 3888 2509 3945; x_wconf 90' lang='lat' dir='ltr'><strong>velle?</strong></span> <span class='ocrx_word' id='word_1_763' title='bbox 2550 3889 2615 3943; x_wconf 84' lang='lat' dir='ltr'><strong>Et</strong></span> <span class='ocrx_word' id='word_1_764' title='bbox 2661 3899 2838 3944; x_wconf 89' lang='lat' dir='ltr'><strong>tamen</strong></span> <span class='ocrx_word' id='word_1_765' title='bbox 2882 3904 2999 3944; x_wconf 91' lang='lat' dir='ltr'><strong>eam</strong></span> <span class='ocrx_word' id='word_1_766' title='bbox 3026 3888 3163 3943; x_wconf 89' lang='lat' dir='ltr'><strong>velle</strong></span> <span class='ocrx_word' id='word_1_767' title='bbox 3199 3888 3419 3943; x_wconf 88' lang='lat' dir='ltr'><strong>omnino</strong></span> <span class='ocrx_word' id='word_1_768' title='bbox 3460 3903 3571 3943; x_wconf 88' lang='lat' dir='ltr'><strong>non</strong></span> 
     </span>
    </p>
   </div>
   <div class='ocr_carea' id='block_1_98' title="bbox 1989 3979 3572 4050">
    <p class='ocr_par' dir='ltr' id='par_1_98' title="bbox 1989 3979 3572 4050">
     <span class='ocr_line' id='line_1_98' title="bbox 1989 3979 3572 4050; baseline 0.001 -17"><span class='ocrx_word' id='word_1_769' title='bbox 1989 3995 2288 4050; x_wconf 83' lang='lat' dir='ltr'><strong>possumus.</strong></span> <span class='ocrx_word' id='word_1_770' title='bbox 2339 3979 2468 4048; x_wconf 91' lang='lat' dir='ltr'><strong>Quis</strong></span> <span class='ocrx_word' id='word_1_771' title='bbox 2508 3982 2648 4035; x_wconf 90' lang='lat' dir='ltr'><strong>enim</strong></span> <span class='ocrx_word' id='word_1_772' title='bbox 2699 3980 2807 4035; x_wconf 91' lang='lat' dir='ltr'><strong>ullo</strong></span> <span class='ocrx_word' id='word_1_773' title='bbox 2855 3979 3016 4036; x_wconf 91' lang='lat' dir='ltr'><strong>modo</strong></span> <span class='ocrx_word' id='word_1_774' title='bbox 3058 3979 3194 4036; x_wconf 90' lang='lat' dir='ltr'><strong>velle</strong></span> <span class='ocrx_word' id='word_1_775' title='bbox 3240 3993 3361 4035; x_wconf 91' lang='lat' dir='ltr'><strong>esse</strong></span> <span class='ocrx_word' id='word_1_776' title='bbox 3401 3979 3572 4049; x_wconf 88' lang='lat' dir='ltr'><strong>possit</strong></span> 
     </span>
    </p>
   </div>
   <div class='ocr_carea' id='block_1_99' title="bbox 1988 4070 3567 4136">
    <p class='ocr_par' dir='ltr' id='par_1_99' title="bbox 1988 4070 3567 4136">
     <span class='ocr_line' id='line_1_99' title="bbox 1988 4070 3567 4136; baseline -0.001 -11"><span class='ocrx_word' id='word_1_777' title='bbox 1988 4071 2189 4136; x_wconf 80' lang='lat' dir='ltr'><strong>infelix,</strong></span> <span class='ocrx_word' id='word_1_778' title='bbox 2236 4070 2441 4126; x_wconf 87' lang='lat' dir='ltr'><strong>etiamsi</strong></span> <span class='ocrx_word' id='word_1_779' title='bbox 2489 4070 2629 4126; x_wconf 89' lang='lat' dir='ltr'><strong>aliud</strong></span> <span class='ocrx_word' id='word_1_780' title='bbox 2665 4070 2687 4102; x_wconf 74' lang='grc'><strong>⁸</strong></span> <span class='ocrx_word' id='word_1_781' title='bbox 2728 4071 2841 4126; x_wconf 90' lang='lat' dir='ltr'><strong>vult</strong></span> <span class='ocrx_word' id='word_1_782' title='bbox 2885 4070 2975 4126; x_wconf 90' lang='lat' dir='ltr'><strong>ubi</strong></span> <span class='ocrx_word' id='word_1_783' title='bbox 3028 4085 3150 4127; x_wconf 88' lang='lat' dir='ltr'><strong>cum</strong></span> <span class='ocrx_word' id='word_1_784' title='bbox 3203 4078 3257 4125; x_wconf 91' lang='lat' dir='ltr'><strong>et</strong></span> <span class='ocrx_word' id='word_1_785' title='bbox 3299 4070 3567 4125; x_wconf 84' lang='lat' dir='ltr'><strong>nolentem</strong></span> 
     </span>
    </p>
   </div>
   <div class='ocr_carea' id='block_1_100' title="bbox 1987 4160 3569 4233">
    <p class='ocr_par' dir='ltr' id='par_1_100' title="bbox 1987 4160 3569 4233">
     <span class='ocr_line' id='line_1_100' title="bbox 1987 4160 3569 4233; baseline 0 -17"><span class='ocrx_word' id='word_1_786' title='bbox 1987 4160 2271 4217; x_wconf 82' lang='lat' dir='ltr'><strong>infelicitas</strong></span> <span class='ocrx_word' id='word_1_787' title='bbox 2295 4162 2691 4233; x_wconf 83' lang='lat' dir='ltr'><strong>consequatur?</strong></span> <span class='ocrx_word' id='word_1_788' title='bbox 2729 4162 2948 4227; x_wconf 90' lang='lat' dir='ltr'><strong>Deinde,</strong></span> <span class='ocrx_word' id='word_1_789' title='bbox 2981 4162 3102 4233; x_wconf 90' lang='lat' dir='ltr'><strong>quia</strong></span> <span class='ocrx_word' id='word_1_790' title='bbox 3133 4161 3224 4217; x_wconf 87' lang='lat' dir='ltr'><strong>Dei</strong></span> <span class='ocrx_word' id='word_1_791' title='bbox 3256 4162 3422 4218; x_wconf 91' lang='lat' dir='ltr'><strong>multo</strong></span> <span class='ocrx_word' id='word_1_792' title='bbox 3450 4177 3569 4217; x_wconf 89' lang='lat' dir='ltr'><strong>ma-</strong></span> 
     </span>
    </p>
   </div>
   <div class='ocr_carea' id='block_1_101' title="bbox 1986 4253 3574 4324">
    <p class='ocr_par' dir='ltr' id='par_1_101' title="bbox 1986 4253 3574 4324">
     <span class='ocr_line' id='line_1_101' title="bbox 1986 4253 3574 4324; baseline 0.003 -19"><span class='ocrx_word' id='word_1_793' title='bbox 1986 4253 2067 4322; x_wconf 89' lang='lat' dir='ltr'><strong>gis</strong></span> <span class='ocrx_word' id='word_1_794' title='bbox 2095 4261 2310 4309; x_wconf 88' lang='lat' dir='ltr'><strong>estnon</strong></span> <span class='ocrx_word' id='word_1_795' title='bbox 2357 4268 2578 4324; x_wconf 90' lang='lat' dir='ltr'><strong>peccare</strong></span> <span class='ocrx_word' id='word_1_796' title='bbox 2598 4295 2615 4322; x_wconf 94' lang='lat'><strong>,</strong></span> <span class='ocrx_word' id='word_1_797' title='bbox 2646 4268 2771 4309; x_wconf 93' lang='lat' dir='ltr'><strong>num</strong></span> <span class='ocrx_word' id='word_1_798' title='bbox 2806 4253 3118 4310; x_wconf 89' lang='lat' dir='ltr'><strong>audebimus</strong></span> <span class='ocrx_word' id='word_1_799' title='bbox 3151 4268 3272 4309; x_wconf 91' lang='lat' dir='ltr'><strong>eum</strong></span> <span class='ocrx_word' id='word_1_800' title='bbox 3313 4253 3491 4309; x_wconf 91' lang='lat' dir='ltr'><strong>dicere</strong></span> <span class='ocrx_word' id='word_1_801' title='bbox 3517 4262 3574 4309; x_wconf 75' lang='lat' dir='ltr'><strong>es</strong></span> 
     </span>
    </p>
   </div>
   <div class='ocr_carea' id='block_1_102' title="bbox 1987 4346 3573 4420">
    <p class='ocr_par' dir='ltr' id='par_1_102' title="bbox 1987 4346 3573 4420">
     <span class='ocr_line' id='line_1_102' title="bbox 1987 4346 3573 4420; baseline -0.001 -16"><span class='ocrx_word' id='word_1_802' title='bbox 1987 4363 2210 4420; x_wconf 86' lang='lat' dir='ltr'><strong>peccare</strong></span> <span class='ocrx_word' id='word_1_803' title='bbox 2237 4363 2393 4420; x_wconf 88' lang='lat' dir='ltr'><strong>posse</strong></span> <span class='ocrx_word' id='word_1_804' title='bbox 2416 4355 2471 4403; x_wconf 91' lang='lat' dir='ltr'><strong>et</strong></span> <span class='ocrx_word' id='word_1_805' title='bbox 2498 4363 2601 4403; x_wconf 93' lang='lat' dir='ltr'><strong>non</strong></span> <span class='ocrx_word' id='word_1_806' title='bbox 2630 4346 3061 4419; x_wconf 81' lang='lat' dir='ltr'><strong>peccarelAbsit</strong></span> <span class='ocrx_word' id='word_1_807' title='bbox 3085 4363 3115 4402; x_wconf 91' lang='lat' dir='ltr'><strong>a</strong></span> <span class='ocrx_word' id='word_1_808' title='bbox 3143 4347 3297 4402; x_wconf 88' lang='lat' dir='ltr'><strong>nobis</strong></span> <span class='ocrx_word' id='word_1_809' title='bbox 3325 4355 3382 4401; x_wconf 91' lang='lat' dir='ltr'><strong>ut</strong></span> <span class='ocrx_word' id='word_1_810' title='bbox 3400 4347 3573 4403; x_wconf 87' lang='lat' dir='ltr'><strong>Deum</strong></span> 
     </span>
    </p>
   </div>
   <div class='ocr_carea' id='block_1_103' title="bbox 1989 4437 3569 4510">
    <p class='ocr_par' dir='ltr' id='par_1_103' title="bbox 1989 4437 3569 4510">
     <span class='ocr_line' id='line_1_103' title="bbox 1989 4437 3569 4510; baseline 0 -17"><span class='ocrx_word' id='word_1_811' title='bbox 1989 4454 2211 4510; x_wconf 89' lang='lat' dir='ltr'><strong>peccare</strong></span> <span class='ocrx_word' id='word_1_812' title='bbox 2242 4454 2400 4509; x_wconf 86' lang='lat' dir='ltr'><strong>posse</strong></span> <span class='ocrx_word' id='word_1_813' title='bbox 2428 4438 2687 4495; x_wconf 89' lang='lat' dir='ltr'><strong>dicamus.</strong></span> <span class='ocrx_word' id='word_1_814' title='bbox 2725 4437 2843 4493; x_wconf 84' lang='lat' dir='ltr'><strong>Non</strong></span> <span class='ocrx_word' id='word_1_815' title='bbox 2870 4438 3049 4507; x_wconf 83' lang='lat' dir='ltr'><strong>enim,</strong></span> <span class='ocrx_word' id='word_1_816' title='bbox 3078 4447 3133 4493; x_wconf 93' lang='lat' dir='ltr'><strong>ut</strong></span> <span class='ocrx_word' id='word_1_817' title='bbox 3172 4437 3319 4493; x_wconf 89' lang='lat' dir='ltr'><strong>stulti</strong></span> <span class='ocrx_word' id='word_1_818' title='bbox 3358 4446 3569 4508; x_wconf 83' lang='lat' dir='ltr'><strong>putant,</strong></span> 
     </span>
    </p>
   </div>
   <div class='ocr_carea' id='block_1_104' title="bbox 1989 4526 3573 4599">
    <p class='ocr_par' dir='ltr' id='par_1_104' title="bbox 1989 4526 3573 4599">
     <span class='ocr_line' id='line_1_104' title="bbox 1989 4526 3573 4599; baseline -0.001 -15"><span class='ocrx_word' id='word_1_819' title='bbox 1989 4529 2111 4585; x_wconf 81' lang='lat' dir='ltr'><strong>ideo</strong></span> <span class='ocrx_word' id='word_1_820' title='bbox 2141 4544 2249 4585; x_wconf 89' lang='lat' dir='ltr'><strong>non</strong></span> <span class='ocrx_word' id='word_1_821' title='bbox 2280 4531 2381 4584; x_wconf 89' lang='lat' dir='ltr'><strong>erit</strong></span> <span class='ocrx_word' id='word_1_822' title='bbox 2408 4528 2746 4599; x_wconf 89' lang='lat' dir='ltr'><strong>omnipotens</strong></span> <span class='ocrx_word' id='word_1_823' title='bbox 2765 4568 2780 4595; x_wconf 97' lang='lat'><strong>,</strong></span> <span class='ocrx_word' id='word_1_824' title='bbox 2810 4528 2933 4599; x_wconf 90' lang='lat' dir='ltr'><strong>quia</strong></span> <span class='ocrx_word' id='word_1_825' title='bbox 2962 4542 3063 4583; x_wconf 87' lang='lat' dir='ltr'><strong>nec</strong></span> <span class='ocrx_word' id='word_1_826' title='bbox 3109 4526 3245 4582; x_wconf 92' lang='lat' dir='ltr'><strong>mori</strong></span> <span class='ocrx_word' id='word_1_827' title='bbox 3276 4534 3484 4597; x_wconf 89' lang='lat' dir='ltr'><strong>potest,</strong></span> <span class='ocrx_word' id='word_1_828' title='bbox 3515 4535 3573 4583; x_wconf 83' lang='lat' dir='ltr'><strong>et</strong></span> 
     </span>
    </p>
   </div>
   <div class='ocr_carea' id='block_1_105' title="bbox 1991 4606 3570 4694">
    <p class='ocr_par' dir='ltr' id='par_1_105' title="bbox 1991 4606 3570 4694">
     <span class='ocr_line' id='line_1_105' title="bbox 1991 4606 3570 4694; baseline -0.002 -17"><span class='ocrx_word' id='word_1_829' title='bbox 1991 4637 2185 4693; x_wconf 82' lang='lat' dir='ltr'><strong>negare</strong></span> <span class='ocrx_word' id='word_1_830' title='bbox 2230 4636 2291 4677; x_wconf 84' lang='lat' dir='ltr'><strong>se</strong></span> <span class='ocrx_word' id='word_1_831' title='bbox 2331 4619 2505 4692; x_wconf 92' lang='lat' dir='ltr'><strong>ipsum</strong></span> <span class='ocrx_word' id='word_1_832' title='bbox 2551 4635 2657 4676; x_wconf 93' lang='lat' dir='ltr'><strong>non</strong></span> <span class='ocrx_word' id='word_1_833' title='bbox 2697 4628 2873 4693; x_wconf 88' lang='lat' dir='ltr'><strong>potest</strong></span> <span class='ocrx_word' id='word_1_834' title='bbox 2913 4618 2988 4694; x_wconf 91' lang='lat' dir='ltr'><strong>(ll</strong></span> <span class='ocrx_word' id='word_1_835' title='bbox 3014 4619 3148 4673; x_wconf 78' lang='lat' dir='ltr'><strong>&#39;t&#39;im.</strong></span> <span class='ocrx_word' id='word_1_836' title='bbox 3182 4606 3241 4685; x_wconf 76' lang='lat' dir='ltr'><strong>tt,</strong></span> <span class='ocrx_word' id='word_1_837' title='bbox 3274 4618 3384 4690; x_wconf 78' lang='lat' dir='ltr'><strong>l3).</strong></span> <span class='ocrx_word' id='word_1_838' title='bbox 3430 4617 3570 4687; x_wconf 89' lang='lat' dir='ltr'><strong>Quid</strong></span> 
     </span>
    </p>
   </div>
   <div class='ocr_carea' id='block_1_106' title="bbox 1989 4712 3570 4785">
    <p class='ocr_par' dir='ltr' id='par_1_106' title="bbox 1989 4712 3570 4785">
     <span class='ocr_line' id='line_1_106' title="bbox 1989 4712 3570 4785; baseline 0 -16"><span class='ocrx_word' id='word_1_839' title='bbox 1989 4725 2072 4769; x_wconf 89' lang='lat' dir='ltr'><strong>est</strong></span> <span class='ocrx_word' id='word_1_840' title='bbox 2100 4729 2227 4784; x_wconf 82' lang='lat' dir='ltr'><strong>ergo</strong></span> <span class='ocrx_word' id='word_1_841' title='bbox 2256 4712 2397 4785; x_wconf 91' lang='lat' dir='ltr'><strong>quod</strong></span> <span class='ocrx_word' id='word_1_842' title='bbox 2424 4713 2676 4784; x_wconf 85' lang='lat' dir='ltr'><strong>loquitur,</strong></span> <span class='ocrx_word' id='word_1_843' title='bbox 2707 4722 2761 4767; x_wconf 90' lang='lat' dir='ltr'><strong>et</strong></span> <span class='ocrx_word' id='word_1_844' title='bbox 2794 4712 2985 4784; x_wconf 91' lang='lat' dir='ltr'><strong>quibus</strong></span> <span class='ocrx_word' id='word_1_845' title='bbox 3022 4712 3345 4768; x_wconf 90' lang='lat' dir='ltr'><strong>locutionum</strong></span> <span class='ocrx_word' id='word_1_846' title='bbox 3372 4713 3570 4783; x_wconf 80' lang='lat' dir='ltr'><strong>regulis</strong></span> 
     </span>
    </p>
   </div>
   <div class='ocr_carea' id='block_1_107' title="bbox 1988 4802 3571 4875">
    <p class='ocr_par' dir='ltr' id='par_1_107' title="bbox 1988 4802 3571 4875">
     <span class='ocr_line' id='line_1_107' title="bbox 1988 4802 3571 4875; baseline -0.001 -14"><span class='ocrx_word' id='word_1_847' title='bbox 1988 4812 2213 4861; x_wconf 91' lang='lat' dir='ltr'><strong>conatur</strong></span> <span class='ocrx_word' id='word_1_848' title='bbox 2242 4804 2581 4875; x_wconf 89' lang='lat' dir='ltr'><strong>persuadere,</strong></span> <span class='ocrx_word' id='word_1_849' title='bbox 2610 4802 2751 4875; x_wconf 90' lang='lat' dir='ltr'><strong>quod</strong></span> <span class='ocrx_word' id='word_1_850' title='bbox 2780 4818 2888 4858; x_wconf 90' lang='lat' dir='ltr'><strong>non</strong></span> <span class='ocrx_word' id='word_1_851' title='bbox 2915 4803 3026 4858; x_wconf 86' lang='lat' dir='ltr'><strong>vult</strong></span> <span class='ocrx_word' id='word_1_852' title='bbox 3050 4803 3435 4860; x_wconf 86' lang='lat' dir='ltr'><strong>considerare?</strong></span> <span class='ocrx_word' id='word_1_853' title='bbox 3462 4804 3571 4859; x_wconf 59' lang='lat' dir='ltr'><strong>Ad.-</strong></span> 
     </span>
    </p>
   </div>
   <div class='ocr_carea' id='block_1_108' title="bbox 1989 4892 3569 4963">
    <p class='ocr_par' dir='ltr' id='par_1_108' title="bbox 1989 4892 3569 4963">
     <span class='ocr_line' id='line_1_108' title="bbox 1989 4892 3569 4963; baseline 0.001 -15"><span class='ocrx_word' id='word_1_854' title='bbox 1989 4893 2095 4950; x_wconf 79' lang='lat' dir='ltr'><strong>ltuc</strong></span> <span class='ocrx_word' id='word_1_855' title='bbox 2134 4893 2280 4949; x_wconf 90' lang='lat' dir='ltr'><strong>addit</strong></span> <span class='ocrx_word' id='word_1_856' title='bbox 2319 4901 2373 4949; x_wconf 91' lang='lat' dir='ltr'><strong>et</strong></span> <span class='ocrx_word' id='word_1_857' title='bbox 2410 4892 2577 4949; x_wconf 91' lang='lat' dir='ltr'><strong>dicit:</strong></span> <span class='ocrx_word' id='word_1_858' title='bbox 2615 4910 2634 4944; x_wconf 74' lang='grc' dir='ltr'>ι</span> <span class='ocrx_word' id='word_1_859' title='bbox 2666 4892 2799 4960; x_wconf 84' lang='lat' dir='ltr'><strong>Quia</strong></span> <span class='ocrx_word' id='word_1_860' title='bbox 2830 4906 2960 4947; x_wconf 90' lang='lat' dir='ltr'><strong>vero</strong></span> <span class='ocrx_word' id='word_1_861' title='bbox 2999 4906 3155 4962; x_wconf 91' lang='lat' dir='ltr'><strong>posse</strong></span> <span class='ocrx_word' id='word_1_862' title='bbox 3193 4909 3296 4947; x_wconf 92' lang='lat' dir='ltr'><strong>non</strong></span> <span class='ocrx_word' id='word_1_863' title='bbox 3327 4909 3569 4963; x_wconf 86' lang='lat' dir='ltr'><strong>peccare,</strong></span> 
     </span>
    </p>
   </div>
   <div class='ocr_carea' id='block_1_109' title="bbox 1989 4983 3569 5054">
    <p class='ocr_par' dir='ltr' id='par_1_109' title="bbox 1989 4983 3569 5054">
     <span class='ocr_line' id='line_1_109' title="bbox 1989 4983 3569 5054; baseline -0.001 -14"><span class='ocrx_word' id='word_1_864' title='bbox 1989 4995 2231 5041; x_wconf 89' lang='lat' dir='ltr'><strong>nostrum</strong></span> <span class='ocrx_word' id='word_1_865' title='bbox 2275 5000 2383 5040; x_wconf 91' lang='lat' dir='ltr'><strong>non</strong></span> <span class='ocrx_word' id='word_1_866' title='bbox 2427 4994 2546 5051; x_wconf 90' lang='lat' dir='ltr'><strong>est;</strong></span> <span class='ocrx_word' id='word_1_867' title='bbox 2599 4992 2654 5039; x_wconf 90' lang='lat' dir='ltr'><strong>et</strong></span> <span class='ocrx_word' id='word_1_868' title='bbox 2695 4984 2740 5039; x_wconf 89' lang='lat' dir='ltr'><strong>si</strong></span> <span class='ocrx_word' id='word_1_869' title='bbox 2768 4983 3091 5039; x_wconf 86' lang='lat' dir='ltr'><strong>voluerimus</strong></span> <span class='ocrx_word' id='word_1_870' title='bbox 3121 4998 3225 5038; x_wconf 91' lang='lat' dir='ltr'><strong>non</strong></span> <span class='ocrx_word' id='word_1_871' title='bbox 3267 4999 3424 5054; x_wconf 91' lang='lat' dir='ltr'><strong>posse</strong></span> <span class='ocrx_word' id='word_1_872' title='bbox 3463 5000 3569 5039; x_wconf 89' lang='lat' dir='ltr'><strong>nou</strong></span> 
     </span>
    </p>
   </div>
   <div class='ocr_carea' id='block_1_110' title="bbox 1987 5090 3564 5152">
    <p class='ocr_par' dir='ltr' id='par_1_110' title="bbox 1987 5090 3564 5152">
     <span class='ocr_line' id='line_1_110' title="bbox 1987 5090 3564 5152; baseline -0.004 -16"><span class='ocrx_word' id='word_1_873' title='bbox 1987 5094 2230 5152; x_wconf 87' lang='lat' dir='ltr'><strong>peccare,</strong></span> <span class='ocrx_word' id='word_1_874' title='bbox 2278 5093 2384 5133; x_wconf 91' lang='lat' dir='ltr'><strong>non</strong></span> <span class='ocrx_word' id='word_1_875' title='bbox 2430 5090 2711 5148; x_wconf 77' lang='lat' dir='ltr'><strong>possumus</strong></span> <span class='ocrx_word' id='word_1_876' title='bbox 2754 5092 2859 5131; x_wconf 90' lang='lat' dir='ltr'><strong>non</strong></span> <span class='ocrx_word' id='word_1_877' title='bbox 2907 5090 3064 5145; x_wconf 89' lang='lat' dir='ltr'><strong>posse</strong></span> <span class='ocrx_word' id='word_1_878' title='bbox 3112 5090 3217 5129; x_wconf 82' lang='grc' dir='ltr'><strong>ιιοη</strong></span> <span class='ocrx_word' id='word_1_879' title='bbox 3268 5090 3508 5146; x_wconf 80' lang='lat' dir='ltr'><strong>peccare.</strong></span> <span class='ocrx_word' id='word_1_880' title='bbox 3544 5093 3564 5129; x_wconf 77' lang='grc'><strong>1</strong></span> 
     </span>
    </p>
   </div>
   <div class='ocr_carea' id='block_1_111' title="bbox 1990 5167 3574 5237">
    <p class='ocr_par' dir='ltr' id='par_1_111' title="bbox 1990 5167 3574 5237">
     <span class='ocr_line' id='line_1_111' title="bbox 1990 5167 3574 5237; baseline -0.005 -10"><span class='ocrx_word' id='word_1_881' title='bbox 1990 5172 2190 5229; x_wconf 85' lang='lat' dir='ltr'><strong>lntorte</strong></span> <span class='ocrx_word' id='word_1_882' title='bbox 2218 5172 2321 5226; x_wconf 83' lang='lat' dir='ltr'><strong>hoc</strong></span> <span class='ocrx_word' id='word_1_883' title='bbox 2358 5170 2508 5235; x_wconf 81' lang='lat' dir='ltr'><strong>dixit,</strong></span> <span class='ocrx_word' id='word_1_884' title='bbox 2540 5178 2595 5225; x_wconf 90' lang='lat' dir='ltr'><strong>et</strong></span> <span class='ocrx_word' id='word_1_885' title='bbox 2632 5168 2754 5224; x_wconf 90' lang='lat' dir='ltr'><strong>ideo</strong></span> <span class='ocrx_word' id='word_1_886' title='bbox 2782 5168 3129 5223; x_wconf 90' lang='lat' dir='ltr'><strong>subobscure.</strong></span> <span class='ocrx_word' id='word_1_887' title='bbox 3160 5167 3264 5223; x_wconf 89' lang='lat' dir='ltr'><strong>Sed</strong></span> <span class='ocrx_word' id='word_1_888' title='bbox 3294 5168 3362 5221; x_wconf 92' lang='lat' dir='ltr'><strong>ita</strong></span> <span class='ocrx_word' id='word_1_889' title='bbox 3394 5175 3574 5237; x_wconf 86' lang='lat' dir='ltr'><strong>posset</strong></span> 
     </span>
    </p>
   </div>
   <div class='ocr_carea' id='block_1_112' title="bbox 1990 5252 3571 5333">
    <p class='ocr_par' dir='ltr' id='par_1_112' title="bbox 1990 5252 3571 5333">
     <span class='ocr_line' id='line_1_112' title="bbox 1990 5252 3571 5333; baseline -0.005 -14"><span class='ocrx_word' id='word_1_890' title='bbox 1990 5264 2094 5320; x_wconf 90' lang='lat' dir='ltr'><strong>dici</strong></span> <span class='ocrx_word' id='word_1_891' title='bbox 2123 5263 2334 5333; x_wconf 84' lang='lat' dir='ltr'><strong>planius</strong></span> <span class='ocrx_word' id='word_1_892' title='bbox 2360 5281 2373 5317; x_wconf 93' lang='lat'><strong>:</strong></span> <span class='ocrx_word' id='word_1_893' title='bbox 2405 5263 2538 5330; x_wconf 85' lang='lat' dir='ltr'><strong>Quia</strong></span> <span class='ocrx_word' id='word_1_894' title='bbox 2573 5274 2729 5332; x_wconf 91' lang='lat' dir='ltr'><strong>posse</strong></span> <span class='ocrx_word' id='word_1_895' title='bbox 2766 5274 2873 5314; x_wconf 84' lang='lat' dir='ltr'><strong>non</strong></span> <span class='ocrx_word' id='word_1_896' title='bbox 2902 5252 3153 5332; x_wconf 62' lang='lat' dir='ltr'><strong>peccai‘e,</strong></span> <span class='ocrx_word' id='word_1_897' title='bbox 3196 5268 3433 5313; x_wconf 87' lang='lat' dir='ltr'><strong>nostrum</strong></span> <span class='ocrx_word' id='word_1_898' title='bbox 3464 5273 3571 5311; x_wconf 88' lang='lat' dir='ltr'><strong>non</strong></span> 
     </span>
    </p>
   </div>
   <div class='ocr_carea' id='block_1_113' title="bbox 1993 5353 3645 5424">
    <p class='ocr_par' dir='ltr' id='par_1_113' title="bbox 1993 5353 3645 5424">
     <span class='ocr_line' id='line_1_113' title="bbox 1993 5353 3645 5424; baseline -0.009 -12"><span class='ocrx_word' id='word_1_899' title='bbox 1993 5367 2075 5412; x_wconf 89' lang='lat' dir='ltr'><strong>est</strong></span> <span class='ocrx_word' id='word_1_900' title='bbox 2100 5374 2114 5424; x_wconf 91' lang='lat'><strong>;</strong></span> <span class='ocrx_word' id='word_1_901' title='bbox 2156 5372 2248 5411; x_wconf 91' lang='lat' dir='ltr'><strong>seu</strong></span> <span class='ocrx_word' id='word_1_902' title='bbox 2280 5355 2538 5420; x_wconf 87' lang='lat' dir='ltr'><strong>velimus,</strong></span> <span class='ocrx_word' id='word_1_903' title='bbox 2569 5359 2666 5407; x_wconf 84' lang='lat' dir='ltr'><strong>seu</strong></span> <span class='ocrx_word' id='word_1_904' title='bbox 2700 5353 2931 5410; x_wconf 85' lang='lat' dir='ltr'><strong>nolimus</strong></span> <span class='ocrx_word' id='word_1_905' title='bbox 2952 5393 2968 5420; x_wconf 94' lang='lat'><strong>,</strong></span> <span class='ocrx_word' id='word_1_906' title='bbox 2996 5366 3281 5423; x_wconf 87' lang='lat' dir='ltr'><strong>possumus</strong></span> <span class='ocrx_word' id='word_1_907' title='bbox 3308 5365 3413 5404; x_wconf 88' lang='lat' dir='ltr'><strong>non</strong></span> <span class='ocrx_word' id='word_1_908' title='bbox 3444 5364 3571 5419; x_wconf 85' lang='lat' dir='ltr'><strong>pec-</strong></span> <span class='ocrx_word' id='word_1_909' title='bbox 3642 5394 3645 5397; x_wconf 89' lang='lat'><strong>.</strong></span> 
     </span>
    </p>
   </div>
   <div class='ocr_carea' id='block_1_114' title="bbox 1990 5442 3652 5527">
    <p class='ocr_par' dir='ltr' id='par_1_114' title="bbox 1990 5442 3652 5527">
     <span class='ocr_line' id='line_1_114' title="bbox 1990 5442 3652 5527; baseline -0.007 -21"><span class='ocrx_word' id='word_1_910' title='bbox 1990 5465 2133 5506; x_wconf 84' lang='lat' dir='ltr'><strong>care.</strong></span> <span class='ocrx_word' id='word_1_911' title='bbox 2164 5448 2279 5503; x_wconf 86' lang='lat' dir='ltr'><strong>Non</strong></span> <span class='ocrx_word' id='word_1_912' title='bbox 2315 5447 2457 5503; x_wconf 88' lang='lat' dir='ltr'><strong>enim</strong></span> <span class='ocrx_word' id='word_1_913' title='bbox 2481 5447 2590 5513; x_wconf 89' lang='lat' dir='ltr'><strong>ait,</strong></span> <span class='ocrx_word' id='word_1_914' title='bbox 2619 5445 2725 5501; x_wconf 89' lang='lat' dir='ltr'><strong>Seu</strong></span> <span class='ocrx_word' id='word_1_915' title='bbox 2751 5444 2975 5501; x_wconf 89' lang='lat' dir='ltr'><strong>velimus</strong></span> <span class='ocrx_word' id='word_1_916' title='bbox 2998 5485 3012 5510; x_wconf 96' lang='lat'><strong>,</strong></span> <span class='ocrx_word' id='word_1_917' title='bbox 3045 5459 3137 5498; x_wconf 89' lang='lat' dir='ltr'><strong>seu</strong></span> <span class='ocrx_word' id='word_1_918' title='bbox 3164 5442 3430 5509; x_wconf 85' lang='lat' dir='ltr'><strong>nolimus,</strong></span> <span class='ocrx_word' id='word_1_919' title='bbox 3466 5454 3568 5496; x_wconf 90' lang='lat' dir='ltr'><strong>non</strong></span> <span class='ocrx_word' id='word_1_920' title='bbox 3639 5503 3652 5527; x_wconf 34' lang='grc' dir='ltr'><strong>τ</strong></span> 
     </span>
    </p>
   </div>
   <div class='ocr_carea' id='block_1_115' title="bbox 2053 5581 3571 5653">
    <p class='ocr_par' dir='ltr' id='par_1_115' title="bbox 2053 5581 3571 5653">
     <span class='ocr_line' id='line_1_115' title="bbox 2053 5581 3571 5653; baseline -0.006 -12"><span class='ocrx_word' id='word_1_921' title='bbox 2053 5593 2070 5626; x_wconf 74' lang='grc'><strong><em>³</em></strong></span> <span class='ocrx_word' id='word_1_922' title='bbox 2093 5590 2317 5653; x_wconf 77' lang='lat' dir='ltr'><strong>Plerique</strong></span> <span class='ocrx_word' id='word_1_923' title='bbox 2331 5595 2463 5653; x_wconf 52' lang='lat' dir='ltr'><strong>Mss,</strong></span> <span class='ocrx_word' id='word_1_924' title='bbox 2475 5585 2745 5653; x_wconf 61' lang='lat' dir='ltr'><strong>quiddicit,</strong></span> <span class='ocrx_word' id='word_1_925' title='bbox 2759 5586 2857 5639; x_wconf 78' lang='lat' dir='ltr'><strong>nisi</strong></span> <span class='ocrx_word' id='word_1_926' title='bbox 2870 5598 3044 5652; x_wconf 85' lang='lat' dir='ltr'><strong>parum</strong></span> <span class='ocrx_word' id='word_1_927' title='bbox 3057 5582 3187 5649; x_wconf 68' lang='lat' dir='ltr'><strong>quod</strong></span> <span class='ocrx_word' id='word_1_928' title='bbox 3209 5583 3327 5636; x_wconf 83' lang='lat' dir='ltr'><strong>dicit</strong></span> <span class='ocrx_word' id='word_1_929' title='bbox 3350 5581 3571 5634; x_wconf 78' lang='lat' dir='ltr'><strong>attendit.</strong></span> 
     </span>
    </p>
   </div>
   <div class='ocr_carea' id='block_1_116' title="bbox 2055 5648 2801 5710">
    <p class='ocr_par' dir='ltr' id='par_1_116' title="bbox 2055 5648 2801 5710">
     <span class='ocr_line' id='line_1_116' title="bbox 2055 5648 2801 5710; baseline -0.005 -9"><span class='ocrx_word' id='word_1_930' title='bbox 2055 5656 2077 5686; x_wconf 76' lang='grc'>²</span> <span class='ocrx_word' id='word_1_931' title='bbox 2101 5661 2150 5702; x_wconf 90' lang='lat' dir='ltr'><strong>tn</strong></span> <span class='ocrx_word' id='word_1_932' title='bbox 2166 5648 2303 5701; x_wconf 78' lang='lat' dir='ltr'><strong>libi-is</strong></span> <span class='ocrx_word' id='word_1_933' title='bbox 2327 5648 2499 5710; x_wconf 68' lang='lat' dir='ltr'><strong>editis,</strong></span> <span class='ocrx_word' id='word_1_934' title='bbox 2512 5655 2560 5700; x_wconf 81' lang='lat' dir='ltr'><strong>et</strong></span> <span class='ocrx_word' id='word_1_935' title='bbox 2581 5648 2646 5699; x_wconf 87' lang='lat' dir='ltr'><strong>ibi</strong></span> <span class='ocrx_word' id='word_1_936' title='bbox 2662 5656 2801 5700; x_wconf 83' lang='lat' dir='ltr'><strong>esset.</strong></span> 
     </span>
    </p>
   </div>
   <div class='ocr_carea' id='block_1_117' title="bbox 2054 5704 3573 5776">
    <p class='ocr_par' dir='ltr' id='par_1_117' title="bbox 2054 5704 3573 5776">
     <span class='ocr_line' id='line_1_117' title="bbox 2054 5704 3573 5776; baseline 0 -14"><span class='ocrx_word' id='word_1_937' title='bbox 2054 5716 2077 5748; x_wconf 80' lang='grc'><em>³</em></span> <span class='ocrx_word' id='word_1_938' title='bbox 2098 5704 2485 5776; x_wconf 59' lang='grc' dir='ltr'><strong>ιιθεθδαιιιι·,εεί</strong></span> <span class='ocrx_word' id='word_1_939' title='bbox 2502 5710 2735 5774; x_wconf 74' lang='lat' dir='ltr'><strong>prwbere.</strong></span> <span class='ocrx_word' id='word_1_940' title='bbox 2773 5718 2982 5776; x_wconf 84' lang='lat' dir='ltr'><strong>Duorum</strong></span> <span class='ocrx_word' id='word_1_941' title='bbox 2998 5709 3329 5761; x_wconf 75' lang='lat' dir='ltr'><strong>Vaticanorum</strong></span> <span class='ocrx_word' id='word_1_942' title='bbox 3353 5704 3573 5762; x_wconf 71' lang='lat' dir='ltr'><strong>codicull</strong></span> 
     </span>
    </p>
   </div>
   <div class='ocr_carea' id='block_1_118' title="bbox 1991 5772 2958 5834">
    <p class='ocr_par' dir='ltr' id='par_1_118' title="bbox 1991 5772 2958 5834">
     <span class='ocr_line' id='line_1_118' title="bbox 1991 5772 2958 5834; baseline -0.008 -6"><span class='ocrx_word' id='word_1_943' title='bbox 1991 5772 2278 5828; x_wconf 71' lang='lat' dir='ltr'><strong>auctoritate</strong></span> <span class='ocrx_word' id='word_1_944' title='bbox 2299 5772 2617 5833; x_wconf 71' lang='lat' dir='ltr'><strong>restituiinus,</strong></span> <span class='ocrx_word' id='word_1_945' title='bbox 2629 5784 2687 5834; x_wconf 71' lang='lat' dir='ltr'><strong>se</strong></span> <span class='ocrx_word' id='word_1_946' title='bbox 2707 5772 2958 5834; x_wconf 67' lang='lat' dir='ltr'><strong>prteberet.</strong></span> 
     </span>
    </p>
   </div>
   <div class='ocr_carea' id='block_1_119' title="bbox 2056 5831 2793 5900">
    <p class='ocr_par' dir='ltr' id='par_1_119' title="bbox 2056 5831 2793 5900">
     <span class='ocr_line' id='line_1_119' title="bbox 2056 5831 2793 5900; baseline -0.008 -12"><span class='ocrx_word' id='word_1_947' title='bbox 2056 5843 2078 5871; x_wconf 72' lang='grc' dir='ltr'>δ</span> <span class='ocrx_word' id='word_1_948' title='bbox 2097 5845 2197 5887; x_wconf 78' lang='lat' dir='ltr'><strong>Duo</strong></span> <span class='ocrx_word' id='word_1_949' title='bbox 2215 5835 2424 5887; x_wconf 70' lang='lat' dir='ltr'><strong>vaticani</strong></span> <span class='ocrx_word' id='word_1_950' title='bbox 2441 5842 2566 5900; x_wconf 63' lang='lat' dir='ltr'><strong>Mss,</strong></span> 
     </span>
    </p>
   </div>
  </div>
