4036 6536
475 455 584 522 215

471 589 755 648 peccamus
783 591 798 643 ;
838 572 954 630 sine
980 571 1139 628 dubio
1166 568 1306 624 enim
1337 583 1638 639 peccamus,
1679 568 1726 624 si
1755 568 1996 623 volumus
2029 585 2044 622 :

475 667 570 724 sed
600 676 776 724 tamen
807 665 1031 720 velimus
1067 661 1326 724 nolimus,
1357 659 1552 714 habere
1579 674 1676 714 nos
1715 659 1904 715 asserit
1940 673 2048 713 non

471 761 727 832 peccandi
755 757 1157 830 possibilitatem
1178 797 1193 822 ,
1222 769 1380 826 quam
1419 761 1624 808 natura:
1658 753 1869 806 insitam
1899 749 2046 806 dicit.

469 853 578 909 Sed
599 853 666 908 de
688 852 902 906 homine
930 847 1073 904 sanis
1103 846 1328 918 pedibus
1355 845 1698 901 tolerabiliter
1723 843 1824 899 dici
1853 850 2047 912 potest,

471 945 602 999 velit
644 941 774 998 nolit
817 941 976 996 habet
1004 938 1308 994 ambulandi
1352 937 1758 1008 possibilitatem
1793 953 1808 990 :
1838 933 2050 990 confra-

469 1034 574 1090 ctis
600 1047 746 1098 vero,
792 1040 846 1087 et
886 1031 931 1086 si
963 1031 1113 1097 velit,
1143 1046 1248 1086 non
1281 1029 1458 1084 habet.
1507 1028 1696 1082 Vitiata
1740 1035 1824 1082 est
1863 1035 2050 1080 natura

469 1125 538 1180 de
565 1139 668 1195 qua
707 1123 959 1194 loquitur.
991 1121 1128 1191 Quid
1168 1120 1406 1192 superbit
1434 1128 1572 1174 terra
1613 1127 1668 1174 et
1695 1117 1830 1173 cinis
1862 1115 2048 1189 (Eccli.

470 1232 508 1272 ι
529 1258 546 1285 ,
573 1215 682 1289 9)?
713 1215 906 1272 Vitiata
945 1223 1046 1280 est,
1091 1213 1353 1270 medicum
1384 1211 1630 1280 implorat
1663 1227 1678 1265 :
1717 1208 1930 1264 Salvum
1974 1223 2055 1260 me

470 1313 590 1382 fac,
621 1307 858 1376 Domine,
906 1307 1100 1363 clamat
1141 1305 1326 1379 (Psal.
1356 1321 1444 1372 ιι,
1473 1304 1545 1375 2)
1583 1322 1596 1358 :
1643 1302 1785 1360 Sana
1829 1301 2054 1354 animam

475 1418 664 1470 aream,
707 1399 903 1458 clamat
944 1399 1123 1470 (Psal.
1175 1415 1264 1468 sn,
1309 1395 1397 1472 5).
1442 1397 1578 1465 Quid
1623 1393 1926 1451 intercludit
1952 1391 2050 1447 has

469 1505 653 1560 voces,
675 1500 734 1546 ut
756 1487 1089 1548 defendendo
1111 1490 1260 1561 quasi
1289 1497 1601 1560 praesentem
1626 1485 2054 1558 possibilitatem,

469 1583 704 1639 futuram
735 1584 985 1656 impediat
1014 1583 1296 1638 sanitatem
1321 1579 1348 1636 i

541 1675 770 1733 CAPUT
807 1677 870 1731 L.
897 1704 970 1716 —-
991 1675 1082 1732 58.
1111 1672 1284 1728 Etiam
1311 1691 1343 1728 a
1373 1673 1470 1744 piis
1496 1689 1558 1726 ac
1583 1669 1748 1725 Deum
1770 1665 2058 1724 timentibus

470 1767 640 1839 gratia
658 1768 1002 1840 impugnatur.
1027 1768 1094 1823 Et
1114 1767 1288 1822 videte
1311 1765 1437 1836 quid
1464 1764 1735 1835 adiungat,
1757 1760 1899 1816 unde
1925 1759 2057 1814 illud

471 1858 775 1916 conﬁrmari
802 1859 1088 1914 existimat.
1114 1876 1134 1910 ε
1161 1857 1294 1925 Quia
1315 1856 1477 1920 nulla,
1505 1873 1525 1908 ι
1561 1854 1749 1924 inquit,
1777 1873 1798 1906 ι
1819 1851 2059 1906 adimere

469 1950 718 2007 voluntas
737 1960 928 2022 potest,
953 1951 1092 2022 quod
1123 1949 1550 2020 inseparabiliter
1566 1948 1780 2003 insitum
1805 1944 2060 2016 probatur

471 2055 593 2098 esse
609 2050 832 2097 naturae.
855 2060 873 2093 ι
893 2040 1047 2098 Unde
1063 2055 1190 2112 ergo
1208 2041 1296 2096 illa
1315 2056 1418 2096 vox
1439 2059 1453 2096 :
1478 2039 1544 2094 Ut
1561 2056 1662 2093 non
1679 2053 1792 2106 qua:
1807 2037 1955 2090 vultis
1969 2035 2062 2088 illa

472 2131 673 2200 faciatis
699 2130 891 2204 (Galat.
917 2131 1111 2202 v,17)?
1135 2131 1284 2188 Unde
1306 2131 1465 2186 etiam
1493 2130 1582 2184 illa
1606 2149 1620 2184 :
1641 2127 1762 2183 Non
1779 2129 1908 2181 enim
1925 2125 2062 2198 quod

471 2221 584 2276 colo
601 2221 736 2292 facio
752 2221 972 2288 bonum;
989 2222 1078 2276 sed
1099 2222 1232 2293 quod
1253 2221 1340 2275 odi
1353 2221 1564 2288 malum,
1585 2219 1679 2273 hoc
1703 2219 1836 2290 ago?
1859 2217 1958 2273 Ubi
1979 2226 2061 2272 est

469 2312 814 2383 possibilitas,
847 2329 964 2384 qua:
994 2313 1421 2383 inseparabiliter
1450 2311 1607 2366 insita
1643 2310 1900 2380 probatur
1938 2321 2060 2364 esse

472 2403 726 2459 naturae?
761 2403 900 2458 Ecce
935 2403 1180 2459 homines
1221 2417 1330 2457 non
1357 2417 1420 2457 ea
1449 2417 1566 2472 qua:
1596 2401 1779 2456 volunt
1819 2398 2016 2454 faciunt
2045 2413 2058 2452 :

472 2504 530 2551 et
565 2495 634 2551 de
679 2511 787 2550 non
818 2495 1087 2566 peccando
1129 2495 1312 2565 utique
1339 2494 1548 2565 agebat,
1583 2509 1686 2547 non
1715 2492 1782 2548 de
1811 2491 2058 2554 volando,

471 2588 596 2659 quia
625 2588 890 2655 homines,
916 2603 1021 2643 non
1049 2587 1201 2642 alites
1227 2595 1398 2642 erant.
1429 2586 1569 2642 Ecce
1595 2585 1756 2640 homo
1785 2583 1926 2654 quod
1949 2583 2064 2636 vult

472 2677 672 2733 bonum
721 2694 826 2733 non
875 2679 1025 2750 agit;
1073 2677 1166 2733 sed
1198 2677 1339 2748 quod
1383 2693 1490 2731 non
1535 2677 1647 2730 vult
1691 2676 1912 2742 malum,
1960 2675 2063 2728 hoc

472 2769 584 2838 agit
624 2784 638 2821 :
681 2768 808 2822 uelle
848 2767 928 2822 illi
973 2767 1195 2838 adiacet,
1246 2769 1484 2835 perﬁcere
1525 2775 1687 2820 autem
1733 2766 1914 2819 bonum
1959 2781 2062 2818 non

474 2857 674 2927 adjacet
705 2857 877 2927 (Rom.
913 2873 1006 2925 vn,
1039 2857 1125 2926 l5,
1157 2858 1271 2928 18).
1319 2858 1416 2914 Ubi
1448 2865 1529 2912 est
1556 2855 1878 2928 possibilitas
1898 2896 1914 2923 ,
1942 2870 2062 2926 qua:

473 2949 898 3020 inseparabiliter
927 2951 1083 3006 insita
1125 2951 1381 3021 probatur
1409 2964 1528 3005 esse
1566 2947 1811 3004 naturai?
1857 2947 2059 3017 Quem-

471 3040 603 3096 libet
629 3041 772 3097 enim
814 3041 865 3095 in
910 3057 969 3097 se
1001 3040 1360 3112 transﬁguret,
1405 3041 1450 3096 si
1489 3041 1572 3095 de'
1593 3056 1652 3096 se
1681 3041 1796 3110 ipso
1827 3040 1925 3094 ista
1955 3054 2059 3092 non

471 3131 602 3187 dicit
626 3133 944 3204 Apostolus,
985 3134 1260 3190 hominem
1302 3141 1448 3189 certe
1490 3133 1543 3188 in
1590 3149 1651 3189 se
1698 3132 2059 3202 transﬁgurat.

474 3223 559 3278 Ab
588 3224 690 3279 isto
720 3233 896 3280 autem
940 3225 1050 3295 ipsa
1085 3226 1102 3258 ³
1135 3224 1365 3280 humana
1413 3232 1599 3279 natura
1647 3223 2060 3292 inseparabilem

473 3315 609 3370 nihil
645 3317 898 3386 peccandi
929 3316 1335 3386 possibilitatem
1373 3315 1570 3371 habere
1600 3315 1922 3371 defenditur.
1952 3314 2062 3371 Sed

473 3407 560 3463 his
575 3407 752 3463 verbis
773 3407 824 3462 id
840 3407 1033 3478 agitur,
1049 3408 1208 3462 etiam
1229 3423 1261 3462 a
1283 3408 1552 3464 nesciente
1567 3408 1656 3478 qui
1679 3407 1931 3477 loquitur,
1952 3421 2062 3462 non

472 3505 652 3553 autem
681 3499 955 3554 nesciente
983 3497 1077 3553 illo
1103 3498 1190 3569 qui
1217 3497 1332 3553 haec
1360 3498 1624 3568 loquenda
1647 3497 1872 3553 incautis
1897 3497 2060 3552 etiam

473 3591 643 3646 Deum
661 3589 971 3646 timentibus
994 3589 1245 3660 suggerit,
1260 3599 1322 3643 ut
1335 3597 1622 3644 evacuetur
1635 3587 1999 3659 Christigratia
2013 3589 2060 3655 ’,

475 3681 712 3738 humana
733 3681 830 3737 sibi
849 3681 912 3737 ad
931 3681 1189 3752 justitiam
1208 3696 1357 3736 suam
1372 3681 1522 3750 quasi
1536 3679 1832 3735 sufﬁciente
1847 3689 2058 3736 natura.

546 3772 773 3830 CAPUT
811 3773 896 3828 Li.
945 3801 1019 3813 —
1069 3773 1160 3829 59.
1217 3771 1612 3828 Possibilitatem
1663 3789 1764 3827 non
1819 3772 2062 3843 peccandi

469 3880 568 3934 quo
617 3881 768 3919 sensu
805 3862 1050 3936 Pelagius
1103 3863 1201 3918 Dei
1235 3864 1413 3935 gratia!
1450 3863 1696 3918 tribuerit.
1757 3863 1829 3919 Ut
1883 3873 2059 3918 autem

461 3957 770 4013 ‘decliuetur
807 3957 1000 4012 invidia
1027 3999 1042 4024 ,
1085 3973 1186 4027 qua
1223 3954 1512 4012 Christiani
1549 3957 1570 3989 ³
1607 3971 1705 4027 pro
1742 3957 1914 4012 salute
1965 3971 2061 4011 sua

469 4048 706 4103 clamant
743 4056 797 4103 et
829 4049 1044 4112 dicunt,
1073 4047 1249 4114 Quare
1287 4048 1402 4103 sine
1439 4047 1705 4117 adiutorio
1741 4047 1926 4118 gratia:
1965 4047 2061 4101 Dei

469 4137 610 4195 dicis
634 4137 903 4192 hominem
923 4153 1078 4208 posse
1103 4153 1210 4193 non
1241 4137 1512 4207 peccare?
1539 4137 1686 4206 Ipsa,
1719 4138 1913 4207 inquit,
1959 4154 2061 4192 non

471 4229 719 4301 peccandi
747 4229 1056 4300 possibilitas
1077 4245 1178 4283 non
1205 4237 1310 4282 tam
1331 4230 1382 4283 in
1407 4228 1600 4282 arbitrii
1619 4237 1883 4299 potestate,
1907 4247 2060 4300 quam

468 4325 526 4378 iu
547 4333 744 4380 natura:
762 4325 1052 4379 necessitate
1079 4331 1169 4378 est.
1199 4321 1458 4393 Quidquid
1477 4322 1528 4375 in
1549 4330 1746 4376 natura:
1769 4324 2062 4376 necessitate

468 4417 692 4487 positum
718 4423 809 4480 est,
841 4415 908 4468 ad
933 4424 1133 4468 natura:
1160 4414 1406 4484 pertinere
1443 4429 1543 4466 non
1571 4411 1828 4466 dubitatur
1877 4421 2056 4467 aucto-

465 4515 577 4563 rem
597 4550 612 4574 ,
644 4509 816 4579 utique
841 4507 1028 4562 Deum.
1062 4506 1326 4571 Quomodo
1351 4523 1468 4577 ergo
1491 4548 1505 4572 ,
1537 4505 1727 4576 inquit,
1755 4505 1941 4576 absque
1961 4505 2060 4562 Dei

467 4601 632 4672 gratia
658 4599 759 4653 dici
781 4599 1111 4666 existimatur,
1147 4598 1284 4671 quod
1302 4598 1370 4652 ad
1391 4598 1555 4652 Deum
1587 4600 1790 4670 praprie
1815 4599 2061 4669 pertinere

468 4689 824 4743 monstratur?
850 4690 1114 4757 Expressa
1141 4697 1223 4742 est
1261 4689 1522 4743 sententia
1552 4705 1672 4758 qua!
1707 4689 1923 4758 latebat,
1949 4705 2058 4745 non

471 4789 556 4836 est
579 4779 1026 4851 quemadmodum
1069 4781 1238 4848 possit
1283 4779 1563 4835 abscondi.
1598 4779 1722 4834 Ideo
1749 4780 1844 4836 Dei
1875 4782 2060 4851 gratia:

469 4873 656 4928 tribuit
681 4887 786 4926 non
809 4872 1061 4941 peccandi
1093 4871 1522 4942 possibilitatem,
1553 4873 1677 4942 quia
1708 4872 1826 4942 ejus
1847 4883 2056 4930 natura:

474 4963 616 5019 Deus
642 4973 829 5022 auctor
853 4970 967 5028 est,
995 4962 1078 5016 cui
1111 4961 1519 5030 possibilitatem
1555 4975 1660 5016 non
1689 4963 1946 5031 peccandi
1977 4964 2060 5019 in.

471 5053 843 5125 separabiliter
862 5053 1075 5108 insitam
1095 5053 1242 5107 dicit.
1269 5051 1401 5108 Cum
1429 5053 1544 5107 vult
1564 5067 1691 5123 ergo
1712 5053 1836 5109 facit
1861 5053 1904 5121 ⁸,
1937 5055 2059 5125 quia

474 5161 580 5201 non
609 5145 724 5200 vult
750 5161 856 5199 non
895 5143 1040 5199 facit.
1073 5143 1171 5200 Ubi
1199 5143 1340 5198 enim
1365 5154 1448 5199 est
1481 5143 1850 5214 inseparabilis
1883 5147 2060 5216 possi-

469 5239 682 5304 bilitas,
720 5235 769 5292 ei
799 5235 1040 5291 accidere
1079 5250 1186 5290 non
1217 5243 1392 5306 potest
1419 5235 1714 5292 voluntatis
1742 5237 2056 5309 inﬁrmitas,

473 5329 562 5384 vel
609 5327 784 5399 potius
810 5327 1096 5382 voluntatis
1124 5325 1423 5396 adiacentia
1453 5337 1508 5382 et
1551 5328 1894 5397 perfectionis
1921 5331 2060 5386 indi-

473 5419 666 5489 gentia.
701 5417 760 5474 Si
803 5431 935 5488 ergo
986 5417 1057 5472 ita
1109 5426 1222 5485 cst,
1275 5417 1417 5472 unde
1447 5417 1610 5487 venit,
1649 5415 1791 5476 Velle
1817 5422 2057 5493 adjacet,

539 5535 791 5596 tonatuor
815 5532 1103 5596 ejaticanis
1123 5529 1376 5592 itm-.1310-
1736 5595 1739 5596 ν
1795 5595 1798 5596 ν
1851 5593 1856 5596 -

537 5594 772 5658 {Aliquot
785 5593 1012 5658 (Gallicani
1034 5601 1162 5658 Mss,
1185 5601 1238 5646 ut
1257 5599 1514 5647 evacuetur
1537 5609 1664 5648 crux
1683 5593 1881 5651 Christi.

539 5656 562 5687 ³
577 5655 794 5706 Ηὶεεάἰιὶ
815 5655 1014 5716 addunt,
1047 5655 1211 5706 etiam.

537 5715 562 5748 ι
579 5717 652 5766 Sic
671 5716 822 5783 habet
834 5715 1154 5783 vetus‘eodex
1168 5717 1551 5783 Qgirannensis.
1562 5721 1804 5773 Editiones
1817 5735 1939 5773 vero
1954 5729 2058 5773 Am.

473 5781 622 5846 Erigat
642 5783 773 5846 L9v._,
789 5777 966 5840 faciat:
983 5779 1140 5842 iisque
1161 5777 1472 5832 consentiunt
1491 5781 1572 5846 alii
1587 5789 1717 5844 uss,
1734 5797 1940 5846 quorum
1955 5792 2062 5836 tres

723 5836 798 5889 sic'
831 5847 1000 5902 postea
1023 5836 1404 5908 pioseqtmntur,
1427 5842 1543 5909 quia
1565 5859 1680 5899 cum
1703 5836 1810 5900 ἠόη
1847 5845 1945 5899 vult
1966 5859 2062 5899 non

1424 453 1510 508 DE
1550 453 1828 512 NATUllA
1873 455 1960 511 ET
1997 454 2284 524 GRATM,’
2317 457 2378 515 S.
2417 459 2788 521 AUGUSTI.“
3619 484 3714 544 275

2169 569 2410 664 perﬁcere
2435 579 2600 626 autem
2645 573 2828 629 bonum
2855 591 2956 632 non
2991 578 3191 648 adjacel
3207 579 3240 635 ?
3257 579 3314 638 Si
3353 583 3489 640 enim
3513 587 3608 646 istc
3631 595 3716 664 qui

2165 657 2306 714 hunc
2333 660 2524 717 librum
2551 664 2782 735 scripsit,
2811 667 2878 723 de
2909 668 2999 724 illa
3029 669 3262 728 hominis
3282 684 3465 731 natura
3489 657 3714 751 loquere-

2165 757 2272 816 tur,
2329 767 2448 820 quae
2494 755 2671 825 primo
2701 755 2966 828 inculpata
3012 768 3067 815 et
3093 776 3221 817 sana
3256 763 3273 795 ⁸
3298 766 3507 824 condita
3529 782 3622 842 est,
3650 787 3716 832 ut.

2162 855 2392 939 cu‘mque
2418 855 2787 914 acceptaretur
2809 849 2910 904 hoc
2935 851 3131 907 dictum
3163 872 3178 910 :
3205 871 3498 928 quanquam
3529 865 3717 939 insepa-

2164 929 2388 1026 rabilem
2438 933 2636 1026 habere
2663 939 3101 1008 possibilitatem,
3134 943 3184 998 id
3213 954 3314 1014 est,
3340 957 3396 1002 ut
3419 950 3487 1004 ita
3517 929 3674 1013 dicam
3697 1001 3712 1026 ,

2163 1019 2586 1092 inamissibilem,
2614 1041 2718 1082 non
2749 1027 2931 1086 debuit
2983 1031 3070 1087 illa
3116 1043 3303 1090 natura
3331 1037 3434 1094 dici
3453 1080 3468 1106 ,
3511 1059 3620 1113 qua:
3647 1019 3718 1104 vi;

2163 1113 2280 1168 tiari
2311 1127 2490 1184 posset
2512 1119 2557 1185 ²,
2584 1128 2638 1174 ει
2685 1120 2950 1178 ῐηεάἱειῑηι
2978 1139 3240 1196 quaerere,
3278 1129 3368 1200 qui
3404 1133 3528 1189 caeci
3553 1139 3718 1196 oculos

2161 1213 2416 1274 sanaret,
2461 1215 2516 1262 et
2569 1208 2784 1266 videndi
2831 1213 3238 1282 possibilitatem
3270 1221 3585 1290 restitueret,
3611 1243 3716 1298 qua:

2161 1293 2334 1388 fuerat
2375 1298 2572 1354 amissa
2615 1316 2713 1370 per
2736 1304 3029 1361 caecitatem
3059 1325 3073 1362 :
3103 1310 3352 1378 quoniam
3397 1327 3567 1372 caicus
3606 1293 3722 1388 puto

2161 1383 2304 1453 quod
2348 1386 2478 1442 velit
2513 1389 2694 1446 videre
2719 1432 2736 1457 ,
2765 1393 2859 1448 sed
2890 1405 2999 1450 non
3025 1404 3232 1466 potest;
3261 1400 3307 1456 si
3331 1411 3506 1459 autem
3531 1383 3636 1462 vult
3671 1419 3718 1466 et

2162 1488 2272 1529 non
2291 1484 2485 1544 potest,
2513 1479 2652 1535 inest
2673 1481 2940 1552 voluntas,
2963 1485 3056 1540 sed
3077 1488 3273 1543 amissa
3291 1499 3374 1545 est
3395 1493 3712 1562 possibilitas.

2233 1565 2458 1624 CAPUT
2494 1568 2604 1626 ιιι.
2627 1601 2699 1613 ——-
2734 1573 2823 1629 60.
2877 1573 3028 1631 Idem
3073 1587 3319 1633 tractatur
3347 1595 3722 1654 .argumentum.

2162 1655 2352 1712 Adhuc
2371 1658 2547 1716 videte
2565 1677 2696 1732 quas
2721 1665 2888 1720 moles
2909 1677 3154 1735 conetur,
3179 1685 3282 1739 qua
3311 1670 3333 1702 ³
3362 1686 3510 1728 suam
3529 1685 3724 1733 senten-

2165 1747 2294 1802 tiam
2315 1747 2494 1818 ducat,
2527 1752 2842 1823 irrumpere,
2874 1757 2918 1810 si
2973 1758 3195 1814 valeret.
3227 1759 3425 1832 Obiicit
3469 1765 3604 1820 enim
3631 1769 3724 1826 sibi

2163 1843 2510 1910 quazstionem
2538 1885 2554 1912 ,
2598 1843 2828 1902 dicens:
2861 1867 2880 1900 ι
2925 1849 3028 1905 Sed
3073 1866 3200 1906 caro
3253 1854 3410 1910 nobis
3452 1858 3728 1916 secundum

2173 1947 2194 1982 α
2226 1931 2533 2000 Apostolum
2562 1938 2826 1991 contraria
2861 1949 2942 1993 est
2989 1939 3185 2010 (Galat.
3214 1957 3265 2010 v,
3299 1943 3388 2015 l7)
3416 1986 3432 2013 ,
3463 1945 3658 2016 inquies
3683 1968 3724 2004 ι.

2177 2023 2384 2081 Deinde
2429 2029 2758 2097 respondet:
2795 2049 2814 2084 ι
2859 2031 2960 2098 Qui
2983 2033 3099 2088 lieri
3129 2045 3322 2104 potest,
3355 2045 3411 2092 ut
3437 2039 3730 2111 cuicumque

2172 2133 2191 2168 ε
2216 2117 2482 2188 baptizato
2509 2121 2580 2174 sit
2606 2136 2732 2176 caro
2777 2125 3044 2178 contraria
3071 2166 3086 2192 ,
3131 2141 3252 2181 cum
3285 2129 3578 2184 secundum
3597 2147 3734 2188 eum-

2172 2227 2192 2262 ί
2225 2210 2345 2265 dem
2377 2217 2414 2265 A
2426 2213 2687 2282 postolum
2716 2215 2770 2270 in
2801 2231 2964 2272 carne
2989 2234 3095 2274 non
3124 2233 3246 2275 esse
3275 2219 3637 2294 intelligatur?
3662 2223 3732 2280 ita

2173 2319 2192 2352 ε
2230 2303 2368 2356 enim
2394 2304 2470 2358 ait
2501 2321 2516 2358 :
2547 2302 2648 2358 Vos
2667 2315 2836 2360 autem
2853 2308 2907 2362 in
2931 2325 3080 2364 carne
3106 2327 3208 2365 non
3231 2312 3349 2367 estis
3379 2331 3401 2365 ι
3435 2313 3602 2385 (Rom.
3627 2331 3733 2383 vut,

2167 2393 2242 2464 9).
2289 2395 2452 2462 Bene,
2499 2397 2640 2467 quod
2684 2397 2962 2470 haptizatis
3007 2401 3136 2458 dicit
3165 2419 3384 2460 carnem
3433 2409 3736 2464 contrariam

2168 2497 2291 2538 esse
2320 2499 2426 2539 non
2453 2499 2646 2555 posse;
2675 2489 2818 2558 quod
2861 2499 3037 2546 utrum
3065 2509 3249 2548 verum
3277 2496 3366 2560 sit,
3405 2505 3524 2567 post
3549 2497 3733 2554 videbi-

2165 2589 2286 2629 mus
2309 2573 2513 2646 (Capite
2533 2578 2789 2651 proximo)
2818 2597 2832 2634 :
2861 2597 3002 2636 nunc
3025 2598 3154 2638 vero
3176 2586 3296 2655 quia
3323 2601 3433 2640 non
3459 2589 3624 2657 potuit
3649 2605 3735 2659 pe-

2165 2665 2308 2720 nitus
2331 2681 2388 2722 se
2413 2667 2652 2724 oblivisci
2673 2685 2794 2726 esse
2814 2671 3160 2730 christianum
3179 2718 3194 2742 ,
3221 2677 3317 2732 sed
3345 2677 3404 2733 id
3435 2678 3556 2734 licet
3579 2682 3738 2738 tenui-

2167 2763 2250 2810 ter
2271 2757 2582 2814 recordatus
2607 2767 2691 2814 est
2716 2802 2732 2828 ,
2761 2763 2984 2818 recessit
3011 2779 3042 2818 a
3063 2763 3381 2824 defensione
3405 2779 3622 2824 naturae.
3651 2770 3742 2828 Ubi

2173 2855 2258 2901 est
2285 2863 2413 2917 ergo
2441 2849 2865 2920 inseparabilitas
2897 2855 3307 2924 possibilitatis?
3335 2860 3424 2914 An
3453 2859 3585 2916 forte
3612 2877 3737 2916 non-

2165 2937 2292 2994 dum
2333 2941 2586 3011 baptizati
2635 2946 2687 2998 in
2732 2952 2919 3000 natura
2971 2945 3249 3003 hominum
3295 2965 3406 3006 non
3455 2953 3611 3007 sunt?
3654 2952 3742 3008 llic

2167 3046 2410 3101 prorsus,
2459 3033 2546 3089 hic
2577 3045 2756 3104 posset
2783 3037 3040 3108 evigilare
3068 3037 3110 3103 ⁸.
3139 3049 3193 3095 ει
3217 3040 3262 3095 si
3289 3041 3536 3098 advertat
3560 3053 3738 3114 potest.

2170 3121 2270 3188 Qui
2293 3123 2404 3192 ﬁeri
2446 3134 2625 3194 potest,
2651 3126 2839 3197 inquit,
2863 3137 2916 3180 ut
2941 3129 3234 3202 cuicumque
3259 3131 3516 3204 baptizata
3535 3136 3597 3189 sit
3633 3151 3746 3189 caro

2171 3215 2427 3267 contraria
2452 3214 2477 3268 .9
2507 3216 2644 3286 Ergo
2689 3231 2794 3270 non
2823 3215 3101 3287 haptizatis
3129 3229 3302 3290 potest
3324 3237 3458 3278 caro
3480 3239 3598 3280 esse
3623 3239 3740 3280 con-

2167 3307 2352 3362 traria.
2407 3309 2648 3378 Exponat
2679 3311 3164 3380 quemadmodum;
3204 3329 3326 3370 cum
3367 3317 3446 3372 sit
3491 3317 3646 3372 etiam
3694 3316 3742 3371 in

2166 3398 2297 3468 ipsis
2326 3399 2412 3453 illa
2435 3400 2502 3454 ah
2522 3416 2586 3454 eo
2627 3403 2848 3456 multum
2879 3403 3100 3460 defensa
3144 3414 3332 3462 natura
3365 3426 3386 3462 :
3414 3417 3562 3463 certe
3591 3409 3668 3463 vel
3695 3409 3744 3463 in

2166 3489 2245 3550 eis
2285 3489 2531 3544 concedit
2580 3505 2700 3546 csse
2743 3491 2978 3548 vitiatam
3005 3533 3020 3562 ,
3053 3495 3097 3548 si
3123 3495 3236 3565 iam
3267 3497 3324 3552 in
3347 3495 3632 3569 baptizatis
3665 3497 3746 3553 ille

2166 3583 2379 3638 saucius
2424 3597 2588 3638 sanus
2627 3582 2694 3638 de
2719 3583 2928 3638 stabulo
2970 3601 3217 3656 egressus
3245 3597 3348 3655 est,
3383 3599 3476 3645 aut
3519 3605 3673 3645 sanus
3697 3591 3746 3644 in

2165 3673 2376 3727 stabulo
2401 3683 2504 3736 est,
2533 3687 2640 3743 quo
2661 3689 2782 3728 eum
2813 3675 3105 3730 curandum
3129 3677 3445 3738 misericors
3474 3681 3748 3737 Samarita-

2165 3780 2268 3820 nus
2287 3765 2499 3820 advexit
2525 3765 2678 3838 (Luc.
2708 3782 2768 3834 ι,
2795 3767 3008 3842 50-55).
3033 3767 3202 3825 Ροιτο
3230 3771 3276 3827 si
3305 3774 3398 3829 vel
3425 3774 3542 3830 istis
3565 3788 3745 3830 conce-

2165 3856 2244 3912 dit
2295 3871 2508 3912 carnem
2557 3871 2678 3912 esse
2705 3859 3028 3914 contrariam
3052 3903 3068 3927 ,
3099 3860 3244 3917 dicat
3273 3864 3408 3934 quid
3438 3864 3747 3937 contigerit,

2165 3963 2287 4003 eum
2315 3953 2384 4003 sit
2407 3957 2693 4020 utrumque
2711 3992 2726 4018 ,
2772 3949 2872 4006 hoc
2900 3961 3004 4019 est,
3045 3962 3100 4008 et
3129 3968 3256 4008 caro
3281 3964 3338 4010 et
3369 3957 3595 4028 spiritus
3616 3969 3751 4011 erea-

2167 4047 2286 4094 tura
2317 4039 2474 4095 unius
2503 4039 2850 4112 eiusdemque
2875 4044 3154 4111 creatoris,
3185 4046 3380 4114 procnl
3403 4047 3568 4103 dubio
3597 4047 3750 4112 bona,

2164 4133 2287 4203 quia
2308 4133 2432 4188 boui
2455 4153 2466 4188 :
2492 4135 2592 4189 nisi
2631 4135 2754 4206 quia
2785 4135 2887 4192 hoc
2915 4146 2997 4192 est
3024 4139 3231 4204 vitium,
3259 4139 3408 4210 quod
3439 4142 3652 4212 prapria
3673 4139 3752 4194 in-

2164 4225 2365 4280 ﬁictum
2389 4235 2470 4282 est
2489 4227 2790 4296 voluntate;
2815 4239 2869 4285 et
2897 4229 3000 4285 hoc
3027 4241 3088 4286 ut
3117 4231 3169 4285 in
3201 4243 3395 4287 natura
3420 4243 3660 4298 sanetur,
3685 4245 3752 4286 eo

2163 4319 2282 4388 ipso
2303 4333 2438 4388 opus
2458 4328 2541 4374 est
2569 4320 2854 4387 salvatore,
2885 4337 2992 4392 quo
3011 4323 3250 4378 instituta
3271 4334 3358 4378 est
3387 4333 3582 4380 natura
3601 4338 3752 4379 crea-

2165 4417 2300 4466 tore.
2327 4409 2441 4465 Hoc
2463 4411 2746 4480 salvatore,
2774 4429 2944 4483 eaque
2973 4413 3114 4468 illius
3142 4415 3433 4482 medicina,
3477 4431 3581 4487 qua
3625 4415 3750 4470 Ver-

2163 4500 2290 4557 bum
2319 4517 2446 4558 caro
2473 4501 2670 4558 factum
2692 4515 2796 4571 est,
2830 4514 2888 4559 ut
2921 4505 3190 4562 habitaret
3219 4507 3273 4562 in
3321 4509 3484 4566 nobis
3513 4509 3688 4580 (Jean.
3715 4523 3750 4574 ι,

2164 4593 2276 4666 ll),
2305 4594 2352 4650 si
2375 4607 2510 4665 Opus
2525 4609 2648 4650 esse
2673 4594 2938 4652 fateamur
2965 4596 3148 4666 parvis
3174 4606 3228 4652 et
3246 4599 3488 4670 magnis,
3523 4599 3576 4654 id
3605 4605 3700 4663 est,
3721 4611 3752 4650 ιι

2163 4685 2426 4756 vagitibus
2455 4685 2710 4741 infantum
2743 4703 2912 4760 usque
2939 4687 3008 4743 ad
3034 4703 3198 4744 canos
3227 4705 3422 4745 senum
3455 4709 3472 4758 ;
3503 4699 3616 4746 tota
3640 4705 3754 4760 qua:

2163 4775 2303 4831 inter
2327 4789 2426 4831 nos
2443 4785 2526 4832 est
2545 4817 2560 4845 ,
2592 4775 2750 4848 huius
2769 4778 3080 4850 quaestionis
3101 4781 3475 4838 controversia
3497 4780 3752 4838 dissoluta

2163 4875 2266 4924 εει.

2235 4957 2458 5015 CAPUT
2496 4959 2629 5015 LIII.
2656 4989 2727 5000 --
2753 4959 2844 5015 61.
2885 4959 2962 5015 De
2997 4978 3098 5033 qua
3135 4963 3218 5018 hic
3253 4963 3428 5035 gratia
3465 4963 3568 5020 Dei
3603 4963 3752 5018 disse-

2162 5059 2324 5104 ratur.
2366 5050 2593 5105 llloriens
2630 5053 2816 5123 impius
2843 5068 2875 5105 a
2902 5054 3309 5125 concupiscentia
3342 5071 3452 5110 non
3491 5055 3752 5111 liberatur.

2162 5139 2313 5196 Nunc
2329 5141 2438 5211 iam
2461 5141 2754 5211 videamus,
2779 5153 2954 5198 utrum
2993 5153 3049 5200 et
3081 5145 3366 5216 baptizatis
3395 5147 3615 5220 legatur
3635 5161 3758 5202 caro

2163 5247 2282 5288 esse
2307 5235 2591 5288 contraria.
2623 5235 2723 5292 Ubi
2753 5251 2958 5306 qumro,
2989 5238 3184 5308 quibus
3207 5239 3423 5294 dicebat
3441 5239 3756 5310 Apostolus,

2171 5342 2191 5377 ι
2223 5323 2353 5380 Caro
2377 5327 2686 5397 concupiscit
2708 5327 2955 5382 adversus
2983 5329 3251 5400 spiritum,
3281 5339 3326 5384 et
3343 5331 3570 5400 spiritus
3583 5331 3760 5384 adver—

2162 5429 2249 5469 sus
2267 5431 2504 5480 carnem;
2536 5416 2644 5471 hac
2685 5417 2818 5471 enim
2855 5417 3066 5474 invicem
3093 5403 3469 5488 adversantur;
3495 5430 3550 5476 ut
3575 5437 3679 5478 non
3703 5433 3762 5476 ea

2163 5523 2278 5578 quia
2300 5508 2449 5562 uultis
2473 5509 2676 5580 faciatis
2701 5508 2899 5581 (Galat.
2927 5525 2987 5578 v,
3017 5511 3148 5582 l7)?
3171 5511 3256 5568 Ad
3282 5511 3530 5580 Galatas,
3559 5523 3618 5569 ut
3643 5512 3760 5584 opi-

2227 5663 2246 5732 f
2281 5663 2400 5714 editi
2443 5671 2498 5715 et
2535 5666 2864 5728 mansa-imi,
2902 5677 3002 5716 uno
3031 5674 3243 5732 excepto
3279 5665 3531 5721 Gallieno
3563 5668 3762 5730 codice,

2162 5723 2331 5860 “tamur
2355 5785 2570 5860 editione
2590 5793 2701 5860 toy.
2723 5789 2805 5840 hic
2822 5787 3054 5852 additum,
3075 5790 3246 5854 potuit.

2229 5849 2250 5880 ³
2282 5848 2416 5910 Apud
2437 5855 2566 5908 Lov.,
2587 5848 2688 5910 qui.

2229 5911 2252 5942 δ
2281 5909 2356 5962 sic
2375 5909 2556 5974 aliquot
2577 5909 2682 5962 Eas.
2708 5918 2766 5965 At
2785 5911 2920 5978 editi,
2943 5911 3159 5981 vigilare.
