3984 6520
237 387 324 447 ,π
1629 351 1830 408 LIBER
1870 348 2070 405 UNUS.

238 515 344 564 nor,
369 492 418 548 id
455 485 708 556 scripsit:
737 481 931 552 quibus
975 496 1125 542 unm,
1172 475 1271 544 Qui
1297 489 1414 544 ergo
1460 471 1632 564 tribuit
1660 468 1797 564 vobis

245 559 481 660 Spiritum,
508 586 556 632 et
580 577 793 630 uirtutes
829 580 1065 640 aperanti
1099 574 1150 624 in
1179 567 1323 660 vobis
1339 580 1358 630 ;
1384 581 1447 660 ei
1473 561 1706 660 aperiens
1735 559 1802 613 le-

242 653 335 752 gis,
360 692 419 728 att
441 686 503 725 ea:
528 666 720 722 auditu
754 663 878 733 ﬁdei
927 660 1142 738 (Colat.
1171 675 1247 725 tn,
1277 655 1377 728 5)?
1404 653 1555 752 unde
1580 656 1803 752 apparet

242 741 344 828 Eum
369 761 684 822 Christianis
714 755 902 829 loqui,
945 767 999 813 et
1027 754 1218 825 quibus
1238 752 1379 806 Deus
1399 747 1657 803 tribuerat
1677 741 1802 812 Spi-

243 865 378 918 ritum
406 875 420 912 :
443 866 572 923 ergo
600 851 769 907 etiam
799 847 1101 920 baptizatis.
1129 845 1268 900 Ecce
1297 850 1349 897 et
1377 836 1656 909 baptizatis
1678 847 1804 889 caro

244 950 484 1010 invenitur
511 958 634 1002 esse
674 942 986 1007 contraria,
1016 948 1071 994 et
1099 951 1206 992 non
1256 933 1446 989 adesse
1482 925 1805 1000 possibilitas

243 1046 338 1108 illa,
367 1053 521 1110 quam
551 1032 990 1106 inseparabiliter
1023 1029 1235 1085 insitam
1265 1024 1393 1081 dicit
1417 1036 1538 1078 esse
1583 1026 1803 1110 naturae.

244 1134 326 1190 libi
347 1108 425 1188 est
447 1127 586 1200 quod
616 1128 714 1190 ait,
763 1144 786 1179 ‹
804 1124 906 1191 Qui
937 1121 1051 1176 ﬁeri
1080 1125 1257 1189 potest
1280 1124 1336 1170 ut
1361 1113 1680 1179 cuicumque
1709 1108 1803 1200 ba-

251 1197 478 1296 «ptirato—
496 1219 567 1275 sit
608 1231 744 1272 caro
782 1210 1087 1270 contraria?
1113 1227 1138 1262 τ
1182 1202 1592 1275 Quomodolibet
1616 1197 1812 1296 intelli-

243 1289 318 1388 gat
338 1325 562 1375 carnem,
591 1309 727 1378 quia
774 1321 963 1360 revera
996 1317 1100 1356 non
1126 1308 1315 1354 natura
1359 1296 1474 1364 ejus
1497 1305 1644 1388 quae
1671 1289 1808 1345 bona

243 1382 332 1469 est,
355 1399 441 1456 sed
460 1399 582 1452 vitia
609 1394 861 1450 carnalia
890 1390 1066 1447 carnis
1091 1389 1191 1442 hoc
1215 1386 1332 1440 loco
1367 1382 1583 1438 nomine
1609 1393 1810 1433 nuneu-

245 1503 438 1566 patitur;
480 1503 608 1544 ecce
648 1497 840 1542 tamen
882 1484 1043 1539 etiam
1092 1475 1369 1547 baptizatis
1397 1489 1523 1530 caro
1546 1470 1810 1566 contraria

243 1559 347 1643 est:
372 1591 425 1638 et
451 1577 741 1650 quomodo
768 1571 1082 1631 contraria?
1107 1569 1178 1626 Ut
1207 1582 1311 1622 non
1339 1564 1480 1636 quod
1504 1563 1691 1616 volunt
1728 1559 1809 1612 fa-

245 1677 385 1731 ciant.
411 1673 539 1726 Ecce
565 1668 741 1724 adest
775 1667 1021 1721 voluntas
1049 1663 1099 1716 in
1132 1659 1383 1721 homine;
1417 1655 1504 1710 ubi
1533 1662 1617 1709 est
1642 1650 1812 1722 possi-

250 1767 400 1822 bilitas
430 1762 514 1816 illa
555 1759 824 1815 natura?
855 1756 1140 1812 Fateamur
1164 1750 1385 1822 gratiam
1414 1743 1767 1801 necessariam
1791 1781 1809 1809 ,

250 1859 518 1918 clamemus,
546 1849 727 1904 Miser
752 1867 843 1920 ego
869 1849 1041 1912 homo,
1085 1843 1197 1914 quis
1233 1856 1312 1894 me
1351 1835 1580 1894 liberabit
1605 1835 1668 1890 de
1696 1850 1810 1887 cor-

256 1965 355 2023 pore
375 1947 535 2000 mortis
560 1945 733 2016 hujus
749 1943 776 1998 .9
801 1943 866 1998 Et
885 1937 1269 2011 respondeatur
1298 1933 1471 1996 nobis,
1497 1930 1676 1987 Gratia
1706 1927 1814 2023 Dei

256 2018 328 2111 per
345 2038 502 2092 Iesum
527 2034 804 2090 Christum
829 2033 1104 2086 Dominum
1124 2037 1353 2083 nostrum
1382 2023 1558 2096 (Rom.
1576 2036 1671 2086 vn,
1702 2018 1772 2072 ‘24
1792 2058 1808 2084 ,

256 2130 349 2201 εδ).

318 2222 389 2276 63.
418 2215 642 2287 Quando
693 2216 840 2270 enim
879 2213 997 2268 istis
1047 2209 1345 2266 rectissime
1398 2206 1614 2273 dicitur,
1640 2203 1814 2272 Quare

271 2312 364 2367 sine
390 2307 645 2380 adjutorio
675 2306 866 2377 gratia:
899 2304 989 2358 Dei
1015 2302 1190 2356 dicitis
1219 2299 1490 2354 hominem
1514 2309 1668 2366 posse
1696 2308 1814 2349 esse

269 2407 363 2458 sine
379 2407 582 2471 peccato
599 2399 626 2452 ?
654 2412 766 2452 non
797 2406 923 2450 tunc
942 2395 1008 2449 de
1037 2393 1124 2448 illa
1152 2390 1321 2461 gratia
1344 2387 1566 2458 quaestio
1581 2393 1682 2451 est,
1712 2399 1814 2454 qua

262 2503 332 2551 est
362 2493 498 2548 homo
531 2489 834 2552 conditus;
866 2486 962 2542 sed
997 2485 1064 2541 de
1102 2485 1198 2538 ista
1220 2524 1236 2549 ,
1276 2495 1378 2550 qua
1424 2481 1479 2534 ﬁt
1519 2477 1694 2530 salvus
1722 2491 1818 2545 per

262 2587 421 2641 desum
456 2581 732 2638 Christum
783 2577 1069 2633 Dominum
1115 2582 1375 2628 nostrum.
1425 2568 1632 2624 Fideles
1674 2566 1815 2621 enim

271 2682 463 2728 orantes
495 2671 711 2735 dicunt,
757 2667 843 2721 Ne
881 2683 973 2720 nos
1010 2664 1198 2734 inferas
1237 2664 1289 2716 in
1331 2660 1686 2722 tentationem;
1730 2655 1818 2710 sed

279 2766 418 2820 libera
441 2779 520 2817 nos
546 2779 576 2815 u
595 2761 724 2815 malo
751 2759 968 2831 (Matth.
1001 2772 1076 2822 vn,
1116 2755 1228 2827 15).
1275 2753 1331 2808 Si
1377 2751 1530 2806 adest
1556 2749 1821 2820 possibili-

281 2863 374 2919 tas,
399 2855 561 2924 utquid
585 2851 780 2908 orant?
808 2852 916 2905 Aut
935 2866 964 2903 a
988 2864 1094 2918 quo
1119 2847 1258 2902 malo
1287 2861 1345 2900 se
1373 2843 1586 2898 liberari
1619 2848 1776 2895 orant
1797 2880 1811 2905 ,

289 2946 375 3001 nisi
409 2946 613 2999 maxime
640 2944 707 2996 de
735 2957 950 3012 corpore
969 2940 1144 2994 mortis
1164 2937 1352 3009 hujus?
1389 2934 1527 2990 unde
1556 2949 1663 2988 non
1691 2932 1822 2986 libe-

284 3046 353 3090 rat
384 3036 466 3089 nisi
483 3035 648 3106 gratia
667 3033 768 3088 Dei
791 3049 881 3103 per
906 3030 1086 3086 Jesttm
1123 3027 1378 3084 Christum
1419 3025 1693 3079 Dominum
1732 3040 1824 3077 no-

278 3137 438 3182 strum.
461 3127 570 3181 Non
616 3127 806 3196 utique
830 3124 898 3180 de
925 3122 1217 3178 substantia
1247 3120 1509 3190 corporis,
1537 3134 1656 3187 quae
1681 3115 1824 3171 bona

267 3227 338 3272 est
356 3219 466 3284 ;scd
485 3217 556 3272 de
582 3218 732 3271 vitiis
756 3215 1080 3280 carnalibus,
1102 3213 1244 3269 unde
1267 3229 1372 3266 non
1393 3211 1649 3266 liberatur
1667 3210 1824 3264 homo

263 3311 364 3365 sine
386 3314 547 3380 gratia
576 3308 878 3364 Salvatoris
899 3347 917 3374 ,
965 3321 1065 3360 nec
1097 3303 1309 3375 quando
1335 3317 1431 3373 per
1457 3309 1682 3356 mortem
1709 3315 1826 3355 cor-

260 3404 384 3472 poris
407 3402 634 3458 discedit
655 3417 688 3455 a
707 3415 956 3470 corpore.
985 3399 1052 3453 Et
1079 3397 1182 3453 hoc
1210 3406 1267 3452 ut
1291 3396 1493 3451 diceret
1513 3393 1822 3465 Apostolus,

255 3492 368 3562 quid
388 3508 544 3562 supra
569 3491 825 3546 dixerat?
859 3509 877 3542 ι
916 3489 1081 3544 Video
1107 3489 1262 3542 aliam
1294 3487 1465 3555 legem
1495 3485 1547 3539 in
1574 3483 1829 3539 membris

259 3602 278 3635 ι
308 3585 431 3639 meis
455 3591 855 3655 repugnantem
903 3579 1007 3650 legi
1037 3578 1230 3633 mentis
1281 3592 1416 3632 mea:
1435 3617 1451 3643 ,
1483 3583 1538 3630 et
1562 3574 1828 3644 captivum

266 3692 286 3728 ι
317 3691 396 3731 me
419 3675 715 3731 ducentem
748 3675 801 3728 in
834 3674 947 3743 lege
975 3671 1198 3742 peccati,
1223 3685 1342 3740 quae
1371 3679 1458 3724 est
1494 3669 1548 3723 in
1577 3667 1832 3722 membris

258 3783 277 3818 t
308 3767 432 3822 meis
461 3785 481 3819 ι
508 3765 697 3839 (Rom.
720 3781 816 3827 vn,
836 3763 952 3833 25).
978 3763 1116 3817 Ecce
1133 3760 1273 3832 quod
1296 3760 1479 3814 vitium
1504 3767 1706 3813 natura:
1736 3757 1834 3811 hu-

255 3873 409 3913 mana:
431 3857 803 3914 inobcdientia
843 3855 1134 3910 voluntatis
1160 3852 1370 3908 inﬂixit.
1397 3851 1563 3907 Orare
1592 3851 1830 3917 sinatur,

256 3957 308 4003 ut
325 3957 564 4003 sanetur.
590 3947 733 4014 Quid
765 3957 968 4001 tantum
999 3944 1066 4000 de
1093 3953 1296 3999 natura:
1327 3941 1679 4012 possibilitate
1701 3955 1836 4012 pra:-

255 4039 505 4093 sumitur?
527 4037 840 4104 Vulnerata,
868 4036 1122 4102 sauciata,
1143 4041 1356 4101 vexata,
1380 4031 1578 4102 perdita
1608 4042 1720 4087 est:
1745 4048 1836 4087 ve-

256 4144 308 4185 ta
330 4129 698 4196 confessione,
726 4146 831 4184 non
853 4128 987 4183 falsa
1010 4127 1320 4183 defensione
1342 4140 1477 4195 opus
1497 4125 1677 4180 habet.
1706 4125 1839 4181 Gra-

257 4222 321 4276 tia
348 4237 479 4292 ergo
511 4222 632 4288 Dei,
666 4236 774 4275 non
803 4235 906 4291 qua
955 4220 1265 4274 instituatur
1284 4258 1300 4283 ,
1331 4216 1428 4272 sed
1457 4233 1560 4287 qua
1588 4217 1834 4272 restitua-

259 4322 353 4379 tur,
399 4305 712 4385 quaeratur';
743 4328 862 4383 quae
896 4313 963 4368 ab
990 4312 1092 4367 isto
1120 4311 1232 4367 sola
1279 4311 1540 4365 clamatur
1570 4324 1676 4365 non
1719 4325 1839 4366 esse

259 4407 580 4473 meessaria,
604 4422 728 4460 cum
751 4415 975 4462 tacetur.
1006 4406 1106 4474 Qui
1144 4405 1191 4461 si
1219 4405 1440 4461 omnino
1470 4405 1601 4460 nihil
1626 4405 1691 4460 de
1714 4421 1838 4476 gra-

265 4498 330 4551 tia
356 4497 449 4552 Dei
476 4497 707 4563 diceret,
737 4513 838 4553 nec
865 4513 983 4553 eam
1028 4497 1379 4568 qumstionem
1409 4496 1715 4552 solvendam
1741 4497 1842 4552 sibi

270 4597 609 4659 proponeret,
639 4593 700 4643 "ut
731 4603 761 4642 a
803 4604 864 4644 se
889 4588 958 4644 de
979 4588 1079 4643 hac
1103 4604 1163 4644 re
1199 4587 1452 4642 invidiam
1497 4595 1798 4643 removeret
1825 4629 1840 4654 ,

267 4688 438 4748 posset
458 4681 632 4749 putari
659 4679 763 4734 hoc
782 4679 995 4749 quidem
1021 4679 1238 4746 sentire,
1266 4679 1407 4749 quod
1425 4679 1620 4734 veritas
1643 4677 1840 4744 habet;

267 4771 356 4826 sed
377 4786 481 4826 non
502 4771 727 4840 dixisse,
742 4771 865 4842 quia
894 4786 999 4826 non
1025 4772 1224 4844 ubique
1235 4773 1414 4828 omnia
1433 4771 1658 4828 dicenda
1680 4781 1804 4827 sunt
1828 4790 1842 4826 :

270 4865 539 4933 proposuit
583 4864 651 4919 de
675 4865 848 4935 gratia
876 4866 1249 4935 quaestionem,
1279 4866 1332 4921 ld
1358 4865 1671 4936 respondit‘
1699 4865 1844 4936 quod

273 4954 492 5011 habebat
542 4957 598 5011 in
644 4956 844 5022 corde;
875 4957 1090 5012 deﬁnita
1137 4957 1362 5028 quaastio
1406 4965 1512 5026 est,
1552 4973 1658 5013 non
1686 4972 1846 5028 quam

273 5047 596 5114 volebamus,
617 5047 714 5103 sed
741 5048 831 5104 ubi
860 5049 987 5118 quid
1017 5049 1260 5116 sentiret,
1286 5049 1680 5105 dubitabamus.

341 5143 559 5201 CAPUT
599 5143 735 5200 LIV.
773 5173 846 5184 —
882 5143 972 5199 65.
1013 5143 1375 5215 Dialoyismus.
1420 5142 1625 5198 Deinde
1662 5142 1847 5196 multis

282 5236 448 5291 verbis
496 5235 740 5306 Aposwli
795 5230 1034 5290 conatur
1072 5234 1355 5290 ostendere
1384 5275 1399 5299 ,
1440 5233 1582 5289 unde
1620 5250 1726 5288 non
1765 5241 1848 5286 est

286 5331 634 5386 controversia
656 5372 673 5398 ,
710 5347 730 5382 c
769 5329 910 5400 quod
949 5344 1073 5384 caro
1099 5330 1168 5384 ab
1206 5330 1298 5383 illo
1337 5329 1406 5384 ita
1442 5343 1588 5399 srepe
1624 5345 1643 5379 ι
1673 5326 1849 5382 nomi-

289 5433 470 5493 netur,
521 5433 582 5480 ut
636 5423 766 5478 velit
817 5422 1083 5493 intelligi,
1147 5437 1253 5477 non
1315 5421 1699 5486 substantiam,
1755 5417 1849 5473 sed

300 5531 318 5564 ι
340 5529 494 5586 opera
520 5515 720 5570 carnis.
752 5533 770 5567 ι
803 5513 941 5582 Quid
965 5513 1064 5569 hoc
1083 5513 1150 5568 ad
1176 5514 1328 5569 rem?
1358 5513 1490 5569 Vitia
1515 5511 1692 5568 carnis
1718 5525 1852 5565 con-

300 5607 446 5662 traria
476 5615 602 5663 sunt
626 5607 886 5662 voluntati
902 5605 1132 5661 hominis
1161 5624 1175 5662 :
1206 5621 1312 5661 non
1337 5613 1519 5660 natura
1539 5613 1850 5669 accusatur;

351 5763 372 5796 ι
398 5764 527 5829 aditi,
548 5765 827 5832 respondet.
851 5765 1017 5818 Helius
1035 5773 1166 5831 uss,
1189 5764 1446 5830 respondit.

3377 351 3481 405 278

1910 460 2007 516 sed
2032 460 2171 516 vitiis
2185 459 2421 515 medicus
2440 459 2711 531 quaeritur.
2736 461 2872 529 Quid
2895 457 3137 531 estquod
3159 462 3474 533 interrogat,

1917 572 1934 605 ι
1964 550 2092 616 Quis
2131 549 2256 605 fecit
2301 549 2501 604 homini
2543 550 2821 619 Spiritum?
2864 570 2883 604 ι
2920 559 2974 605 ct
3019 551 3308 621 respondet
3337 552 3478 620 sibi,

1915 662 1934 696 ι
1969 642 2098 698 Sine
2123 641 2282 697 dubio
2309 641 2472 697 Deus.
2513 659 2534 693 ι
2561 641 2629 696 Ει
2675 642 2801 696 item
2855 643 3165 713 interrogat,
3201 661 3224 697 ι
3259 643 3486 700 Carnem

1915 751 1935 785 ς
1969 733 2090 804 quis
2121 731 2361 788 creavit?
2396 750 2416 786 ι
2451 731 2682 802 itemque
2709 733 3018 803 respondet,
3057 752 3074 786 ι
3114 733 3280 803 Idem,
3302 733 3484 798 credo,

1911 825 2072 881 Deus.
2109 842 2129 878 ι
2163 823 2458 895 lnterrogat
2485 825 2676 892 tertio,
2714 841 2732 876 t
2764 825 2942 881 Bonus
2963 836 3046 881 est
3074 826 3163 898 qui
3199 836 3482 896 utrumque

1909 917 2111 975 ereavit
2132 919 2306 974 Deus?
2338 935 2358 970 ι
2381 917 2690 987 respondet,
2729 935 2746 969 t
2780 917 2917 974 Nulli
2940 918 3159 974 dubium
3188 928 3288 975 est.
3330 937 3350 972 ι
3386 919 3485 974 Ad-

1913 1011 2016 1065 huc
2046 1011 2377 1080 interrogat,
2403 1027 2421 1062 t
2479 1009 2544 1064 Et
2585 1019 2866 1080 utrumque
2896 1010 3036 1080 quod
3087 1012 3258 1068 bonus
3302 1021 3488 1068 auctor

1919 1120 1937 1152 ι
1961 1102 2182 1168 creavit,
2209 1101 2406 1156 bonum
2435 1100 2560 1156 est?
2588 1119 2606 1152 ι
2636 1111 2690 1156 et
2714 1101 2780 1156 ad
2802 1099 2904 1157 hoc
2933 1103 3237 1170 respondet,
3273 1123 3292 1156 ι
3317 1104 3491 1161 Conﬁ-

1919 1211 1938 1244 ι
1969 1193 2183 1247 tendum
2210 1201 2313 1248 est.
2343 1211 2362 1245 ι
2393 1191 2594 1248 Deinde
2623 1193 2911 1258 concludit,
2947 1211 2966 1245 ι
3003 1193 3059 1249 Si
3099 1194 3262 1264 igitur
3286 1205 3341 1252 et
3377 1197 3488 1266 spi-

1915 1303 1937 1336 ί
1965 1287 2094 1338 ritus
2128 1285 2300 1340 bonus
2345 1294 2426 1340 est
2449 1325 2464 1350 ,
2496 1293 2550 1339 ct
2579 1299 2705 1339 caro
2756 1285 2917 1351 bona,
2959 1295 3015 1340 ut
3053 1301 3082 1339 a
3111 1285 3251 1341 bono
3276 1296 3492 1342 auctore

1919 1393 1939 1428 ί
1967 1374 2211 1440 condita;
2243 1375 2334 1444 qui
2387 1374 2498 1428 ﬁeri
2532 1383 2704 1444 potest
2731 1382 2787 1428 ut
2831 1373 2936 1429 duo
2964 1375 3100 1430 bona
3133 1376 3339 1445 possint
3389 1376 3491 1432 sibi

1920 1484 1938 1518 ι
1968 1480 2087 1522 esse
2116 1455 2420 1521 contraria?
2439 1484 2458 1519 ι
2489 1466 2687 1522 Omitto
2715 1465 2894 1523 dicere
2925 1467 3046 1538 quia
3073 1477 3181 1524 tota
3213 1467 3373 1540 hujus
3406 1484 3493 1524 ra-

1916 1559 2186 1614 tiocinatio
2217 1559 2522 1614 turbaretur
2539 1600 2554 1626 ,
2587 1559 2632 1613 si
2652 1559 2770 1630 quis
2790 1559 2858 1613 ab
2885 1575 2952 1615 eo
2974 1568 3257 1630 qumreret,
3281 1559 3493 1616 Estum

1915 1659 1966 1703 et
1999 1648 2162 1720 frigus
2190 1650 2309 1720 quis
2365 1649 2522 1705 fecit?
2566 1649 2916 1719 responderet
2957 1651 3099 1706 enim
3125 1693 3139 1715 ,
3169 1650 3296 1707 Siue
3331 1650 3493 1706 dubio

1921 1739 2080 1794 Deus.
2129 1739 2244 1794 Non
2297 1755 2398 1810 ego
2449 1741 2609 1795 multa
2666 1742 2936 1810 interrogo
2968 1759 2982 1796 :
3012 1741 3125 1812 ipse
3169 1741 3489 1808 concludat,

1917 1839 2091 1885 utrum
2129 1840 2221 1885 aut
2260 1831 2359 1886 ista
2393 1831 2599 1902 possint
2625 1831 2730 1887 dici
2753 1846 2858 1886 non
2889 1833 3058 1898 bona,
3087 1841 3300 1888 autnon
3325 1847 3491 1904 appa-

1915 1929 2069 1976 reant
2093 1921 2232 1977 inter
2267 1937 2326 1977 se
2369 1936 2488 1977 esse
2517 1924 2805 1978 contraria.
2836 1923 2934 1980 Hic
2960 1923 3098 1980 forte
3134 1924 3282 1987 dicit,
3308 1942 3326 1977 t
3354 1925 3496 1993 Qua-

1923 2029 1941 2062 ‹
1983 2012 2154 2068 litates
2182 2021 2308 2068 sunt
2333 2013 2448 2068 istae
2474 2013 2923 2082 substantiarum,
2953 2030 3058 2069 non
3101 2014 3431 2070 substantim.
3467 2032 3489 2067 ι

1918 2103 1992 2158 Ita
2009 2113 2111 2171 est,
2135 2121 2319 2159 verum
2344 2114 2459 2170 est;
2491 2106 2582 2160 sed
2605 2091 2888 2176 qualitates
2915 2107 3205 2171 naturales,
3229 2117 3284 2163 et
3304 2109 3369 2162 ad
3396 2107 3495 2163 Dei

1917 2204 2216 2250 creaturam
2245 2196 2359 2252 sine
2385 2196 2545 2252 dubio
2575 2198 2902 2267 pertinentes
2931 2215 2943 2252 :
2975 2198 3284 2254 substantia:
3300 2198 3496 2270 quippe

1919 2303 2026 2342 non
2055 2302 2149 2357 per
2170 2302 2227 2342 se
2250 2287 2413 2356 ipsas,
2441 2287 2533 2343 sed
2565 2303 2662 2358 per
2698 2303 2823 2344 suas
2846 2289 3124 2358 qualitates
3143 2331 3158 2356 ,
3189 2289 3326 2344 sicut
3353 2305 3490 2361 aqua

1924 2388 1979 2434 et
2009 2379 2144 2450 ignis
2169 2421 2184 2446 ,
2239 2379 2487 2434 dicuntur
2527 2380 2630 2434 sibi
2657 2395 2776 2436 esse
2805 2381 3106 2435 contrariae.
3149 2380 3306 2446 Quid,
3351 2381 3396 2435 si
3423 2381 3495 2435 ita

1919 2477 2046 2524 sunt
2067 2485 2193 2525 caro
2217 2479 2271 2525 et
2298 2470 2555 2540 Spiritus?
2585 2469 2725 2540 quod
2753 2470 2964 2541 quidem
2997 2485 3103 2524 non
3130 2471 3490 2536 afﬁrmamus;

1920 2563 2014 2618 sed
2053 2570 2111 2617 ut
2136 2561 2600 2617 ratiocinationem
2631 2562 2747 2632 ejus
2795 2577 2900 2616 non
2931 2561 3231 2616 necessaria
3267 2561 3500 2618 illatione

1921 2655 2231 2710 conclusam
2261 2654 2685 2718 ostenderemus,
2711 2652 2814 2708 hoc
2837 2653 3085 2708 diximus.
3106 2654 3337 2710 Possunt
3356 2654 3502 2710 enim

1922 2753 1976 2801 et
1996 2746 2260 2800 contraria
2289 2761 2394 2800 non
2419 2745 2645 2800 invicem
2672 2744 2945 2799 adversari
2973 2786 2989 2813 ,
3031 2745 3126 2800 sed
3155 2761 3221 2800 ex
3245 2746 3503 2802 alterutro

1924 2837 2210 2905 tempera-ri
2260 2844 2314 2891 et
2342 2836 2537 2891 bonam
2583 2835 2940 2890 valetudinem
2971 2835 3197 2891 reddere
3229 2855 3242 2889 ε
3275 2837 3413 2892 sicut
3450 2837 3504 2892 in

1924 2941 2148 2995 corpore
2172 2926 2388 2982 siccitas
2419 2934 2475 2980 et
2497 2925 2802 2991 humidita's,
2827 2924 2993 2996 frigus
3015 2935 3067 2982 et
3086 2926 3250 2994 calor,
3279 2942 3504 2997 quorum

1927 3018 2165 3072 omnium
2194 3017 2579 3087 temperatione
2623 3017 2763 3072 bona
2787 3015 3083 3086 corporalis
3107 3016 3356 3072 valetudo
3379 3032 3508 3072 con-

1927 3107 2090 3163 sistit.
2119 3107 2223 3164 Sed
2262 3107 2403 3178 quod
2430 3107 2697 3162 contraria
2719 3115 2800 3162 est
2823 3122 2948 3161 caro
2969 3107 3198 3177 spiritui,
3232 3116 3286 3162 ut
3313 3122 3419 3163 non
3443 3123 3508 3164 ea

1927 3213 2048 3267 qua:
2095 3197 2342 3252 volumus
2394 3196 2688 3263 faciamus;
2741 3195 2926 3250 vitium
2979 3204 3097 3263 est,
3144 3211 3249 3250 non
3279 3205 3506 3252 natura:

1928 3287 2098 3357 gratia
2131 3287 2464 3342 medicinalis
2490 3295 2781 3358 qumratur,
2809 3294 2862 3341 et
2894 3287 3256 3342 controversia
3277 3286 3507 3341 ﬁniatur.

2002 3379 2090 3448 6d.
2122 3379 2237 3434 Duo
2271 3378 2468 3449 quippe
2515 3379 2614 3432 ista
2653 3378 2812 3444 bona,
2869 3393 2898 3432 a
2943 3378 3084 3433 bono
3125 3378 3234 3434 Deo
3261 3377 3508 3445 condita,

1936 3471 2204 3540 quomodo
2242 3482 2428 3526 contra
2459 3471 2616 3543 hujus
2667 3471 3126 3526 ratiocinationem
3180 3472 3233 3526 in
3283 3487 3391 3526 non
3423 3471 3515 3525 ba-

1937 3563 2144 3632 ptizatis
2171 3562 2473 3617 hominibus
2503 3571 2724 3633 possunt
2744 3563 2844 3616 sibi
2864 3577 2982 3616 esse
3005 3561 3314 3616 contraria?
3348 3561 3428 3614 An
3459 3570 3514 3615 et

1936 3653 2037 3708 hoc
2061 3669 2182 3708 cum
2207 3653 2410 3709 dixisse
2437 3655 2717 3724 pmnitebit
2737 3695 2751 3719 ,
2784 3654 2925 3724 quod
2953 3653 3144 3708 afl‘ectu
3173 3655 3350 3724 aliquo
3394 3654 3515 3708 fidei

1937 3745 2243 3800 christiana:
2272 3745 2482 3802 locutus
2521 3747 2646 3801 est?
2685 3745 2817 3800 Cum
2846 3745 2988 3800 enim
3019 3745 3194 3808 dixit,
3233 3764 3250 3796 ‹
3281 3745 3382 3811 Qui
3403 3745 3518 3798 ﬁeri

1943 3855 1962 3888 ι
1998 3845 2171 3906 potest
2193 3845 2248 3891 ut
2274 3836 2591 3907 cuicumque
2613 3836 2723 3907 jam
2755 3836 3023 3905 baptizato
3050 3836 3120 3890 sit
3148 3851 3276 3891 caro
3303 3845 3520 3890 contra-

1940 3929 2044 3991 ria;
2079 3946 2097 3979 ο
2137 3927 2454 3998 signiﬁcavit
2493 3942 2600 3981 non
2641 3927 2922 3995 baptizatis
2951 3941 3170 3982 carnem
3209 3940 3364 3996 posse
3399 3941 3529 3980 esse-

1939 4019 2282 4074 contrariam.
2311 4017 2446 4072 Nam
2475 4034 2572 4072 cur
2593 4017 2816 4082 addidit,
2842 4036 2860 4068 α
2885 4017 2994 4087 jam
3018 4017 3312 4087 baptizato;
3348 4035 3366 4068 ι
3399 4031 3521 4070 cum

1941 4118 2122 4180 posset
2152 4109 2313 4164 etiam
2341 4109 2442 4164 hoc
2470 4125 2574 4163 non
2602 4108 2785 4163 addito
2805 4108 3004 4175 dicere,
3029 4127 3046 4159 ε
3082 4108 3179 4174 Qui
3208 4109 3319 4162 ﬁeri
3350 4116 3526 4178 potest

1947 4218 1965 4251 ι
1998 4207 2054 4254 ut
2081 4199 2398 4269 cuicumque
2428 4200 2498 4254 sit
2536 4214 2663 4254 caro
2710 4199 2978 4254 contraria
3013 4217 3023 4252 :
3062 4217 3081 4250 ι
3128 4209 3287 4269 atque
3316 4198 3385 4252 ad
3421 4198 3524 4253 hoc

1942 4287 2273 4359 probandum
2313 4288 2575 4358 subjicere
2621 4289 2765 4343 illam
2815 4288 3276 4344 ratiocinationem
3323 4303 3473 4344 suam
3505 4329 3522 4354 ,

1943 4382 2064 4451 quia
2088 4391 2370 4450 utrumque
2397 4380 2594 4437 bonum
2625 4388 2708 4435 cst
2753 4395 2783 4433 a
2827 4379 2968 4434 bono
2995 4381 3284 4446 conditum,
3316 4389 3371 4436 et
3406 4379 3528 4436 ideo

1944 4488 2050 4527 nou
2094 4479 2268 4542 potest
2297 4472 2435 4526 inter
2470 4487 2529 4526 se
2570 4485 2690 4526 esse
2727 4471 3100 4526 contrarium?
3139 4471 3195 4526 Si
3241 4485 3372 4541 ergo
3420 4485 3528 4526 non

1946 4563 2195 4634 baptizati
2217 4603 2232 4629 ,
2263 4562 2455 4632 quibus
2488 4571 2635 4618 certe
2677 4561 2872 4616 fatetur
2899 4576 3116 4617 carnem
3167 4575 3289 4622 esse
3317 4570 3528 4615 contra-

1947 4656 2119 4723 riam,
2166 4656 2278 4710 suis
2320 4655 2468 4709 illum
2523 4654 3024 4724 interrogationibus
3064 4661 3292 4725 urgeant
3341 4661 3395 4708 et
3447 4651 3529 4705 di-

1948 4755 2106 4812 cant,
2153 4747 2284 4813 Quis
2328 4745 2454 4800 fecit
2501 4745 2704 4800 homini
2745 4745 3030 4814 spiritum?
3064 4746 3165 4799 iste
3193 4742 3534 4814 reSpondebit

1952 4841 2115 4898 Deus.
2149 4841 2388 4909 Itemque
2433 4839 2547 4905 illi,
2603 4838 2830 4893 Carnem
2869 4839 2988 4908 quis
3036 4837 3275 4892 creavit?
3317 4850 3536 4905 respon-

1951 4934 2042 4989 det
2065 4934 2166 4988 iste
2193 4974 2208 4999 ,
2244 4931 2411 4994 Idem,
2443 4930 2628 4998 credo,
2655 4931 2817 4986 Deus.
2852 4929 2933 4984 llli
2980 4931 3138 4984 tertio
3159 4970 3175 4996 ,
3225 4929 3406 4983 Bonus
3452 4935 3537 4982 est

1951 5025 2038 5096 qui
2071 5035 2352 5092 utrumque
2395 5021 2595 5076 creavit
2643 5021 2823 5076 Deus?
2874 5028 2930 5075 ct
2981 5020 3103 5085 iste,
3135 5019 3272 5074 Nulli
3314 5018 3535 5082 dubium

1951 5127 2050 5171 εει.
2112 5115 2286 5183 Atque
2340 5112 2411 5166 illi
2470 5127 2634 5166 unum
2683 5109 2825 5180 quod
2881 5117 3047 5164 restat
3098 5108 3410 5178 inquirant,
3471 5107 3540 5160 Et

1953 5217 2239 5275 utrumque
2313 5203 2453 5273 quod
2548 5203 2717 5258 bonus
2804 5210 2992 5257 auctor
3066 5201 3268 5256 creavit
3336 5200 3534 5254 bonum

1955 5298 2073 5352 est?
2099 5297 2197 5351 iste
2220 5294 2488 5349 fatebitur.
2514 5293 2663 5348 Tunc
2689 5294 2760 5348 illi
2783 5309 2903 5349 cum
2923 5307 3018 5347 suo
3037 5292 3212 5363 gladio
3228 5289 3540 5360 jugulabunt

1957 5389 2249 5445 inferentes
2291 5385 2691 5441 conclusionem
2741 5386 2857 5456 ejus
2903 5397 2956 5441 et
2998 5385 3275 5439 dicentes:
3303 5383 3356 5436 Si
3384 5381 3540 5450 igitur

1949 5481 2180 5554 spiritus
2205 5478 2399 5543 bonus,
2428 5487 2482 5532 et
2505 5492 2631 5532 caro
2659 5477 2818 5541 bona,
2853 5485 2910 5529 ut
2934 5490 2963 5528 a
2998 5476 3136 5528 bono
3165 5481 3380 5526 auctore
3409 5484 3540 5524 cou-

1958 5575 2088 5638 dita,
2135 5570 2227 5642 qui
2271 5569 2386 5625 ﬁeri
2431 5577 2609 5640 potest
2637 5579 2694 5624 ut
2735 5569 2840 5623 duo
2882 5569 3015 5620 bona
3053 5565 3151 5620 sibi
3192 5563 3398 5634 possint
3421 5574 3543 5616 esse

1960 5663 2261 5720 Contraria?
2296 5661 2393 5717 Hic
2418 5661 2553 5716 forte
2582 5661 2673 5717 ille
2701 5658 3038 5730 respondebit
3079 5674 3094 5712 :
3143 5657 3272 5711 Date
3309 5653 3548 5720 veniam,

1962 5759 2083 5829 quia
2113 5773 2218 5812 non
2256 5755 2414 5815 debui
2451 5756 2650 5823 dicere,
2696 5755 3011 5822 cuicumque
3042 5751 3303 5822 baptizata
3329 5762 3548 5805 carnem
