3984 6522
1217 257 1274 282 ,π

469 389 575 446 179

479 517 584 556 non
612 515 770 572 posse
796 514 915 556 esse
958 495 1296 562 contrariam,
1328 500 1387 549 ut
1426 494 1526 549 hoc
1553 492 1711 548 modo
1750 492 1899 547 vobis
1929 505 2034 545 non

472 593 751 663 haptizatis
777 588 1092 647 contrariam
1121 584 1439 650 conﬁterer;
1481 584 1578 640 sed
1603 584 1720 640 sine
1747 583 1852 637 ulla
1879 596 2040 635 exce-

471 682 656 752 ptione
697 681 874 735 dicere
915 675 1092 744 debui,
1125 689 1338 730 carnem
1384 674 1514 730 nulli
1554 687 1672 729 esse
1698 669 2037 727 contrariam.

469 774 608 828 Ecce
634 786 737 841 quo
765 784 822 828 se
847 769 958 838 ipse
993 764 1313 836 compingit;
1355 779 1480 819 ecce
1515 779 1632 834 qua:
1658 761 1924 832 loquitur,
1952 757 2042 828 qui

468 877 575 916 non
603 860 716 915 vult
742 860 972 914 clamare
1003 870 1122 912 cum
1149 854 1403 926 Apostolo
1425 897 1439 921 ,
1475 852 1599 922 Quis
1627 868 1706 906 me
1729 849 1952 906 liberabit
1980 849 2043 902 de

466 967 677 1021 corpore
702 949 877 1024 mortis
916 948 1104 1020 hujus?
1133 947 1308 1002 Gratia
1340 944 1434 998 Dei
1459 961 1547 1014 per
1571 942 1745 997 Iesum
1789 937 2042 995 Christum

463 1041 740 1097 Dominum
764 1050 1005 1096 nostrum.
1040 1057 1059 1091 ι
1086 1037 1190 1095 Sed
1219 1053 1332 1104 cur,
1365 1056 1383 1089 ι
1405 1037 1592 1106 inquit,
1617 1052 1636 1087 ι
1663 1034 1906 1096 clamem,
1929 1030 2038 1100 jam

468 1134 767 1205 baptizatus
796 1132 850 1187 in
882 1128 1130 1186 Christo?
1153 1128 1234 1183 illi
1273 1128 1373 1183 hoc
1401 1127 1661 1192 clament,
1690 1125 1780 1195 qui
1807 1122 2038 1177 nondum

464 1227 571 1280 tale
599 1223 912 1280 beneﬁcium
944 1230 1314 1292 perceperunt,
1342 1234 1565 1290 quorum
1601 1219 1652 1271 in
1697 1232 1754 1272 se
1791 1230 1950 1271 vocas
1980 1215 2041 1268 li-

462 1314 686 1384 gurabat
714 1312 1002 1383 Apostolus
1032 1328 1045 1363 :
1074 1311 1119 1365 si
1167 1319 1341 1364 tamen
1384 1308 1466 1363 vel
1510 1307 1612 1362 hoc
1646 1306 1848 1361 dicunt.
1879 1323 1900 1358 ι
1935 1304 2038 1360 Sed

466 1413 668 1459 natura:
711 1402 808 1458 ista
851 1401 1123 1467 defensio,
1165 1413 1266 1454 nec
1307 1398 1424 1453 illos
1463 1398 1562 1453 hac
1591 1411 1720 1451 voce
1745 1395 2041 1451 exclamare

465 1492 738 1562 permittit.
769 1491 950 1562 Neque
975 1491 1115 1545 enim
1147 1490 1202 1544 in
1243 1487 1522 1558 baptizatis
1549 1495 1735 1542 natura
1765 1493 1876 1552 est,
1904 1493 1957 1541 et
1985 1485 2041 1541 in

463 1600 570 1640 non
597 1584 869 1655 baptizatis
890 1593 1074 1637 natura
1095 1597 1198 1636 non
1229 1589 1330 1636 est.
1359 1581 1463 1636 Aut
1485 1581 1528 1634 si
1557 1579 1640 1634 vel
1669 1579 1720 1634 in
1751 1579 1856 1634 illis
1884 1577 2038 1633 vitia-

463 1684 515 1729 ta
553 1689 672 1729 esse
696 1673 1002 1728 conceditur
1023 1714 1038 1739 ,
1083 1679 1139 1726 ut
1179 1687 1281 1726 non
1308 1671 1424 1726 sine
1472 1685 1629 1726 causa
1662 1669 1913 1736 clament,
1946 1669 2041 1723 In-

463 1765 590 1835 felix
617 1765 786 1832 homo,
819 1765 932 1835 quis
959 1780 1038 1818 me
1065 1762 1291 1818 liberabit
1326 1763 1389 1817 de
1413 1779 1623 1834 corpore
1649 1763 1822 1816 mortis
1850 1761 2041 1832 hujus?

461 1856 646 1930 eisque
671 1855 1012 1909 subveniatur
1035 1853 1090 1907 in
1131 1867 1196 1908 eo
1239 1851 1380 1922 quod
1411 1852 1681 1922 sequitur,
1729 1848 1904 1904 Gratia
1946 1849 2042 1902 Dei

461 1963 553 2017 per
592 1946 769 2002 Iesum
815 1945 1068 2001 Christum
1108 1943 1382 1998 Dominum
1424 1953 1693 1998 nostrum:
1720 1941 2041 1996 concedatur

456 2035 566 2108 jam
593 2037 804 2092 tandem
830 2033 1112 2108 aliquando
1138 2035 1422 2090 humanam
1460 2034 1665 2090 medico
1705 2033 1916 2088 Christo
1957 2032 2038 2086 in-

459 2131 641 2201 digere
669 2140 934 2185 naturam.

461 2237 465 2241 ·
530 2221 753 2277 CAPUT
789 2221 898 2276 LV.
936 2251 1010 2262 —
1047 2221 1133 2277 65.
1163 2219 1359 2290 Corpus
1383 2218 1557 2272 mortis
1586 2217 1648 2270 de
1674 2217 1825 2282 uitio,
1855 2231 1954 2270 non
1978 2215 2040 2269 de

459 2312 740 2367 substantia
757 2312 962 2366 dictant.
982 2312 1174 2380 Qumro
1194 2317 1391 2374 autem,
1409 2309 1496 2363 ubi
1519 2317 1703 2363 natura
1725 2307 1879 2362 istam
1894 2307 1910 2338 ί
1927 2321 2040 2376 per-

459 2404 652 2458 diderit
677 2404 996 2470 libertatem,
1025 2419 1181 2474 quam
1204 2403 1302 2458 sibi
1323 2402 1434 2456 dari
1463 2407 1710 2472 exoptat,
1744 2414 1861 2453 cum
1889 2398 2035 2462 dicit,

459 2497 569 2566 quis
594 2512 673 2548 me
698 2495 962 2549 liberabit?
992 2509 1098 2548 non
1118 2494 1258 2548 enim
1287 2502 1341 2546 et
1368 2493 1455 2546 ille
1485 2489 1832 2545 substantiam
1864 2490 2038 2544 carnis

460 2595 694 2652 accusat,
718 2601 836 2641 cum
860 2585 985 2639 dicit
1006 2584 1213 2639 liberari
1239 2599 1298 2638 se
1318 2589 1512 2652 cupere
1541 2581 1602 2634 de
1630 2596 1836 2652 corpore
1863 2583 2039 2635 mortis

461 2677 646 2747 hujus,
677 2691 797 2730 cum
823 2676 980 2731 etiam
997 2675 1258 2744 Corporis,
1286 2675 1420 2728 sicut
1448 2673 1638 2726 animae
1661 2712 1675 2735 ,
1710 2679 1896 2726 natura
1931 2672 2036 2726 Deo

457 2769 601 2823 bono
617 2769 818 2822 auctori
837 2765 1112 2821 tribuenda
1133 2766 1202 2818 sit
1219 2782 1231 2818 :
1255 2763 1347 2819 sed
1367 2764 1545 2832 utique
1561 2763 1627 2816 de
1641 2762 1782 2816 vitiis
1801 2761 2039 2828 corporis

461 2860 604 2914 dicit.
635 2857 766 2914 Nam
807 2857 873 2912 de
921 2871 1144 2928 corpore
1185 2871 1328 2910 mors
1376 2854 1614 2923 corporis
1647 2859 1860 2922 separat
1893 2869 1908 2907 :
1941 2851 2037 2907 sed

459 2957 731 3004 contracta
757 2963 823 3004 ex
855 2947 944 3001 illo
971 2947 1096 3002 vitia
1125 2945 1398 3000 conterent
1418 2983 1435 3011 ,
1480 2943 1672 3012 quibus
1711 2942 1851 3012 justa
1881 2955 2036 3012 poena

461 3039 702 3105 debetur,
733 3053 889 3108 quam
936 3037 1094 3091 etiam
1145 3035 1200 3090 in
1243 3033 1448 3088 inferno
1495 3033 1587 3086 ille
1637 3031 1786 3086 dives
1831 3030 2036 3085 invenit

461 3127 616 3200 (Luc.
643 3144 751 3196 xvr,
768 3127 978 3198 22-26).
1010 3127 1143 3180 llinc
1169 3140 1228 3180 se
1248 3139 1350 3178 non
1374 3129 1578 3193 poterat
1597 3122 1778 3191 utique
1805 3121 2045 3176 liberare.

459 3227 550 3297 qui
577 3227 724 3294 dicit,
760 3226 887 3293 Quis
925 3241 1003 3279 me
1033 3222 1256 3278 liberabit
1292 3223 1354 3276 de
1373 3235 1582 3285 corpore
1619 3219 1792 3272 mortis
1839 3217 2037 3287 hujus!

457 3319 791 3388 Ubicumque
819 3326 992 3372 autem
1021 3317 1174 3372 istam
1215 3313 1504 3386 perdiderit
1544 3312 1861 3376 libertatem,
1891 3321 2036 3366 certe

459 3409 829 3480 inseparabilis
856 3417 937 3464 est
967 3407 1285 3479 possibilitas
1321 3406 1408 3461 illa
1437 3413 1658 3468 naturai,
1691 3403 1850 3458 habet
1879 3417 2034 3472 posse

461 3516 560 3573 per
588 3500 827 3556 naturale
864 3499 1186 3562 subsidium,
1217 3497 1374 3551 habet
1401 3495 1542 3550 velle
1572 3509 1665 3564 per
1693 3493 1918 3548 liberum
1942 3507 2032 3546 ar-

460 3595 707 3660 bitrium;
745 3607 841 3647 cur
877 3592 1066 3662 qumrit
1103 3588 1438 3660 Baptismatis
1483 3585 1910 3642 sacramentum?
1951 3585 2033 3638 An

459 3692 678 3756 propter
701 3681 1309 3751 commissa‘praztcrita,
1345 3689 1403 3733 ut
1431 3693 1490 3734 ea
1519 3685 1723 3732 tantum
1751 3677 2033 3746 ignoscan-

459 3783 566 3842 tur,
592 3790 711 3846 quae
737 3774 852 3830 ﬁeri
879 3775 1067 3828 inlecta
1096 3787 1202 3827 non
1233 3769 1720 3841 possuntiDimitte
1736 3768 2029 3836 hominem,

462 3869 660 3923 clamet
687 3867 828 3936 quod
857 3867 1137 3920 clamabat.
1177 3863 1292 3919 Non
1323 3863 1463 3919 enim
1496 3871 1696 3917 tantum
1726 3862 1993 3918 desiderat
2013 3903 2030 3930 ,

457 3966 518 4012 ut
547 3971 644 4026 per
675 3955 1049 4026 indulgentiam
1081 3955 1150 4008 sit
1174 3953 1240 4008 de
1279 3953 1558 4022 praeteritis
1599 3953 1907 4022 impunitus,
1937 3952 2033 4007 sed

461 4048 621 4103 etiam
657 4055 716 4102 ut
751 4047 819 4100 sit
856 4045 923 4100 de
958 4053 1150 4100 cancro
1181 4042 1250 4097 ad
1285 4057 1388 4097 non
1431 4042 1756 4111 peccandum
1791 4040 1945 4096 fortis
1979 4053 2034 4098 et

458 4137 685 4194 validus.
711 4135 1116 4194 Condelectatur
1138 4133 1280 4192 enim
1309 4133 1408 4203 legi
1438 4133 1534 4188 Dei
1565 4133 1854 4188 secundum
1891 4134 2030 4188 inte-

457 4229 659 4283 riorem
699 4226 964 4282 hominem
984 4267 998 4292 ,
1025 4223 1169 4279 videt
1192 4230 1366 4278 autem
1397 4223 1552 4277 aliam
1587 4222 1758 4293 legem
1785 4223 1836 4277 in
1867 4238 2032 4277 mem-

462 4320 570 4375 bris
597 4319 708 4374 suis
736 4326 1115 4388 repugnantem
1146 4316 1244 4386 legi
1281 4315 1474 4371 mentis
1516 4331 1628 4370 sua:
1658 4332 1670 4369 :
1704 4315 1849 4370 videt
1877 4331 1994 4371 esse
2013 4359 2028 4385 ,

457 4424 565 4465 non
585 4409 774 4466 recolit
802 4409 997 4474 fuisse;
1029 4406 1375 4477 prtesentibus
1403 4414 1647 4476 urgetur,
1679 4421 1782 4459 non
1807 4395 2031 4478 practer-

457 4501 530 4556 ita
581 4501 959 4556 reminiscitur.
1007 4498 1118 4554 Nec
1165 4506 1363 4552 tantum
1413 4505 1794 4567 repugnantem
1845 4495 1990 4552 videt
2011 4480 2038 4564 ,’

457 4603 643 4646 verum
671 4593 830 4646 etiam
860 4591 1214 4660 captivantem
1245 4603 1302 4644 se
1330 4589 1382 4642 in
1412 4587 1529 4658 lege
1559 4588 1780 4658 peccati,
1803 4603 1920 4658 qua:
1949 4598 2032 4644 est

458 4680 513 4735 in
538 4680 791 4736 membris
809 4681 944 4750 ejus,
975 4694 1083 4734 non
1103 4694 1222 4749 quae
1243 4677 1358 4732 fuit.
1384 4677 1515 4732 Hinc
1534 4687 1615 4733 est
1633 4678 1772 4748 quod
1794 4680 1986 4733 clamat
2013 4695 2027 4732 :

459 4769 655 4840 Infelix
687 4770 855 4837 homo,
881 4773 990 4839 quis
1011 4785 1088 4824 me
1112 4769 1338 4824 liberabit
1357 4768 1419 4822 de
1433 4785 1639 4840 corpore
1654 4770 1826 4823 mortis
1842 4771 2032 4837 huius?

460 4861 675 4918 Sinatur
689 4861 1081 4922 orare,sinatur
1106 4859 1424 4929 adjutorium
1455 4859 1646 4914 medici
1675 4859 2029 4928 potentissimi

458 4952 718 5024 ﬂagitare.
750 4951 888 5019 Quid
913 4950 1323 5006 contradicitur?
1351 4951 1488 5017 Quid
1516 4951 1876 5019 obstrepitur?
1903 4951 2029 5022 quid

457 5046 624 5100 miser
646 5043 1060 5100 misericordiam
1091 5041 1282 5096 Christi
1313 5052 1490 5111 petere
1503 5041 1830 5112 prohibetur,
1853 5052 1906 5098 et
1931 5043 2032 5099 hoc

457 5152 488 5192 a
516 5135 866 5193 Christianis?
897 5133 1028 5190 Nam
1069 5141 1124 5189 et
1157 5133 1234 5188 illi
1259 5147 1379 5198 cum
1405 5133 1616 5188 Christo
1653 5133 2027 5202 ambulabant,

455 5228 548 5301 qui
576 5241 772 5284 eccum
811 5229 832 5260 ⁸
871 5225 1048 5282 lumen
1091 5223 1368 5280 clamando
1409 5232 1592 5294 petere
1633 5225 1980 5295 prohibebant
2013 5243 2028 5281 :

457 5317 554 5373 sed
582 5318 740 5374 etiam
771 5316 914 5372 inter
941 5315 1223 5370 tumultum
1256 5315 1722 5372 contradicentium
1754 5315 1902 5372 audit
1939 5316 2031 5372 ille

457 5407 774 5464 clamantem
802 5405 992 5479 (Marc.
1023 5421 1057 5462 x
1078 5447 1092 5472 ,
1123 5405 1316 5477 46-52)
1346 5421 1359 5458 :
1387 5405 1527 5460 unde
1564 5403 1686 5461 huic
1712 5419 2029 5477 responsum

571 5561 738 5624 Plures
757 5568 886 5624 Mss,
907 5560 1018 5612 ista.

570 5623 709 5696 “diu:
732 5618 898 5696 φερέ·
931 5619 1314 5696 corrigendi}!
1345 5620 1679 5696 φξηιιξφῖίρείξ
1709 5618 2030 5696 Ἥξδίὲιέῗῐλὲν

457 5693 654 5754 meum.
675 5679 816 5745 juxta
838 5679 1182 5744 Mercumfcap.
1207 5694 1240 5754 rt
1265 5679 1383 5754 :yel
1403 5689 1539 5732 certe
1557 5679 1819 5756 legendum
1843 5679 2029 5754 postea,

457 5743 594 5808 audit
614 5744 695 5794 ille
716 5743 1002 5808 clamantes;
1023 5757 1119 5808 non
1139 5749 1196 5792 ut
1217 5757 1266 5792 tn
1287 5755 1402 5804 Ipsis
1422 5756 1616 5808 quoque
1637 5743 1799 5808 edlllS,
1819 5741 2032 5806 Singula-

1408 376 1498 439 DE
1536 383 1811 440 NATUKA
1852 382 1941 442 ΕΤ
1976 381 2252 450 GRATlA,
2293 381 2352 437 S.
2391 381 2757 439 AUGUSTINI

2152 502 2232 546 est
2251 533 2264 557 ,
2307 491 2483 547 Gratia
2527 492 2622 549 Dei
2657 510 2746 564 per
2775 492 2952 550 Iesum
2997 494 3249 552 Christum
3291 495 3570 554 Dominum
3621 516 3716 554 na-

2150 593 2326 638 atrum.

2220 672 2308 728 66.
2334 673 2501 730 Porro
2530 675 2574 731 si
2601 676 2668 732 ab
2695 676 2809 732 istis
2831 677 2916 734 vel
2953 677 3054 733 hoc
3087 677 3466 751 impetramus,
3495 688 3557 736 ut
3583 695 3722 737 non-

2149 760 2272 816 dum
2301 761 2549 833 baptizati
2589 765 2871 835 implorent
2904 767 3154 821 auxilium
3179 768 3362 838 gratiae
3387 767 3680 824 Salvatoris
3699 810 3719 838 ,

2149 865 2254 906 non
2275 861 2357 908 est
2379 852 2480 909 hoc
2503 855 2716 924 quidem
2742 870 2928 925 parum
2959 857 3211 912 adversus
3237 857 3380 913 illam
3411 857 3602 914 falsam
3619 860 3720 916 de-

2148 943 2438 999 fensionem
2463 954 2707 1016 tanquam
2729 947 2830 1002 sibi
2853 947 3162 1003 sufficientis
3183 957 3383 1004 natura!
3408 959 3464 1024 et
3485 929 3722 1020 potesta-

2146 1034 2214 1087 tis
2243 1033 2389 1088 liberi
2418 1035 2618 1090 arbitrii
2653 1053 2667 1091 :
2698 1051 2867 1106 neque
2893 1036 3034 1092 enim
3063 1037 3162 1091 sibi
3199 1038 3391 1094 sufﬁcit
3426 1040 3515 1108 qui
3553 1038 3724 1104 dicit,

2145 1121 2340 1192 Infelix
2375 1125 2522 1178 homo
2541 1163 2557 1189 ,
2587 1125 2698 1195 quis
2723 1142 2800 1180 me
2823 1125 3092 1181 liberabit?
3128 1136 3219 1182 aut
3261 1127 3472 1198 plenam
3501 1128 3724 1182 liberta-

2147 1225 2250 1268 tem
2291 1213 2484 1271 habere
2516 1213 2769 1271 dicendus
2810 1225 2909 1283 est,
2961 1217 3050 1288 qui
3093 1233 3153 1274 se
3189 1217 3362 1274 adhuc
3397 1220 3628 1290 postulat
3653 1221 3718 1274 li-

2145 1304 2341 1360 herari.

2215 1393 2440 1452 CAPUT
2477 1395 2607 1451 LVI.
2635 1425 2707 1438 —
2737 1396 2879 1452 Idem
2914 1406 3157 1452 tractatur
3196 1409 3566 1470 argumentum.
3607 1400 3718 1457 Ve-

2143 1495 2438 1541 rumtamen
2461 1490 2617 1542 etiam
2647 1489 2774 1543 illud
2801 1488 3092 1556 videamus,
3124 1499 3299 1544 utrum
3326 1490 3403 1545 illi
3430 1491 3520 1562 qui
3545 1491 3724 1561 bapti~

2145 1578 2244 1631 zati
2274 1585 2397 1632 sunt
2426 1577 2618 1634 faciant
2646 1579 2788 1634 bona
2811 1596 2926 1650 qute
2954 1581 3160 1646 volunt,
3192 1581 3334 1636 nulla
3376 1583 3552 1638 carnis
3579 1597 3722 1638 oon-

2144 1669 2463 1740 cupiscentia
2493 1680 2836 1742 repugnante.
2865 1671 2971 1726 Sed
3001 1672 3124 1742 quid
3161 1671 3283 1728 hinc
3311 1672 3570 1736 dicamus,
3601 1675 3726 1743 ipse

2144 1771 2542 1824 commemorat,
2569 1761 2655 1815 ubi
2673 1761 2990 1816 concludens
3007 1763 3148 1818 hunc
3161 1762 3356 1830 locum,
3382 1761 3451 1819 Ut
3469 1765 3714 1830 diximus,

2143 1851 2330 1921 inquit,
2355 1851 2483 1905 illud
2504 1868 2602 1921 quo
2629 1853 2930 1918 continetur,
2951 1870 2978 1904 «ο
2997 1850 3127 1908 Caro
3150 1853 3456 1922 cetmpiscit
3475 1856 3721 1910 adversus

2141 1943 2393 2014 spiritum,
2431 1961 2450 1995 ι
2480 1959 2579 1997 non
2609 1943 2671 1998 de
2699 1945 2864 1998 carnis
2901 1943 3209 2011 substantia,
3259 1943 3347 1998 sed
3383 1945 3446 1998 de
3481 1945 3716 2014 aper-ibus

2143 2034 2334 2087 sentire
2373 2051 2570 2089 necesse
2592 2043 2684 2089 est.
2715 2034 2825 2088 lloe
2844 2042 2896 2088 et
2922 2049 3018 2088 nos
3043 2035 3288 2102 dicimus,
3311 2050 3416 2089 non
3443 2035 3512 2091 de
3533 2036 3716 2090 carnis

2142 2124 2454 2190 Substautia,
2481 2125 2578 2180 scd
2607 2125 2675 2181 de
2699 2126 2945 2196 operibus
2970 2125 3187 2188 dictum,
3225 2140 3344 2195 quae
3387 2127 3606 2181 veniunt
3643 2127 3718 2180 de

2143 2215 2339 2271 carnali
2371 2215 2387 2247 ⁸
2417 2203 2842 2285 concupiscentia
2860 2256 2874 2280 ,
2915 2215 2982 2271 de
3005 2225 3222 2287 peccato
3248 2216 3482 2278 scilicet,
3515 2215 3586 2270 de
3609 2231 3712 2284 quo

2145 2307 2392 2376 praecepit
2424 2316 2474 2361 ut
2504 2322 2610 2362 non
2648 2315 2832 2376 regnet
2860 2306 2910 2360 in
2939 2315 3122 2362 nostro
3147 2306 3357 2361 mortali
3385 2321 3610 2378 corpore
3645 2308 3718 2361 ad

2142 2396 2491 2451 obediendum
2517 2396 2792 2451 desideriis
2818 2397 2932 2467 ejus
2956 2397 3126 2468 (Rom.
3156 2413 3229 2461 vr,
3259 2397 3372 2469 12).

2212 2487 2436 2544 CAPUT
2473 2488 2628 2542 LV’ll.
2653 2519 2726 2529 —
2758 2489 2844 2544 67.
2888 2488 2995 2544 Sub
3037 2490 3144 2560 lege
3185 2491 3296 2563 quis
3337 2506 3443 2545 esse
3489 2490 3714 2544 dicatur.

2141 2579 2246 2635 Sed
2273 2579 2510 2633 attendat
2538 2581 2559 2611 '
2588 2579 2745 2634 etiam
2787 2581 2899 2650 ipse
2925 2620 2941 2646 ,
2979 2579 3088 2650 jam
3129 2581 3402 2650 baptizatis
3441 2579 3604 2637 fuisse
3627 2582 3710 2636 di-

2142 2677 2305 2737 ctum,
2344 2668 2472 2724 Caro
2512 2671 2813 2740 concupiscit
2860 2671 3098 2724 adversus
3137 2672 3388 2742 spiritum,
3421 2684 3466 2727 et
3497 2673 3712 2743 spiritus

2140 2760 2376 2814 adversus
2403 2777 2602 2814 carnem
2622 2778 2648 2828 ;
2679 2769 2732 2815 ut
2767 2777 2868 2814 non
2899 2777 2959 2815 ea
2997 2777 3111 2833 quat
3133 2761 3281 2816 uultis
3307 2763 3529 2833 faciatis.
3555 2767 3619 2820 Et
3646 2783 3712 2820 ue

2140 2849 2337 2919 ab-ipsa
2361 2865 2534 2920 pugna
2553 2851 2763 2906 desides
2783 2850 2999 2918 faceret,
3027 2861 3080 2907 et
3109 2867 3205 2922 per
3227 2853 3363 2908 hanc
3389 2858 3712 2911 sententiam

2140 2940 2494 2995 laxamentum
2545 2943 2794 3011 peccandi
2839 2942 3050 2998 dedisse
3091 2944 3380 3013 videretur,
3425 2948 3663 3018 adjungit
3690 2989 3714 3014 ,

2142 3030 2291 3099 Quod
2309 3033 2352 3086 si
2373 3034 2552 3102 spiritu
2582 3035 2839 3102 ducimini,
2869 3052 2969 3089 non
2996 3037 3162 3090 adhuc
3187 3039 3304 3092 estis
3327 3039 3416 3092 sub
3443 3041 3550 3112 lege
3575 3041 3710 3115 (Gn-

2139 3123 2229 3176 lat.
2261 3139 2313 3190 ν,
2346 3125 2432 3188 l7,
2468 3125 2576 3196 l8).
2622 3124 2731 3180 Sub
2759 3125 2874 3196 lege
2918 3135 3002 3181 est
3048 3129 3209 3194 enim,
3237 3129 3326 3198 qui
3355 3131 3546 3187 timore
3579 3148 3712 3202 sup-

2137 3213 2275 3281 plicii
2313 3213 2450 3283 quod
2478 3215 2565 3269 lex
2593 3215 2844 3282 minatur,
2873 3231 2978 3271 non
3003 3231 3184 3271 amore
3205 3217 3441 3287 justitiaa,
3465 3235 3524 3277 se
3548 3226 3714 3278 sentit

2137 3304 2404 3359 abstinere
2437 3305 2504 3359 ab
2533 3321 2693 3375 opere
2712 3308 2931 3376 peccati,
2959 3308 3189 3363 nondum
3216 3309 3350 3364 liber
3380 3327 3480 3367 nec
3503 3313 3710 3370 alienus

2139 3409 2168 3448 a
2212 3395 2489 3451 voluntate
2529 3399 2797 3468 peccandi.
2849 3399 2904 3452 lu
2949 3400 3058 3468 ipsa
3103 3401 3244 3455 enim
3273 3401 3546 3459 voluntate
3585 3421 3716 3461 reus

2135 3491 2238 3549 est,
2269 3499 2374 3554 qua
2397 3487 2598 3552 mallet,
2624 3488 2670 3543 si
2700 3488 2810 3542 iieri
2837 3497 3033 3558 posset,
3063 3506 3166 3545 non
3195 3505 3316 3550 esse
3335 3493 3475 3564 quod
3499 3495 3708 3564 timeat,

2135 3585 2189 3630 ut
2213 3577 2377 3633 libere
2401 3577 2558 3633 faciat
2576 3579 2718 3648 quod
2737 3579 2943 3635 occulte
2969 3580 3255 3638 desiderat.
3281 3583 3420 3654 Ergo
3439 3585 3485 3639 si
3497 3587 3708 3657 spiritu,

2136 3667 2322 3738 inquit,
2351 3669 2612 3736 dit-cimini,
2643 3687 2744 3724 non
2774 3671 2938 3725 adhuc
2963 3673 3078 3727 estis
3103 3674 3198 3728 sub
3216 3675 3322 3745 lege
3348 3691 3368 3729 :
3393 3677 3576 3746 utique
3593 3679 3712 3749 lege

2135 3775 2252 3830 quae
2296 3761 2535 3814 timorem
2583 3761 2801 3826 incutit,
2849 3777 2954 3817 non
2997 3765 3178 3819 tribuit
3217 3765 3558 3834 charitatem;
3589 3785 3714 3839 qua:

2136 3851 2364 3906 cbaritas
2391 3852 2496 3906 Dei
2523 3851 2712 3907 diilusa
2741 3863 2822 3907 est
2851 3853 2902 3906 in
2933 3855 3180 3910 cordibus
3207 3857 3404 3912 nostris
3423 3897 3436 3922 ,
3477 3873 3583 3913 non
3611 3874 3714 3928 per

2137 3941 2268 4011 legis
2311 3942 2560 4008 litteram,
2591 3941 2685 3997 sed
2714 3957 2810 4012 per
2837 3943 3094 4013 Spiritum
3141 3955 3382 4001 sanctum
3425 3947 3514 4018 qui
3551 3947 3714 4006 datus

2136 4043 2218 4089 est
2245 4035 2398 4090 nobis
2420 4033 2592 4104 (Rom.
2621 4051 2672 4098 ν,
2694 4034 2774 4106 5).
2801 4035 2924 4090 llaec
2941 4046 3022 4090 est
3049 4037 3130 4091 lex
3162 4037 3438 4104 libertatis,
3461 4053 3568 4094 non
3588 4055 3714 4096 ser-

2134 4125 2346 4190 vitutis;
2377 4126 2495 4196 quia
2522 4126 2796 4182 charitatis
2819 4127 3020 4198 utique,
3045 4145 3148 4184 non
3173 4129 3378 4184 timoris
3402 4148 3416 4185 :
3438 4129 3504 4184 dc
3529 4145 3633 4200 qua
3655 4140 3715 4187 et

2135 4214 2366 4270 Iacobus
2393 4216 2664 4285 apostolus
2692 4217 2786 4282 ait,
2821 4216 2920 4282 Qui
2947 4227 3112 4272 autem
3136 4220 3441 4291 perspexerit
3467 4221 3715 4291 ἕηἹρρευι

2135 4306 2403 4375 perfectam
2439 4305 2678 4360 libertatis
2707 4305 2911 4378 (Jacobi
2947 4323 2998 4373 ι,
3023 4307 3145 4379 25).
3192 4309 3338 4365 Unde
3371 4317 3426 4365 et
3455 4311 3562 4372 ille,
3593 4326 3710 4366 non

2134 4393 2343 4463 quidem
2368 4394 2478 4464 jam
2505 4395 2622 4465 lege
2659 4395 2749 4450 Dei
2781 4397 3078 4452 terrebatur
3105 4406 3162 4452 ut
3199 4413 3405 4465 servus,
3433 4400 3530 4455 sed
3569 4415 3714 4456 con-

2133 4485 2492 4541 delectabatur
2512 4487 2561 4542 ei
2581 4487 2870 4542 secundum
2897 4488 3202 4544 interiorem
3231 4489 3496 4546 hominem
3523 4509 3537 4544 :
3561 4493 3715 4549 videt

2133 4584 2311 4632 tamen
2337 4575 2514 4632 adhuc
2537 4577 2692 4632 aliam
2721 4578 2894 4648 legem
2921 4578 2974 4633 in
2997 4579 3249 4634 membris
3269 4593 3384 4636 suis
3407 4597 3716 4652 repugnan-

2118 4647 2240 4722 ‘tem
2283 4666 2388 4737 legi
2435 4667 2626 4722 mentis
2667 4647 2796 4722 suae.
2835 4669 2910 4723 lta
2951 4677 3006 4725 et
3048 4670 3152 4738 hic,
3195 4671 3258 4727 Si
3283 4647 3484 4741 spiritu,
3512 4647 3714 4744 inquit,

2133 4756 2376 4811 ducimini
2394 4799 2409 4823 ,
2456 4773 2556 4811 non
2587 4757 2755 4810 adhuc
2782 4759 2898 4812 estis
2925 4759 3015 4812 sub
3041 4758 3164 4830 lege.
3195 4759 3252 4814 In
3277 4769 3534 4830 quantum
3555 4765 3715 4832 quis-

2133 4863 2236 4919 que
2255 4848 2442 4918 spiritu
2462 4847 2690 4914 ducitur,
2713 4863 2817 4904 non
2839 4857 2920 4904 est
2937 4849 3037 4906 sub
3057 4851 3172 4920 lege
3201 4869 3214 4904 :
3235 4851 3354 4921 quia
3378 4851 3434 4906 in
3451 4863 3714 4922 quantum

2133 4939 2528 4996 condelectatur
2549 4939 2649 5007 legi
2671 4938 2784 5006 Dei,
2811 4954 2922 4993 non
2941 4948 3023 4994 est
3049 4939 3148 4994 sub
3173 4940 3304 5010 legis
3324 4941 3513 4996 timore
3539 4959 3554 4995 :
3579 4945 3714 5012 quia

2135 5033 2294 5088 timor
2321 5039 2644 5087 tormentum
2664 5029 2824 5088 habet
2843 5031 3067 5104 (lJoan.
3097 5047 3170 5102 tv,
3203 5031 3320 5103 18),
3339 5048 3442 5088 non
3468 5033 3718 5090 delectam

2133 5134 2425 5272 tlogi‘gUT
2477 5213 2655 5270 LVIII.
2684 5243 2757 5255 —
2781 5213 2870 5269 68.
2899 5211 3046 5268 Idem
3071 5221 3315 5269 tractatur
3331 5225 3712 5286 argumentum.

2133 5305 2359 5362 Proinde
2387 5305 2432 5360 si
2459 5314 2601 5360 recte
2625 5307 2910 5370 sentimus,
2931 5303 3070 5360 sicut
3106 5319 3203 5374 pro
3231 5305 3490 5360 membris
3501 5308 3716 5364 sanatis

2131 5397 2328 5468 gratias
2352 5411 2526 5466 agere,
2558 5395 2628 5450 ita
2655 5409 2754 5464 pro
2769 5393 3020 5450 sanandis
3043 5409 3198 5450 orare
3219 5395 3491 5460 debemus,
3524 5405 3582 5450 ut
3603 5397 3715 5451 ab-

2133 5487 2450 5544 solutissima
2496 5487 2582 5542 cui
2629 5486 2762 5541 nihil
2793 5486 2916 5541 addi
2954 5487 3124 5557 possit
3165 5487 3414 5553 sanitate,
3467 5487 3716 5558 perfecta

2136 5581 2232 5638 Dei
2265 5581 2541 5645 suavitate,
2573 5579 2728 5650 plena
2767 5577 3010 5634 libertate
3047 5576 3399 5649 perfruamur.
3421 5577 3536 5634 Non
3557 5580 3714 5636 enim

2197 5738 2214 5770 ί
2249 5736 2382 5795 Editi,
2401 5733 2716 5800 carnis
2739 5733 2946 5784 Vaticani
2957 5745 3140 5800 omnes
3161 5739 3214 5788 et
3231 5732 3478 5800 Gallium,
3494 5733 3711 5788 muli.

2196 5799 2216 5832 ³
2247 5801 2318 5848 ste
2343 5805 2445 5848 Mss.
2471 5804 2526 5848 Al.
2549 5795 2680 5860 editi,
2701 5809 2786 5848 nec
2809 5795 3022 5847 auertant.
