3984 6462
265 326 325 386 281
1635 331 1748 387 LIB}

1871 332 2070 391 usus.
3369 361 3476 417 gs,

505 439 806 546 hymnum
832 454 1084 546 lla-turam
1111 461 1394 546 posseesse
1416 445 1532 503 sine
1559 457 1794 517 peccato,
1910 449 2024 546 haec
2053 455 2348 512 testimonia
2379 439 2566 518 melius
2593 465 2746 521 aliter
2771 445 2985 541 intelligi
3014 475 3170 541 posse
3187 515 3202 541 ,
3233 477 3314 532 vel
3347 493 3468 546 per.

264 534 424 642 autullo
437 530 590 587 modo
607 547 818 604 negare
829 536 1098 642 debemus
1117 539 1292 642 perlici
1315 553 1490 642 posse,
1507 553 1801 642 quamnpro-
1818 552 1881 642 J5
1905 538 2095 642 factam
2124 544 2434 642 plenamque
2454 551 2708 618 justitiam
2731 557 2814 610 cui
2841 530 3056 626 prorsus
3097 530 3226 627 nihil
3265 530 3458 622 adden.

266 625 490 725 licere-non
515 637 806 724 negamus,
841 627 940 683 sed
965 629 1132 700 gratia
1154 628 1254 725 _l_)ei
1291 642 1386 697 per
1415 627 1606 725 desum
1638 625 1846 725 Ὀιπνί-α
1901 630 2025 725 dum
2053 636 2153 698 sit,
2179 635 2357 693 etheri
2389 640 2549 695 luisse
2571 643 2620 697 in
2652 625 2855 716 aliquo,
2887 648 3012 704 dum
3040 651 3092 705 in
3114 625 3215 708 isto
3241 670 3468 725 corpore

202 739 205 743 -
263 725 359 770 stum
384 713 663 806 Dominum
689 725 942 773 nostrum
977 736 993 774 :
1022 733 1087 774 eo
1105 718 1386 787 adjuvante
1409 717 1794 787 fieridieimus,
1899 723 2129 792 viveret,
2154 735 2207 781 et
2249 727 2412 787 hodie
2435 745 2550 786 esse
2568 773 2581 796 ,
2614 744 2666 788 et
2694 713 2812 790 cras
2843 737 3106 806 futuram;
3135 742 3261 798 dum
3285 713 3461 801 tanien

259 816 297 898 at
313 805 436 876 justa
465 803 711 898 etubeata
748 806 864 898 sit,_
888 822 922 862 a
966 823 1073 898 quo
1109 815 1284 898 creata
1311 817 1394 898 est
1421 817 1476 898 ut
1504 808 1591 863 sit.
1621 807 1797 864 Facile
1896 811 2054 883 longe
2081 815 2256 885 plures
2276 819 2411 885 sint,
2431 821 2518 890 qui
2543 837 2662 876 eum
2692 824 2789 879 sibi
2814 842 2980 898 usque
3005 829 3072 885 ad
3095 803 3341 888 ultimum
3380 837 3462 890 vi-

255 895 391 990 llaque
409 892 690 990 refellitur,
721 896 868 990 quod
898 911 930 950 a
955 896 1268 990 quibusdam
1290 897 1390 952 sibi
1419 897 1790 990 dieitroppioni,
1896 909 1965 957 tae
1983 902 2138 973 hujus
2168 906 2307 962 diem
2339 913 2692 968 necessarium
2719 931 2837 971 esse
2866 892 2969 975 non
2990 921 3262 990 dubitent,
3288 936 3344 980 ut
3369 943 3463 983 ve-

223 983 225 986 ’
258 985 724 1080 σνῦἱεὶιοιιιςΑιιοιιίε
765 987 1104 1080 adversatur.
1143 1006 1165 1042 ι
1214 987 1442 1044 Prorsus
1484 989 1606 1043 huic
1640 989 1790 1060 obje-
1894 993 2088 1050 raciter
2101 995 2310 1064 dicant,
2339 999 2545 1056 Dimitte
2572 1006 2713 1060 nobis
2735 1007 2899 1063 debita
2931 1021 3130 1080 nostra,
3157 983 3284 1069 sicut
3303 1027 3348 1070 et
3369 1034 3462 1073 nos

251 1076 651 1175 ctionifteadem
857 1079 1262 1175 respondemus,
1282 1080 1790 1175 qum-ipse‘respon-
1892 1081 2186 1140 dimittimus
2227 1088 2525 1146 debitoribus
2557 1095 2738 1151 nostris
2775 1096 2987 1167 (Matth.
3027 1076 3125 1168 νι,⁷
3150 1104 3258 1174 l2);
3306 1120 3458 1175 spem

249 1170 358 1224 ditzt
380 1161 713 1224 Resistamus
741 1169 912 1233 illi,et
933 1169 1114 1240 fugiet.
1131 1168 1384 1233 Resistite,
1407 1169 1572 1261 inquit
1605 1169 1790 1224 beatus
1890 1187 2038 1228 suam
2071 1179 2318 1234 tamenin
2349 1180 2561 1238 Christo
2603 1161 2857 1256 atquein
2882 1190 2996 1258 ejus
3022 1161 3459 1261 promissionibns

250 1261 496 1331 apostolus,
540 1261 767 1328 diabolo,
806 1270 855 1316 et
906 1263 1065 1334 fugiet
1113 1278 1145 1315 a
1194 1261 1330 1314 vobis
1370 1260 1569 1331 (Jacobi
1599 1276 1670 1327 tv,
1703 1262 1784 1331 7).
1890 1279 2101 1332 veram,
2129 1277 2324 1324 certam
2345 1312 2360 1337 ,
2389 1273 2593 1328 firmam
2616 1291 2740 1332 esse
2755 1260 3037 1333 confidant.
3070 1281 3226 1337 Nullo
3271 1295 3446 1341 tamen
3467 1275 3520 1336 μί’

251 1352 364 1409 [inde
391 1350 936 1446 animadvertendum
979 1359 1061 1406 est
1097 1350 1221 1446 quid
1248 1351 1435 1446 possit
1478 1350 1786 1446 nocere
1888 1357 2046 1413 modo
2072 1360 2172 1415 nisi
2193 1361 2474 1432 adjuvante
2499 1369 2662 1437 gratia
2694 1369 3173 1428 salvatorisChrisli
3196 1377 3453 1446 crucifixi,

247 1458 352 1515 quos
382 1443 530 1514 fugit,
570 1443 658 1499 vel
695 1457 852 1513 quam
888 1442 1135 1498 virtutem
1175 1441 1371 1497 habere
1412 1440 1785 1512 intelligendus
1883 1455 1938 1502 et
1965 1447 2114 1504 dono
2156 1451 2384 1521 Spiritus
2403 1456 2554 1524 ejus,
2585 1458 2667 1513 vel
2712 1461 2975 1528 quoslibet
3001 1463 3066 1518 ad
3095 1440 3456 1532 plenissimam

245 1538 315 1603 sit,
337 1535 416 1606 qui
453 1534 582 1590 solis
624 1533 917 1626 praevalere
960 1550 1071 1626 non
1115 1533 1483 1626 resistentibus
1530 1541 1721 1602 potest.
1757 1550 1777 1586 ι
1883 1538 2288 1608 perfectionem,
2317 1545 2399 1598 vel
2427 1561 2743 1616 quemquam
2772 1550 2838 1604 ad
2867 1552 3306 1626 qualemcumque
3325 1573 3448 1626 pro-

243 1627 342 1716 ﬂaac
361 1635 409 1716 et
435 1625 744 1716 meaverba
762 1633 896 1716 sunt
921 1642 936 1679 :
966 1623 1304 1716 verius‘enim
1329 1623 1564 1716 dici-non
1587 1631 1778 1716 potest.
1882 1638 2094 1684 vectum
2119 1646 2264 1686 verze
2309 1633 2513 1704 piteque
2553 1636 2770 1706 iustitiae
2800 1642 3105 1708 pervenire,
3155 1623 3243 1714 qui
3287 1623 3449 1716 nega-

241 1715 329 1771 Sed
365 1715 458 1805 hoc
501 1714 727 1769 interest
761 1715 898 1768 inter
924 1728 1022 1768 nos
1048 1721 1102 1768 et
1134 1710 1588 1805 istos,_quod_nos
1617 1712 1776 1805 etiam
1879 1718 2082 1785 veriut,
2122 1719 2301 1776 nescio
2325 1732 2500 1778 utrum
2517 1733 2659 1779 recte
2685 1728 2888 1795 possint
2912 1731 2962 1783 in
2984 1710 3448 1805 qualiumcumque

237 1823 336 1863 tum
359 1804 558 1862 diabolo
590 1805 876 1873 resistitur,
921 1803 1240 1873 poscendum
1280 1803 1375 1858 Dei
1417 1802 1735 1871 adjutorium
1757 1840 1773 1866 ,
1878 1807 2544 1877 Cbrislianorumnumero
2567 1816 2826 1888 deputari.

236 1914 323 1952 non
347 1897 506 1952 solum
536 1911 642 1950 non
672 1909 947 1967 negamus,
974 1910 1154 1950 verum
1189 1894 1350 1949 etiam
1379 1894 1725 1963 prtedicamus

1945 1899 2169 1957 CAPUT
2185 1902 2320 1958 LXI.
2343 1934 2415 1944 —
2436 1905 2522 1960 7i.
2541 1907 2829 1977 Respondet
2853 1909 2921 1964 ad
2943 1911 3304 1968 catholicorum
3318 1916 3447 1971 srri-

234 1988 304 2043 isti
327 1998 487 2043 autem
517 1996 716 2042 tantam
761 1988 995 2042 tribuunt
1033 1992 1344 2056 potestatem
1378 1983 1672 2074 voluntati,
1718 1991 1774 2038 ut
1871 1996 2072 2058 ptorum
2122 1993 2402 2047 testimonia
2447 2011 2561 2065 quae
2610 1995 2851 2070 Pelagius
2893 2017 2986 2070 pro
3031 2018 3084 2057 se
3124 2005 3446 2074 protulerat:

230 2080 385 2151 pietati
425 2079 660 2134 auferant
719 2076 1034 2132 orationem.
1075 2074 1206 2130 Nam
1244 2074 1424 2143 utique
1461 2082 1534 2163 ut
1557 2073 1768 2128 diabolo
1869 2077 2139 2145 Lactantii,
2174 2081 2384 2150 Hilarii,
2414 2085 2660 2141 Ambrosii
2689 2098 2734 2141 et
2757 2087 3073 2162 Hieronymi.
3114 2073 3189 2148 Ac
3214 2109 3310 2163 per
3337 2096 3441 2152 hoc

233 2170 501 2223 resistamus
525 2177 579 2223 et
607 2166 768 2237 fugiat
802 2181 832 2220 a
859 2165 1030 2232 nobis,
1062 2165 1180 2220 ideo
1209 2171 1489 2254 precantes,
1509 2162 1732 2254 dicimus
1750 2203 1765 2227 ,
1869 2179 1922 2225 et
1947 2185 2006 2224 ea
2039 2172 2360 2243 testimonia,
2385 2192 2503 2247 quae
2530 2193 2635 2232 non
2672 2181 2888 2250 quidem
2916 2183 2984 2238 de
3022 2162 3312 2254 Scripturis
3339 2203 3436 2242 ca.

239 2261 312 2316 Ne
334 2277 412 2314 nos
435 2261 614 2328 inferas
638 2258 693 2311 in
722 2257 1043 2311 lentationem
1068 2255 1277 2329 (Matth.
1311 2271 1382 2319 vt,
1413 2253 1501 2325 15)
1527 2271 1540 2308 :
1570 2253 1692 2308 ideo
1714 2262 1769 2309 et
1868 2261 2090 2325 nonicis,
2120 2263 2212 2319 sed
2253 2264 2322 2320 de
2361 2266 2671 2336 quibusdam
2688 2270 3067 2328 catholicorum
3093 2253 3434 2332 tractatorum

231 2349 454 2404 admoniti
504 2361 688 2401 sumus
755 2355 1004 2416 tanquam
1071 2345 1138 2398 ab
1199 2345 1520 2412 imperatore
1568 2341 1766 2397 milites

224 2444 504 2494 exhortante
527 2447 578 2491 et
607 2437 842 2501 dicente,
877 2435 1108 2505 Vigilate,
1138 2443 1184 2488 et
1208 2443 1380 2501 orate,
1413 2449 1475 2486 ne
1501 2433 1692 2488 intretis
1712 2433 1764 2486 in

214 2533 511 2588 notationem
538 2530 726 2598 (Marc.
759 2544 868 2591 xtv,
897 2528 1011 2597 58).

281 2623 494 2678 CAPUT
529 2621 656 2676 ΗΧ.
698 2649 771 2660 --
807 2618 896 2674 69.
929 2617 1074 2672 Idem
1121 2627 1364 2673 tractatur
1389 2626 1758 2688 argumentum.

215 2715 374 2783 Quod
394 2728 511 2768 vero
529 2723 691 2768 contra
718 2725 814 2766 eos
839 2710 1093 2780 disputat,
1127 2710 1215 2780 qui
1247 2709 1455 2774 dicunt,
1491 2727 1511 2760 ε
1548 2710 1612 2764 Et
1640 2711 1760 2779 quis

216 2808 360 2862 nolit
383 2808 489 2862 sine
514 2813 705 2876 peccato
727 2817 846 2857 esse
865 2843 880 2867 ,
911 2803 955 2856 si
986 2802 1086 2856 hoc
1112 2802 1162 2855 in
1189 2800 1420 2856 hominis
1445 2812 1589 2857 esset
1616 2801 1759 2870 posi-

217 2908 334 2953 tum
362 2896 626 2968 potestate?
653 2914 671 2948 ι
699 2894 867 2948 Recte
892 2894 1101 2964 quidem
1130 2892 1400 2962 disputat,
1446 2911 1464 2944 ‹
1512 2893 1611 2947 hoc
1641 2893 1757 2962 ipso

213 3003 314 3045 eos
331 2988 544 3044 conﬁteri
566 3001 663 3042 non
689 3001 809 3041 esse
835 2985 1181 3055 impossibile,
1203 2983 1324 3054 quia
1347 2983 1450 3039 hoc
1469 2985 1549 3038 vel
1573 2983 1752 3048 multi,

207 3080 294 3134 vel
322 3093 486 3134 omnes
511 3081 686 3132 volunt
715 3093 730 3129 :
764 3095 784 3129 ι
818 3077 912 3131 sed
943 3076 1043 3130 hoc
1067 3074 1204 3129 unde
1240 3077 1309 3129 sit
1352 3074 1602 3144 possibile
1628 3089 1755 3128 eon-

197 3169 421 3232 fiteatur,
448 3179 496 3222 et
529 3183 626 3237 pax
655 3176 760 3222 est.
790 3167 908 3235 Ipsa
935 3172 1019 3220 est
1049 3165 1190 3220 enim
1227 3166 1392 3236 gratia
1426 3166 1516 3220 Dei
1546 3180 1643 3233 per
1665 3164 1756 3219 Je-

190 3273 306 3313 snm
347 3257 602 3312 Christum
637 3257 919 3312 Dominum
958 3264 1194 3309 nostrum
1220 3296 1235 3322 ,
1275 3271 1380 3324 qua
1410 3255 1624 3309 omuiuo
1653 3254 1754 3310 iste

186 3365 284 3405 nos
307 3358 514 3404 orantes
544 3349 784 3418 adjuvari
821 3357 878 3402 nt
915 3363 1018 3402 non
1053 3363 1353 3419 peccemus,
1385 3363 1640 3418 nusquam
1668 3349 1750 3403 di-

185 3454 304 3494 cere
330 3439 506 3492 voluit.
538 3437 691 3506 Quod
737 3439 782 3492 si
831 3437 967 3492 forte
1013 3438 1236 3492 latenter
1273 3437 1470 3505 sentit,
1515 3439 1754 3508 ignoscat

186 3531 338 3584 aliter
374 3530 782 3600 suspicantibus.
834 3529 952 3600 lpse
983 3529 1123 3585 enim
1159 3530 1259 3585 hoc
1296 3529 1417 3585 facit
1440 3571 1457 3596 ,
1499 3531 1586 3600 qui
1630 3546 1750 3587 cum

185 3629 380 3674 tantam
408 3619 472 3674 de
497 3619 597 3676 hac
625 3635 686 3676 re
727 3621 957 3689 patiatur
994 3619 1264 3686 invidiam,
1296 3621 1494 3676 sentire
1521 3621 1570 3675 id
1594 3623 1704 3676 vult
1729 3663 1745 3689 ,

184 3720 237 3764 et
263 3710 492 3764 conﬁteri
522 3710 604 3766 vel
637 3710 874 3781 proﬁteri
901 3725 1003 3764 non
1034 3711 1163 3764 vult.
1195 3709 1330 3779 Quid
1362 3719 1476 3765 erat
1501 3728 1746 3782 magnum

182 3809 239 3854 nt
283 3801 380 3855 hoc
415 3800 652 3864 diceret,
697 3815 819 3855 cum
876 3800 1168 3870 praesertim
1207 3799 1307 3854 sibi
1360 3800 1460 3854 hoc
1498 3810 1748 3872 utinquam

181 3905 245 3943 ex
275 3905 489 3959 persona
520 3890 949 3945 adversariorum
976 3891 1272 3959 oppositum
1303 3899 1526 3946 tractare
1548 3903 1599 3946 et
1625 3909 1752 3962 ape-

178 3983 282 4034 rire
315 3980 646 4050 susceperit?
685 3980 795 4034 Cur
840 3981 948 4036 illic
989 3981 1154 4036 solam
1193 3991 1434 4036 naturam
1464 3982 1748 4038 defendere

176 4070 351 4135 voluit,
383 4079 438 4125 et
464 4071 590 4141 quia
614 4070 781 4125 homo
824 4071 895 4125 ita
941 4079 1152 4127 creatus
1178 4080 1280 4139 est,
1313 4081 1369 4126 ut
1395 4087 1499 4126 non
1530 4088 1748 4142 peccare

172 4169 380 4228 posset,
433 4161 479 4214 si
527 4174 751 4229 peccare
800 4160 1077 4228 noluisset,
1117 4162 1376 4226 asseruit,
1419 4178 1482 4216 ac
1523 4179 1620 4233 per
1646 4163 1748 4218 hoc

172 4248 308 4316 quod
336 4248 409 4301 ita
434 4258 643 4304 creatus
675 4258 789 4315 est,
821 4264 941 4304 eam
977 4249 1376 4319 possibilitatem
1419 4251 1483 4305 ad
1523 4253 1746 4322 gratiam

173 4336 266 4392 Dei
307 4340 579 4408 pertinere
623 4338 888 4403 definivit,
927 4355 1029 4410 qua
1072 4341 1420 4410 possibilitate
1445 4342 1489 4396 si
1519 4343 1748 4398 noluerit

168 4443 407 4497 nccare,
436 4443 546 4483 non
574 4439 796 4498 peccat;
828 4440 884 4485 et
919 4431 1086 4484 noluit
1116 4431 1310 4501 aliquid
1349 4432 1524 4486 dicere
1553 4431 1616 4486 de
1645 4448 1746 4501 co,

165 4517 300 4587 Quod
343 4519 460 4588 ipsa
519 4529 709 4573 natura
758 4521 924 4588 gratia
971 4519 1062 4573 Dei
1107 4536 1199 4590 per
1239 4520 1422 4575 Jesum
1473 4519 1744 4576 Christum

166 4605 443 4662 Dominum
475 4618 720 4662 nostrum
758 4609 838 4663 vel
874 4619 1088 4665 sanatur
1111 4611 1233 4682 quia
1271 4611 1450 4666 vitiata
1490 4619 1608 4679 est,
1661 4612 1746 4668 vel

165 4699 282 4768 quia
307 4700 411 4755 sibi
439 4716 546 4755 non
569 4701 767 4756 sufﬁcit
790 4702 1107 4771 adjuvatur?

231 4790 458 4848 CAPUT
478 4792 762 4848 LX.—70.
785 4793 864 4846 An
888 4791 1068 4864 aliquis
1087 4794 1182 4848 hac
1208 4794 1260 4848 in
1278 4795 1378 4848 vita
1399 4795 1506 4850 sine
1521 4805 1742 4864 peccato.

171 4881 348 4938 Utrum
376 4886 523 4939 enim
550 4885 601 4939 in
633 4885 736 4940 hoc
762 4885 956 4940 sarculo
986 4885 1175 4950 fuerit,
1206 4887 1286 4941 vel
1315 4887 1416 4952 sit,
1449 4887 1534 4942 vel
1579 4887 1745 4957 possit

167 4989 280 5029 me
303 4977 498 5047 aliquis
523 4977 593 5029 ita
619 4977 764 5046 juste
782 4979 987 5040 vivens,
1007 4985 1064 5030 ut
1083 4977 1281 5030 nullum
1310 4976 1498 5031 habeat
1525 4976 1743 5031 omnino

168 5076 460 5132 peccatum,
480 5077 657 5137 potest
681 5082 799 5122 esse
821 5067 993 5137 aliqua
1018 5069 1235 5137 quaestio
1258 5068 1398 5143 inter
1421 5083 1575 5123 veros
1605 5068 1740 5138 pios-

172 5171 268 5226 que
286 5146 622 5214 Christianus
654 5177 667 5212 :
695 5173 852 5228 posse
878 5169 1049 5213 tamen
1079 5174 1202 5216 esse
1251 5171 1398 5216 certe
1445 5169 1563 5230 post
1605 5160 1743 5214 hanc

171 5249 323 5304 vitam
346 5250 592 5320 quisquis
618 5250 842 5321 aazbigit
863 5292 876 5313 ,
900 5249 1110 5320 desipit.
1139 5250 1245 5305 Sed
1270 5265 1369 5320 ego
1415 5267 1512 5306 nec
1550 5251 1616 5306 de
1641 5252 1739 5305 ista

169 5340 266 5393 vita
289 5343 410 5395 volo
432 5339 782 5396 contendere.
829 5340 1135 5411 Quanquam
1183 5341 1324 5395 enim
1364 5341 1492 5396 mihi
1522 5357 1626 5395 non
1657 5341 1737 5394 vi-

169 5432 346 5488 deatur
369 5434 526 5489 aliter
550 5431 956 5504 intelligendum
995 5431 1136 5504 quod
1179 5433 1432 5503 scriptum
1476 5441 1587 5500 est,
1615 5431 1740 5486 Non

168 5525 511 5594 iuliﬁalbilur
519 5527 571 5580 in
583 5533 856 5595 conspectu
867 5533 952 5578 tuo
963 5524 1124 5580 omnis
1139 5525 1298 5580 vivens
1312 5524 1332 5598 (
1340 5525 1463 5580 Psal
1471 5522 1708 5594 .cxut,2)
1719 5564 1734 5589 ,

177 5615 285 5670 etsi
315 5631 414 5687 qua
436 5617 627 5676 similia
653 5634 680 5672 ,:
709 5615 914 5671 utinam
946 5625 1122 5672 tamen
1140 5617 1156 5648 ‘
1187 5618 1354 5687 possit
1379 5615 1622 5685 ostendi,
1654 5617 1736 5673 vel

233 5727 1242 5793 δωὶιιηιιωιιειεωεωςωιωειδιεε.

1865 2352 2132 2419 apusculis
2159 2353 2348 2422 posuit,
2384 2357 2572 2433 volens
2600 2373 2878 2416 occurrere
2903 2362 2967 2417 iis
2994 2364 3082 2433 qui
3109 2379 3229 2420 eum
3261 2369 3431 2421 solum

1865 2441 2104 2498 dicerent
2144 2446 2240 2500 ista
2279 2446 2598 2516 defendere,
2641 2451 2711 2505 ita
2751 2461 2876 2507 sunt
2910 2454 3119 2521 media,
3161 2464 3220 2510 ut
3265 2472 3438 2527 neque

1863 2541 2045 2587 contra
2082 2544 2316 2590 nostram
2346 2540 2660 2594 sententiam
2688 2541 2813 2606 sint,
2837 2557 3008 2613 neque
3032 2554 3214 2599 contra
3243 2545 3431 2616 ipsius.

1861 2621 1917 2676 ln
1947 2625 2136 2692 quibus
2161 2626 2320 2680 etiam
2346 2629 2585 2682 nonnihil
2633 2629 2701 2685 de
2745 2630 2894 2686 libris
2932 2633 3066 2688 meis
3095 2633 3434 2704 interponere

1859 2715 2061 2782 voluit,
2093 2732 2179 2771 me
2207 2732 2418 2788 quoque
2461 2720 2686 2790 aliquem
2713 2721 2972 2792 deputans
2994 2763 3010 2790 ,
3042 2724 3130 2794 qui
3160 2739 3282 2779 cum
3325 2727 3432 2783 illis

1858 2811 2264 2865 commemorari
2307 2811 2501 2881 dignus
2541 2811 2770 2868 viderer.
2821 2813 2974 2870 Unde
3023 2815 3259 2885 ingratus
3311 2833 3432 2875 esse

1857 2915 1962 2955 non
1991 2901 2161 2957 debeo
2181 2945 2196 2969 ,
2219 2912 2268 2958 et
2296 2902 2638 2961 familiariore
2663 2907 2854 2962 all'eetu
2882 2907 3045 2962 nolim
3068 2917 3128 2963 ut
3151 2919 3314 2974 erret,
3338 2913 3430 2981 qui

1857 2989 1996 3046 hunc
2025 2993 2155 3047 mihi
2181 2993 2370 3050 detulit
2397 2995 2674 3051 honorem.
2707 2997 2880 3052 Prima
2909 2999 3050 3053 enim
3080 3015 3199 3069 qua:
3229 3001 3426 3070 posuit,

1855 3083 1978 3154 quia
2005 3099 2195 3140 nomen
2223 3085 2336 3156 ejus
2385 3088 2475 3157 qui
2523 3102 2584 3142 ea
2613 3087 2745 3142 dixit
2773 3089 2846 3160 (a)
2869 3129 2883 3154 ,
2917 3104 3021 3144 non
3050 3090 3120 3145 ibi
3152 3091 3274 3161 legi,
3312 3093 3430 3146 sive

1855 3175 1973 3244 quia
2004 3175 2090 3230 ille
2113 3191 2216 3230 non
2246 3176 2456 3246 scripsit
2474 3219 2490 3243 ,
2517 3176 2630 3233 sive
2653 3178 2773 3248 quia
2809 3178 2980 3234 codex
3001 3195 3160 3250 quem
3179 3181 3420 3246 misistis,

1853 3268 1906 3323 id
1935 3269 2106 3338 aliqua
2132 3268 2271 3324 forte
2297 3270 2644 3325 mendositate
2681 3285 2787 3325 non
2833 3270 3049 3336 habuit,
3099 3281 3430 3342 pertractare

1853 3359 1980 3431 quid
2004 3376 2135 3428 opus
2155 3360 2273 3415 est?
2313 3360 2537 3416 Maxime
2564 3363 2817 3431 quoniam
2861 3377 2975 3426 me,
3019 3362 3078 3416 in
3119 3361 3424 3432 hujusmodi

1853 3451 2208 3520 quorumlibet
2233 3449 2505 3505 hominum
2529 3452 2744 3522 scriptis
2770 3451 2994 3508 liberum
3027 3451 3168 3525 (quia
3189 3453 3318 3508 solis
3337 3467 3427 3507 ca-

1854 3543 2056 3598 nonicis
2085 3542 2255 3598 debeo
2276 3543 2392 3598 sine
2420 3543 2525 3598 ulla
2555 3544 2884 3599 recusatione
2903 3543 3268 3614 consensum),
3292 3543 3427 3598 nihil

1853 3647 2030 3691 movet
2059 3639 2074 3669 ²
2105 3635 2246 3707 quod
2280 3637 2346 3691 de
2377 3637 2516 3690 illius
2539 3636 2750 3707 scriptis
2769 3676 2787 3702 ,
2815 3636 2967 3706 cujus
2991 3651 3182 3692 nomen
3213 3650 3318 3690 non
3350 3636 3424 3690 ibi

1852 3727 2024 3781 inveni
2049 3767 2064 3790 ,
2095 3727 2180 3782 ille
2208 3727 2417 3797 posuit:
2447 3744 2466 3778 ‹
2503 3726 2748 3796 Oportuit
2777 3727 3086 3796 magistrum
3119 3725 3421 3781 doctorem-

1851 3833 1955 3888 que
1983 3817 2190 3870 virtutis
2212 3819 2231 3850 ⁸
2278 3817 2478 3871 homini
2506 3817 2832 3870 simillimum
2866 3816 3002 3882 fieri,
3060 3825 3118 3870 ut
3158 3816 3424 3871 vincendo

1852 3916 2124 3977 peceatum
2152 3907 2336 3962 doceat
2363 3906 2631 3961 hominem
2663 3907 2872 3962 vincere
2897 3920 3054 3976 posse
3093 3916 3362 3975 peccatum
3396 3926 3416 3959 ι

1852 3997 2166 4069 (Laclantius
2187 3997 2570 4051 Institutionum
2595 3999 2683 4052 lib.
2728 3998 2783 4062 4,
2815 4015 2966 4068 capp.
2996 3999 3086 4064 24,
3110 3998 3227 4066 25).
3279 3998 3425 4066 Quo-

1851 4089 2009 4161 m'odo
2036 4089 2175 4144 enim
2213 4089 2410 4143 dictqu
2439 4091 2506 4142 sit
2531 4130 2546 4153 ,
2576 4099 2760 4143 auctor
2788 4089 2944 4156 hujus
2970 4088 3245 4143 sententia:
3271 4089 3422 4143 vide-

1849 4177 1920 4233 rit
1943 4179 2166 4247 qualiter
2197 4179 2364 4246 possit
2383 4192 2650 4246 exponere
2681 4194 2694 4230 :
2722 4177 2846 4231 dum
2877 4187 3051 4232 tamen
3079 4192 3178 4232 nos
3203 4179 3424 4232 minime

1847 4269 2177 4334 dubitemus,
2204 4279 2479 4337 peccatum
2519 4267 2797 4323 Christum
2824 4269 2875 4322 in
2915 4284 2978 4324 se
3014 4285 3118 4323 non
3171 4269 3421 4324 habuisse

1848 4361 1986 4430 quod
2015 4361 2268 4423 vinceret,
2319 4361 2408 4430 qui
2458 4371 2611 4414 natus
2637 4369 2721 4415 est
2773 4361 2826 4415 iu
2871 4361 3211 4417 similitudine
3245 4364 3426 4417 comis

1849 4452 2048 4522 peccati
2072 4493 2086 4517 ,
2119 4468 2220 4506 non
2252 4453 2302 4506 in
2331 4468 2490 4507 carne
2511 4453 2733 4522 peccati.
2767 4452 2923 4507 Aliud
2959 4453 3197 4522 ejusdem
3220 4455 3288 4508 ita
3321 4469 3419 4522 po-

1847 4543 1952 4596 suit
1981 4558 1996 4596 :
2029 4559 2048 4594 ‹
2083 4543 2148 4596 Et
2168 4542 2381 4608 iterum,
2414 4551 2471 4596 ut
2495 4542 2772 4597 desideriis
2797 4547 2976 4598 carnis
3011 4543 3278 4608 edomitis,
3322 4544 3420 4597 do-

1847 4640 1992 4688 ceret
2017 4647 2121 4686 non
2142 4632 2476 4688 necessitatis
2497 4648 2618 4688 esse
2655 4647 2909 4702 peccare,
2941 4633 3034 4688 sed
3075 4634 3326 4702 propositi
3355 4650 3422 4690 ac

1846 4723 2134 4780 voluntatis
2160 4723 2201 4776 ³.
2229 4741 2249 4776 s
2274 4723 2386 4794 Ego
2405 4721 2668 4778 desideria
2689 4724 2866 4778 carnis
2889 4724 2958 4793 (si
2988 4740 3092 4778 non
3116 4725 3414 4780 illicitarum

1845 4813 2391 4885 concupiscentiarum
2428 4814 2512 4870 hic
2541 4814 2808 4888 dicuntur)
2859 4816 3096 4885 accipio,
3137 4816 3293 4872 sicuti
3337 4826 3422 4873 est

1848 4905 2012 4960 fames
2032 4945 2048 4972 ,
2078 4904 2194 4959 sitis
2215 4945 2230 4972 ,
2261 4903 2480 4959 refectio
2523 4904 2868 4971 lassitudinis,
2894 4914 2950 4960 et
2987 4906 3030 4960 si
3077 4906 3201 4976 quid
3231 4906 3418 4976 hujus-

1847 4994 1989 5050 modi
2037 5003 2136 5049 est.
2183 4995 2285 5050 Per
2331 4995 2447 5050 lucc
2486 4996 2627 5050 enim
2657 4995 2890 5065 quidam,
2943 4997 3187 5066 quamvis
3211 5013 3272 5052 ea
3309 4998 3418 5053 sint

1846 5085 2202 5156 iuculpabilia,
2255 5087 2310 5141 in
2355 5087 2540 5155 culpas
2583 5085 2866 5153 decidunt;
2899 5087 3038 5157 quod
3077 5087 3262 5142 ab-illo
3303 5089 3409 5142 Sal-

1844 5187 2027 5233 vatore
2073 5177 2278 5248 abluit,
2335 5177 2546 5234 etiamsi
2595 5176 2711 5233 haec
2769 5176 2824 5232 in
2876 5191 2940 5232 eo
2987 5177 3151 5233 fuisse
3198 5187 3418 5249 propter

1908 5401 1926 5433 ’
1943 5407 2008 5451 Ita
2030 5401 2312 5451 Sorbonieus
2331 5397 2697 5461 manuscriptus.
2711 5401 2766 5446 At
2781 5405 2879 5445 Am.
2891 5401 2964 5445 Er.
2979 5403 3031 5446 et
3047 5402 3176 5456 Lov.,
3193 5407 3284 5443 non
3301 5392 3419 5444 nihil

1842 5471 2095 5581 meuéditi,
2118 5521 2358 5573 oirtulmn.
2382 5527 2438 5571 At
2459 5527 2587 5580 Mss,
2610 5517 2816 5572 virtutis.

1905 5586 1928 5618 ³
1960 5595 2059 5634 Am.
2082 5575 2159 5633 llr.
2187 5591 2238 5634 et
2259 5583 2425 5646 plures
2439 5575 2675 5641 Mss.,'sed
2699 5578 2910 5645 propria
2929 5575 3193 5628 voluntatis.

1842 5737 1873 5780 Ρ
1903 5666 2274 5793 (gl-Iactantius
2313 5665 2357 5715 is
2378 5671 2488 5727 est,
2532 5676 2596 5716 ex
2628 5675 2726 5728 quo
2751 5659 3020 5712 testimtmia
3055 5659 3208 5722 prima
3243 5657 3418 5723 petivit

1876 5742 1903 5780 ε
1926 5744 1936 5754 ’
1955 5742 2080 5777 "tus.
