4036 6560
605 379 714 432 (ωδ

607 486 1010 550 similitudinem
1031 481 1210 542 carnis
1247 475 1478 551 peccati,
1509 472 1801 546 Evangelia
1841 480 1978 529 teste
2006 469 2190 526 videa-

608 596 910 729 mlgAPUT
961 663 1122 722 LXII.
1145 691 1219 704 —
1237 661 1328 719 72.
1354 658 1549 714 Facere
1575 664 1622 712 et
1659 655 1899 726 perﬁcere
1914 652 2192 726 justitiam.

611 765 804 821 Beatus
828 774 956 817 vero
980 755 1250 826 Hilarius,
1279 753 1430 823 cujus
1450 749 1615 807 verba
1638 747 1754 804 haec
1779 747 1988 817 posuit,
2026 763 2047 798 ε
2079 743 2195 799 Non

611 856 756 911 enim
788 850 891 906 nisi
939 847 1129 920 spiritu
1175 843 1397 918 perfecti
1437 851 1493 899 et
1537 838 1938 896 immortalitate
1973 834 2194 899 mutati,

610 941 755 1015 quod
779 939 909 996 solis
928 936 1138 994 mundis
1161 934 1325 992 corde
1351 932 1668 1004 dispositum
1694 937 1809 994 est,
1840 927 1944 983 hoc
1971 925 2115 998 quod
2141 926 2198 980 in

615 1035 728 1090 Deo
741 1041 824 1088 est
841 1028 1140 1086 immortale
1155 1041 1438 1085 cernemus
1463 1042 1483 1077 ι
1510 1021 1768 1095 (Hilarius
1781 1021 1835 1076 in
1856 1019 1987 1075 illud
2003 1016 2194 1072 Matth.

611 1140 666 1190 v,
711 1122 860 1178 Beati
899 1121 1089 1177 munda
1113 1118 1320 1191 corde);
1375 1117 1504 1190 quid
1545 1115 1740 1172 dixerit
1766 1123 1954 1170 contra
1976 1110 2028 1167 id
2053 1109 2197 1182 quod

609 1215 877 1283 dicimus,
906 1214 990 1270 vel
1035 1211 1162 1284 quid
1207 1210 1368 1266 istum
1409 1207 1646 1279 adjuvet,
1678 1204 1890 1270 nescio,
1933 1204 2035 1258 nisi
2074 1201 2198 1272 quia

611 1322 771 1378 posse
795 1321 914 1364 esse
941 1303 1212 1359 hominem
1237 1301 1436 1358 mundo
1459 1298 1624 1356 corde
1659 1305 1886 1354 testatus
1915 1304 2018 1352 est.
2045 1292 2199 1363 Quod

573 1463 580 1469 _
610 1397 732 1468 quis
758 1395 952 1468 negat?
970 1393 1065 1451 sed
1091 1392 1259 1464 gratia
1287 1391 1381 1447 Dei
1401 1405 1494 1461 per
1513 1388 1696 1446 Jesum
1721 1386 1992 1444 Christum
2020 1382 2200 1439 Domi-

612 1502 742 1542 num
769 1495 1030 1550 nostrum,
1062 1498 1170 1538 non
1208 1481 1323 1538 sola
1365 1479 1573 1540 arbitrii
1602 1478 1870 1534 libertate.
1894 1474 2027 1531 Item
2057 1471 2201 1545 quod

612 1595 738 1638 eum
761 1578 961 1635 dixisse
985 1582 1409 1642 commemorat,
1455 1591 1476 1626 (
1514 1572 1655 1640 Quas
1678 1570 1782 1627 Job
1817 1569 2023 1624 litteras
2049 1567 2198 1636 lege-

612 1681 716 1738 rat,
741 1678 798 1725 ut
824 1669 1117 1725 abstineret
1153 1680 1214 1723 se
1235 1667 1304 1722 ab
1323 1663 1472 1722 omni
1500 1679 1561 1720 re
1585 1661 1846 1732 maligna;
1878 1659 2003 1730 quia
2032 1657 2199 1712 Deum

612 1762 727 1818 sola
749 1770 929 1817 mente
952 1759 1098 1816 vitiis
1125 1773 1231 1814 non
1250 1757 1492 1813 admixta
1518 1751 1894 1815 venerabatur,
1920 1749 2085 1804 Deum
2106 1761 2203 1802 au-

614 1861 723 1909 tem
766 1853 945 1908 colere
981 1850 1204 1919 justitize
1241 1849 1515 1920 praprinm
1563 1845 1797 1901 oflicium
1849 1851 1934 1898 est
1963 1860 1976 1895 :
2009 1860 2027 1894 ι
2074 1839 2202 1911 (ιυί(1

615 1943 831 2000 fecisset
856 1943 957 1998 Joh
980 1941 1133 2008 dixit,
1162 1955 1268 1996 non
1295 1939 1421 2010 quid
1453 1939 1502 1992 in
1524 1937 1624 1991 hoc
1644 1935 1842 1997 sacculo
1869 1932 2199 2004 perfecisset,

576 2071 586 2082 ι
615 2036 709 2090 aut
732 2034 850 2090 sine
877 2035 1046 2106 gratia
1087 2034 1418 2100 Salvator-is,
1455 2047 1610 2101 quem
1654 2031 1814 2085 etiam
1845 2027 2200 2098 prophetavit,

614 2127 700 2182 vel
727 2125 939 2182 fecisset
956 2126 1039 2180 vel
1065 2125 1398 2197 perfecisset.
1433 2123 1682 2178 Ahstinet
1707 2121 1850 2177 enim
1878 2134 1938 2176 se
1961 2119 2029 2174 ab
2055 2117 2202 2173 omni

614 2232 676 2272 re
696 2216 834 2270 mala
853 2255 870 2282 ,
897 2216 1056 2270 etiam
1083 2217 1173 2287 qui
1220 2215 1380 2270 habet
1405 2223 1704 2284 peccatum,
1753 2210 1895 2280 quod
1932 2210 1986 2264 in
2013 2224 2072 2264 se
2109 2222 2200 2264 re-

613 2324 782 2380 gnare
809 2323 916 2364 non
939 2308 1096 2376 sinit,
1128 2309 1213 2363 cui
1255 2306 1497 2376 subrepit
1535 2303 1882 2375 improbanda
1915 2299 2200 2372 cogitatio,

615 2413 778 2468 quam
807 2398 1087 2468 pervenire
1115 2397 1181 2454 ad
1221 2398 1381 2452 linem
1411 2396 1590 2466 operis
1622 2411 1728 2452 non
1774 2394 2056 2464 permittit.
2094 2391 2203 2447 Sed

615 2487 760 2542 aliud
789 2497 871 2544 est
897 2504 1000 2542 non
1024 2488 1219 2544 habere
1251 2497 1545 2558 peccatum,
1573 2485 1714 2542 aliud
1744 2501 1850 2540 non
1875 2484 2094 2540 obedire
2111 2483 2206 2538 de-

616 2578 829 2634 sideriis
854 2579 991 2650 ejus.
1017 2579 1178 2635 Aliud
1203 2587 1287 2634 est
1316 2580 1539 2648 implere
1567 2578 1707 2648 quod
1727 2586 2050 2648 praeceptum
2075 2585 2158 2631 est
2183 2618 2199 2644 ,

619 2667 743 2723 Non
795 2671 1117 2739 concupisces
1169 2667 1364 2743 (Exod.
1410 2685 1515 2733 xx,
1558 2669 1683 2739 16);
1732 2677 1787 2723 et
1827 2668 1967 2722 aliud
1997 2676 2081 2722 est
2109 2682 2205 2736 per

617 2759 901 2828 quemdam
927 2761 1264 2816 abstinentiae
1291 2769 1540 2816 conatum
1563 2760 1751 2814 saltem
1781 2759 1832 2814 id
1874 2774 2033 2830 agere
2063 2759 2206 2830 quod

618 2847 747 2902 item
777 2848 1032 2917 scriptum
1074 2859 1180 2916 est,
1214 2847 1340 2904 Post
1383 2849 1812 2920 concupiscendos
1843 2835 1954 2903 tuas
1996 2865 2097 2902 non
2122 2865 2208 2904 eas

620 2935 809 3008 (Eccli.
840 2953 989 3005 xvut,
1015 2936 1107 3012 50)
1139 2957 1152 2993 :
1179 2939 1312 2994 nihil
1343 2944 1536 2994 horum
1588 2949 1762 2994 tamen
1805 2938 1943 2994 scire
1975 2955 2034 2994 se
2062 2948 2208 2995 recte

556 3027 615 3084 ,μί
625 3045 787 3100 posse
803 3030 920 3086 sine
935 3032 1104 3102 gratia
1126 3031 1435 3087 Salvatoris.
1459 3031 1658 3086 Facere
1682 3040 1764 3086 est
1781 3030 2204 3101 ergojustitiam,

619 3122 676 3178 in
702 3137 830 3178 vero
860 3123 952 3179 Dei
979 3123 1123 3178 cultu
1171 3138 1294 3180 cum
1324 3122 1536 3178 interno
1575 3121 2020 3192 concupiscentia:
2065 3121 2208 3175 malo

622 3215 836 3271 interna
892 3213 1289 3271 conflictatione
1356 3228 1639 3285 pugnare:
1671 3214 1930 3284 perficere
1981 3221 2159 3268 autem
2189 3253 2206 3280 ,

621 3307 844 3364 omnino
889 3309 1253 3364 adversarium
1290 3323 1396 3362 non
1439 3307 1655 3362 habere.
1695 3305 1828 3361 Nam
1858 3305 1946 3374 qui
1977 3312 2206 3376 pugnat,

623 3407 680 3453 et
707 3396 882 3453 adhuc
910 3397 1256 3468 periclitatur,
1285 3405 1344 3453 et
1366 3396 1652 3468 aliquando
1691 3395 2006 3466 percutitur,
2047 3395 2208 3451 etiam

622 3489 670 3544 si
699 3503 807 3544 non
834 3488 1124 3544 sternitur:
1152 3489 1244 3558 qui
1278 3496 1455 3543 autem
1499 3503 1608 3542 non
1637 3487 1797 3542 habet
1821 3485 2206 3550 adversarium,

625 3580 782 3652 plena
805 3594 936 3651 pace
963 3581 1189 3635 lmtatur.
1220 3580 1289 3634 Et
1307 3579 1421 3650 ipse
1436 3593 1558 3635 esse
1571 3579 1686 3634 sine
1702 3587 1918 3649 peccato
1934 3577 2211 3632 verissime

626 3670 840 3737 dicitur,
870 3671 922 3726 in
953 3686 1058 3741 quo
1078 3670 1281 3725 nullum
1303 3669 1504 3725 habitat
1532 3679 1805 3739 peccatum
1827 3684 1840 3734 ;
1864 3682 1968 3723 non
1999 3667 2087 3738 qui
2114 3681 2212 3737 per

623 3761 1002 3818 abstinentiam
1031 3762 1155 3817 mali
1178 3761 1358 3832 operis
1389 3761 1542 3828 dicit,
1559 3759 1681 3814 Jam
1699 3776 1800 3814 non
1825 3775 1915 3830 ego
1933 3775 2116 3828 operor
2140 3758 2210 3812 il-

623 3852 736 3919 lud,
757 3853 847 3908 sed
873 3852 929 3906 id
951 3852 1154 3922 quodin
1179 3869 1259 3907 me
1277 3852 1468 3908 habitat
1493 3859 1750 3922 peccatum
1766 3850 1944 3925 (Rom.
1970 3865 2064 3915 vn,
2090 3846 2208 3920 20).

697 3945 786 4000 73.
813 3943 946 4000 Nam
971 3953 1027 4000 et
1056 3945 1170 4015 ipse
1193 3943 1296 4000 Job
1331 3943 1401 4000 de
1436 3943 1670 4014 peccatis
1693 3943 1804 3998 suis
1831 3957 1936 3998 non
1967 3951 2127 4009 tacet,
2158 3950 2215 3998 et

624 4036 810 4106 utique
839 4036 964 4092 huic
1003 4036 1177 4090 amico
1215 4046 1393 4092 vestro
1415 4036 1432 4067 ¹
1459 4036 1653 4091 merito
1691 4035 1896 4106 placet,
1937 4034 2212 4090 humilita-

626 4137 732 4183 tcm
760 4128 908 4184 nullo
931 4128 1092 4184 modo
1130 4127 1183 4182 in
1219 4127 1472 4183 falsitatis
1512 4135 1663 4198 parte
1692 4127 1994 4198 ponendam
2023 4145 2038 4182 :
2069 4127 2213 4184 unde

625 4219 680 4274 id
713 4219 860 4289 quod
886 4218 990 4275 Job
1027 4220 1332 4284 confitetur,
1379 4219 1504 4289 quia
1551 4235 1714 4274 verax
1744 4219 1835 4274 Dei
1875 4220 2050 4276 cultor
2094 4229 2210 4288 est,

626 4309 999 4379 proculdubio
1047 4309 1313 4366 veraciter
1353 4311 1655 4365 confitetur.
1705 4310 1774 4365 Et
1822 4311 1938 4382 ipse
1982 4312 2214 4368 Hilarius

627 4416 751 4456 cum
778 4400 956 4457 locum
983 4402 1176 4457 Psalmi
1197 4411 1508 4472 exponeret,
1532 4403 1620 4458 ubi
1647 4403 1904 4474 scriptum
1930 4414 2031 4471 est,
2054 4405 2215 4476 Spre-

629 4494 747 4550 visti
769 4510 942 4550 omnes
961 4495 1270 4550 discedentes
1295 4512 1326 4548 a
1341 4496 1795 4567 justiﬁcationibus
1812 4497 1934 4563 tuis,
1965 4497 2075 4552 ait:
2107 4515 2126 4550 ‹
2158 4497 2215 4554 Si

626 4586 771 4642 enim
797 4586 938 4644 Dens
966 4597 1272 4657 peccatores
1297 4596 1575 4658 Sperneret
1594 4628 1609 4654 ,
1633 4601 1822 4643 omnes
1843 4588 2025 4658 utique
2055 4604 2214 4659 sper-

629 4687 816 4744 neret;
843 4680 966 4750 quia
995 4680 1111 4736 sine
1138 4688 1356 4750 peccato
1384 4695 1544 4737 nemo
1567 4690 1672 4738 est.
1715 4681 1822 4737 Sed
1854 4683 2060 4752 spernit
2098 4682 2213 4738 dis-

630 4767 890 4825 cedentes
931 4785 961 4824 a
985 4785 1075 4838 se,
1103 4787 1241 4841 quus
1268 4781 1539 4843 apostatas
1565 4782 1758 4828 vocant
1787 4793 1806 4826 ι
1838 4773 2120 4846 (Hilarius,
2163 4777 2217 4830 in

633 4857 782 4914 Psal.
847 4874 1044 4924 cxvut,
1111 4861 1262 4930 118).
1329 4863 1531 4919 Videtis
1590 4865 2038 4934 quemadmodum
2109 4882 2214 4922 non

631 4949 850 5017 dixerit,
875 4951 998 5020 quia
1028 4951 1144 5006 sine
1184 4961 1402 5022 peccato
1437 4969 1596 5009 nemo
1645 4952 1826 5021 fuerit,
1857 4964 2107 5026 tanquam
2150 4957 2217 5011 de

631 5043 918 5114 praeteritis
966 5043 1221 5114 loquens,
1269 5044 1364 5100 sed
1423 5045 1567 5116 quod
1621 5045 1738 5101 sine
1785 5055 2004 5116 peccato
2057 5062 2217 5103 nemo

633 5133 734 5198 sit;
761 5133 902 5189 unde
930 5134 1164 5204 quidem,
1208 5143 1268 5190 ut
1311 5135 1460 5202 dixi,
1503 5151 1613 5192 non
1641 5137 1930 5193 contendo.
1964 5138 2219 5211 Quisquis

633 5225 780 5282 enim
805 5241 910 5281 non
935 5227 1078 5282 cedit
1099 5226 1289 5284 Joanni
1326 5230 1600 5300 apostolo,
1627 5230 1719 5300 (ιυί
1745 5245 1844 5285 nee
1869 5231 1983 5301 ipse
2017 5233 2126 5299 ait,
2157 5232 2220 5288 Si

635 5316 912 5374 dixerimus
929 5319 1052 5390 quia
1074 5330 1334 5390 peccatum
1373 5335 1478 5376 non
1527 5320 1841 5389 habuimus;
1869 5323 1964 5379 sed
1992 5341 2093 5378 non
2123 5325 2218 5379 Ita-

700 5514 728 5579 ι,
753 5515 958 5564 Vaticani
997 5522 1204 5579 quatuor
1227 5523 1281 5568 et
1307 5514 1529 5568 Gallicani
1551 5524 1681 5578 Mss,
1717 5518 1870 5570 amico
1895 5526 2056 5572 nostra
2082 5533 2101 5572 :
2125 5534 2221 5572 non

634 5574 782 5644 male,
806 5593 829 5621 ι
847 5583 959 5644 Nam
982 5574 1035 5626 ei
1055 5590 1160 5638 nos,
1175 5595 1212 5644 »_
1227 5579 1296 5628 ait
1313 5579 1602 5644 Augustinus
1622 5574 1678 5629 in'
1689 5581 1890 5644 epistola
1918 5583 2024 5642 186,
2034 5583 2091 5632 ad
2109 5591 2224 5634 Pau-

635 5633 806 5710 linum,
831 5650 880 5685 n.
905 5638 950 5710 ᾖ,
982 5655 1008 5710 ί
1026 5652 1120 5689 non
1142 5633 1297 5689 solum
1316 5633 1592 5710 dileximus,
1616 5633 1789 5710 verum
1811 5633 2223 5710 etiamjdiligimus

637 5709 828 5810 ἲῧὲἑιὺιῖ.
852 5713 875 5744 ι
907 5698 1072 5751 Melius
1094 5710 1276 5764 tamen,
1297 5700 1454 5756 amico
1473 5698 1662 5766 vestro;
1692 5706 1881 5755 Timasii
1922 5698 2146 5756 nimirum
2171 5715 2223 5759 ct

2205 5783 2222 5805 .

1559 359 1645 416 DE
1682 355 1964 416 NATURA
2003 355 2092 412 ET
2128 351 2409 421 GBATIA,
2449 351 2510 409 S.
2549 351 2922 411 AUGUSTINI

3752 366 3840 425 28l

2299 465 2470 522 (vernus
2495 466 2540 537 (l
2565 466 2722 522 Joan.
2750 483 2789 535 ι,
2817 467 2872 541 8)
2899 485 2913 524 :
2941 467 3192 538 episeopo
3219 465 3418 524 Hilario
3457 473 3712 541 quomodo
3744 493 3862 535 cus.

2263 592 2278 614 .
2299 572 2460 612 surus
2484 557 2607 613 est?
2628 557 2734 612 Pro
2761 557 2931 629 gratia
2954 557 3158 613 Christi
3185 557 3360 613 clamo
3376 599 3392 625 ,
3423 560 3539 616 sine
3575 577 3674 632 qua
3703 581 3858 625 nemo»

2295 645 2636 717 justilicatur,
2670 655 2922 718 tanquam
2950 646 3252 704 sufficiente
3296 657 3497 705 natura:
3533 651 3694 709 libero
3723 658 3832 714 arbi-

2302 739 2423 793 trio.
2457 738 2570 794 lmo
2615 741 2730 810 ipse
2765 754 2863 809 pro
2906 754 2970 795 ea
3017 739 3210 794 clamat
3236 739 3322 795 :ei
3362 740 3580 798 cedatur
3605 745 3622 776 ¹
3650 744 3837 818 dicenti,

2303 831 2430 886 Sine
2457 847 2535 886 me
2560 831 2690 884 nihil
2716 831 2922 901 potestis
2942 831 3110 900 facere
3129 829 3306 899 (Ioan.
3336 847 3427 899 xv,
3455 832 3535 904 5).

2372 920 2600 978 CAPUT
2639 919 2818 976 LXIII.
2840 951 2912 961 —
2936 921 3026 976 74.
3060 919 3286 993 Opponit
3321 922 3426 975 alia
3460 922 3700 979 Ambrosii
3720 929 3836 982 testi-

2301 1014 2491 1068 monia.
2521 1013 2750 1069 Sanetus
2777 1020 2956 1067 autem
2984 1012 3299 1068 Ambrosius
3335 1028 3521 1068 revera
3556 1014 3606 1069 in
3643 1031 3702 1070 eo
3734 1018 3833 1074 loco

2301 1120 2459 1176 quem
2488 1105 2590 1161 iste
2616 1112 3036 1171 commemorat,
3079 1104 3186 1160 illis
3225 1104 3428 1160 resistit
3455 1105 3543 1176 qui
3574 1106 3736 1164 dicunt
3761 1109 3839 1165 ho-

2301 1197 2500 1254 minem
2530 1209 2636 1252 non
2662 1210 2784 1252 esse
2809 1210 2965 1268 posse
2992 1197 3112 1253 sine
3149 1205 3370 1268 peccato
3412 1197 3467 1252 in
3511 1197 3608 1254 hac
3646 1200 3756 1256 vita.
3785 1202 3839 1258 Ut

2301 1289 2445 1345 enim
2473 1303 2535 1345 ea
2555 1288 2789 1354 diceret,
2833 1288 3039 1359 accepit
3079 1289 3419 1345 occasionem
3457 1288 3524 1344 de
3545 1289 3772 1345 Zacharia
3797 1303 3839 1348 et

2303 1377 2572 1435 Elisabeth
2593 1418 2610 1447 ,
2637 1378 2779 1449 quod
2801 1378 2853 1433 iu
2880 1378 3170 1449 Evangelia
3193 1380 3592 1434 commemorati
3615 1391 3726 1436 sunt
3746 1397 3838 1435 am-

2304 1468 2516 1526 bulasse
2542 1468 2597 1524 in
2636 1468 2886 1524 omnibus
2929 1467 3398 1539 jnstilicationihus
3427 1467 3558 1539 legis
3600 1469 3706 1526 sine
3730 1487 3838 1540 quc-

2302 1561 2415 1618 rela
2437 1577 2451 1615 :
2478 1560 2733 1631 numquid
2755 1568 2934 1617 tamen
2958 1570 3116 1632 negat
3131 1561 3302 1633 gratia
3326 1561 3423 1616 Dei
3448 1560 3560 1617 fieri
3580 1577 3668 1633 per
3685 1563 3835 1619 Jesum

2267 1638 2280 1658 ⁸
2303 1648 2574 1706 Christum
2597 1649 2880 1706 Dominum
2901 1651 3179 1706 nostrum?
3202 1651 3286 1706 Ex
3306 1665 3412 1722 qua
3442 1649 3542 1706 fide
3569 1649 3714 1706 etiam
3736 1663 3838 1708 ante

2303 1742 2420 1812 ejus
2439 1741 2741 1812 passionem
2781 1741 2958 1811 justos
3007 1742 3207 1799 vixisse
3253 1757 3362 1797 non
3387 1741 3598 1798 dubium
3632 1751 3734 1809 est,
3768 1746 3838 1813 qui

2307 1841 2522 1903 prmstat
2557 1831 2812 1902 Spiritum
2851 1840 3094 1887 sanctum
3134 1832 3223 1902 qni
3263 1831 3421 1887 datus
3445 1841 3527 1888 est
3564 1831 3729 1897 nobis,
3763 1845 3839 1902 per

2304 1937 2463 1992 quem
2501 1921 2814 1977 diffunditur
2855 1923 3087 1977 charitas
3130 1922 3184 1977 in
3232 1921 3485 1978 cordibus
3521 1922 3721 1989 nostris,
3759 1939 3838 1992 qua

2306 2029 2406 2067 una
2424 2011 2553 2084 justi
2581 2022 2703 2068 sunt
2731 2013 3053 2083 quicumque
3087 2012 3217 2083 justi
3259 2019 3408 2067 sunt.
3439 2012 3602 2081 Quem
3625 2011 3838 2082 Spiritum

2306 2111 2629 2159 memoratus
2644 2104 2925 2175 episcopus
2945 2107 3103 2160 etiam
3121 2104 3374 2176 precibus
3395 2103 3753 2174 impetrandum
3764 2104 3838 2155 ad-

2309 2201 2495 2249 monet
2523 2194 2617 2264 (ita
2639 2195 2713 2249 illi
2741 2194 2987 2250 voluntas
3012 2195 3267 2250 divinitus
3294 2211 3407 2250 non
3431 2194 3604 2265 adjuta
3628 2209 3720 2248 non
3750 2193 3838 2248 sul-

2308 2285 2436 2357 ficit)
2460 2325 2476 2353 ,
2504 2285 2594 2340 ubi
2620 2285 2674 2340 in
2703 2285 2902 2356 hymno
2928 2301 3025 2340 suo
3050 2286 3198 2352 dicit,

2705 2399 2933 2462 totisque
2963 2405 3160 2462 prastat
3181 2399 3202 2430 ³
3225 2396 3449 2459 sedulis,

2706 2486 2927 2529 sanctum
2949 2481 3134 2530 mereri
3165 2481 3393 2542 Spiritum
3413 2479 3503 2544 (α).

2378 2583 2467 2637 75.
2490 2581 2929 2637 Commemorabo
2961 2590 3014 2636 et
3040 2597 3138 2652 ego
3165 2583 3230 2637 de
3265 2581 3372 2636 hoc
3402 2583 3515 2652 ipso
3534 2597 3683 2653 opere
3708 2585 3838 2638 sancti

2309 2671 2577 2727 Ambrosii
2619 2671 2846 2742 aliquid,
2883 2688 2948 2726 ex
2987 2687 3094 2742 quo
3136 2674 3236 2729 iste
3273 2673 3697 2728 commemoravit
3730 2673 3839 2743 quod

2309 2762 2835 2817 commemorandum
2899 2763 3123 2832 putavit.
3176 2781 3195 2815 ι
3239 2762 3417 2817 Visum
3477 2773 3576 2830 est,
3612 2782 3630 2817 ι
3684 2765 3839 2834 inquit,

2316 2871 2336 2907 ι
2364 2854 2506 2907 mihi.
2531 2853 2715 2909 Potest
2736 2870 2842 2908 non
2869 2855 2967 2909 soli
2998 2855 3168 2909 visum
3194 2871 3316 2911 esse
3337 2899 3357 2924 ,
3388 2855 3524 2926 quod
3570 2857 3725 2912 visum
3759 2857 3838 2910 sibi

2310 2961 2431 3001 esse
2465 2945 2724 3000 declarat.
2761 2945 2878 3001 Non
2917 2947 3059 3001 enim
3107 2948 3385 3004 voluntate
3426 2957 3620 3004 tantum
3655 2948 3840 3002 humana

2312 3035 2482 3090 visum
2513 3044 2594 3091 est
2613 3076 2628 3101 ,
2652 3036 2746 3091 sed
2789 3037 2925 3090 sicut
2953 3038 3149 3107 placuit
3185 3038 3234 3093 ei
3263 3039 3358 3108 qui
3387 3041 3437 3094 in
3465 3055 3567 3107 me,
3593 3039 3758 3111 inquit,
3781 3039 3841 3093 lo-

2312 3127 2490 3197 quitur
2513 3127 2757 3182 Christus
2785 3127 2828 3194 ³,
2854 3130 2942 3198 qui
2988 3138 3046 3184 ut
3089 3129 3140 3185 id
3169 3131 3309 3201 quod
3343 3132 3538 3187 bonum
3583 3143 3690 3199 est,
3725 3132 3843 3186 nobis

2311 3233 2524 3288 quoque
2565 3217 2763 3274 bonum
2816 3220 2981 3276 videri
3034 3223 3201 3292 possit
3247 3234 3524 3294 operatur.
3558 3224 3708 3293 Quem
3731 3224 3842 3280 enim

2313 3309 2619 3376 miseratur,
2649 3319 2705 3364 et
2730 3319 2905 3365 vocat.
2938 3311 3004 3365 Et
3045 3311 3167 3368 ideo
3208 3314 3298 3384 qui
3342 3313 3603 3370 Christum
3628 3314 3842 3385 sequitur,

2312 3407 2488 3468 potest
2513 3398 2870 3467 interrogatus
2898 3415 2994 3455 cur
3022 3416 3142 3457 esse
3176 3403 3412 3458 voluerit
3430 3403 3754 3469 christianns,
3776 3419 3843 3457 re-

2313 3487 2597 3556 Spondere,
2631 3487 2806 3544 Visum
2834 3500 2906 3545 est
2936 3491 3080 3545 mihi.
3105 3492 3257 3560 Quod
3279 3508 3408 3549 cum
3437 3494 3584 3562 dicit,
3613 3509 3704 3550 nou
3725 3502 3845 3562 negat

2317 3578 2429 3633 Deo
2452 3578 2659 3646 visum;
2689 3595 2718 3634 a
2751 3580 2859 3636 Deo
2888 3582 3029 3636 enim
3059 3595 3393 3652 prmparatur
3432 3585 3669 3640 voluntas
3706 3584 3838 3640 homi-

2317 3683 2442 3722 num
2471 3687 2485 3725 :
2516 3677 2574 3724 ut
2599 3670 2740 3725 enim
2786 3671 2927 3726 Deus
2957 3672 3338 3730 lionorilicetnr
3365 3692 3396 3731 a
3429 3686 3626 3745 sancto,
3651 3675 3733 3730 Dei
3754 3689 3847 3745 gra-

2318 3761 2385 3814 tia
2407 3768 2508 3816 est.
2544 3778 2564 3814 ι
2597 3761 2739 3817 Ecce
2784 3763 2910 3834 quid
2955 3764 3058 3820 iste
3097 3765 3268 3836 sapiat
3291 3809 3306 3835 ,
3358 3768 3400 3822 si
3433 3769 3601 3824 verbis
3627 3765 3846 3822 Ambrosii

2315 3853 2626 3921 delectatur,
2647 3853 2789 3926 quod
2803 3871 2834 3910 a
2863 3855 2972 3911 Deo
2987 3867 3318 3928 praeparatur
3343 3860 3580 3915 voluntas
3594 3859 3844 3922 hominum,

2316 3955 2372 3999 et
2393 3946 2555 4010 nulla,
2586 3946 2670 4002 vel
2696 3961 2802 4001 non
2823 3961 3013 4018 magna
3036 3949 3261 4018 qumstio
3289 3959 3408 4017 est,
3441 3951 3556 4022 quis
3578 3950 3654 4006 vel
3673 3946 3845 4019 quando
3932 3953 3933 3956 ‘

2321 4035 2659 4104 perficiatur,
2691 4036 2816 4091 dum
2871 4046 3046 4093 tamen
3084 4039 3203 4095 sine
3239 4042 3413 4110 gratia
3453 4041 3638 4097 Christi
3664 4038 3849 4109 idipsum

2287 4123 2431 4179 ‘flcri
2458 4141 2616 4197 posse
2639 4126 2856 4182 minime
2880 4127 3174 4184 dubitatur.
3214 4131 3420 4188 Deinde
3447 4141 3687 4203 quantum
3724 4137 3844 4193 erat,
3932 4137 3933 4164 ῖ

2318 4214 2691 4272 utattendcret
2719 4216 2820 4272 iste
2850 4233 3014 4272 unum
3063 4234 3274 4284 versum
3313 4220 3387 4277 de
3422 4221 3676 4277 Ambrosii
3705 4216 3848 4274 verbis

2318 4324 2435 4378 qua:
2464 4307 2659 4378 posuit.
2687 4306 2818 4363 Cum
2849 4309 2991 4365 enim
3019 4312 3106 4368 ille
3130 4311 3377 4381 dixisset,
3415 4333 3436 4368 t
3466 4314 3595 4370 Nam
3627 4327 3735 4369 cum
3765 4310 3848 4366 lic-

2317 4397 2478 4452 clcsia
2503 4413 2568 4452 ex
2593 4398 2863 4468 gentibus,
2894 4399 2994 4456 hoc
3022 4412 3123 4466 est,
3175 4419 3243 4460 ex
3282 4406 3641 4474 peccatoribus
3664 4414 3851 4472 congre-

2317 4496 2436 4558 gata
2463 4487 2566 4556 sit,
2605 4489 2875 4559 quomodo
2915 4506 2980 4546 ex
3021 4495 3299 4551 maculatis
3337 4497 3664 4553 immaculata
3710 4500 3852 4563 potest

2319 4597 2468 4648 esse,
2497 4582 2596 4637 nisi
2619 4583 2792 4652 primo
2815 4599 2910 4655 per
2937 4584 3130 4642 Christi
3152 4589 3401 4660 gratiam,
3433 4589 3572 4661 quod
3594 4588 3750 4644 abluta
3774 4584 3850 4639 de-

2319 4672 2444 4728 licto
2466 4673 2562 4739 sit;
2593 4672 2816 4740 deinde,
2858 4675 3001 4745 quod
3043 4692 3136 4746 per
3162 4679 3472 4748 qualitatem
3516 4694 3617 4734 non
3644 4671 3852 4748 peccandi

2319 4763 2584 4820 abstineat
2609 4779 2639 4818 a
2668 4765 2916 4820 delictis?
2951 4786 2970 4820 ι
3014 4767 3108 4824 Ille
3127 4769 3349 4836 addidit,
3381 4770 3520 4842 quod
3551 4770 3644 4825 iste
3667 4770 3852 4838 apparet

2321 4869 2418 4909 cur
2445 4854 2644 4912 addere
2672 4857 2940 4913 noluerit:
2972 4859 3047 4914 ait
3066 4875 3297 4933 namque
3325 4863 3442 4931 ille,
3477 4881 3496 4916 ‹
3528 4863 3631 4918 Nec
3655 4855 3855 4914 abinitio

2323 4945 2689 5014 immaculata;
2719 4947 2968 5004 humanae
2991 4951 3134 5006 enim
3167 4951 3270 5009 hoc
3295 4953 3616 5024 impossibile
3642 4959 3844 5004 natum:

2322 5041 2414 5097 sed
2438 5056 2534 5112 per
2559 5041 2653 5097 Dei
2679 5043 2906 5113 gratiam
2945 5051 3001 5100 et
3033 5046 3343 5116 qualitatem
3373 5047 3476 5115 sui,
3508 5046 3623 5117 quia
3650 5043 3746 5114 jam
3771 5053 3854 5092 non

2324 5141 2537 5204 peccat,
2591 5133 2649 5188 [it
2676 5143 2731 5189 ut
2775 5119 3111 5192 immaculata
3135 5138 3375 5193 videatur
3407 5155 3427 5190 ι
3481 5127 3854 5207 (Ambrosius,it:

2323 5221 2478 5278 Luca:
2499 5232 2654 5293 caput
2685 5223 2762 5294 1).
2805 5223 2930 5280 Ilaec
2953 5226 3136 5292 verba,
3182 5227 3282 5283 iste
3307 5242 3401 5282 cur
3451 5243 3555 5282 non
3597 5219 3855 5279 addiderit.

2322 5312 2443 5383 quis
2479 5327 2584 5368 non
2613 5312 2914 5385 intelligat?
2943 5315 3058 5372 Hoc
3099 5317 3274 5389 agitur
3320 5317 3498 5389 utique
3534 5329 3667 5372 nunc
3700 5313 3749 5368 in
3774 5308 3856 5363 hoc

2388 5466 2405 5498 ι
2439 5464 2655 5529 Nonnulli
2682 5479 2747 5517 ex
2771 5467 2933 5529 editis,
2956 5469 3200 5521 credatur.

2388 5529 2409 5596 ξ
2441 5526 2548 5596 Sola
2565 5528 2670 5578 fere
2697 5529 2844 5596 editio
2860 5526 2999 5596 _Lov.,
3022 5538 3218 5596 perstat.

2388 5588 2646 5657 {Quatuor
2669 5591 2874 5657 Vaticani
2896 5588 3260 5657 {spiritus
3410 5654 3456 5657 __
3537 5651 3548 5657 ,
3674 5649 3684 5657 ,
3769 5645 3778 5654 .

2389 5643 2468 5710 (αἱ
2495 5655 2704 5712 Hymnus
2727 5650 2810 5700 ille
2844 5643 3180 5704 Ambrosianus
3199 5668 3228 5704 a
3244 5654 3486 5704 monachis
3504 5643 3855 5712 Cistcrcicnsibus

2325 5709 2512 5776 canitur
2535 5709 2594 5759 ad
2617 5713 2855 5776 Tertiam,
2900 5717 3140 5767 Dominica
3177 5717 3459 5775 Pahnarum,
3495 5720 3545 5765 ct
3571 5709 3768 5775 proxime
3786 5714 3851 5752 εδ

2326 5772 2588 5831 quentibus
2607 5771 2797 5824 diebus.
