3984 6542
175 381 278 438 285

173 491 375 559 sreulo,
402 495 459 545 ut
484 488 556 544 ad
585 490 778 557 istam,
831 505 992 563 quam
1043 504 1230 548 omnes
1273 488 1441 546 sancti
1491 489 1746 560 cupiunt,

174 581 710 643 iinmaculatissimam
742 581 1038 652 puritatem
1065 581 1299 637 Ecclesia
1349 588 1533 635 sancta
1560 594 1757 650 perve-

173 679 317 742 niat,
358 690 467 746 qua:
511 673 566 727 in
615 671 811 729 futuro
840 674 1038 730 sax:qu
1078 687 1251 744 neque
1288 673 1469 743 aliquo
1497 672 1758 726 malorum

173 771 430 826 hominum
457 765 562 820 sibi
585 767 897 836 permixto,
926 781 1098 837 neque
1121 766 1294 835 aliqua
1325 765 1380 818 in
1413 779 1472 819 se
1500 764 1614 833 lege
1635 776 1760 833 pec-

170 863 266 919 cati
291 860 571 916 resistente
601 858 713 930 legi
755 860 990 924 mentis,
1035 858 1194 913 ducat
1235 857 1638 912 mundissimam
1680 855 1760 908 vi-

170 963 268 1006 tam
292 951 344 1005 in
382 948 694 1004 atteruitate
739 948 943 1002 divina.
985 947 1183 1002 Tamen
1222 945 1460 1001 attendat
1499 946 1601 1000 iste
1626 943 1758 1014 quid

167 1041 450 1098 secundum
490 1040 804 1110 Scripturas
843 1040 1156 1095 Ambrosius
1193 1040 1478 1110 episcopus
1518 1037 1755 1103 dixerit,

173 1152 192 1187 ι
223 1134 332 1189 Nec
358 1132 430 1187 ab
466 1132 626 1187 initio
662 1133 1038 1198 immaculata;
1064 1131 1311 1186 humana:
1334 1131 1476 1184 enim
1521 1129 1622 1184 hoc
1658 1131 1760 1184 im-

167 1224 417 1296 possibile
439 1233 674 1278 naturae.
707 1243 732 1277 ι
766 1223 961 1294 Utique
1006 1222 1148 1278 enim
1182 1222 1252 1276 ab
1294 1220 1446 1276 initio
1471 1220 1627 1286 dicit,
1651 1234 1758 1290 quo

169 1333 228 1375 ex
253 1316 426 1372 Adam
458 1317 759 1372 nascimur.
786 1315 922 1371 Nam
948 1324 1002 1371 et
1029 1313 1146 1384 ipse
1172 1313 1342 1369 Adam
1385 1312 1758 1368 immaculatus

166 1407 346 1480 procul
382 1405 556 1463 dubio
606 1405 787 1461 factus
821 1417 902 1462 est
927 1423 940 1460 :
964 1405 1059 1461 sed
1087 1406 1142 1460 in
1186 1405 1266 1460 eis
1293 1404 1385 1474 qui
1411 1413 1542 1460 sunt
1566 1412 1756 1460 natura

168 1498 253 1553 ﬁlii
276 1498 406 1564 ira,
451 1497 721 1554 ducentes
766 1512 834 1553 ex
876 1497 968 1552 illo
989 1495 1134 1568 quod
1161 1495 1400 1550 vitiatum
1429 1508 1512 1551 est
1555 1496 1608 1550 in
1637 1495 1756 1562 illo,

166 1588 228 1642 ab
253 1588 406 1642 initio
449 1601 575 1642 esse
617 1586 1016 1654 immaculatos,
1045 1585 1290 1641 humana:
1314 1594 1523 1641 natum
1551 1585 1757 1657 impos-

163 1678 312 1734 labile
335 1676 615 1732 deﬁnivit.

229 1768 456 1828 CAPUT
497 1769 691 1824 LXIV.
725 1799 801 1812 —-
840 1769 927 1825 76.
954 1767 1103 1823 Idem
1122 1775 1364 1822 tractatur
1382 1775 1754 1840 argumentum.

169 1861 289 1917 Item
345 1859 587 1916 Joannes
628 1859 1252 1930 Constantinopolitanae
1278 1859 1562 1929 episcOpus
1605 1857 1756 1926 cujus

168 1951 677 2022 posuitsententiam
692 1991 708 2015 ,
737 1950 859 2004 dicit
881 1959 1137 2019 peccatum
1157 1965 1256 2004 non
1277 1965 1383 2002 esse
1401 1948 1752 2013 substantiam,

168 2043 251 2098 sed
281 2052 446 2095 actum
475 2041 767 2112 malignum
790 2057 808 2094 :
831 2041 950 2110 quis
972 2038 1073 2095 hoc
1096 2039 1294 2110 negat?
1321 2038 1390 2092 Et
1414 2040 1536 2110 quia
1560 2055 1660 2092 non
1683 2046 1758 2092 est

175 2134 388 2188 naturale
403 2174 423 2200 ,
447 2133 566 2186 ideo
584 2144 773 2186 contra
797 2132 928 2186 illud
953 2132 1106 2202 legem
1132 2131 1324 2196 datam,
1347 2138 1394 2184 et
1421 2131 1557 2200 quod
1583 2129 1646 2183 de
1672 2145 1757 2181 ar-

183 2226 301 2280 bitrii
336 2225 563 2278 libertate
604 2223 868 2278 descendit
898 2241 912 2276 :
940 2223 1098 2278 etiam
1129 2221 1230 2277 hoc
1267 2221 1387 2292 quis
1424 2221 1623 2291 negat?
1649 2220 1756 2275 Sed

187 2332 317 2372 nunc
339 2316 502 2387 agitur
526 2314 596 2370 de
629 2317 863 2369 humana
882 2323 1068 2369 natura
1095 2329 1214 2385 quae
1241 2315 1421 2368 vitiata
1446 2323 1555 2380 est;
1586 2313 1758 2383 agitur

182 2416 238 2464 et
258 2407 320 2461 de
337 2407 494 2476 gratia
522 2406 622 2460 Dei
651 2407 669 2437 ¹
690 2421 797 2475 qua
821 2414 1042 2460 sanatur
1059 2420 1154 2476 per
1175 2404 1439 2460 medicum
1463 2402 1754 2470 Christum,
1779 2444 1794 2462 .

176 2510 281 2566 quo
299 2511 396 2551 non
424 2495 696 2566 indigeret
722 2496 771 2551 si
795 2510 924 2550 sana
948 2503 1124 2564 esset,
1149 2511 1268 2566 qua:
1288 2495 1357 2550 ab
1379 2500 1482 2550 isto
1504 2503 1754 2564 tanquam

173 2601 298 2640 sana
314 2626 332 2654 ,
351 2587 438 2641 vel
465 2596 720 2657 tanquam
746 2586 847 2641 sibi
874 2586 1172 2643 sufficiente
1198 2586 1486 2642 voluntatis
1510 2587 1753 2653 arbitrio,

173 2692 333 2748 posse
359 2692 471 2733 non
497 2694 718 2748 peccare
738 2677 1066 2733 defenditur.
1725 2732 1728 2734 .

257 2770 343 2824 Ti.
381 2769 514 2836 Quis
535 2771 661 2824 item
682 2769 1003 2827 christianos
1045 2771 1280 2841 ignorat,
1324 2771 1465 2842 quod
1509 2771 1755 2828 beatissi-

178 2876 331 2916 mum
356 2859 578 2933 Xystum
606 2862 846 2916 Romanae
870 2863 1121 2918 Ecclesia:
1145 2862 1450 2934 episcopum
1470 2872 1524 2919 et
1545 2865 1756 2920 Domini

185 2960 472 3022 martyrem
518 2952 703 3008 dixisse
734 2962 1121 3008 commemorat
1140 2955 1217 3025 (a)
1240 2994 1256 3018 ,
1307 2955 1438 3022 Quia
1482 2955 1758 3011 libertatem

188 3041 383 3095 arbitrii
395 3043 694 3113 suipemisit
710 3042 998 3098 hominibus
1019 3041 1156 3098 Deus
1173 3053 1251 3110 ,ut
1285 3060 1412 3117 pure
1431 3054 1477 3098 et
1507 3046 1617 3100 sine
1633 3061 1756 3116 pec-

175 3142 296 3187 cato
315 3133 515 3188 cientes
533 3133 721 3188 similes
742 3135 870 3202 ﬁant
900 3133 1005 3208 Deo
1025 3136 1051 3190 ?
1071 3134 1174 3191 Sed
1193 3134 1260 3190 ad
1283 3135 1453 3204 ipsum
1479 3135 1755 3191 arbitrium

169 3223 400 3293 pertinet
418 3232 692 3279 vocantem
712 3224 899 3280 audire
915 3233 971 3280 et
989 3225 1209 3281 credere
1227 3266 1242 3290 ,
1265 3233 1323 3280 et
1341 3225 1408 3282 ab
1427 3241 1493 3282 eo
1513 3226 1566 3281 in
1596 3242 1755 3298 quem

167 3313 332 3369 credit
348 3330 453 3369 non
475 3315 731 3384 peccandi
760 3316 1080 3386 adjutorium
1109 3317 1397 3387 postulare.
1425 3317 1556 3372 Nam
1571 3319 1759 3390 utique

163 3421 278 3462 cum
295 3406 446 3472 dicit,
481 3407 673 3462 similes
709 3409 838 3477 fiant
869 3407 999 3474 Deo;
1032 3423 1126 3478 per
1140 3408 1451 3466 charitatem
1475 3410 1568 3466 Dei
1596 3409 1758 3466 futuri

160 3507 279 3554 sunt
293 3499 507 3555 similes
531 3499 674 3565 Deo,
705 3515 825 3571 qua:
845 3499 1034 3555 diffusa
1062 3509 1146 3556 est
1164 3501 1216 3556 in
1244 3501 1496 3557 cordibus
1524 3502 1719 3557 nostris
1738 3543 1755 3570 ,

160 3605 261 3646 non
281 3601 494 3647 natura:
509 3592 883 3662 possibilitate,
905 3607 1005 3648 nec
1025 3593 1190 3649 libero
1209 3593 1430 3649 arbitrio
1450 3595 1590 3665 quod
1607 3596 1755 3650 estin

159 3684 339 3750 nobis,
375 3683 474 3739 sed
504 3699 600 3754 per
627 3684 884 3755 Spiritum
913 3692 1153 3740 sanctum
1181 3686 1271 3755 qui
1293 3685 1449 3740 datus
1469 3695 1552 3741 est
1579 3686 1756 3744 nobis.

158 3772 222 3828 Et
243 3773 396 3844 quod
419 3773 550 3830 dicit
578 3774 718 3830 idem
739 3784 961 3846 martyr,
988 3774 1250 3846 Templum
1276 3779 1539 3831 sanctum'
1560 3786 1633 3832 est
1648 3777 1758 3832 Deo

156 3881 292 3920 usus
315 3881 461 3935 pura
480 3907 498 3932 ,
529 3875 578 3920 et
601 3867 768 3919 altare
790 3865 1035 3934 optimam
1050 3874 1124 3920 est
1149 3867 1195 3921 ei
1217 3883 1306 3921 cor
1319 3867 1562 3922 ntundum
1587 3877 1632 3921 et
1651 3868 1761 3923 sine

157 3966 400 4025 peccato;
433 3956 556 4026 quis
582 3956 756 4011 nescit
781 3956 848 4010 ad
881 3957 1032 4012 istam
1063 3957 1439 4028 perfectionem
1468 3958 1760 4027 perducen-

157 4046 274 4102 dum
298 4062 414 4102 cor
439 4047 698 4102 mundum
719 4090 736 4114 ,
765 4048 892 4102 dum
923 4049 1143 4104 interior
1179 4047 1342 4104 homo
1378 4059 1664 4104 renovatur
1690 4049 1759 4106 de

155 4135 236 4191 die
259 4137 312 4190 in
348 4136 538 4201 diem;
568 4151 674 4192 non
707 4147 887 4194 tamen
931 4138 1048 4194 sine
1091 4138 1259 4208 gratia
1305 4139 1398 4194 Dei
1440 4155 1536 4210 per
1574 4139 1757 4196 Jesum

155 4227 437 4284 Christum
484 4229 771 4284 Dominum
801 4228 1088 4284 nostrum?
1135 4229 1266 4285 item
1301 4230 1442 4300 quod
1483 4231 1559 4285 ait
1604 4231 1754 4301 ipse,

163 4315 246 4371 Vir
261 4330 452 4374 castus
476 4327 522 4373 ct
554 4320 666 4374 sine
689 4330 896 4388 peccato
920 4329 1212 4391 potestatem
1236 4321 1430 4392 accepit
1453 4337 1487 4374 a
1525 4321 1629 4376 Deo
1652 4337 1759 4378 esse

156 4410 288 4479 ﬁlius
311 4409 462 4476 Dei;
503 4410 686 4480 utique
722 4409 1034 4478 admonuit,
1063 4426 1132 4467 ne
1167 4425 1287 4467 cum
1326 4412 1550 4482 quisque
1587 4410 1758 4467 factus

155 4498 311 4555 fuerit
337 4502 427 4556 ita
453 4511 636 4556 castus
660 4509 716 4556 et
742 4501 860 4557 sine
899 4511 1118 4572 peccato
1142 4499 1323 4575 (quod
1350 4502 1438 4558 ubi
1466 4511 1520 4557 et
1543 4503 1758 4572 quando

155 4591 288 4648 ineo
323 4593 650 4663 perﬁciatur
678 4592 931 4648 nonnulla
959 4593 1182 4663 quzestio
1203 4602 1286 4650 est
1308 4634 1324 4660 ,
1355 4593 1447 4649 sed
1477 4594 1615 4650 inter
1643 4595 1760 4664 pios

156 4682 284 4740 bene
303 4685 600 4756 quaeritur,
625 4685 770 4740 inter
786 4699 923 4755 quos
944 4693 1121 4741 tamen
1139 4693 1350 4742 constat
1369 4686 1479 4742 fieri
1500 4701 1677 4756 posse,
1703 4696 1759 4743 et

158 4776 266 4830 sine
289 4775 601 4832 mediatore
631 4775 728 4830 Dei
765 4783 820 4831 et
846 4775 1116 4831 hominum
1148 4776 1363 4832 homine
1389 4775 1603 4833 Christo
1629 4777 1755 4834 Jesu

158 4861 264 4917 ﬁeri
282 4879 402 4918 non
423 4865 602 4936 posse)
627 4882 643 4919 :
663 4873 861 4930 tamen,
883 4874 939 4920 ut
957 4865 1134 4921 dicere
1156 4881 1446 4938 cmperam,
1468 4868 1760 4938 prudenter

158 4950 352 5025 Xystus
385 4953 708 5024 admonuit,
737 4971 807 5011 ne
833 4971 955 5012 cum
989 4956 1386 5028 fueritquisque
1419 4959 1538 5014 talis
1563 4960 1754 5028 factus,

158 5054 325 5114 etper
352 5046 466 5100 hoc
500 5056 649 5104 recte
677 5047 818 5103 inter
863 5048 1002 5104 tilios
1047 5049 1138 5105 Dei
1179 5049 1492 5121 deputatus,
1543 5061 1758 5122 putetur

158 5136 317 5207 ipsius
359 5139 536 5197 fuisse
563 5141 881 5212 potestatis,
910 5157 1067 5214 quam
1098 5160 1193 5215 per
1228 5145 1453 5217 gratiam
1481 5149 1685 5220 accepit
1722 5162 1756 5204 a

189 5313 234 5388 ._'
265 5313 393 5388 εδῗιῖ
415 5329 429 5367 ³
453 5315 544 5388 se.“
563 5330 660 5388 "9."
680 5316 1002 5388 ίάμσίιιιζάε
1023 5318 1231 5388 Ilionam
1245 5327 1438 5388 Wa.
1457 5323 1632 5388 quain
1662 5321 1755 5376 liae

267 5386 381 5450 est;
419 5378 506 5430 sed
529 5378 695 5444 agitur
718 5378 963 5446 de'gratia
998 5380 1105 5432 Dei.
1137 5378 1438 5450 castigantur
1469 5378 1548 5437 'ex
1583 5400 1754 5437 manu-

158 5446 448 5580 es.
463 5509 584 5580 “i3:
595 5503 845 5562 οωίίιυηίν
856 5509 1093 5580 WE“?

216 5559 486 5634 (πλῆξε-ῳ
507 5562 620 5634 illa,
653 5578 770 5628 qua:
793 5559 935 5634 velut
949 5569 1288 5634 Xysti__Bomani
1313 5570 1524 5634 episcopi
1551 5577 1604 5622 et
1622 5584 1751 5622 mar-

163 5624 272 5682 tyris
545 5625 656 5688 ipse
668 5623 970 5699 protulerat,
987 5623 1170 5702 'didicit
1529 5636 1751 5708 Augusti-

164 5694 250 5733 nus
265 5691 405 5740 X1511
424 5700 533 5737 save
545 5693 682 5737 Sexti
701 5687 1097 5740 essebhilosooht
1117 5699 1195 5740 Pvt
1231 5705 1426 5740 acorem.
1448 5708 1508 5740 ex
1537 5695 1750 5740 lectione

164 5694 250 5733 nos
265 5691 405 5748 Xysti
424 5691 533 5737 sive
545 5691 682 5737 Sexti
701 5701 818 5738 esse
830 5691 1097 5753 philosophi
1117 5691 1426 5756 Pythagorici,
1448 5708 1508 5744 ex
1537 5691 1750 5747 lectione

165 5741 364 5826 Euan
376 5751 657 5826 Dieronymi
681 5751 832 5826 epist.
933 5752 1287 5826 Ctesiphontem
1304 5789 1327 5826 ,_
1357 5757 1439 5826 ubi
1474 5759 1515 5808 is
1537 5771 1750 5809 errorem

169 5805 286 5858 hac
300 5805 579 5875 detegens;
603 5805 732 5875 ejus'
741 5823 931 5861 causam
956 5814 1003 5862 in
1021 5805 1231 5864 nulinum
1248 5805 1422 5866 rete“-

1585 373 1789 432 LlBEll
1825 371 2028 433 UNUS.

1231 5695 1426 5756 agoraei,
1448 5708 1508 5744 ex
1537 5695 1750 5747 lectione
1811 5721 1814 5723 λ

3347 389 3452 451 286

1873 489 2013 558 Deo,
2045 505 2165 547 cum
2191 506 2310 549 eam
2340 507 2446 549 non
2480 493 2703 554 haberet
2727 497 2782 554 in
2806 505 2993 557 natura
3027 499 3138 572 lam
3163 501 3342 560 vitiata
3368 516 3453 562 at-

1861 596 1965 650 que
2002 580 2324 651 depravata,
2362 584 2502 640 sicut
2540 587 2592 641 in
2620 587 2912 661 Evangelia
2950 592 3159 663 legitur,
3201 594 3455 668 Quotquot

1861 680 2028 724 autent
2052 683 2344 742 receperunt
2353 691 2488 743 eum,
2507 677 2644 731 dedit
2659 679 2730 733 eis
2746 690 3038 750 potestatem
3059 682 3193 752 ﬁlios
3210 684 3307 739 Dei
3337 686 3452 755 fieri

1866 760 2060 833 (Joan.
2084 779 2136 830 ι,
2170 763 2278 836 12)
2308 779 2327 819 :
2355 767 2494 836 quod
2521 769 2704 840 utique
2732 787 2840 826 non
2867 783 3020 829 erant
3042 789 3138 844 per
3167 786 3408 832 naturam
3433 820 3450 844 ,

1862 867 1962 906 nec
1989 854 2209 908 omnino
2237 865 2448 923 essent,
2477 858 2577 912 nisi
2622 874 2743 914 eum
2774 863 3078 932 recipiendo
3115 868 3450 938 accepissent

1861 953 1958 1010 per
1984 941 2102 1010 ejus
2123 945 2346 1013 gratiam
2389 944 2690 1016 huiusmodi
2721 958 3057 1019 potestatem.
3083 954 3206 1011 [hac
3232 967 3315 1014 est
3352 973 3451 1028 po-

1863 1039 2060 1098 testas,
2087 1050 2245 1103 quam
2293 1035 2391 1090 sibi
2434 1037 2667 1094 vindicat
2695 1041 2950 1099 fortitudo
2991 1045 3298 1115 charitatis,
3331 1065 3451 1120 qua:

1861 1136 1968 1176 non
1995 1132 2076 1178 est
2101 1124 2152 1178 in
2181 1125 2362 1192 nobis,
2396 1127 2497 1182 nisi
2526 1143 2622 1198 per
2645 1129 2899 1201 Spiritum
2943 1143 3187 1192 sanctum
3229 1139 3319 1209 qui
3347 1139 3451 1196 da—

1863 1219 1948 1268 tus
1975 1221 2057 1273 est
2083 1214 2258 1270 nobis.

1932 1299 2157 1359 CAPUT
2203 1302 2565 1363 LXV.—"l8.
2604 1305 2752 1363 Idem
2795 1319 3039 1366 tractatur
3069 1327 3446 1386 argumentum.

1861 1387 2013 1458 Quod
2043 1407 2175 1449 vero
2214 1395 2493 1468 presbyter
2535 1399 2854 1456 venerabilis
2897 1400 3250 1474 Hieronymus
3286 1405 3450 1471 dixit,

1862 1481 1915 1538 in
1937 1482 2002 1538 iis
2023 1500 2144 1555 qua:
2167 1485 2314 1541 illum
2337 1486 2536 1544 dixisse
2559 1501 2976 1560 commemorat,
3017 1509 3140 1550 cum
3163 1508 3454 1567 exponeret

1860 1572 2004 1642 quod
2025 1575 2284 1645 scriptum
2304 1588 2414 1644 est,
2445 1577 2591 1634 Beati
2629 1583 2818 1638 mundo
2863 1584 3046 1652 corde,
3088 1588 3325 1658 quoniam
3353 1590 3454 1660 ipsi

1861 1663 2024 1742 Deum
2043 1667 2274 1722 videbunt
2301 1685 2323 1724 ε
2352 1670 2524 1736 cauos
2545 1691 2646 1728 non
2674 1676 2843 1745 arguit
2867 1680 3172 1734 conscientia
3200 1682 3306 1737 ulla
3331 1700 3454 1754 pes-

1861 1755 1999 1820 cati;
2023 1773 2044 1808 ›
2073 1767 2127 1812 et
2164 1758 2357 1827 adjecit
2387 1779 2400 1815 :
2437 1781 2461 1815 ο
2487 1762 2716 1818 Mundus
2738 1767 2926 1821 mundo
2950 1769 3100 1824 corde
3125 1772 3449 1842 conspicitur,

1861 1848 2099 1916 templum
2129 1848 2220 1903 Dei
2245 1868 2346 1906 non
2375 1863 2535 1923 potest
2576 1872 2682 1910 esse
2717 1855 2967 1926 pollutum
3001 1878 3021 1912 ›
3048 1859 3452 1935 (Hieronymus,

1862 1937 1912 1989 in
1939 1946 2093 2006 caput
2120 1954 2156 1993 v
2192 1940 2422 1997 Matt/uri
2445 1943 2464 2014 )
2488 1961 2501 1997 :
2533 1944 2634 2000 hoc
2660 1947 2861 2016 utique‘
2887 1949 3062 2019 agitur
3086 1951 3138 2006 in
3167 1952 3321 2008 nobis
3349 1969 3446 2010 co-

1860 2028 2036 2084 nando
2055 2070 2070 2095 ,
2109 2029 2437 2102 laborando,
2465 2035 2670 2090 orando
2688 2078 2703 2102 ,
2736 2038 3180 2109 impetrando,ut
3204 2043 3271 2098 ad
3297 2044 3447 2100 illam

1859 2121 2277 2190 perfectionem,
2307 2125 2356 2178 in
2395 2142 2496 2195 qua
2539 2127 2811 2199 possimus
2838 2130 3005 2186 Deum
3049 2133 3249 2188 mundo
3288 2135 3452 2192 corde

1858 2215 2197 2283 conspicere,
2225 2215 2342 2286 ejus
2369 2218 2534 2288 gratia
2566 2220 2918 2288 perducamur
2947 2237 3042 2292 per
3065 2223 3246 2279 Jesum
3271 2225 3454 2281 Chris-

1862 2312 1972 2358 tum
1995 2305 2278 2362 Dominum
2296 2318 2554 2364 nostrum.
2578 2311 2704 2366 Item
2722 2312 2863 2381 quod
2878 2312 2953 2367 ait
2970 2329 3001 2368 a
3021 2325 3316 2372 memorato
3331 2316 3451 2372 dic-

1861 2403 1970 2450 tum
1985 2411 2106 2452 esse
2123 2397 2450 2470 presbytero,
2469 2398 2636 2454 Liberi
2649 2402 2844 2456 arbitrii
2860 2420 2951 2458 nos
2965 2405 3348 2473 condiditDeus,
3363 2423 3454 2460 nec

1859 2486 1928 2540 ad
1946 2487 2204 2553 uirtutem,
2235 2505 2326 2544 nec
2361 2491 2431 2544 ad
2457 2490 2580 2545 uitia
2605 2493 2898 2548 necessitate
2923 2494 3210 2560 trahimur;
3228 2497 3454 2566 alioquin

1858 2579 1944 2635 ubi
1970 2583 2267 2648 necessitas,
2294 2600 2384 2638 nec
2411 2600 2598 2640 corona
2619 2595 2691 2641 est
2722 2585 2845 2659 (Id.
2876 2596 3051 2641 contra
3078 2588 3410 2643 Jouinianum
3427 2630 3446 2659 ,

1859 2669 1948 2725 lib.
1970 2670 2044 2740 2)
2070 2711 2086 2738 ,
2119 2673 2239 2742 quis
2257 2688 2363 2728 non
2384 2675 2672 2745 agnoscat?
2693 2678 2809 2747 quis
2826 2693 2934 2733 non
2964 2687 3074 2733 toto
3097 2679 3262 2736 corde
3285 2681 3454 2737 susci-

1859 2761 2010 2830 piat?
2043 2762 2163 2831 quis
2206 2763 2364 2819 aliter
2403 2764 2672 2820 conditam
2713 2766 2996 2822 humanam
3028 2777 3184 2838 neget
3209 2783 3328 2824 esse
3353 2785 3452 2825 na-

1861 2853 2073 2906 turam?
2100 2851 2207 2908 Sed
2235 2853 2286 2907 in
2317 2864 2463 2909 recte
2500 2852 2745 2910 faciendo
2774 2856 2892 2912 ideo
2919 2858 3119 2912 nullum
3149 2867 3233 2914 est
3269 2859 3454 2915 vincu-

1860 2941 1971 2998 lum
2002 2945 2332 3000 necessitatis
2354 2987 2370 3013 ,
2401 2947 2522 3016 quia
2553 2947 2774 3002 libertas
2819 2957 2903 3003 est
2923 2948 3195 3004 charitatis
3220 2951 3262 3003 '.

1930 3033 2157 3090 CAPUT
2200 3035 2474 3090 LXVI.—
2495 3037 2582 3092 79.
2617 3036 2865 3102 Quaedam
2891 3040 3133 3108 peccandi
3155 3042 3447 3096 necessitas.

1864 3123 1994 3180 Redi
2035 3140 2164 3196 ergo
2183 3126 2250 3181 ad
2290 3128 2632 3197 apostolicam
2663 3129 2980 3184 sententiam
3023 3149 3038 3186 :
3078 3130 3312 3187 Charitas
3355 3131 3454 3188 Dei

1861 3215 2051 3283 ili/fusa
2069 3227 2142 3272 est
2163 3218 2216 3272 in
2235 3218 2471 3274 cordibus
2495 3219 2681 3274 nostris
2704 3237 2795 3290 per
2826 3220 3078 3292 Spiritum
3103 3232 3334 3277 sanctum
3365 3223 3454 3296 qui

1861 3307 2008 3362 datus
2045 3317 2118 3362 est
2145 3310 2287 3364 nobis
2317 3309 2338 3380 (
2360 3310 2513 3366 Rom.
2555 3326 2624 3380 v,
2653 3311 2753 3383 5).
2786 3314 2830 3366 A
2857 3328 2995 3383 quo,
3022 3313 3124 3369 nisi
3148 3315 3215 3370 ab
3244 3315 3338 3369 illo
3361 3315 3454 3386 qui

1861 3399 2102 3455 ascendit
2127 3401 2182 3456 in
2202 3401 2366 3456 altum
2386 3443 2402 3469 ,
2431 3403 2716 3474 captivavit
2733 3403 3098 3474 captivitatem
3114 3447 3130 3474 ,
3152 3405 3298 3460 dedit
3313 3406 3454 3462 dona

1861 3488 2162 3546 hominibus
2191 3490 2420 3563 (Ephes.
2447 3507 2530 3560 tv,
2563 3494 2597 3550 8
2621 3494 2678 3564 )‘l
2705 3494 2856 3563 Quod
2883 3505 3062 3551 autem
3092 3512 3158 3553 ex
3185 3497 3332 3554 vitiis
3359 3514 3455 3552 na-

1862 3588 2014 3649 turae,
2048 3598 2155 3637 non
2174 3597 2240 3637 ex
2260 3583 2563 3641 conditione
2583 3594 2807 3653 naturae,
2833 3586 2904 3640 sit
2924 3587 3166 3657 quaedam
3196 3589 3454 3660 peccandi

1861 3672 2185 3742 necessitas,
2213 3673 2394 3728 audiat
2419 3672 2612 3740 homo,
2644 3684 2805 3746 atque
2835 3685 2892 3730 ut
2925 3676 3114 3733 eadem
3157 3679 3456 3734 necessitas

1862 3777 1966 3817 non
1989 3762 2091 3830 sit,
2115 3763 2284 3818 discat
2307 3764 2416 3820 Deo
2441 3764 2619 3820 dicere
2635 3805 2651 3832 ,
2682 3765 2760 3820 De
2779 3767 3154 3823 necessitatibus
3177 3769 3300 3825 meis
3324 3770 3457 3825 educ

1861 3872 1942 3910 me
1963 3856 1982 3930 (
2007 3855 2152 3912 Psal.
2183 3872 2311 3913 xxiv
2334 3898 2350 3925 ,
2383 3859 2451 3912 l7
2473 3858 2512 3930 ).
2549 3859 2683 3926 Quia
2709 3867 2765 3915 et
2792 3860 2844 3915 in
2871 3860 3175 3932 huiusmodi
3207 3864 3458 3921 oratione

1861 3957 2135 4004 certamen
2157 3958 2240 4006 est
2266 3949 2524 4007 adversus
2553 3960 2870 4008 tentatorem
2901 3953 2970 4009 de
3001 3954 3114 4025 ipsa
3142 3964 3324 4010 contra
3350 3971 3458 4014 nos

1862 4041 2180 4099 necessitate
2204 4052 2520 4114 pugnantem
2547 4060 2563 4111 ;
2596 4059 2661 4100 ac
2687 4061 2784 4116 per
2814 4047 2916 4102 hoc
2958 4047 3253 4118 opitulante
3279 4051 3452 4120 gratia
3468 4059 3534 4110 γλ

1863 4147 1960 4203 per
1986 4132 2167 4188 Jesum
2191 4133 2458 4190 Christum
2489 4135 2776 4192 Dominum
2808 4145 3050 4192 nostrum
3070 4179 3086 4206 ,
3109 4147 3164 4195 et
3182 4141 3319 4196 mala
3350 4155 3448 4196 ne-

1861 4225 2084 4281 cessitas
2104 4227 2480 4292 removebitur,
2508 4235 2562 4283 et
2590 4226 2809 4284 libertas
2835 4228 2992 4298 plena
3023 4230 3304 4286 tribuetur.

1931 4317 2157 4375 CAPUT
2209 4318 2410 4375 LXVII.
2433 4349 2503 4361 —
2521 4319 2612 4376 80.
2651 4319 2860 4376 Duobus
2879 4322 3044 4378 modis
3065 4332 3121 4376 ut
3149 4324 3344 4391 morbi,
3375 4325 3450 4380 ita

1861 4417 1909 4462 et
1945 4418 2149 4478 peccata
2184 4418 2438 4464 caventur.
2482 4410 2771 4466 Veniamus
2827 4411 2893 4467 ad
2946 4427 3046 4469 nos
3087 4431 3102 4468 :
3143 4412 3274 4469 Item
3303 4457 3318 4479 ,
3359 4416 3447 4471 in-

1860 4500 2008 4570 quit,
2055 4499 2370 4571 Augustinus
2407 4501 2670 4572 episcOpus
2706 4501 2762 4556 in
2801 4502 2944 4557 libris
2980 4504 3044 4557 de
3079 4503 3260 4559 Libero
3297 4504 3449 4559 Arbi-

1861 4592 1990 4659 trio,
2022 4591 2358 4663 Quacumque
2396 4593 2495 4646 ista
2518 4607 2675 4647 causa
2694 4602 2768 4647 est
2793 4593 3093 4660 voluntatis,
3138 4596 3186 4649 si
3223 4612 3326 4650 non
3353 4613 3448 4667 po-

1861 4692 1954 4740 test
1979 4684 2026 4738 ei
2050 4683 2250 4748 resisti,
2277 4683 2386 4738 sine
2409 4692 2611 4755 peccato
2631 4684 2677 4739 ei
2705 4683 2902 4739 ceditur
2929 4701 2943 4738 :
2971 4684 3018 4739 si
3051 4694 3218 4740 autem
3245 4695 3405 4755 potest
3425 4729 3443 4751 ,

1861 4790 1961 4830 non
1989 4775 2033 4830 ei
2054 4774 2281 4842 cedatur,
2304 4782 2476 4830 etnon
2509 4774 2812 4845 peccabitur.
2837 4774 2918 4830 An
2951 4775 3082 4846 forte
3105 4777 3242 4846 fallit
3267 4778 3447 4833 incau-

1861 4867 2014 4922 tum?
2035 4882 2156 4939 ergo
2176 4875 2375 4932 careat,
2397 4883 2462 4921 ne
2479 4865 2712 4937 fallatur.
2739 4866 2821 4922 An
2844 4877 2985 4922 tanta
3011 4868 3220 4940 fallacia
3245 4878 3320 4924 est
3340 4912 3355 4938 ,
3387 4878 3446 4927 ut

1861 4959 2025 5013 caueri
2051 4958 2256 5014 omnino
2275 4973 2377 5012 non
2398 4957 2600 5028 possit?
2620 4957 2682 5014 Si
2707 4958 2781 5012 ita
2799 4965 2870 5014 est
2892 4998 2908 5024 ,
2937 4959 3082 5014 nulla
3102 4975 3221 5030 ergo
3238 4968 3446 5030 peccata

1858 5060 1994 5106 sunt.
2021 5049 2145 5116 Quis
2176 5049 2311 5104 enim
2352 5057 2521 5120 peccat
2556 5049 2609 5104 in
2628 5065 2686 5104 eo
2725 5050 2861 5121 quod
2903 5049 3068 5104 caveri
3111 5051 3255 5105 nullo
3293 5051 3444 5105 modo

1859 5142 2053 5213 potest?
2080 5139 2328 5196 Peccatur
2351 5150 2558 5196 autem:
2585 5141 2748 5196 caveri
2775 5141 2934 5211 igitur
2957 5150 3136 5213 potest.
3170 5143 3440 5213 Agnosco,

1859 5231 2018 5289 verba
2043 5247 2161 5289 mea
2185 5239 2309 5288 sunt
2335 5249 2348 5286 :
2377 5231 2470 5288 sed
2508 5231 2668 5288 etiam
2710 5232 2826 5303 ipse
2864 5232 3110 5304 dignetur
3150 5246 3442 5302 agnoscere
3470 5227 3492 5249 ⁴

1857 5325 2099 5394 superius
2123 5332 2313 5380 cuncta
2341 5339 2460 5395 qua:
2482 5323 2622 5380 dicta
2651 5332 2795 5380 sunt.
2829 5323 2906 5380 De
2928 5323 3095 5394 gratia
3121 5324 3317 5394 quippe
3343 5321 3441 5378 Dei

1854 5415 2049 5485 agitur,
2066 5429 2185 5485 qua:
2198 5413 2351 5470 nobis
2375 5428 2470 5484 per
2489 5413 2830 5470 Mediatorem
2849 5413 3108 5470 medicina
3127 5412 3440 5484 opitulatur,

1855 5523 1963 5564 non
1989 5507 2056 5563 de
2082 5505 2507 5578 impossibilitate
2538 5505 2776 5575 justitire.
2800 5505 2982 5562 Potest
3006 5518 3134 5575 ergo
3155 5502 3205 5559 ei
3224 5515 3401 5558 causa:
3419 5541 3438 5569 ,

1856 5613 2204 5674 quaecumque
2245 5598 2336 5654 illa
2365 5606 2448 5654 est
2469 5638 2485 5666 ,
2515 5598 2690 5654 resisti
2734 5613 2749 5653 :
2780 5604 2956 5668 potest
2980 5596 3160 5668 plane.
3203 5591 3338 5652 Nam
3381 5592 3439 5650 in

1920 5759 1938 5792 ι
1976 5757 2106 5820 Apud
2126 5763 2257 5817 Lov.,
2280 5752 2368 5822 hoc
2384 5751 2542 5822 itaque
2564 5763 2582 5802 :
2604 5753 2764 5804 minus
2783 5752 2935 5804 bene.

1921 5823 1942 5853 ’
1975 5813 2074 5870 Ain.
2102 5829 2153 5871 et
2171 5813 2268 5881 Eri,
2292 5819 2360 5868 est
2377 5813 2604 5867 charitas.
