4036 6518
645 461 751 519 hoc
787 459 1108 532 adiutorium
1141 457 1502 528 postulamus,
1529 455 1790 519 dicentes,
1822 454 1906 511 Ne
1925 473 2016 511 nos
2040 456 2232 526 inferas

586 576 607 622 ρ
643 568 698 607 ut
737 552 1058 605 tentationent
1087 562 1106 601 :
1131 547 1272 615 quod
1297 546 1618 615 adjutorium
1645 562 1748 601 non
1777 560 2120 617 posceremus
2141 586 2157 613 ,
2187 548 2233 602 si

631 642 825 698 resisti
848 640 994 694 nullo
1018 636 1177 692 modo
1194 651 1350 707 posse
1368 637 1728 693 crederemus.
1755 637 1936 692 Potest
1958 646 2232 706 peccatum

645 731 854 794 caveri,
885 729 980 783 sed
1007 727 1306 798 Opitulante
1331 728 1454 794 illo,
1485 726 1576 799 qui
1604 743 1707 782 non
1732 735 1912 798 potest
1937 726 2072 780 falli.
2102 727 2232 781 Nam

550 862 566 871 .
633 832 705 882 .et
731 821 832 876 hoc
860 821 1033 890 ipsum
1059 820 1126 875 ad
1149 819 1444 874 cavendum
1470 827 1742 889 peccatum
1767 819 2035 889 pertinet,
2067 818 2111 872 si
2138 833 2234 874 ve-

628 912 842 968 raciter
877 912 1136 978 dicimus,
1183 911 1389 965 Dimitte
1413 912 1557 965 nobis
1594 911 1758 965 debita
1794 920 1966 965 nostra
1986 950 2002 976 ,
2031 911 2159 964 sicut
2187 919 2234 964 et

625 1022 739 1060 nos
768 1006 1068 1061 dimittimus
1103 1005 1406 1060 debitoribus
1440 1007 1626 1061 nostris
1656 1005 1866 1078 (Matth.
1894 1022 1968 1071 vt,
1997 1007 2086 1071 13,
2117 1006 2230 1076 1‘2).

650 1095 872 1151 Duobus
893 1096 1033 1151 enim
1071 1095 1244 1152 modis
1266 1097 1426 1152 etiam
1457 1096 1508 1150 in
1547 1111 1772 1166 corpore
1814 1105 2030 1152 cavetur
2062 1097 2234 1152 morbi

647 1185 885 1252 malum;
931 1195 986 1241 ct
1030 1195 1082 1241 ut
1123 1203 1228 1240 non
1266 1185 1507 1252 accidat,
1534 1194 1588 1240 et
1632 1186 1760 1241 utsi
1797 1186 2081 1254 acciderit,
2127 1188 2234 1243 cito

645 1286 868 1332 sanetur
902 1286 997 1333 :ut
1042 1292 1150 1333 non
1170 1277 1408 1343 accidat,
1433 1291 1716 1333 caveamus
1755 1277 2002 1346 dicendo,
2035 1276 2120 1333 Ne
2145 1295 2235 1334 nos

646 1369 840 1434 inferas
863 1370 916 1422 in
941 1370 1263 1424 teutationem
1280 1384 1300 1432 ;
1333 1378 1391 1422 ut
1431 1369 1538 1423 cito
1566 1377 1803 1434 sanetur,
1845 1383 2127 1424 caveamus
2153 1368 2236 1424 di-

645 1459 840 1526 cendo,
863 1459 1068 1519 Dimitte
1081 1461 1222 1515 nobis
1235 1458 1400 1513 debita
1420 1467 1616 1514 nostra.
1639 1457 1766 1514 Sive
1781 1472 1910 1529 ergo
1933 1457 2231 1526 immineat,

643 1550 759 1604 sive
789 1550 1113 1615 insit,caveri
1137 1560 1306 1622 potest
1337 1551 1411 1624 (a
1432 1552 1475 1622 ).

629 1677 634 1682 -
717 1640 808 1696 8|.
843 1639 950 1696 Sed
979 1649 1037 1696 ut
1060 1657 1167 1696 non
1194 1649 1398 1697 tantum
1441 1641 1551 1708 illi,
1595 1655 1782 1698 verum
1826 1642 1986 1698 etiam
2031 1642 2096 1698 iis
2140 1643 2234 1714 qui

644 1730 866 1786 eosdem
889 1731 1058 1788 libros
1086 1747 1268 1800 meos,
1308 1747 1444 1805 quos
1467 1733 1568 1790 iste
1605 1733 1762 1805 legit,
1805 1733 1876 1789 de
1913 1734 2105 1790 Libero
2133 1735 2236 1789 Ar-

613 1809 616 1812 ’
644 1821 811 1878 bitrio
838 1837 943 1877 non
975 1823 1249 1895 legerunt,
1277 1833 1436 1896 atque
1467 1824 1571 1880 illis
1595 1839 1702 1880 non
1731 1824 1882 1880 lectis
1905 1865 1922 1890 ,
1955 1825 2095 1878 hunc
2120 1824 2232 1879 for-

642 1915 784 1970 sitan
815 1915 1026 1986 legunt,
1055 1917 1124 1973 de
1147 1917 1246 1972 hac
1270 1932 1331 1974 re
1355 1918 1616 1974 sententia
1645 1933 1764 1972 mea
1790 1917 1920 1972 satis
1947 1925 2229 1986 appareat,

639 2018 710 2060 ex
737 2005 866 2074 ipsis
889 2006 1038 2062 libris
1062 2021 1484 2063 commemorare
1511 2023 1597 2064 me
1623 2016 1855 2078 Oportet,
1880 2008 2020 2078 quod
2054 2009 2152 2064 iste
2177 2009 2224 2065 si

641 2097 868 2152 sentiret
897 2106 1058 2169 atque
1089 2100 1139 2153 in
1170 2100 1282 2154 suis
1312 2099 1502 2155 litteris
1527 2108 1774 2170 poneret,
1805 2101 1947 2155 nulla
1970 2101 2107 2156 inter
2130 2116 2230 2156 nos

639 2183 714 2240 de
751 2185 852 2241 hac
895 2202 956 2242 re
993 2190 1353 2244 controversia
1383 2198 1703 2246 remaneret.
1748 2190 2012 2248 Continuo
2035 2192 2230 2262 quippe

639 2283 765 2346 post
788 2276 948 2332 verba
975 2293 1092 2333 mea
1115 2293 1235 2348 qua:
1260 2279 1359 2334 iste
1384 2281 1851 2344 commemoravit,
1875 2279 2014 2350 quod
2043 2295 2229 2336 occur~

637 2380 765 2422 rere
805 2375 1016 2438 poterat
1051 2369 1165 2439 ipse
1191 2369 1393 2439 subjeci
1414 2411 1430 2438 ,
1461 2378 1514 2426 et
1540 2379 1795 2441 quantum
1827 2370 1972 2441 potui
2015 2379 2224 2440 pertra-

638 2456 781 2512 ctavi
799 2497 816 2524 ,
843 2457 1025 2513 dicens
1053 2475 1066 2511 :
1097 2457 1165 2513 Et
1205 2469 1372 2514 tamen
1396 2462 1546 2514 etiam
1593 2478 1683 2530 per
1711 2461 2050 2532 ignorantiam
2088 2465 2228 2532 facta

639 2547 876 2616 quadam
899 2547 1269 2618 improbantur,
1294 2560 1340 2605 et
1359 2551 1656 2622 corrigenda
1672 2551 1997 2621 judicantur,
2025 2553 2152 2605 sicut
2171 2553 2226 2606 in

637 2635 824 2691 divinis
870 2639 1253 2694 auctoritatibus
1297 2639 1532 2713 legimus.
1595 2642 1767 2712 Atque
1811 2641 1936 2698 hinc
1974 2642 2225 2698 adhibitis

638 2729 931 2799 exemplis,
961 2731 1122 2785 etiam
1151 2730 1220 2787 de
1258 2731 1564 2789 inﬁrmitate
1589 2733 1795 2790 locutus
1834 2750 1974 2802 sum,
1996 2735 2179 2791 dicens
2205 2753 2220 2792 :

637 2816 778 2874 Sunt
796 2821 943 2874 etiam
971 2823 1259 2877 necessitate
1279 2824 1414 2894 facta
1447 2825 1776 2896 improbanda
1793 2869 1808 2892 ,
1830 2827 1916 2881 ubi
1950 2828 2052 2881 vult
2074 2828 2223 2883 homo

635 2918 770 2966 recte
783 2914 968 2982 facere,
982 2923 1028 2967 et
1043 2929 1142 2968 non
1159 2924 1338 2982 potest.
1355 2914 1493 2968 Nam
1507 2917 1638 2970 unde
1650 2927 1765 2972 sunt
1779 2917 1884 2972 illa:
1897 2934 2057 2985 voces,
2069 2936 2087 2969 t
2101 2917 2222 2974 Non

633 3001 770 3056 enim
793 3004 930 3074 quod
957 3005 1068 3058 volo
1086 3007 1221 3077 facio
1242 3007 1459 3073 bonum;
1496 3009 1585 3064 sed
1605 3010 1741 3078 quod
1765 3009 1850 3063 odi
1877 3008 2066 3063 ntalum
2086 3050 2102 3076 ,
2128 3011 2222 3065 hoc

630 3093 771 3165 ago?
789 3111 810 3146 ι
833 3095 1005 3165 Atque
1024 3097 1142 3151 aliis
1169 3098 1184 3129 ¹
1213 3097 1266 3152 in
1294 3096 1431 3154 hanc
1451 3099 1770 3154 sententiam
1789 3101 2221 3157 commemoratis

631 3185 957 3242 testimoniis
983 3187 1281 3244 divinorum
1309 3190 1641 3261 eloquiorum
1671 3209 1684 3245 :
1722 3210 1740 3244 t
1774 3191 1878 3248 Sed
1903 3193 2051 3261 lia-.c,
2083 3212 2102 3246 ι
2139 3194 2222 3248 in—

629 3288 790 3345 quam
815 3315 832 3342 ,
871 3293 889 3327 ι
918 3278 1096 3333 omnia
1139 3277 1412 3335 hominum
1452 3289 1574 3336 sunt
1593 3296 1752 3338 voces
1790 3298 1856 3338 ex
1897 3283 1986 3337 illa
2034 3284 2220 3340 mortis

633 3383 660 3420 ‹
694 3367 1036 3425 damnatione
1065 3372 1412 3427 venientium.
1441 3373 1574 3428 Nam
1604 3375 1648 3429 si
1675 3389 1782 3430 non
1809 3385 1891 3431 est
1931 3377 2028 3430 ista
2061 3391 2215 3446 paena

632 3473 657 3509 s
693 3456 953 3528 hominis,
1007 3463 1100 3519 sed
1163 3472 1380 3532 natura,
1425 3467 1566 3521 nulla
1607 3467 1705 3522 ista
1759 3480 1976 3538 peccata
2014 3479 2156 3525 sunt.
2192 3487 2212 3524 ι

628 3548 834 3607 Deinde
861 3554 1016 3622 paulo
1041 3564 1162 3625 post
1208 3573 1223 3610 :
1273 3575 1293 3609 ς
1325 3557 1656 3628 Relinquitur
1698 3574 1824 3628 ergo
1847 3603 1860 3624 ,
1897 3580 1916 3613 ι
1966 3561 2177 3632 inquam
2198 3603 2214 3629 ,

633 3661 656 3698 ς
694 3653 752 3698 ut
777 3645 890 3700 lucc
917 3661 1070 3716 paena
1090 3647 1232 3717 justa
1271 3649 1338 3704 de
1359 3649 1702 3706 damnatione
1749 3652 1978 3706 hominis
2019 3653 2214 3708 veniat.

630 3756 654 3793 ι
688 3737 797 3794 Nec
819 3740 1117 3796 mirandum
1149 3743 1395 3814 estquod
1417 3743 1496 3799 vel
1527 3744 1817 3816 ignorando
1847 3763 1950 3800 non
1975 3746 2216 3802 habetli-

630 3847 652 3882 ι
687 3829 874 3885 herum
933 3831 1209 3887 arbitrium
1273 3834 1559 3890 voluntatis
1619 3835 1683 3888 ad
1747 3836 2044 3906 eligendum
2089 3838 2216 3906 quid

630 3938 652 3974 ι
679 3930 829 3975 recte
853 3919 1052 3978 faciat:
1098 3923 1183 3978 vel
1227 3925 1508 3980 resistente
1553 3926 1752 3979 carnali
1797 3927 2212 3994 consuetudine,

631 4029 651 4062 ι
687 4025 806 4080 qua:
834 4011 1085 4070 violentkt
1116 4014 1354 4068 mortalis
1391 4015 1748 4069 successionis
1783 4015 2012 4084 quodam
2055 4017 2214 4070 modo

630 4119 653 4154 ι
693 4101 1005 4158 naturaliter
1023 4103 1274 4170 inolevit,
1292 4104 1469 4159 videat
1487 4105 1611 4174 quid
1632 4116 1778 4161 recte
1799 4106 2094 4161 faciendum
2121 4107 2210 4174 sit,

627 4211 648 4245 t
685 4203 738 4248 et
775 4195 932 4259 velit,
963 4211 1062 4248 nec
1085 4195 1253 4264 possit
1293 4195 1533 4264 implere.
1581 4195 1670 4250 llla
1711 4207 1793 4251 est
1829 4198 1971 4252 enim
2011 4201 2213 4268 peccati

628 4300 649 4335 ι
687 4297 844 4352 poena
867 4283 1159 4354 justissima
1181 4327 1195 4350 ,
1225 4293 1282 4339 ut
1320 4286 1529 4340 amittat
1553 4286 1776 4357 quisque
1815 4303 1921 4358 quo
1956 4289 2092 4344 bene
2133 4287 2210 4344 uti

628 4393 648 4427 ε
678 4375 878 4441 noluit,
901 4389 1022 4430 cum
1047 4375 1163 4431 sine
1197 4377 1301 4432 ulla
1339 4387 1518 4447 posset
1545 4377 1886 4446 difﬁcultate,
1932 4382 1977 4437 si
2008 4382 2210 4450 vellet:

625 4484 646 4519 σ
685 4465 738 4521 id
764 4475 848 4522 est
874 4473 1050 4521 autem
1069 4507 1087 4534 ,
1117 4477 1172 4522 ut
1200 4468 1290 4539 qui
1317 4469 1492 4524 sciens
1519 4479 1665 4526 recte
1693 4486 1798 4526 non
1818 4471 1976 4541 facit,
2001 4475 2210 4531 amittat

625 4575 646 4610 ι
679 4557 820 4613 scire
842 4557 969 4628 quid
996 4568 1199 4614 rectum
1227 4560 1332 4626 sit;
1363 4569 1417 4615 et
1441 4560 1533 4632 qui
1562 4571 1707 4617 recte
1734 4562 1910 4618 facere
1933 4579 2052 4619 cum
2082 4581 2209 4635 pos-

625 4665 647 4702 t
679 4657 764 4702 set
779 4648 978 4714 noluit,
999 4650 1202 4704 amittat
1227 4665 1385 4721 posse
1408 4666 1529 4707 cum
1552 4653 1700 4706 velit.
1721 4652 1852 4708 Nam
1875 4664 1999 4710 sunt
2025 4672 2207 4712 revera

624 4755 645 4790 ι
681 4737 826 4791 οηιηί
853 4741 1092 4807 peceanti
1134 4741 1326 4795 animae
1349 4741 1457 4796 duo
1491 4742 1588 4796 ista
1615 4744 1840 4811 poenalia
1863 4787 1878 4811 ,
1909 4746 2206 4812 ignorantia

622 4846 642 4881 t
677 4837 733 4884 ct
767 4828 1072 4885 difficultas.
1122 4833 1199 4886 Ex
1247 4833 1540 4903 ignorantia
1581 4835 1898 4892 dehonestat
1925 4854 2109 4906 error,
2138 4852 2208 4896 et

622 4937 642 4971 ι
678 4916 994 4973 difﬁcultate
1035 4921 1300 4976 cruciatus
1339 4922 1540 4992 afﬂigit.
1583 4924 1687 4978 Sed
1724 4928 2019 4995 approbare
2073 4930 2204 4984 falsa

619 5027 640 5062 ο
675 5024 774 5079 pro
801 5011 972 5075 veris,
1015 5021 1073 5066 ut
1100 5020 1245 5066 erret
1267 5013 1492 5080 invitus,
1521 5024 1576 5069 et
1599 5016 1880 5072 resistente
1901 5029 2059 5088 atque
2087 5029 2203 5074 tor-

618 5119 648 5156 ι.
676 5109 872 5172 quente
899 5102 1085 5158 dolore
1121 5105 1350 5160 carnalis
1373 5105 1566 5161 vinculi
1593 5123 1698 5162 non
1721 5123 1876 5177 posse
1899 5125 1927 5163 a
1952 5111 2202 5167 libidino-

616 5209 639 5244 t
674 5192 750 5248 sis
768 5193 1018 5263 cperihus
1044 5203 1340 5266 temperare
1361 5237 1378 5264 ,
1409 5211 1515 5253 non
1542 5207 1626 5253 est
1645 5190 1840 5254 natura
1854 5200 2075 5256 instituti
2099 5202 2200 5258 ho-

614 5302 640 5336 ι
674 5284 868 5352 minis,
899 5285 991 5341 sed
1036 5302 1191 5357 paena
1237 5289 1492 5343 damnati.
1536 5291 1665 5346 Cum
1709 5300 1884 5347 autem
1929 5293 1994 5348 de
2035 5295 2198 5350 libera

615 5395 636 5430 ι
671 5377 945 5434 voluntate
969 5388 1115 5434 recte
1143 5379 1365 5436 faciendi
1389 5381 1675 5452 loquimur,
1701 5383 1769 5438 de
1795 5385 1884 5438 illa
1912 5384 2116 5441 scilicet
2143 5386 2198 5443 in

615 5487 646 5521 ι.
671 5484 775 5541 qua
801 5470 963 5527 homo
986 5472 1156 5528 factus
1175 5481 1290 5540 est,
1330 5475 1612 5544 loquimur.
1652 5495 1670 5529 ι
1708 5477 1842 5533 llinc
1871 5477 1982 5547 jam
2017 5479 2196 5533 homi-

607 5561 766 5617 nibus
807 5563 874 5618 de
912 5563 1078 5634 ipsius
1123 5564 1435 5635 ignorantia:
1450 5566 1882 5641 difficultatisque
1917 5571 1968 5626 in
1989 5572 2194 5641 prolem

673 5674 697 5746 ξ
716 5679 828 5746 ιρι
848 5705 865 5734 ,
889 5680 1030 5739 atque
1052 5675 1160 5727 aliis
1372 5679 1544 5742 Abest,
1566 5679 1725 5746 isthic,
1750 5695 1780 5735 a
1808 5685 1986 5736 nostris
2023 5696 2194 5737 manu-

605 5741 893 5857 ”?dsusihde
913 5803 1115 5849 πιθα-θοι.
1136 5797 1220 5850 lib.
1251 5801 1294 5864 l,
1313 5815 1418 5865 cap.
1440 5803 1490 5865 9,
1509 5817 1590 5855 nn.
1613 5806 1663 5869 5,
1685 5804 1733 5857 6.

1320 363 1415 401 υιο
1444 339 1728 399 NATURA
1768 338 1858 394 ET
1895 339 2176 405 CRATIA,
2219 339 2277 396 S.
2320 339 2690 398 AUGUSTINI
2739 343 2943 402 LIBER
2982 343 3187 406 UNUS.

3764 375 3848 435 288

2345 456 2500 525 primi
2542 459 2771 514 hominis
2796 462 3030 530 trajectis
3061 463 3204 517 vitiis
3239 469 3395 535 atque
3433 473 3853 550 transitisis,vcm

2338 546 2535 614 justam
2587 549 2860 618 querelam
2907 551 3298 621 deponentibus
3340 556 3407 611 ita
3448 546 3732 633 responsum
3769 589 3849 634 est.

2346 654 2368 689 ι
2401 637 2602 706 Quibus
2625 639 2884 709 breviter,
2910 660 2930 694 ι
2957 643 3170 714 inquam
3190 685 3208 712 ,
3242 663 3263 700 ι
3290 653 3641 725 respondetur,
3663 673 3714 718 ut
3731 672 3853 737 quie-

2346 745 2367 780 t
2403 737 2554 784 seant
2575 771 2592 799 ,
2647 740 2704 786 et
2745 733 3001 790 adversus
3052 736 3217 793 Deum
3265 754 3585 804 murmurare
3622 733 3854 824 desistant.

2345 836 2366 870 ι
2404 819 2567 876 Recte
2585 822 2730 877 enim
2760 822 2988 881 fortasse
3016 838 3386 897 quererentur,
3409 836 3452 889 si
3476 843 3662 898 erroris
3691 857 3738 902 et
3759 819 3855 908 lilii:-

2345 926 2366 960 ι
2401 909 2542 964 dinis
2566 912 2743 967 nullus
2785 913 3060 971 hominum
3097 918 3268 974 victor
3294 924 3540 982 existeret
3579 948 3592 985 :
3630 949 3734 990 cum
3759 957 3858 1000 vero

2345 1015 2367 1050 ε
2403 1001 2598 1069 ubique
2617 1003 2684 1056 sit
2705 1018 2942 1072 praesens
2958 1048 2975 1074 ,
2997 1009 3088 1078 qui
3111 1011 3292 1067 multis
3313 1015 3477 1071 modis
3502 1033 3591 1088 per
3605 1037 3854 1087 creaturam

2345 1107 2365 1143 ι
2399 1090 2500 1145 sibi
2540 1092 2764 1149 Domino
2803 1098 3123 1154 servientem
3147 1143 3162 1168 ,
3209 1117 3450 1162 aversum
3498 1122 3673 1178 vocet,
3709 1118 3858 1179 doceat

2345 1197 2365 1232 ‹
2397 1180 2737 1250 credentem,
2759 1187 3070 1242 consoletur
3092 1202 3396 1260 sperantem
3422 1237 3437 1262 ,
3464 1198 3744 1272 diligentem
3779 1213 3856 1265 atl-

2344 1286 2365 1321 ι
2404 1269 2969 1373 Ιιοτιοψρροηθηιεω
2989 1278 3205 1373 adjuvet
3222 1322 3237 1347 ,
3259 1285 3500 1342 exaudiat
3517 1269 3856 1373 deprecantem;

2343 1375 2366 1410 ι
2403 1375 2510 1455 nop
2537 1362 2629 1417 tibi
2649 1361 2944 1455 deputatur
2959 1368 3026 1423 ad
3054 1370 3262 1441 culpam
3284 1374 3424 1443 quod
3450 1377 3638 1436 invitus
3657 1361 3851 1455 ignoras;

2345 1469 2366 1504 ι
2513 1453 2687 1548 quod
2711 1458 2936 1548 negligis
2980 1474 3222 1531 quaarere
3263 1465 3405 1533 quod
3452 1451 3693 1538 ignoras;
3724 1451 3858 1548 neque

2343 1556 2367 1592 ι
2402 1539 2527 1635 illud
2549 1543 2688 1612 quod
2714 1546 2989 1603 vulnerata
3015 1549 3255 1605 membra
3275 1567 3382 1607 non
3401 1556 3595 1627 colligis
3611 1601 3626 1626 ,
3646 1563 3725 1616 sed
3749 1539 3858 1635 quod

2343 1648 2369 1685 ι
2401 1631 2664 1688 volentem
2700 1649 2892 1692 sanare
2929 1639 3248 1695 contemnis.
3296 1659 3318 1694 ι
3367 1641 3443 1699 Ita
3498 1654 3551 1701 et
3599 1631 3861 1708 exhortans

2335 1735 2490 1788 sum,
2535 1717 2794 1794 quantum
2838 1728 3021 1796 potui,
3061 1730 3128 1784 ad
3155 1739 3302 1788 recte
3341 1734 3653 1802 vivendum;
3688 1750 3735 1794 et
3766 1759 3861 1811 gra-

2336 1814 2464 1869 tiam
2489 1815 2585 1870 Dei
2611 1831 2717 1871 non
2747 1819 3029 1886 evacuavi,
3055 1821 3180 1879 sine
3193 1837 3296 1892 qua
3327 1837 3512 1880 natura
3554 1827 3759 1885 humana
3775 1833 3860 1902 jam

2333 1907 2714 1962 eontenebrata
2743 1917 2905 1980 atque
2944 1912 3127 1967 vitiata
3173 1914 3458 1972 illuminari
3502 1933 3601 1975 non
3640 1933 3793 1991 potest
3822 1938 3862 1980 ct

2333 1997 2546 2051 sanari:
2578 1997 2647 2053 de
2671 2014 2774 2071 qua
2795 2015 2856 2056 re
2879 2015 3000 2056 cum
3023 2002 3141 2058 istis
3167 2013 3273 2059 tota
3304 2008 3529 2062 vertitur
3565 2013 3788 2080 qurcstio,
3811 2032 3864 2070 ne

2287 2119 2308 2146 ς
2333 2086 2553 2155 gratiam
2597 2087 2692 2143 Dei
2717 2105 2837 2160 qua:
2863 2101 2948 2147 est
2973 2092 3026 2146 in
3054 2093 3270 2150 Christo
3292 2095 3423 2152 Jesu
3454 2099 3666 2156 Domino
3692 2115 3859 2172 nostro,

2331 2190 2582 2245 perversa
2609 2187 2810 2236 natura:
2829 2180 3142 2241 defensione
3199 2185 3538 2244 frustremus.
3567 2191 3639 2248 De
3665 2209 3752 2263 qua
3787 2212 3861 2249 na-

2333 2277 2450 2324 tura
2473 2269 2600 2326 item
2633 2272 2791 2342 paulo
2816 2283 2935 2344 post
2960 2275 3075 2331 dixi
3117 2277 3232 2348 (De
3250 2277 3435 2335 Libero
3459 2281 3667 2338 Arbitrio
3685 2325 3702 2352 ,
3731 2287 3801 2341 tib.
3820 2290 3861 2351 '5,

2330 2359 2599 2432 n.50-54)
2630 2380 2642 2416 :
2673 2381 2691 2414 t
2725 2364 2895 2419 Etiam
2912 2366 3079 2435 ipsam
3106 2379 3352 2424 naturam
3370 2371 3861 2440 aliterdicimus,cum

2330 2453 2544 2524 proprie
2566 2455 2852 2526 loquimur,
2880 2469 3122 2513 naturam
3154 2460 3391 2520 hominis
3414 2463 3465 2518 in
3482 2481 3580 2535 qua
3600 2467 3798 2536 primum
3823 2469 3862 2522 in

2328 2556 2427 2598 suo
2454 2559 2651 2613 genere
2677 2545 3008 2616 inculpabilis
3041 2547 3214 2604 factus
3241 2560 3332 2605 est
3380 2570 3396 2608 :
3442 2554 3592 2608 aliter
3618 2557 3784 2622 istam,
3823 2558 3861 2610 in

2326 2647 2430 2702 qua
2459 2649 2523 2688 ex
2544 2635 2683 2690 illius
2702 2635 2935 2692 damnati
2959 2653 3115 2708 ptena
3133 2640 3152 2670 ί
3177 2648 3234 2695 et
3262 2641 3436 2712 ignari
3463 2654 3516 2698 et
3538 2647 3677 2700 carni
3708 2646 3862 2700 subditi

2327 2727 2624 2794 nascimur;
2660 2729 2812 2799 juxta
2842 2747 2999 2801 quem
3026 2733 3239 2789 modum
3278 2735 3413 2790 dicit
3439 2737 3738 2807 Apostolus,
3763 2738 3862 2792 Fui-

2324 2833 2438 2872 mus
2482 2820 2615 2873 enim
2657 2830 2702 2874 et
2741 2838 2832 2876 nos
2857 2824 3154 2878 naturaliter
3185 2823 3285 2894 ﬁlii
3328 2826 3452 2896 ira,
3496 2828 3618 2882 sicut
3657 2837 3702 2884 et
3735 2828 3862 2883 ceteri

2327 2905 2560 2978 (3pm
2589 2925 2661 2977 ιι,
2689 2911 2786 2982 5).

2394 2999 2620 3056 CAPUT
2659 3002 2890 3060 LXVIII.
2916 3035 2988 3046 —
3012 3006 3101 3061 82.
3151 3007 3424 3074 Quomodo
3486 3011 3771 3065 adhortandi
3813 3011 3863 3064 ad

2324 3092 2475 3161 [idem
2498 3135 2514 3160 ,
2561 3094 2630 3148 ad
2673 3097 3049 3166 pwnitentiam,
3095 3100 3164 3153 ad
3211 3107 3520 3174 profectum.
3560 3103 3614 3159 Si
3649 3119 3761 3174 ergo
3793 3119 3864 3156 vo-

2323 3183 2496 3240 lumus
2541 3187 2737 3242 animos
2773 3189 2842 3242 ad
2891 3200 3023 3244 recte
3071 3193 3345 3249 vivendum
3388 3196 3600 3268 frigidos
3647 3205 3688 3250 et
3728 3197 3864 3266 pigros

2321 3275 2606 3332 christianis
2631 3279 3062 3337 exhortationibus
3080 3285 3306 3340 excitare
3328 3297 3375 3340 et
3390 3288 3687 3351 accendere;
3707 3287 3858 3357 primi-

2321 3371 2408 3420 tus
2430 3369 2774 3426 exhortemur
2795 3372 2862 3427 ad
2893 3373 3074 3442 fidem,
3103 3391 3205 3446 qua
3230 3378 3515 3434 christiani
3545 3377 3684 3446 fiant,
3708 3387 3754 3434 et
3771 3378 3862 3447 ejus

2321 3458 2522 3513 nomini
2547 3461 2914 3530 subjiciantur,
2939 3465 3056 3521 sine
3075 3482 3182 3536 quo
3205 3468 3344 3524 salvi
3376 3485 3498 3526 esse
3527 3485 3629 3525 non
3659 3480 3860 3540 possunt.

2321 3547 2377 3602 Si
2402 3558 2579 3604 autem
2612 3551 2722 3620 jam
2759 3552 3035 3609 christiani
3072 3566 3232 3624 sunt,
3264 3571 3330 3614 et
3359 3568 3506 3616 recte
3531 3561 3700 3616 vivere
3727 3560 3865 3629 negli-

2318 3653 2476 3710 gunt;
2504 3643 2850 3700 vcrberentur
2871 3648 3186 3714 terroribus,
3209 3659 3263 3704 et
3294 3653 3636 3720 praemiorum
3664 3649 3868 3706 laudibus

2319 3734 2624 3802 erigantur:
2653 3735 2724 3788 ita
2752 3750 2903 3804 sane,
2930 3746 2989 3792 ut
3017 3754 3120 3794 non
3146 3741 3326 3796 solum
3354 3743 3422 3796 ad
3452 3743 3616 3798 bonas
3642 3743 3859 3803 actiones,

2319 3838 2501 3878 verum
2531 3825 2690 3880 etiam
2717 3827 2782 3881 ad
2808 3829 2920 3897 pias
2940 3831 3209 3886 orationes
3231 3847 3334 3888 eos
3359 3835 3628 3889 exhortari
3654 3833 3872 3888 memine-

2319 3915 2517 3982 rimus,
2555 3930 2716 3988 atque
2756 3919 2856 3974 hac
2899 3920 3162 3977 instruere
3187 3925 3426 3981 sanitate
3453 3926 3731 3992 doctrinae,
3757 3931 3806 3978 ut
3827 3931 3872 3976 et

2319 4005 2460 4060 illinc
2476 4009 2672 4076 gratias
2691 4017 2868 4079 agant,
2891 4025 3011 4066 cum
3037 4013 3374 4071 instituerint
3395 4017 3532 4072 bene
3548 4018 3734 4079 vivere,
3754 4013 3872 4084 quod

2317 4098 2513 4164 aliquid
2553 4100 2670 4154 sine
2697 4100 3014 4158 difficultate
3052 4105 3312 4174 fecerint;
3343 4117 3398 4163 et
3430 4109 3517 4164 ubi
3543 4106 3870 4163 difficultatem

2315 4189 2546 4258 aliquam
2592 4191 2864 4259 sentiunt,
2911 4194 3232 4250 fidelissimis
3269 4207 3330 4252 et
3372 4193 3874 4269 persevcrantissimis

2317 4279 2562 4349 precibus
2585 4290 2640 4336 et
2657 4282 3038 4338 misericordia:
3061 4289 3325 4357 promptis
3341 4291 3596 4359 Operihus
3613 4287 3871 4343 facilitatem

2313 4384 2345 4423 a
2376 4370 2600 4427 Domino
2628 4373 2912 4443 impetrare
2938 4379 3244 4446 persistant.
3269 4380 3366 4436 Sic
3402 4391 3584 4436 autem
3623 4379 3870 4450 prolicien-

2317 4471 2418 4526 tes,
2437 4461 2527 4517 ubi
2547 4471 2602 4518 et
2617 4465 2830 4534 quando
2856 4467 3158 4536 plenissima
3176 4470 3390 4540 justitia
3416 4473 3766 4542 perﬁciantur,
3787 4483 3873 4522 non

2313 4552 2474 4608 nimis
2493 4568 2622 4608 curo
2650 4571 2663 4607 :
2695 4556 3012 4627 ubicumque
3037 4570 3213 4614 autem
3236 4571 3292 4616 et
3312 4564 3748 4634 quandocumque
3772 4575 3875 4631 pcr-

2277 4671 2286 4705 ι
2313 4644 2437 4699 fe'bti
2469 4643 2688 4711 fuerint,
2723 4648 2935 4703 nonnisi
2965 4652 3134 4719 gratia
3166 4652 3258 4706 Dei
3286 4667 3391 4723 per
3415 4654 3602 4710 Iesum
3630 4654 3869 4710 Christum

2311 4735 2594 4792 Dominum
2660 4747 2898 4793 nostrum
2960 4740 3142 4808 perlici
3191 4757 3355 4813 posse
3420 4747 3699 4800 conﬁrmo.
3758 4743 3878 4799 Sane

2309 4829 2522 4896 quando
2553 4831 2751 4900 liquido
2779 4833 3126 4903 cognoverint
3166 4836 3378 4892 nullum
3418 4848 3694 4908 peccatum
3722 4853 3775 4891 se
3797 4836 3878 4889 ba-

2309 4918 2438 4974 herc
2459 4962 2474 4986 ,
2508 4937 2614 4974 non
2641 4937 2701 4977 se
2726 4921 2907 4977 dicant
2935 4923 3131 4980 habere
3155 4937 3443 4996 peccatum
3466 4931 3510 4998 ',
3539 4945 3608 4984 ne
3633 4930 3810 4984 veritas
3835 4927 3877 4978 in

2309 5011 2388 5066 eis
2412 5027 2517 5067 non
2548 5014 2654 5067 sit:
2686 5015 2824 5070 sicut
2851 5017 2902 5070 in
2932 5017 3012 5071 eis
3042 5019 3237 5074 veritas
3261 5035 3373 5075 non
3403 5031 3510 5089 est,
3543 5021 3634 5092 qui
3655 5035 3768 5076 cum
3797 5019 3879 5071 ha-

2305 5103 2487 5170 beant,
2515 5120 2618 5159 non
2643 5106 2837 5162 habere
2856 5123 2915 5164 se
2943 5108 3149 5164 dicunt.

2373 5191 2601 5250 CAPUT
2637 5195 2825 5251 LXIX.
2847 5227 2918 5237 —-
2937 5198 3028 5254 83.
3058 5198 3212 5254 Nihil
3238 5201 3563 5271 impossibile
3598 5202 3735 5256 Deus
3767 5214 3875 5270 prte-

2303 5284 2446 5354 cipit,
2478 5286 2596 5355 quia
2625 5288 2795 5341 omnia
2825 5289 3000 5359 facilia
3037 5290 3290 5344 charitati.
3339 5291 3513 5347 Valde
3552 5303 3726 5347 autem
3769 5290 3881 5342 bona

2303 5389 2419 5432 sunt
2467 5391 2715 5452 praecepta
2734 5421 2749 5448 ,
2791 5382 2836 5436 si
2878 5383 3112 5452 legitime
3138 5383 3220 5440 his
3247 5392 3471 5440 utamur
3502 5387 3521 5454 (
3546 5386 3561 5439 l
3586 5385 3716 5440 Tim.
3740 5400 3776 5450 ι,
3798 5384 3826 5436 8
3845 5379 3879 5450 ).

2303 5468 2385 5524 Eo
2409 5471 2604 5541 quippe
2627 5473 2742 5543 ipso
2770 5488 2874 5544 quo
2900 5473 3208 5530 firmissime
3227 5476 3498 5542 creditur,
3527 5476 3689 5545 Deum
3705 5476 3881 5546 justum

2365 5623 2382 5656 ι
2417 5624 2757 5692 nicprtpterit,
2779 5633 2825 5676 et
2847 5626 3102 5692 mortales;
3122 5627 3249 5692 quod
3289 5628 3405 5691 ipse
3429 5628 3569 5680 locus
3591 5628 3736 5677 habet
3757 5638 3799 5673 in
3827 5622 3882 5670 li~

2299 5686 2390 5737 bro
2411 5686 2557 5735 tertio
2577 5686 2641 5734 de
2664 5686 2833 5736 Libero
2857 5686 3156 5748 Arbitrio,’n.'
3172 5690 3250 5740 54.
3312 5686 3326 5691 “
3857 5709 3860 5712 ’

2365 5749 2385 5778 ⁸
2401 5756 2500 5820 Alm:
2527 5753 2600 5794 Er.
2621 5755 2673 5796 ct
2693 5750 2998 5820 recentiores
3018 5752 3237 5820 quasdam
3259 5749 3622 5805 Polemicorum
3645 5749 3878 5806 cditiout's.

2301 5821 2391 5860 non
2415 5807 2589 5860 habere
2613 5815 2857 5861 vaccatum
2880 5822 2897 5861 .'
3190 5824 3383 5866 carere.
