3984 6514
149 316 238 379 εει)
1040 285 1410 349 ADMONITID
1449 286 1513 344 ΙΝ
1550 277 1807 341 LIBRUM
1843 277 2397 375 SUBSEQUENTEM.

150 435 369 492 cibarium
398 413 711 491 impossibilia
757 427 855 466 non
891 409 1109 481 potuisse
1151 407 1460 479 prtzcipere;
1507 401 1668 456 hinc‘

151 525 468 580 admonemur,
497 518 551 563 et
577 508 622 560 in
651 502 900 557 facilibus
925 499 1048 570 quid
1078 512 1299 568 agamus
1319 538 1332 562 ,
1366 506 1418 550 ct
1447 495 1497 547 in
1527 493 1672 546 dilli-

149 612 315 671 diibus
334 601 438 676 quid
465 607 722 669 petamus.
749 592 936 648 Omnia
962 590 1157 659 quippe
1180 588 1313 641 llunt
1347 584 1517 676 facilia
1543 583 1673 637 ειη.-

147 674 404 760 filatizcui
445 689 531 744 uni
571 684 756 740 Christi
802 682 1004 737 sarcina
1046 679 1163 733 levis
1211 688 1283 731 est
1315 674 1546 748 (Matth.
1588 689 1672 735 XI,

149 791 244 862 50),
264 795 340 842 aut
362 797 418 838 ea
444 797 544 835 una
566 785 646 832 est
666 776 878 830 sarcina
907 775 1019 843 ipsa
1044 787 1160 842 quae
1182 770 1322 825 levis
1348 777 1449 862 est.
1473 767 1676 822 Secun-

150 861 250 940 dutu
268 879 354 933 hoc
378 874 570 929 dictum
596 879 697 931 est,
728 866 800 921 Et
830 874 1080 936 praecepta
1108 864 1216 933 ejus
1239 861 1412 932 gravia
1437 876 1536 913 non
1562 866 1677 911 sunt

152 972 326 1048 (υοωι.
358 981 410 1028 v,
437 962 492 1034 5)
517 980 530 1015 :
558 971 612 1014 ut
632 960 718 1014 cui
739 958 921 1029 gravia
947 965 1091 1019 sunt,
1118 952 1422 1008 consideret
1452 965 1557 1004 non
1583 966 1676 1019 po-

147 1042 279 1120 tuisse
299 1055 534 1113 divinitus
559 1051 664 1106 dici
681 1091 696 1114 ,
720 1049 896 1120 gravia
922 1063 1021 1099 non
1042 1052 1188 1110 sunt,
1219 1042 1320 1096 nisi
1351 1042 1473 1111 quia
1502 1047 1676 1110 potest

147 1167 242 1209 esse
262 1146 416 1203 cordis
436 1143 656 1196 allectus
679 1140 763 1194 cui
793 1139 974 1209 gravia
1008 1151 1110 1190 non
1140 1142 1286 1198 sunt,
1315 1141 1369 1188 et
1399 1140 1542 1201 petat
1571 1145 1677 1201 quo

143 1238 412 1298 destituitur,
443 1241 499 1287 ut
524 1230 750 1300 impleat
782 1228 925 1298 quod
961 1226 1195 1296 jubetur.
1222 1223 1289 1277 Et
1315 1221 1453 1293 quod
1483 1221 1678 1276 dicitur

147 1333 197 1387 ad
215 1326 348 1384 lsrael
375 1326 423 1379 in
454 1319 900 1384 Deuteronomio,
929 1318 974 1372 si
1007 1318 1109 1387 pie,
1137 1315 1181 1370 si
1216 1323 1417 1378 sancte,
1446 1313 1488 1367 si
1520 1312 1678 1381 Spiri-

146 1421 312 1476 tualitcr
330 1414 668 1481 intelligatur,
701 1410 807 1463 hoc
833 1407 977 1462 idem
1011 1404 1310 1476 signiﬁcat:
1339 1402 1462 1473 quia
1494 1402 1676 1470 utique

145 1526 237 1566 cum
273 1507 363 1560 hoc
409 1501 773 1558 testimonium
826 1502 1301 1554 commemorasset
1347 1493 1674 1562 Apostolus,

145 1601 279 1669 Prope
299 1608 340 1652 te
361 1607 429 1650 est
451 1593 662 1648 verbum
698 1593 752 1646 in
787 1607 875 1646 ore
902 1600 1010 1657 tuo,
1049 1599 1094 1642 et
1122 1589 1176 1642 in
1204 1589 1356 1642 corde
1383 1597 1467 1640 tuo
1501 1583 1676 1658 (quod

147 1694 209 1747 hic
231 1690 385 1753 habet,
404 1688 456 1740 in
473 1683 715 1738 manibus
739 1683 838 1736 tuis
861 1680 972 1754 [a]:
1001 1681 1052 1734 in
1073 1679 1232 1735 corde
1251 1680 1392 1734 enim
1420 1687 1541 1732 sunt
1564 1677 1676 1745 spi-

145 1782 320 1840 rituales
346 1774 560 1844 manus)
591 1792 604 1839 ;
632 1778 726 1829 hoc
752 1784 824 1828 est
845 1815 859 1837 ,
891 1773 1098 1842 inquit,
1138 1771 1339 1825 verbum
1387 1769 1506 1838 fidei
1543 1767 1677 1840 quod

145 1871 418 1941 prdicantes
453 1865 645 1936 (Deut.
687 1880 791 1918 xxx
811 1905 828 1931 ,
868 1864 968 1927 l4;
998 1861 1150 1916 Rom.
1178 1877 1210 1915 χ
1232 1901 1246 1924 ,
1275 1858 1352 1932 8).
1375 1858 1676 1915 Conversus

141 1978 243 2032 ergo
257 1961 468 2028 quisque,
491 1957 639 2010 sicut
659 1956 729 2010 ibi
755 1953 1080 2024 praecipitur,
1110 1951 1174 2006 ad
1201 1951 1478 2006 Dominum
1506 1950 1676 2004 Deum

145 2067 265 2106 suum
289 2067 342 2104 ex
367 2057 466 2102 toto
488 2046 664 2101 corde
692 2060 812 2110 suo,
846 2053 900 2099 et
923 2059 989 2099 ex
1018 2051 1128 2098 tota
1156 2043 1330 2096 anima
1358 2056 1452 2096 sua
1474 2079 1490 2106 ,
1522 2055 1675 2094 man-

149 2141 291 2195 datum
309 2139 387 2193 Dei
407 2152 504 2191 non
528 2135 761 2190 habebit
785 2150 963 2206 grave.
982 2131 1260 2200 Quomodo
1287 2141 1370 2187 est
1394 2131 1536 2186 enim
1559 2144 1678 2200 gra-

155 2248 224 2298 ve,
246 2247 342 2285 cum
366 2231 426 2283 sit
447 2225 756 2282 dilectionis
784 2223 1124 2279 mandatum?
1153 2222 1259 2277 Aut
1285 2220 1428 2276 enim
1453 2219 1676 2289 quisque

155 2338 246 2378 non
267 2321 418 2391 diligit,
438 2327 483 2375 et
501 2317 632 2373 ideo
651 2333 815 2388 grave
839 2327 921 2372 est
943 2334 956 2369 :
984 2323 1074 2369 aut
1090 2314 1282 2385 diligit,
1302 2321 1356 2368 et
1375 2326 1536 2382 grave
1556 2324 1676 2366 esse

3251 283 3360 342 250

1781 407 1888 450 toto
1905 395 2063 450 enrde
2080 410 2197 460 suo,
2213 404 2266 448 et
2290 411 2353 448 ex
2375 403 2480 448 tota
2497 395 2668 449 anima
2687 411 2801 450 sua.
2819 395 3139 462 Mandatum,
3161 399 3354 468 inquit,

1778 506 1958 543 novum
1979 489 2043 541 do
2063 489 2219 552 vobis,
2244 499 2299 541 ut
2316 504 2400 542 vos
2422 489 2629 543 invicem
2649 490 2871 561 diligatis
2897 489 3070 562 (Joan.
3097 507 3210 556 xm,
3235 490 3360 561 '54):

1777 590 1850 646 et,
1875 580 1972 647 Qui
1991 579 2156 650 diligit
2178 582 2481 649 proximum,
2507 582 2665 652 legem
2693 582 2913 652 implevit
2941 598 2961 638 :
2988 590 3060 647 et,
3084 581 3362 636 Plenitudo

1778 669 1920 740 legis,
1961 669 2182 723 charitas
2215 669 2388 741 (Rom.
2421 684 2534 736 xm,
2559 672 2592 726 8
2623 681 2669 724 et
2703 672 2814 743 10).
2848 672 3148 728 Secundum
3179 673 3280 727 hoc
3307 679 3358 732 et

1779 761 1904 815 illud
1931 761 2128 815 dictum
2159 771 2259 827 est,
2284 761 2346 815 Si
2373 762 2686 817 ambularent
2708 765 2910 818 semitas
2934 764 3110 831 bonas,
3142 765 3357 819 inveniar

1777 862 1884 906 sent
1905 852 2073 919 utique
2096 852 2298 906 semitas
2304 852 2521 922 justitia:
2540 854 2667 907 leves
2683 853 2862 925 (Prov.
2884 857 3045 925 11,20,
3064 855 3348 926 καλλίω.

1777 941 2052 1011 Quomodo
2074 957 2202 1013 ergo
2226 943 2437 1008 dicitur,
2466 943 2686 1014 PrOpter
2709 944 2858 999 verba
2892 945 3138 1000 labiorum
3160 957 3360 1001 tuorum

1779 1049 1868 1103 ego
1889 1033 2133 1086 custodivi
2156 1033 2260 1086 vias
2277 1032 2431 1087 duras
2457 1032 2627 1106 (Psal.
2650 1049 2758 1097 xw,
2777 1032 2864 1104 4);
2890 1034 2988 1089 nisi
3015 1037 3135 1106 quia
3158 1047 3364 1090 utrum-

1778 1143 1880 1198 que
1907 1142 2086 1180 verum
2113 1127 2233 1182 est?
2261 1127 2415 1181 Durae
2436 1137 2559 1181 sunt
2590 1126 2786 1190 timori,
2817 1127 2960 1181 leves
2985 1128 3176 1182 amori.

1847 1215 2074 1273 CAPUT
2102 1217 2267 1273 LXX.
2295 1248 2366 1258 —
2390 1218 2479 1273 84.
2524 1216 2798 1272 Charitatis
2838 1217 3029 1288 gradus
3075 1218 3269 1288 faciunt
3311 1227 3360 1272 et

1770 1307 1986 1378 iustitia:
2008 1309 2215 1377 gradus.
2242 1307 2486 1362 Charitas
2503 1323 2630 1378 ergo
2652 1308 2918 1371 inchoata,
2944 1307 3184 1362 inchoata
3205 1307 3366 1378 justi-

1780 1399 1851 1452 tia
1881 1408 1988 1463 est;
2016 1398 2248 1452 charitas
2273 1407 2540 1468 provecta,
2569 1407 2823 1468 provecta
2850 1398 3049 1468 iustitia
3086 1407 3201 1463 est;
3228 1399 3362 1454 cha-

1778 1489 1906 1542 ritas
1929 1504 2136 1558 magna,
2169 1504 2353 1558 magna
2377 1489 2577 1559 justilia
2596 1497 2707 1551 est;
2730 1489 2953 1542 charitas
2978 1490 3217 1561 perfecta,
3244 1505 3364 1560 per-

1779 1580 1910 1650 lecta
1929 1580 2130 1649 justitia
2159 1589 2230 1632 est
2252 1595 2272 1634 :
2292 1579 2385 1634 sed
2410 1579 2640 1633 cbaritas
2665 1579 2729 1633 de
2753 1578 2916 1634 corde
2955 1594 3089 1648 puro
3108 1621 3123 1646 ,
3148 1587 3200 1633 et
3227 1594 3360 1633 con-

1777 1671 1996 1725 scientia
2028 1671 2162 1725 hona
2183 1712 2197 1736 ,
2229 1680 2283 1725 et
2312 1670 2415 1726 lide
2441 1687 2549 1726 non
2581 1670 2700 1726 ﬂeta
2721 1687 2735 1736 ;
2758 1686 2872 1742 quae
2898 1680 3016 1725 tunc
3044 1672 3265 1725 maxima
3289 1681 3366 1726 est

1777 1763 1832 1816 in
1857 1762 1950 1815 huc
1977 1763 2098 1828 vita,
2121 1763 2323 1832 quando
2345 1779 2438 1833 pro
2469 1762 2560 1816 illa
2593 1761 2707 1832 ipsa
2742 1763 3074 1816 contemnitur
3092 1763 3191 1816 vita
3219 1777 3239 1816 :
3267 1761 3364 1816 sed

1779 1853 1943 1908 miror
1967 1853 2010 1907 si
2037 1861 2150 1906 non‘
2172 1853 2331 1908 habet
2355 1869 2460 1924 quo
2495 1861 2733 1919 crescat,
2763 1868 2882 1908 cum
2911 1852 2979 1908 de
3015 1853 3222 1907 mortali
3265 1868 3366 1906 ex-

1779 1946 2000 2000 cesserit
2025 1945 2149 1998 vita.
2183 1944 2519 2016 Ubicumque
2545 1953 2723 2000 autem
2747 1953 2799 1998 ct
2823 1943 3264 2015 quandocumque
3293 1943 3365 1998 ita

1779 2034 1932 2104 plena
1964 2035 2030 2088 sit
2053 2040 2088 2100 ',
2121 2043 2178 2090 ut
2201 2036 2248 2090 ei
2277 2050 2382 2090 non
2418 2035 2487 2090 sit
2530 2034 2670 2106 quod
2710 2034 3016 2104 adjiciatur;
3048 2048 3152 2088 non
3183 2041 3367 2088 tamen

1778 2125 2088 2181 dill‘unditur
2113 2127 2168 2181 in
2194 2127 2442 2182 cordibus
2466 2127 2684 2191 nostris,
2710 2127 2792 2181 vel
2820 2136 3041 2192 naturae,
3067 2125 3148 2180 vel
3173 2125 3359 2179 volun-

1781 2218 1902 2271 tatis
1941 2218 2171 2287 opibus'
2215 2233 2335 2288 qua:
2379 2227 2501 2272 sunt
2540 2218 2591 2271 in
2635 2217 2818 2283 nobis,
2859 2215 2954 2271 sed
2981 2231 3076 2286 per
3101 2213 3360 2285 Spiritum

1779 2316 2019 2363 sanctum
2040 2308 2130 2378 qui
2156 2307 2309 2363 datus
2331 2317 2412 2362 est
2436 2308 2589 2363 nobis
2606 2349 2621 2374 ,
2642 2310 2730 2377 qui
2757 2315 2813 2362 et
2844 2307 3135 2360 inﬁrmitati
3166 2314 3366 2360 nostra:

1778 2399 2085 2469 opitulatur,
2116 2408 2169 2454 et
2195 2399 2403 2454 sanitati
2433 2407 2766 2467 cooperatur.
2790 2396 2902 2466 Ipsa
2927 2404 3010 2450 est
3031 2397 3170 2450 enim
3192 2395 3363 2464 gratia

1781 2491 1875 2546 Dei
1907 2507 2000 2561 per
2034 2489 2212 2545 Jesum
2240 2490 2506 2545 Christum
2538 2489 2817 2543 Dominum
2849 2495 3088 2540 nostrum
3108 2527 3122 2551 ,
3165 2486 3250 2540 cui
3279 2494 3364 2540 est

1779 2594 1898 2634 cum
1929 2580 2083 2634 Patre
2109 2588 2161 2633 et
2179 2579 2376 2648 Spiritu
2400 2586 2586 2632 sancto
2606 2576 2893 2641 aeternitas,
2927 2575 3158 2642 bonitas,
3181 2574 3232 2628 in
3259 2589 3365 2630 saa-

1780 2674 1899 2728 cula
1929 2672 2265 2726 sazculorum.
2294 2672 2488 2724 Amen.

1845 2787 1863 2819 ί
1899 2784 2030 2847 Apud
2051 2791 2182 2843 Lov.,
2205 2781 2347 2847 plena
2367 2780 2441 2846 ﬁt,

1844 2849 1866 2880 ³
1897 2839 1999 2895 Ain.
2025 2852 2097 2895 Er.
2124 2839 2178 2896 et
2196 2839 2565 2908 qmnque'am,
2593 2840 2832 2906 operibus.
2855 2840 2974 2892 Vide
2993 2852 3155 2904 supra,
3179 2853 3229 2888 ιι.
3252 2839 3335 2890 99.

151 2427 240 2466 non
273 2419 432 2481 potest.
467 2409 649 2479 Diligit
687 2414 900 2473 autem,
943 2407 990 2460 si
1031 2405 1172 2476 quod
1216 2405 1326 2459 illic
1359 2403 1678 2458 admonetur

148 2501 303 2570 lsrael,
327 2515 600 2557 conversus
626 2499 788 2556 fuerit
820 2497 888 2554 ad
917 2498 1196 2553 Dominum
1236 2496 1405 2552 Deum
1429 2509 1583 2550 suum
1611 2509 1676 2549 ex

198 2674 214 2704 ι
244 2681 360 2722 υιιης
379 2685 406 2720 e
422 2672 644 2722 Vaticanis
661 2677 790 2730 uss,
815 2669 924 2719 hoc.

201 2734 402 2804 [ανξιοά
419 2733 491 2804 δίει
507 2732 590 2804 ιβι
608 2727 785 2804 Pelagii
799 2744 951 2804 ειυειιι
965 2727 1148 2804 tersi!!!
1159 2765 1181 2804 ι
1193 2727 1679 2804 suscitemus???

143 2790 280 2855 noiuii
300 2794 456 2855 librum
467 2794 646 2853 iudicat,
659 2790 734 2855 qui
755 2790 1027 2855 secundum
1045 2798 1150 2840 LXX
1163 2791 1311 2850 addit,
1323 2796 1369 2840 et
1391 2790 1440 2839 in
1462 2790 1680 2855 mtutibus

144 2854 249 2905 tuis.
269 2857 424 2904 mures
440 2854 516 2903 lib.
531 2856 564 2904 5
586 2851 898 2914 Quie'stiouum
913 2854 963 2903 in
986 2859 1266 2913 Deuteron.,
1291 2858 1467 2914 quaest.
1487 2851 1567 2901 54.

1207 3022 2260 3165 ΔυΜθΝῙΤῙο

919 3231 1038 3306 IN
1096 3230 1549 3304 LIBRUM
1612 3219 2550 3311 SUBSEQUENTEM.

1521 3360 1944 3417 -ο-θῦζὶθοοΟὩὲ-ο·

191 3475 290 3531 Hoc
306 3473 614 3547 opusculum
640 3472 968 3545 Augustinus
997 3472 1050 3527 in
1075 3471 1325 3527 librorum
1355 3481 1571 3524 suorum
1603 3463 1980 3519 retractatione
2000 3462 2215 3518 silentio
2240 3460 2514 3532 praeteriit,
2535 3473 2602 3515 eo
2646 3457 2895 3514 nimirum
2919 3455 3062 3528 quod
3085 3457 3374 3528 pertineret

135 3567 185 3622 ad
207 3566 378 3622 sedem
416 3565 807 3637 Epistolarum,
837 3563 905 3620 de
932 3563 1126 3635 quibus
1149 3561 1375 3617 seorsim
1421 3555 1770 3614 retractandis
1798 3554 2082 3626 cogitabat.
2105 3553 2238 3609 Nam
2265 3551 2542 3608 exordium
2579 3550 2698 3621 ejus
2740 3550 2792 3606 in
2821 3550 3071 3606 omnibus
3094 3549 3370 3605 codicibus

138 3658 308 3713 ducitur
328 3658 393 3712 ab
433 3658 534 3712 ista
557 3655 842 3727 epistolari
870 3655 1208 3720 salutatione,
1239 3650 1444 3707 Sanctis
1495 3648 1733 3718 fratribus
1761 3655 1808 3701 et
1837 3646 2143 3716 coepiscopis
2181 3643 2428 3714 Eutropio
2469 3653 2516 3698 et
2558 3641 2760 3707 Paulo,
2786 3641 3094 3712 Augustinus
3114 3657 3135 3696 :
3163 3641 3384 3696 tametsi

130 3767 228 3806 eum
250 3750 352 3807 haec
371 3751 605 3822 epistola
629 3750 807 3804 locum
836 3747 976 3818 apud
1017 3759 1204 3801 omnes
1242 3742 1492 3809 obtinuit,
1519 3749 1577 3794 ut
1607 3741 1738 3797 liber
1785 3753 2016 3808 semper,
2049 3751 2156 3792 non
2198 3735 2356 3791 modo
2383 3736 2435 3790 in
2483 3735 2548 3790 iis
2571 3734 2931 3790 voluminibus
2951 3749 3071 3803 qua:
3097 3733 3372 3803 exemplar

135 3847 249 3901 illius
269 3845 556 3909 continent,
594 3842 765 3899 sedin
793 3849 1030 3897 veterum
1060 3839 1220 3894 etiam
1248 3837 1334 3908 qui
1366 3835 1510 3891 illam
1539 3833 1704 3888 citant
1730 3830 1962 3901 scriptis,
1991 3827 2304 3899 appelletur.
2357 3827 2500 3882 Inter
2549 3825 2649 3880 bos
2690 3825 3002 3879 illustriores
3027 3824 3297 3894 magisque
3319 3824 3375 3880 in

133 3936 368 4006 Augustini
411 3937 663 3992 lectione
689 3933 912 3998 versati,
959 3929 1230 3986 Possidius
1276 3928 1327 3983 in
1356 3925 1616 3992 lndiculo,
1648 3938 1770 3994 cap.
1799 3923 1854 3988 4,
1879 3927 1934 3976 et
1959 3918 2265 3990 Fulgentius
2287 3916 2340 3971 in
2362 3917 2543 4006 Iibrol
2596 3914 2662 4006 ad
2691 3914 3140 4006 Monimum,‘cap.
3179 3914 3234 3980 ‘5,
3262 3912 3378 4006 hoc

132 4002 426 4096 opdsvocant
453 4027 679 4081 Librum
705 4025 768 4079 de
788 4023 1102 4096 Perfectione
1121 4018 1337 4093 justitiae
1355 4016 1590 4071 hominis.
1619 4011 1970 4070 Consentiunt
1996 4009 2172 4065 omnia
2196 4007 2305 4064 fere
2333 4005 2654 4076 exemplaria
2679 4005 2884 4060 calamo
2913 4003 3108 4073 scripta
3141 4019 3157 4096 ι
3182 4002 3276 4058 sed
3304 4017 3374 4058 ex

131 4095 547 4185 iisAudoenense,
579 4095 936 4183 Pratellense,
951 4124 1004 4170 et
1023 4111 1263 4184 quaedam
1285 4109 1386 4164 alia
1415 4107 1590 4165 eidem
1618 4106 1774 4162 titulo
1797 4103 1999 4160 addunt
2028 4101 2142 4156 huic
2169 4099 2352 4166 verba,
2374 4097 2627 4153 Adversus
2651 4113 2735 4152 eos
2767 4097 2854 4168 qui
2879 4105 3106 4150 asserunt
3127 4095 3379 4149 hominem

133 4230 247 4282 posse
265 4215 367 4284 fieri
383 4216 597 4286 justum
624 4212 748 4267 solis
772 4211 884 4266 suis
917 4207 1122 4263 viribus.
1148 4204 1204 4260 in
1229 4202 1508 4260 Bernensis
1527 4199 1781 4256 Ecclesiae
1799 4196 1983 4254 codice
2025 4194 2313 4286 inscriptio,
2327 4192 2443 4286 haec
2456 4191 2664 4286 legitur
2689 4207 2704 4244 :
2733 4188 2882 4286 Liber
2903 4189 2966 4243 de
2993 4187 3382 4286 Deﬁnitionibus

131 4279 218 4374 illi?
249 4279 478 4360 dicuntur
531 4302 784 4360 Calestii.
836 4301 1065 4370 Prosper
1116 4299 1168 4352 in
1225 4297 1360 4351 libro
1417 4293 1672 4350 adversus
1722 4287 2079 4353 Collatorem,
2121 4300 2238 4355 cap.
2287 4285 2358 4339 43
2387 4324 2403 4350 ,
2456 4283 2698 4338 hortatur
2729 4282 2810 4363 ad
2863 4280 3225 4374 legendumu
3244 4279 3384 4374 inter

133 4371 235 4453 alios
252 4400 528 4470 Augustini
559 4397 760 4463 libros,
789 4410 912 4450 eum
933 4408 1089 4462 quem
1114 4389 1370 4460 scriptum
1394 4385 1524 4442 dicit
1567 4385 1635 4438 ad
1677 4381 1900 4437 Paulum
1926 4389 1974 4435 et
2023 4378 2328 4449 Eutrapium
2357 4376 2638 4432 sacerdotes
2674 4383 2849 4428 contra
2880 4372 3081 4443 Pelagii
3115 4381 3158 4426 et
3187 4371 3384 4426 Caelesti

132 4493 400 4560 omnibus.

187 4587 249 4640 Es
275 4588 368 4641 hoc
395 4598 587 4642 autem
615 4585 739 4639 loco
767 4579 1034 4650 Prospcri,
1085 4575 1170 4632 ubi
1199 4573 1439 4645 quzudam
1465 4586 1532 4626 ex
1558 4568 1830 4640 opusculis
1880 4563 2158 4636 Augustini
2189 4571 2373 4618 contra
2399 4560 2736 4630 Pelagianos,
2767 4574 2950 4629 parum
2979 4556 3158 4611 habita
3181 4554 3386 4610 ordinis

135 4685 298 4735 ratione
346 4679 630 4735 recensuit
655 4720 669 4741 ,
700 4689 860 4730 nemo
886 4649 1029 4728 recte
1078 4667 1417 4741 probaverit,
1446 4666 1636 4720 librum
1667 4662 1733 4717 de
1759 4658 2090 4716 Perfectione
2123 4656 2342 4727 justitia:
2386 4653 2639 4719 hominis,
2680 4663 2768 4706 aut
2797 4653 2945 4707 libris
2977 4652 3045 4707 de
3085 4649 3290 4719 Nuptiis
3331 4658 3388 4704 et

134 4773 564 4843 Concupiscentia,
602 4779 699 4826 aut
725 4784 817 4824 sex
847 4766 1028 4838 primis
1064 4772 1248 4819 contra
1271 4760 1535 4816 lulianum
1579 4754 1747 4820 libris,
1781 4753 1903 4825 quia
1951 4750 2145 4806 ibidem
2178 4747 2321 4820 prius
2360 4746 2720 4812 nominantur,
2755 4755 2993 4814 tempore
3036 4743 3386 4843 posteriorem

137 4881 243 4920 esse.
263 4834 560 4922 E'inimvero-
579 4867 633 4919 in
663 4864 770 4917 ﬁne
796 4834 917 4916 libri
947 4857 1176 4914 nondum
1208 4869 1302 4909 eos
1358 4849 1752 4922 reprehendere
1776 4845 1958 4911 audet,
1986 4845 2075 4915 qui
2093 4844 2266 4912 justos
2290 4841 2407 4896 sine
2431 4839 2539 4894 ullo
2565 4853 2783 4908 prorsus
2812 4847 3037 4907 peccato
3059 4835 3291 4891 existere
3331 4834 3387 4889 in

134 4951 324 5011 hscvita
347 4959 435 5012 vel
486 4956 769 5013 exstitisse
807 4952 1013 5021 aliquos
1058 4946 1404 5006 afﬁrmarent,
1444 4955 1668 5011 quorum
1706 4935 1964 5008 epinioui,
1998 4931 2443 5004 quemadmodum
2493 4930 2545 4984 in
2572 4929 2707 4986 libro
2731 4927 2798 4983 de
2838 4927 3036 4996 Spiritu
3059 4936 3128 5021 et
3153 4925 3387 5021 Littera,

136 5058 177 5095 ι.
195 5044 242 5112 5,
267 5057 317 5102 et
344 5048 396 5102 in
420 5049 569 5103 libro
587 5046 658 5101 de
690 5017 968 5098 Natura—et
993 5038 1192 5102 Gratia,
1213 5054 1304 5089 nn.
1327 5034 1420 5100 49,
1449 5033 1538 5096 70,
1564 5032 1635 5086 ita
1667 5031 1752 5085 hic
1780 5027 2106 5097 Augustinus
2132 5025 2306 5079 adhuc
2334 5023 2603 5115 existimat
2649 5035 2752 5074 non
2797 5017 3386 5115 nimishreluctandum.

135 5107 242 5198 lﬁhil
265 5157 387 5211 ergo
413 5155 589 5209 super
611 5154 674 5193 ea
702 5152 762 5191 re
800 5133 1075 5189 definitum
1116 5129 1368 5183 hactenus
1394 5133 1528 5190 erat,
1560 5136 1732 5193 neque
1753 5118 1952 5176 conditi
1982 5116 2238 5171 adversus
2265 5114 2408 5168 illam
2454 5110 2760 5181 Opinionem
2795 5117 2903 5164 tres
2949 5107 3385 5211 Cartliagine‘nsis

137 5197 503 5306 concilii,vquod-
524 5247 668 5286 anno
692 5229 800 5284 418
827 5225 1058 5280 habiturn
1085 5230 1186 5287 est,
1219 5216 1480 5273 notissimi
1506 5229 1757 5277 canones,
1773 5217 1976 5306 sestus,
2008 5209 2270 5306 septimus
2295 5215 2350 5306 et
2375 5213 2593 5306 octavus
2614 5242 2640 5305 ,ο
2657 5215 2883 5306 quorum
2905 5197 3219 5306 an’ctorit'ate
3247 5197 3388 5306 illam

135 5285 834 5398 deincepsjut—perniciosum
863 5329 1097 5373 errorem
1126 5285 1301 5368 caveri
1351 5308 1523 5378 jubet,
1570 5305 1725 5398 sicuti
1774 5301 1958 5357 videre
1983 5299 2153 5398 ‘licct
2180 5296 2382 5398 passim
2431 5295 2485 5350 in
2523 5293 2672 5398 libris
2713 5299 2896 5397 contra
2950 5289 3083 5398 duas
3123 5285 3392 5398 Epistolas

137 5377 865 5490 Pelagi;norum,vprzesertim
881 5411 1017 5466 libro
1038 5409 1091 5474 4,
1118 5423 1170 5461 ιι.
1191 5405 1284 5472 27,
1315 5377 1403 5457 ubi
1433 5400 1508 5455 ait
1531 5417 1544 5452 :
1579 5397 1607 5451 Ι
1615 5398 1724 5452 llud
1739 5398 1853 5470 jam
1882 5393 2086 5490 tertium
2106 5391 2386 5490 vidwmns,
2409 5388 2663 5490 quodnon
2688 5386 2853 5490 minus
2877 5385 2930 5437 in
2950 5377 3389 5490 istisompe‘Chri:

811 5503 924 5573 ejus
951 5468 1131 5567 corpus
1161 5468 1411 5560 exhorret,
1442 5491 1563 5563 quia
1599 5468 1904 5542 contendunt
1927 5500 2032 5538 esse
2056 5483 2108 5536 in
2157 5481 2251 5535 hac
2281 5480 2380 5534 vita
2411 5481 2487 5532 vel
2527 5478 2681 5546 fuisse
2693 5478 2891 5573 justas-
2912 5473 3108 5573 nullum
3151 5468 3389 5522 habentes

138 5563 618 5671 mino‘peecatum.
646 5593 806 5652 Certe
832 5563 975 5646 anno
999 5563 1186 5645 Christi
1210 5587 1334 5650 4l4,
1360 5597 1481 5638 cum
1507 5579 1785 5650 epistolam
1816 5576 1914 5632 157
1936 5573 2198 5671 scriberet
2221 5571 2440 5635 Hilario,
2467 5569 2798 5671 reSpondeiis
2827 5566 2893 5671 ad
2915 5563 3236 5671 quamq-(.3093.
3256 5573 3380 5666 «ιξιω

138 5652 763 5755 movebantur,
789 5684 974 5742 eodem
1004 5683 1151 5755 plane
1198 5678 1358 5737 modo
1383 5691 1445 5733 ac
1472 5673 1661 5731 iisdem
1687 5670 1798 5729 fere
1828 5668 2003 5725 verbis
2042 5666 2109 5724 de
2137 5667 2471 5738 ἀναμαρτησίᾳ
2499 5663 2751 5733 Iouuitur,
2783 5657 3046 5733 quibusin
3075 5656 3194 5714 libri
3223 5652 3390 5725 hujus

148 2958 3344 2992 _____________________._________—___—.—————-
