3984 6566
3815 201 3842 236 ἓ

547 313 646 376 2m
1785 295 1845 352 S.
1883 291 2250 352 AUGUSTINI
2288 287 2588 347 EPISCOPI
3713 289 3812 346 an

551 406 917 470 conclusione.
950 401 1054 459 Sed
1083 399 1186 466 isti,
1211 394 1383 466 inquit
1402 394 1456 448 in
1487 393 1600 463 ipsa
1629 389 1872 461 epistola,
1900 406 1956 444 n.
1982 389 2037 454 4,
2063 398 2327 460 utcumque
2351 383 2597 439 tolerandi
2619 389 2754 450 sunt,
2772 378 2972 452 quando
3001 377 3171 433 dicunt
3194 377 3274 433 vel
3301 393 3432 445 esse,
3450 377 3530 434 vel
3557 379 3713 450 fuisse
3729 385 3804 440 hic

551 503 789 570 aliquem,
820 505 999 569 praeter
1027 507 1181 546 unum
1213 488 1460 542 Sanctum
1481 492 1770 538 sanctorum
1795 481 1878 551 qui
1905 480 2102 534 nullum
2147 480 2348 532 haberet
2368 475 2566 530 omnino
2586 482 2850 570 peccatum
2879 487 2900 526 :
2942 470 3072 570 illud
3096 485 3213 570 itero
3239 469 3377 570 quod
3402 471 3808 570 dieunttsulﬁee-

553 612 610 652 re
630 562 832 649 bomini'
847 591 1054 644 liberum
1082 582 1348 638 arbitrium
1384 578 1452 633 ad
1473 577 1727 632 dominica
1755 583 2004 646 prmeepta
2039 571 2318 643 implenda,
2347 570 2543 624 etiamsi
2571 567 2666 622 Dei
2693 568 2860 638 gratia
2887 573 2937 620 et
2965 563 3192 634 Spiritus
3211 563 3372 618 sancti
3402 562 3538 618 dona
3563 563 3633 617 ad
3672 583 3812 638 opera

567 690 700 743 bona
714 700 814 738 non
841 679 1125 749 adjuvetur,
1149 674 1356 728 omnino
1386 664 1912 724 anathematizandum
1937 673 2008 719 est
2028 671 2072 718 et
2094 661 2321 718 omnibus
2341 658 2762 716 exsecrationibus
2787 652 3378 749 detestandumsll‘isad
3406 663 3648 749 estnema
3665 661 3816 718 verba

560 745 932 846 subsequentis
957 770 1078 826 libri
1121 767 1463 839 comparatis,
1514 762 1644 820 nihil
1665 760 2006 818 verisimilius
2032 757 2324 829 apparebit,
2353 768 2510 826 quam
2550 753 2721 823 ipsum
2749 749 2965 846 librum,
2991 760 3097 818 quo
3141 745 3810 846 deﬁtiitiones—leestiigx

557 837 755 925 Sicilia-
781 863 976 935 pariter
999 860 1172 916 allatae
1228 837 1577 924 refelluntur,
1620 868 1728 910 non
1754 851 1912 922 longo
1942 859 2062 922 post
2107 847 2388 920 epistolam
2429 854 2669 916 tempore
2706 839 3068 910 conscriptum
3097 853 3240 895 esse.
3273 837 3429 894 Illum
3457 839 3731 898 Possidius
3768 845 3816 902 in

557 959 737 1016 Indice
753 957 991 1029 proxime
1017 963 1135 1027 post
1163 954 1352 1009 librum
1377 952 1446 1008 de
1474 951 1670 1006 Natura
1699 957 1754 1004 et
1772 946 1950 1003 Gratia
1977 946 2224 1011 collocat,
2250 941 2631 1014 prmmitlitque
2660 939 2796 995 libro
2819 937 2888 994 de
2903 937 3083 995 Gestis
3109 936 3328 1008 Pelagii.
3353 937 3679 1009 Augustinus
3703 953 3822 992 vero

558 1062 614 1117 in
641 1049 866 1123 epistola
884 1047 986 1104 169
1005 1089 1022 1114 ,
1041 1061 1160 1118 quae
1179 1045 1279 1102 sub
1309 1045 1433 1098 anni
1471 1043 1578 1098 415
1604 1044 1762 1096 linem
1782 1037 1851 1094 ad
1887 1038 2151 1094 Evadium
2181 1037 2302 1093 data
2321 1044 2426 1101 est,
2452 1033 2608 1104 hujus
2628 1031 2843 1104 quidem
2886 1031 3066 1123 aperis
3089 1045 3195 1086 non
3208 1031 3462 1123 meminit
3487 1047 3503 1098 ;
3533 1046 3717 1123 verum
3749 1032 3818 1088 ibi

559 1119 824 1211 signiﬁcat
867 1153 926 1194 se
954 1137 1022 1193 ad
1042 1136 1218 1194 Orosii
1245 1132 1724 1192 Commonitorium
1773 1127 2136 1200 respondisse,
2158 1129 2211 1183 in
2235 1143 2338 1198 quo
2360 1125 2450 1183 ille
2482 1123 2901 1182 Commonitorio
2924 1120 3156 1186 dicebat,
3195 1119 3502 1193 Eutropium
3533 1132 3582 1178 et
3606 1121 3826 1180 Paulum

559 1237 840 1306 episcOpos,
870 1231 1124 1304 quoddam
1146 1231 1298 1287 etiam
1325 1227 1762 1284 roumtonitorium
1783 1225 1944 1280 eidem
1963 1225 2244 1297 Augustino
2255 1226 2368 1298 jam
2411 1222 2608 1278 dedisse
2625 1221 2688 1276 de
2711 1220 2984 1292 aliquantis
3009 1219 3304 1276 limresibus.
3329 1216 3470 1274 Sunt
3485 1217 3578 1306 qui
3596 1215 3700 1272 hoc
3725 1231 3832 1274 non

561 1305 738 1393 aliud,
752 1341 911 1397 quam
950 1324 1154 1379 litteras
1191 1322 1260 1378 ab
1285 1321 1350 1376 iis
1375 1336 1498 1377 cum
1524 1319 1760 1378 Ctelestii
1781 1316 2177 1374 deﬁnitionibus
2213 1315 2364 1372 datas
2391 1313 2706 1384 intelligant.
2735 1311 2863 1370 Utut
2887 1319 2992 1380 est,
3047 1309 3187 1366 haud
3225 1318 3427 1365 temere
3461 1305 3694 1364 creditur
3715 1321 3830 1376 eos,

567 1433 676 1473 non
701 1417 870 1473 multo
897 1425 1018 1487 post
1044 1414 1326 1486 appulsum
1351 1411 1522 1468 Orosii
1551 1413 1603 1467 in
1645 1410 1904 1476 Africam,
1933 1408 2137 1466 scilicet
2175 1415 2301 1464 ante
2323 1406 2558 1463 medium
2595 1419 2796 1460 annum
2827 1404 2964 1472 415,
2991 1401 3204 1460 dedisse
3230 1399 3448 1458 easdem
3475 1398 3831 1468 deﬁnitiones,

566 1519 726 1581 atque
789 1508 1050 1564 adversus
1095 1507 1213 1562 illas
1277 1506 1632 1578 Augustinum
1686 1503 2038 1574 responsione
2085 1500 2278 1559 Oresio
2322 1500 2469 1572 prius
2509 1500 2718 1558 reddita
2741 1539 2760 1569 ,
2805 1513 2934 1556 mox
2994 1496 3254 1568 Eutropio
3309 1502 3367 1552 et
3420 1492 3594 1552 Paulo
3641 1492 3836 1550 rescri-

607 1615 764 1656 51586.

569 1619 920 1748 mitigemus
943 1707 1122 1763 porro,
1151 1689 1302 1761 cujus
1329 1703 1523 1746 nomen
1551 1687 1888 1744 deﬁnitiones
1913 1687 2017 1742 illa:
2038 1685 2410 1757 praeferebant,
2436 1695 2704 1758 antequam
2729 1683 3068 1756 Pelagianam
3093 1683 3282 1756 dogma
3301 1682 3604 1746 incurreret,
3633 1679 3838 1752 scripsit

567 1784 638 1839 ad
667 1794 895 1854 parentes
918 1800 1034 1840 suos
1057 1783 1120 1837 de
1139 1785 1460 1851 monasterio,
1489 1790 1550 1840 ut
1571 1778 1876 1838 Gennadius
1895 1779 1950 1836 in
1979 1779 2114 1836 libro
2141 1779 2210 1836 de
2232 1779 2588 1849 Scriptoribus
2609 1777 2982 1835 ecclesiasticis
3003 1784 3246 1845 testatur,
3275 1773 3536 1845 Epistolas
3560 1773 3614 1828 in
3635 1775 3844 1829 modum

571 1873 861 1936 libellorum
883 1883 1002 1940 tres,
1032 1873 1262 1928 omnibus
1289 1873 1456 1928 Deum
1491 1871 1892 1928 desiderantibus
1915 1872 2241 1926 necessarias.
2272 1871 2524 1928 leestio
2545 1878 2728 1941 postea
2768 1869 3108 1940 Pelagianam
3139 1867 3386 1924 haeresim
3407 1866 3652 1938 professo
3667 1865 3846 1922 editus

571 1967 640 2022 ab
668 1966 783 2037 ipso
811 1975 892 2020 est
917 1964 1150 2032 libellus,
1182 1965 1445 2036 quointer
1471 1965 1595 2028 alia,
1625 1979 1720 2034 per
1761 1963 2088 2034 Baptismum
2135 1963 2355 2030 Christi,
2385 1963 2546 2019 etiam
2575 1963 2913 2034 parvulorum
2956 1962 3070 2018 ﬁeri
3119 1959 3544 2030 redemptionem
3567 1957 3846 2018 confessus

572 2069 656 2113 est
677 2058 727 2112 in
750 2055 1151 2128 Carthaginensi
1180 2057 1437 2124 Ecclesia,
1465 2055 1754 2127 episcopali
1782 2055 1982 2126 judicio
2005 2054 2200 2110 ibidem
2228 2056 2326 2111 sub
2357 2055 2563 2110 initium
2611 2056 2736 2110 anni
2760 2054 2873 2111 412
2899 2055 3085 2111 habito
3106 2094 3121 2120 ,
3155 2061 3212 2108 ut
3234 2052 3500 2108 discimus
3521 2067 3592 2108 ex
3615 2051 3848 2123 epistola

572 2147 640 2202 ad
665 2147 1026 2202 Innocentium
1058 2163 1268 2218 papam,
1301 2147 1440 2203 inter
1485 2146 1897 2218 Augustinianas
1923 2146 2024 2202 175
2043 2187 2059 2214 ,
2089 2162 2181 2202 nn.
2205 2147 2232 2202 1
2273 2153 2328 2202 et
2347 2145 2416 2213 6;
2457 2161 2522 2201 ex
2547 2147 2707 2202 citata
2735 2146 2875 2204 item
2919 2145 3144 2216 epistola
3175 2144 3298 2211 157,
3327 2161 3384 2198 ιι.
3413 2143 3526 2210 22;
3553 2157 3624 2198 ex
3649 2141 3790 2198 libro
3818 2141 3842 2198 1

575 2239 643 2294 de
661 2239 1012 2296 Peccatorum
1043 2241 1265 2308 Meritis,
1302 2257 1356 2295 n.
1389 2240 1478 2306 62,
1507 2249 1564 2298 et
1591 2241 1728 2296 libro
1756 2239 1812 2306 2,
1845 2255 1900 2294 η.
1932 2239 2039 2304 58;
2065 2254 2132 2294 ex
2158 2239 2293 2296 libro
2330 2237 2398 2294 de
2441 2238 2667 2295 Peccato
2706 2238 2971 2310 originali,
3007 2253 3063 2293 ιι.
3089 2239 3179 2303 2i,
3211 2247 3268 2292 et
3293 2251 3362 2292 ex
3406 2235 3548 2291 libro
3591 2235 3629 2291 3
3663 2242 3850 2290 contra

469 2412 472 2414 _
574 2328 868 2395 lulianum,
893 2345 948 2383 η.
971 2329 1024 2385 8.
1047 2330 1198 2384 Alius
1222 2337 1500 2401 prauerea,
1526 2329 1742 2385 nomine
1761 2328 1978 2400 quidem
2001 2329 2235 2385 auctoris
2263 2330 2344 2386 sui
2371 2343 2578 2396 carens,
2615 2328 2712 2386 sed
2739 2329 2830 2400 qui
2859 2327 3240 2399 perhibebatur
3267 2343 3390 2384 esse
3417 2325 3659 2383 Ctelestii
3693 2325 3846 2392 liber,

577 2421 634 2475 in
654 2420 882 2490 capitula
897 2419 1230 2488 distributus,
1253 2429 1580 2476 memoratur
1598 2420 1652 2476 in
1681 2420 1924 2490 proxime
1948 2427 2197 2476 secuturo
2224 2420 2359 2476 libro
2383 2419 2450 2476 de
2469 2419 2646 2477 Gestis
2671 2419 2892 2491 Pelagii,
2916 2417 3114 2486 nn.29,
3145 2418 3234 2487 30,
3258 2421 3346 2476 63.
3373 2417 3676 2474 Exstabant
3701 2417 3852 2473 deni-

577 2525 682 2579 que
699 2524 840 2564 anno
864 2511 965 2564 M7
995 2512 1246 2580 opuscula
1291 2511 1529 2567 Caelestii
1557 2512 1706 2580 plura
1732 2510 1851 2566 sive
1879 2511 2062 2578 libelli,
2113 2527 2250 2582 quos
2293 2511 2345 2565 in
2377 2512 2512 2567 libro
2540 2511 2608 2567 de
2633 2511 2814 2568 Gratia
2854 2511 3071 2576 Christi,
3115 2527 3212 2566 nn.
3239 2512 3329 2579 3|,
3373 2511 3465 2576 36,
3501 2510 3704 2566 dicitur
3731 2511 3848 2580 ipse

579 2603 763 2657 Romae
787 2603 952 2673 gestis
992 2603 1368 2658 ecclesiasticis
1390 2603 1532 2674 apud
1561 2602 1832 2659 Zosimnm
1860 2603 2140 2674 allegasse.
2171 2603 2322 2673 Quod
2358 2613 2537 2659 autem
2565 2605 2887 2675 Augustinus
2915 2604 3002 2658 hic
3045 2605 3098 2658 in
3128 2604 3346 2659 exordio
3371 2603 3489 2658 libri
3549 2603 3622 2659 de
3669 2602 3857 2658 Perle-

584 2693 764 2748 etione
787 2692 1004 2762 iustitia:
1035 2693 1264 2747 hominis
1285 2703 1507 2748 testatur
1535 2709 1564 2750 a
1591 2709 1650 2749 se
1677 2694 1848 2750 visum
1890 2709 2025 2764 opus
2069 2694 2308 2750 C(elestii
2341 2694 2715 2764 indubitatum,
2743 2710 2811 2750 ex
2843 2709 2949 2766 quo
2993 2695 3324 2766 intelligebat
3369 2695 3484 2751 illas
3513 2693 3858 2751 deﬁnitiones

582 2799 678 2838 seu
705 2783 1135 2838 ratiocinationes
1183 2783 1250 2838 ab
1274 2786 1389 2854 ejus
1413 2785 1623 2854 ingenio
1649 2800 1753 2839 non
1789 2784 2100 2850 abhorrere,
2120 2786 2260 2841 idem
2288 2785 2415 2840 illud
2441 2785 2662 2842 forsitan
2705 2795 2840 2854 erat,
2871 2786 3013 2858 quod
3039 2787 3392 2859 Hieronymus
3427 2787 3480 2842 in
3523 2789 3760 2860 epistola
3795 2789 3859 2844 ad

583 2875 986 2944 Ctesiphontem
1013 2891 1153 2930 anno
1177 2877 1286 2931 M3
1311 2886 1400 2930 aut
1425 2877 1532 2932 414
1551 2877 1745 2947 scripta
1765 2878 1892 2932 citat
1912 2879 1965 2934 in
2001 2878 2115 2933 haec
2135 2878 2330 2936 verba:
2365 2877 2509 2935 Unus
2533 2878 2896 2952 discipulorum
2925 2881 3052 2948 eius,
3088 2869 3296 2951 Pelagii
3313 2880 3564 2935 nimirum
3587 2920 3602 2946 ,
3625 2879 3734 2934 imo
3751 2881 3860 2951 jam

585 2971 825 3041 magister
848 2979 896 3023 et
927 2971 1075 3024 totius
1103 2969 1281 3024 ductor
1307 2970 1556 3023 exercitus
1579 2979 1626 3023 et
1651 2981 1826 3022 contra
1851 2971 2148 3041 Apostolum
2170 2987 2260 3026 uas
2287 2972 2602 3042 perditionis,
2630 2988 2720 3041 per
2743 2973 3156 3038 soloecismorum,
3182 2981 3230 3026 et
3253 2988 3374 3039 non,
3403 2983 3460 3027 ut
3485 2973 3566 3027 sui
3577 2973 3856 3044 jaetitant,

586 3062 996 3133 syllogismorum
1024 3062 1220 3132 spineta
1246 3061 1533 3127 decurrens,
1564 3061 1638 3116 sic
1680 3062 2067 3132 philosophatur
2091 3071 2136 3116 et
2161 3062 2428 3133 disputat:
2449 3061 2512 3118 Si
2549 3062 2678 3118 nihil
2718 3079 2814 3133 ago
2856 3063 3042 3135 absque
3063 3062 3159 3118 Dei
3181 3065 3394 3130 auxilio,
3419 3074 3468 3118 et
3515 3081 3610 3134 per
3655 3063 3862 3134 singula

587 3172 741 3223 opera
770 3156 878 3226 ejus
905 3162 974 3208 est
1003 3171 1150 3208 onme
1167 3157 1303 3224 quod
1324 3169 1565 3223 gessero;
1591 3170 1710 3225 ergo
1738 3169 1838 3209 non
1859 3169 1950 3226 ego
1985 3155 2074 3225 qui
2101 3155 2291 3222 laboro,
2322 3154 2410 3210 sed
2442 3153 2531 3210 Dei
2559 3155 2609 3209 in
2640 3171 2718 3210 me
2740 3155 3060 3210 coronabitur
3083 3155 3329 3210 auxilium
3353 3171 3371 3220 ;
3397 3161 3692 3227 frustraque
3718 3156 3858 3210 dedit

585 3247 781 3302 arbitrri
810 3259 1120 3316 potestatem,
1150 3263 1302 3318 quam
1348 3246 1566 3318 implere
1593 3262 1694 3300 non
1725 3261 1951 3318 possunt,
1995 3247 2096 3301 nisi
2133 3249 2242 3319 ipse
2285 3263 2362 3302 me
2399 3263 2596 3318 semper
2627 3247 2898 3318 adjuverit.
2945 3247 3234 3302 Destruitur
3279 3248 3413 3301 enim
3439 3249 3698 3317 voluntas,
3759 3265 3866 3320 qua

589 3339 797 3392 alterius
824 3355 918 3408 ope
945 3338 1150 3409 indiget.
1182 3338 1286 3394 Sed
1311 3337 1521 3392 liberum
1552 3338 1691 3393 dedit
1717 3339 1981 3393 arbitrium
2019 3338 2178 3405 Deus,
2211 3340 2347 3411 quod
2371 3340 2520 3393 aliter
2544 3356 2644 3394 non
2685 3340 2778 3393 erit
2797 3340 3030 3406 liberum,
3057 3339 3158 3394 nisi
3182 3343 3346 3411 fecero
3373 3339 3512 3404 quod
3537 3341 3774 3394 uoluero.
3799 3341 3867 3394 Ae

591 3445 683 3500 per
707 3433 821 3494 hoc,
849 3438 934 3482 aut
960 3439 1070 3482 utor
1096 3429 1248 3484 semel
1275 3439 1514 3501 potestate
1547 3444 1660 3500 qua
1685 3429 1809 3484 mihi
1834 3430 1954 3484 data
1993 3439 2084 3494 est,
2138 3440 2194 3484 ut
2223 3430 2430 3484 liberum
2465 3439 2688 3484 servetur
2713 3430 3016 3495 arbitrium;
3041 3437 3129 3484 aut
3171 3431 3216 3484 si
3260 3430 3468 3486 alterius
3515 3447 3616 3501 ope
3641 3433 3868 3504 indigeo,

592 3521 795 3577 libertas
815 3521 868 3574 in
897 3537 975 3576 me
1001 3521 1195 3576 arbitrii
1215 3521 1511 3577 destruit".

591 3631 650 3649 ’-

1571 3709 1658 3783 8ο
1737 3707 2208 3780 AURELII
2269 3707 2855 3780 AUGUSTINI

1789 3839 2298 3904 HIPPONENSIS
2337 3839 2692 3904 EPISCOPI

1335 3973 1468 4072 ab
1521 3976 1943 4093 coituros
2003 3976 2508 4091 eutrouium
2559 3982 2639 4072 et
2713 3977 3093 4084 iactatum

1783 4141 2146 4212 EPISTOLA,
2185 4158 2303 4200 sive
2339 4142 2550 4198 LIBER
2585 4139 2664 4214 (a)

999 4251 1348 4412 DE
1545 4253 3490 4418 PERFECTIONE

1655 4493 2207 4577 JUSTITI/E
2267 4493 2792 4578 HOMINIS.

1983 4645 2503 4700 mw

665 4754 782 4817 pata
803 4749 893 4817 sibi
913 4745 1130 4817 chartula
1151 4745 1507 4817 deﬁnitionum,
1527 4757 1638 4810 qua
1658 4743 1864 4817 Caelesti}
1890 4759 2002 4817 esse
2024 4746 2325 4817 dicebantur,
2351 4749 2644 4817 Augustinus
2665 4751 3058 4802 ratiocinationes
3079 4753 3288 4817 primum
3305 4751 3540 4817 singulas,
3561 4753 3758 4817 quibus
3783 4752 3892 4816 ille,

601 4809 683 4878 τίει
698 4809 738 4856 si
753 4809 862 4870 quis
883 4809 1008 4878 alius
1027 4810 1208 4878 erroris
1229 4809 1414 4878 socius,
1442 4807 1975 4878 perperanidetiaiebat
2007 4821 2148 4878 posse
2175 4807 2533 4878 hominemihic
2563 4811 2672 4861 sine
2713 4821 2910 4874 peccato
2937 4807 3313 4878 esse,'dissolvit
3333 4807 3892 4878 bret'ibus'responsis,

603 4868 1146 4944 docensperiectionem
1159 4868 1816 4944 plenitptlinemquejustitiaa
1839 4869 1984 4944 illam,
2001 4868 2096 4932 qua
2107 4870 2378 4944 homo‘sinc
2399 4869 2500 4944 ullo
2523 4868 2724 4944 prorsus
2737 4883 2934 4944 peccato
2955 4876 3036 4934 sit,
3055 4868 3152 4944 nec
3171 4877 3280 4926 sine
3301 4877 3458 4938 gratia
3475 4868 3778 4944 possibilem
3801 4868 3892 4944 per

603 4931 734 5003 uires
757 4937 957 5003 naturae,
981 4929 1254 5003 praesertim
1277 4929 1472 5003 vitiatae,
1499 4929 1592 5003 nec
1613 4929 1828 5003 unquam
1843 4943 1954 5003 esse
1979 4929 2232 5003 praesentis
2249 4932 2391 5003 hujus
2411 4929 2854 5003 vitmlyergitinde
2872 4937 2932 4984 ad
2955 4929 3433 5003 auctoritates,‘qt_ias
3457 4929 3634 5003 eadem
3659 4929 3894 4990 diariula

602 4991 942 5070 sessurus
959 4991 1715 5070 semesacsuiaslstzs'is
1724 4991 2106 5070 99.1991139qu
2123 4991 2407 5070 Ριῑῖξιῖίιῠψξ
2426 4996 2580 5070 Just.
2599 4991 2929 5070 ίτξξῖηειευωιιε
2952 5005 3005 5070 εξ
3026 4991 3307 5070 ιεενιῖοειυέν
3325 4991 3443 5070 ﬁlias
3463 4999 3646 5070 quibus
3667 5013 3894 5049 οοιιιιηε-

603 5049 1259 5164 ἱῗὲξῗιὲἶῖὺιῦἓηεὲῧῗὲᾔὲἒνίε
1279 5054 1364 5102 Dei
1387 5053 1610 5102 mndata
1623 5087 1638 5111 ,
1799 5053 1991 5102 tandem
2014 5049 2152 5116 quasi
2175 5053 2266 5116 bis,
2281 5049 2402 5118 'qute
2421 5067 2452 5106 a
2485 5055 2736 5107 catholicis
2765 5067 2934 5108 contra
2976 5049 3260 5123 Pelagianos
3291 5049 3498 5122 proferri
3517 5059 3776 5124 solerent,
3801 5075 3866 5110 an

605 5193 812 5249 Sanctis
853 5195 1094 5265 fratribus
1137 5205 1182 5250 et
1224 5196 1530 5267 coepiscopis
1571 5197 1834 5258 Eo'rnorio
1876 5209 1920 5253 et
1972 5198 2182 5266 ΡΑυιο,
2293 5208 2436 5256 tanta
2463 5209 2562 5269 est,
2595 5211 2650 5258 et
2679 5211 2782 5258 tam
2814 5212 3016 5270 sancta,
3047 5212 3106 5258 ut
3131 5205 3288 5260 etiam
3314 5205 3516 5274 iubenti
3545 5205 3768 5262 servire
3795 5207 3894 5260 de-

1219 5289 1569 5344 Aucusrmus.
2293 5291 2475 5359 lectet,
2505 5295 2689 5363 petivit
2714 5303 2772 5350 ut
2797 5294 3192 5352 deﬁnitionibus
3221 5312 3338 5367 quae
3365 5296 3615 5352 dicuntur
3639 5296 3900 5354 C(I‘ICSIii

675 5375 900 5436 CAPUT
939 5377 1308 5437 PRlllUil.—
1333 5381 1572 5438 Charitas
1601 5393 1795 5449 vestra,
1820 5399 1937 5454 qum
1960 5382 2010 5438 in
2037 5384 2187 5439 vobis
2292 5399 2439 5448 csso,
2489 5385 2863 5456 respondeam.
2908 5387 2997 5442 Sic
3040 5389 3181 5444 enim
3225 5399 3522 5460 prmnotata
3564 5399 3652 5446 est
3697 5390 3898 5448 eadem

1784 5490 2070 5532 ADIONITIO
2110 5492 2190 5530 PP.
2232 5491 2710 5534 BENEDICTINORUI.

669 5563 745 5636 Ad_
771 5563 1273 5636 emendandumhhunc
1293 5563 1469 5615 librum
1491 5565 1794 5636 adhibuimus
1815 5575 2164 5630 manuscriptos
2184 5567 2387 5636 codices
2409 5583 2472 5636 ex
2488 5571 2718 5636 _\'aticana
2741 5569 3032 5636 bibliotheca
3055 5580 3278 5636 quatuor,
3307 5580 3359 5626 et
3391 5575 3629 5626 tredecim
3668 5589 3742 5627 ex
3785 5575 3895 5624 cal-

609 5622 805 5706 licanis,
835 5626 1024 5677 scilicet
1059 5625 1401 5689 tioiiwrtinum,
1427 5629 1753 5694 sorixmiemn,
1779 5622 2068 5682 nemensem'
2103 5632 2300 5695 majoris
2321 5631 2563 5693 Faciesiie,
2597 5638 2939 5684 Carnotensem
2977 5622 3278 5689 abbatiazfs.’
3295 5622 3896 5706 ﬁeriﬁha'égaién‘séin

669 5705 746 5769 ta)
775 5709 986 5770 Saintes
1005 5709 1200 5762 circiter
1223 5708 1372 5760 ﬁnem
1391 5712 1506 5762 anni
1526 5709 1618 5765 415
