3984 6520
199 428 400 496 chartula
426 435 570 496 quam
595 416 817 474 dedistis
835 457 853 484 ,
886 413 1215 484 Deﬁnitiones
1233 455 1248 479 ,
1273 420 1330 466 ut
1355 409 1570 473 dicitur,
1601 404 1717 496 Car-

200 492 343 584 tertii:
374 492 476 589 qua:
517 507 824 583 praenotatio
865 505 1056 570 credo,
1090 502 1231 574 quod
1273 516 1380 558 non
1420 498 1593 589 illius,
1622 492 1718 589 sed

200 583 356 674 eorum
378 583 435 664 sit
457 602 538 674 qui
563 597 974 675 hocattuleruu't
999 593 1066 650 de
1090 593 1289 660 Sicilia,
1317 590 1406 646 ubi
1436 583 1719 646 Caelestius

199 722 290 764 non
312 715 408 758 esse
429 691 724 767 perhibetur
742 730 759 756 ,
789 687 886 744 sed
911 685 1061 742 multi
1083 685 1100 718 ⁸
1132 684 1254 739 talia
1278 681 1572 754 garrientes
1591 718 1606 742 ,
1634 684 1687 730 et
1702 715 1718 739 ,

199 799 308 855 sicut
327 792 386 846 ait
409 782 684 858 Apostolus
703 825 718 847 ,
749 780 850 852 ipsi
891 788 1110 834 errantes
1129 817 1144 841 ,
1174 785 1221 830 et
1262 775 1391 829 alios
1424 773 1476 826 in
1503 784 1721 825 errorem

199 888 398 942 mittetues
435 874 496 947 (ll
538 872 671 928 Tim.
697 886 791 936 ιιι,
825 869 940 939 15).
978 868 1056 923 Ex
1085 866 1227 922 illius
1251 873 1426 919 tamen
1454 859 1571 916 haec
1604 872 1722 912 esse

199 972 416 1034 doctrina,
445 964 526 1021 vel
551 963 711 1020 etiam
749 958 1105 1032 quorumdam
1145 955 1408 1012 sociorum
1438 951 1554 1022 ejus
1581 951 1603 982 '
1623 989 1637 1012 ,
1668 955 1723 1003 et

198 1079 276 1122 nos
298 1067 550 1130 possumus
572 1051 843 1107 arbitrari.
871 1048 1004 1104 Nam
1035 1061 1204 1117 neque
1232 1044 1347 1100 ista:
1373 1043 1566 1099 breves
1594 1037 1725 1094 dell-

197 1154 412 1213 nitiones,
444 1144 525 1201 vel
549 1142 728 1215 potius
754 1139 1216 1204 ratiocinationes,
1255 1135 1325 1192 ab
1357 1135 1500 1190 illius
1523 1132 1724 1187 abhor-

197 1251 290 1301 rest
300 1235 487 1310 ingenio
503 1249 519 1300 ;
537 1231 681 1305 quod
697 1231 751 1288 iu
770 1245 932 1301 opere
948 1229 1050 1284 alio
1067 1227 1178 1300 ejus
1194 1225 1421 1297 inspexi,
1435 1224 1588 1294 cujus
1602 1236 1723 1278 eum

201 1334 485 1393 esseconstat
500 1329 778 1379 auctorem
803 1338 818 1376 :
851 1330 904 1377 et
931 1335 1034 1376 non
1058 1319 1250 1373 frustra
1272 1317 1400 1372 istos
1419 1314 1611 1370 fratres
1635 1311 1724 1382 qui

199 1425 290 1484 hac
308 1419 594 1480 attulerunt,
624 1415 680 1468 in
705 1412 885 1470 Sicilia
914 1410 1160 1466 existimo
1183 1407 1416 1475 audisse,
1442 1404 1582 1477 quod
1611 1404 1726 1474 ipse

197 1512 390 1573 docuerit
413 1509 505 1564 ista
521 1505 610 1562 vel
631 1502 927 1575 scripserit.
957 1501 1158 1558 Vellem
1183 1506 1384 1563 autem,
1415 1497 1460 1553 si
1488 1510 1724 1567 possem,

199 1607 255 1663 ita
289 1590 635 1669 obtemperare
679 1604 876 1650 vestrae
918 1591 1163 1648 lratemaa
1204 1588 1621 1650 benevolentiae,
1671 1594 1730 1640 ut

199 1697 322 1753 etiam
345 1704 433 1761 ego
454 1697 560 1742 tam
592 1684 828 1742 breviter
853 1682 1250 1754 responderem.
1276 1678 1382 1736 Sed
1419 1679 1522 1734 nisi
1563 1688 1620 1734 et
1638 1677 1728 1733 illa

201 1793 553 1844 commemorem
581 1777 776 1848 quibus
793 1772 1111 1844 respondeo,
1131 1771 1250 1842 quis
1269 1769 1466 1842 poterit
1484 1768 1730 1841 quemad-

201 1873 372 1932 modum
392 1866 758 1940 responderim
780 1862 1055 1936 judicare?
1076 1861 1323 1918 Conabor
1345 1870 1541 1926 tamen,
1564 1877 1733 1932 quan-

205 1961 523 2023 tumnluero,
567 1957 944 2029 adjuvantibus
972 1970 1059 2011 me
1094 1953 1236 2025 apud
1279 1952 1489 2008 Domini
1517 1953 1732 2008 miseri-

202 2053 391 2110 cordiam
415 2049 570 2106 etiam
599 2046 930 2104 orationibus
954 2045 1170 2112 vestris,
1195 2053 1255 2100 ut
1283 2059 1390 2100 non
1417 2043 1552 2100 ultra
1572 2059 1730 2116 quam

209 2158 381 2200 necesse
401 2150 472 2198 est
497 2155 662 2196 meus
686 2154 866 2196 sermo
893 2145 1192 2209 procurrat.

267 2232 444 2292 CAPUT
459 2231 518 2286 ll.
534 2230 978 2286 —Ratiocinatio
994 2229 1179 2300 prima.
1193 2229 1320 2282 Ante
1334 2228 1521 2295 omnia,
1542 2228 1732 2299 inquit,

218 2323 532 2397 interrogandus
563 2329 642 2378 est
668 2321 758 2393 qui
793 2329 943 2393 negat
979 2320 1230 2375 hominem
1256 2320 1364 2375 sine
1393 2329 1592 2391 peccato
1631 2337 1737 2376 esse

216 2413 456 2486 posseadd
470 2414 529 2467 sit
547 2413 906 2484 quodcumque
927 2419 1208 2482 peccatum,
1226 2411 1360 2480 quod
1385 2410 1530 2464 uitari
1549 2420 1732 2480 potest,

211 2523 264 2558 an
279 2505 388 2577 quod
406 2505 534 2558 vitari
558 2520 662 2559 non
687 2511 868 2575 potest.
883 2501 946 2557 Si
962 2501 1098 2571 quod
1120 2501 1270 2555 vitari
1290 2518 1389 2556 non
1414 2510 1593 2574 potest,
1619 2519 1737 2573 pec-

211 2608 351 2650 catum
371 2612 457 2650 non
475 2606 538 2650 est
575 2612 596 2650 :
619 2595 663 2650 si
687 2593 823 2665 quod
847 2594 994 2647 uitari
1030 2601 1226 2663 potest,
1259 2602 1420 2664 potest
1456 2594 1605 2648 homo
1631 2595 1740 2650 sine

215 2697 390 2758 peccato
409 2703 516 2753 esse,
529 2685 657 2757 quod
679 2685 826 2739 vitari
849 2693 1028 2755 potest.
1043 2681 1218 2759 ,Ναιια
1242 2685 1374 2738 enim
1400 2686 1530 2740 ratio
1558 2686 1634 2740 vel
1647 2687 1742 2756 ju-

219 2777 341 2833 stitia
360 2777 518 2846 patitur
533 2776 694 2830 saltem
709 2775 814 2828 dici
831 2784 1109 2847 peccatum,
1122 2775 1255 2844 quod
1273 2776 1420 2830 vitari
1437 2778 1576 2831 nullo
1592 2777 1739 2832 modo

225 2877 381 2938 potest.
401 2867 765 2939 Respondemus
784 2867 944 2922 vitari
973 2882 1129 2937 posse
1151 2877 1446 2937 peccaturo,
1479 2869 1522 2923 si
1552 2879 1737 2924 natura

225 2957 379 3013 vitiata
391 2965 575 3012 sanetur
585 2957 748 3028 gratia
762 2957 856 3012 Dei
875 2972 969 3027 per
979 2955 1008 3012 J
1013 2972 1160 3012 esum
1172 2955 1436 3012 Christum
1455 2958 1738 3013 Dominum

223 3056 438 3103 nostrum.
462 3047 508 3101 In
535 3055 741 3102 tantum
763 3049 907 3103 enim
933 3063 1061 3103 sana
1083 3063 1185 3102 non
1208 3056 1310 3117 est,
1333 3049 1385 3104 in
1410 3059 1662 3120 quantum
1689 3051 1740 3106 id

219 3138 340 3209 quod
355 3137 620 3195 iaciendum
641 3149 746 3207 est,
769 3149 860 3195 aut
887 3139 1122 3196 cmcitate
1143 3154 1248 3194 non
1276 3139 1440 3207 videt,
1469 3151 1561 3196 aut
1585 3141 1740 3196 inﬁr-

210 3229 364 3283 mitate
395 3243 487 3284 non
522 3229 751 3300 implet;
795 3229 922 3286 dum
960 3245 1087 3286 caro
1124 3231 1451 3301 concupiscit
1489 3231 1743 3288 adversus

207 3318 429 3387 spiritum,
456 3329 507 3375 et
531 3321 756 3390 spiritus
777 3320 1032 3377 adversus
1051 3336 1264 3378 carnem
1290 3339 1305 3389 ;
1336 3331 1394 3378 ut
1415 3337 1522 3379 non
1542 3339 1604 3378 ea
1625 3339 1743 3395 qna:

204 3412 292 3465 vult
318 3410 459 3466 homo
485 3411 644 3466 faciat
674 3411 872 3485 (Galat.
904 3427 975 3479 v,
1009 3413 1120 3484 17).

260 3499 571 3555 Ratiocinatio
602 3500 658 3556 2.
680 3500 714 3556 Ι
717 3512 879 3556 terum
897 3502 1218 3572 quaerendum
1239 3513 1330 3568 est,
1355 3504 1542 3574 inquit,
1562 3522 1743 3576 pecca-

203 3601 287 3643 tum
313 3591 584 3658 voluntatis,
619 3608 688 3646 an
731 3592 1037 3647 necessitatis
1061 3601 1153 3647 est.
1200 3593 1262 3649 Si
1289 3595 1592 3649 necessitatis
1633 3605 1743 3662 est,

202 3689 418 3747 peccatum
441 3697 538 3735 non
565 3691 646 3734 est
688 3696 708 3736 :
746 3681 791 3734 si
827 3681 1094 3736 uoluntatis
1119 3691 1221 3749 est,
1250 3683 1398 3736 uitari
1423 3693 1602 3753 potest.
1637 3685 1748 3740 Re-

199 3769 481 3838 spondemus
517 3769 670 3840 quod
709 3785 867 3842 supra
901 3789 915 3824 :
945 3780 998 3825 et
1022 3778 1082 3826 ut
1111 3786 1360 3826 sanentur
1381 3811 1398 3838 ,
1439 3771 1747 3830 invocamus

202 3872 334 3925 etim,
372 3859 455 3914 cui
493 3859 702 3915 dicitur
728 3862 779 3914 in
822 3861 1033 3916 Psalmo
1055 3902 1072 3928 ,
1102 3859 1181 3915 De
1207 3862 1579 3918 necessitatibus
1626 3865 1749 3921 meis

200 3949 301 4002 οὐκ
321 3963 394 4004 me
417 3947 596 4023 (Psal.
630 3966 760 4005 ικιν
779 3991 797 4018 ,
830 3949 943 4023 17).

257 4038 581 4095 Ratiociuatio
612 4043 668 4097 5.
695 4040 908 4106 Iterum,
937 4041 1126 4113 inquit,
1157 4042 1481 4111 querendum
1505 4041 1750 4117 est,'quid

199 4140 259 4186 est
273 4143 535 4203 peccatum,
552 4133 814 4199 naturale,
841 4150 907 4188 an
932 4133 1184 4188 accidens.
1210 4133 1274 4190 Si
1297 4135 1550 4202 naturale,
1567 4153 1749 4208 pecca-

202 4231 286 4276 tum
305 4239 396 4278 non
418 4234 536 4280 est:
561 4224 615 4278 si
638 4233 808 4279 autem
834 4223 1061 4278 accidens
1087 4232 1160 4278 est
1179 4264 1194 4290 ,
1225 4233 1273 4278 et
1298 4225 1530 4280 recedere
1552 4236 1752 4298 potest;

199 4314 360 4382 etquod
372 4315 606 4368 recedere
625 4321 806 4385 potest,
821 4314 967 4367 vitari
987 4322 1148 4384 potest
1162 4323 1238 4378 ;et
1252 4314 1387 4384 quod
1402 4315 1550 4370 vitari
1567 4326 1748 4388 potest,

201 4415 331 4474 potest
353 4407 499 4460 homo
528 4405 646 4460 sine
673 4421 732 4458 eo
759 4421 864 4460 esse
888 4405 1022 4476 quod
1050 4405 1194 4459 vitari
1223 4414 1401 4477 potest.
1437 4406 1752 4478 Responde-

249 4539 264 4570 ί
285 4545 401 4600 tom,
435 4543 557 4590 Sunt
579 4538 715 4589 enim
747 4535 888 4588 multi
908 4549 927 4588 :
949 4537 1182 4589 mendose
1204 4549 1262 4588 ac
1281 4539 1635 4591 reluctantibus
1657 4544 1756 4594 edi-

201 4599 767 4667 tiguihusantiquioribus
782 4606 833 4648 et
853 4599 1074 4667 omnibus
1102 4601 1528 4667 manuscriptisgm
1553 4604 1754 4666 epistola

204 4663 288 4723 157,
304 4662 356 4709 ad
379 4659 631 4720 Hilarium,
657 4659 801 4722 paulo
823 4669 936 4711 ante
969 4659 1060 4723 hoc
1080 4673 1203 4722 opus
1222 4659 1359 4718 data,
1373 4675 1422 4710 ιι.
1447 4661 1526 4723 22,
1546 4659 1628 4713 ubi
1651 4675 1755 4716 Cin-

202 4719 365 4772 lestium
379 4735 436 4772 ac
451 4719 684 4772 errorum
709 4722 859 4784 ipsius
879 4734 908 4771 a
928 4719 1288 4784 Carthag'inensi
1310 4719 1757 4777 concilio'condem-

203 4786 733 4851 nationemhmemorat,
744 4784 928 4833 veritus
949 4796 1030 4851 ne_
1049 4787 1172 4833 terte
1208 4785 1258 4832 in
1289 4785 1443 4833 sicilia
1468 4786 1571 4848 ipse
1602 4797 1752 4851 esset,

203 4845 269 4904 qui
287 4843 626 4894 catholicorum
670 4843 818 4893 ﬁdem
851 4843 1138 4906 perturbare
1169 4853 1459 4894 conaretur:
1484 4843 1517 4892 ἰ
1537 4849 1626 4897 sed
1649 4843 1756 4900 sive

209 4906 333 4971 iipse
349 4907 427 4967 sit,
461 4922 487 4952 ι
516 4907 604 4965 ait,
637 4922 661 4952 ι
682 4906 791 4955 sive
813 4906 891 4954 alii
923 4913 1173 4955 consortes
1212 4907 1330 4971 ejus
1353 4909 1564 4968 erroris;
1590 4910 1758 4971 plures

209 4983 226 5010 I
245 4968 358 5016 enim
377 4977 492 5034 sunt
509 4979 660 5034 quam
681 4978 882 5034 sperare
894 4979 1162 5030 possumus,
1181 4975 1232 5034 et
1246 4967 1330 5016 Ubi
1351 4981 1446 5016 non
1463 4967 1756 5034 redarguun-

210 5042 227 5100 ι
246 5033 325 5100 tur,
348 5029 492 5100 etiam
513 5029 640 5100 alios
657 5029 718 5077 ad
755 5039 894 5100 suam
913 5029 1376 5100 sectamsedueunt,
1395 5037 1448 5079 et
1470 5031 1540 5080 sic
1555 5029 1756 5083 crébre-

203 5095 333 5150 ςωηί,
356 5097 411 5139 ut
431 5095 648 5140 nesciam
663 5101 766 5153 quo
781 5095 880 5138 sint
898 5095 1131 5151 erupturi,
1155 5106 1178 5135 ι
1204 5098 1301 5140 etc.

207 5208 218 5216 _
249 5151 351 5216 istc
369 5163 547 5200 ornnes
568 5151 900 5216 manuscripti.
943 5157 1004 5216 _At
1037 5150 1172 5210 editi,
1195 5155 1483 5216 sectatorum
1503 5151 1624 5216 ejus.
1659 5160 1758 5204 Non

206 5207 514 5277 intoleranter,
542 5211 736 5275 quando
749 5207 1019 5277 praestitis
1048 5207 1285 5277 evaserat
1301 5213 1434 5275 «jam
1455 5207 1686 5277 magister
1706 5222 1759 5265 et

212 5272 379 5339 notius
397 5272 581 5339 ductori
593 5274 859 5331 exercitus,
883 5289 906 5317 ι
935 5272 1560 5339 ut_loquit_ur_Hiet_‘onymus'
1573 5277 1622 5326 in
1645 5277 1751 5339 epi-

205 5331 308 5380 stola
325 5333 382 5382 ad
403 5334 771 5397 Ctesiphontem
793 5346 918 5384 anno
932 5334 1025 5383 413
1041 5331 1124 5386 aut
1137 5335 1231 5384 4H
1251 5331 1446 5398 scripta.

987 301 1078 360 DE
1114 291 1590 359 PERFECTIONE
1626 287 1954 351 JUSTITIE
1994 286 2268 348 HOMINIS
2304 287 2529 348 LIBER.

3301 297 3407 356 ΞΜ

1823 409 1942 468 tur,
1987 402 2228 459 naturale
2271 418 2381 458 non
2427 417 2547 460 esse
2592 411 2902 476 peccatum:
2948 408 3043 466 sed
3093 411 3111 445 ⁸
3163 423 3403 488 naturae,

1824 495 2119 564 praesertim
2161 494 2388 562 vitiatae,
2419 497 2558 554 unde
2589 497 2708 555 facti
2742 515 2926 560 sumus
2962 515 3149 565 natura
3177 511 3270 567 lilii
3311 514 3406 572 irae

1825 582 2037 653 (Ephes.
2065 599 2135 650 ιι,
2163 583 2249 656 5),
2281 600 2467 656 parum
2497 603 2616 646 esse
2643 591 2708 647 ad
2738 607 2842 650 non
2869 599 3190 666 peccandum
3219 605 3408 662 volun-

1825 671 1949 768 tatis
1990 673 2296 741 arbitrium,
2345 677 2445 733 nisi
2487 678 2662 750 adjuta
2703 693 2919 742 sanetur
2962 689 3128 760 gratia
3171 693 3266 751 Dei
3311 712 3410 768 per

1825 761 2004 819 Iesum
2035 763 2300 821 Christum
2332 768 2611 828 Dominum
2647 786 2908 835 nostrum.

1899 849 2240 908 Ratiocinatio
2267 855 2320 910 ι.
2355 856 2564 926 Iterum,
2592 861 2685 930 ait,
2715 868 3040 936 quaerendum
3065 883 3158 942 est,
3183 877 3307 946 quid
3331 889 3407 936 est

1826 951 2106 1010 peccatum;
2129 953 2289 1010 actus,
2318 963 2384 1001 ait
2404 964 2500 1003 res.
2530 950 2591 1005 Si
2617 969 2695 1008 res
2720 964 2808 1022 est,
2838 970 3092 1018 auctorem
3120 966 3299 1022 habeat
3324 987 3405 1026 ne-

1827 1047 1962 1130 {esse
1982 1044 2054 1088 εει
2071 1049 2091 1099 ;
2117 1044 2163 1090 et
2182 1037 2226 1091 si
2245 1048 2498 1094 auctorem
2519 1043 2699 1100 habere
2717 1047 2919 1114 dicitur,
2942 1053 3055 1122 jam
3077 1057 3206 1112 alter
3224 1073 3407 1130 ρνωιεν

1827 1121 1990 1177 Deum
2009 1126 2083 1178 rei
2099 1126 2314 1200 alicujus
2337 1139 2514 1185 auctor
2532 1132 2704 1188 induci
2722 1121 2964 1193 videbitur
2985 1158 3005 1196 :
3031 1153 3082 1197 at
3109 1147 3153 1200 si
3181 1121 3275 1203 hoc
3303 1152 3407 1208 diei

1827 1213 2038 1283 impium
2066 1226 2158 1286 est,
2189 1221 2416 1290 conﬁteri
2439 1239 2634 1280 necesse
2657 1239 2728 1281 est
2754 1242 3010 1300 peccatum
3049 1252 3196 1294 omne
3231 1253 3402 1300 actum

1829 1320 1965 1374 esse,
1997 1324 2098 1362 non
2124 1325 2247 1366 rem.
2281 1311 2344 1367 Si
2366 1313 2522 1385 igitur
2547 1327 2690 1373 actus
2715 1330 2820 1390 est,
2851 1323 2953 1378 into
2977 1328 3095 1396 quia
3129 1345 3240 1387 vere
3265 1345 3408 1391 actus

1829 1404 1934 1463 est,
1972 1399 2335 1496 vitari-potest.
2382 1404 2818 1479 Respondemus,
2867 1427 3142 1484 peccatum
3192 1425 3408 1496 quidem

1829 1496 2006 1588 actum
2044 1491 2148 1548 dici
2177 1503 2230 1549 et
2257 1510 2376 1552 esse
2395 1538 2410 1564 ,
2442 1513 2546 1554 non
2574 1516 2708 1556 rem.
2741 1504 2846 1561 Sed
2870 1508 3029 1565 etiam
3055 1513 3076 1544 '
3103 1513 3156 1570 in
3184 1491 3411 1588 corpore

1830 1576 2144 1636 claudicatio
2163 1584 2348 1640 eadem
2371 1589 2575 1646 ratione
2594 1601 2742 1649 actus
2759 1604 2861 1665 est,
2880 1614 2986 1654 non
3007 1616 3095 1659 res
3114 1622 3128 1660 :
3157 1576 3409 1677 quoiiiam

1831 1681 1952 1765 res,
1979 1685 2071 1740 pes
2100 1673 2215 1744 ipse
2243 1678 2328 1732 vel
2369 1694 2564 1750 corpus
2604 1684 2688 1738 vel
2719 1685 2878 1742 homo
2903 1700 3013 1760 est,
3041 1695 3130 1764 qui
3167 1673 3304 1765 pede
3329 1702 3413 1755 vi-

1834 1759 1961 1815 tiato
1984 1763 2280 1834 claudicat;
2310 1785 2408 1826 nec
2435 1781 2607 1829 tamen
2634 1776 2801 1834 vitare
2826 1788 3002 1850 potest
3028 1759 3186 1842 homo
3211 1788 3414 1847 claudi-

1833 1852 2117 1945 cationem,
2144 1859 2244 1914 nisi
2273 1861 2466 1919 habeat
2489 1875 2730 1924 sanatum
2758 1871 2967 1942 pedem.
3000 1876 3152 1945 Quod
3177 1881 3337 1937 etiam
3359 1883 3414 1940 in

1835 1941 2088 2040 interiore
2109 1947 2322 2007 homine
2347 1954 2460 2009 ﬁeri
2480 1965 2679 2028 potest,
2696 1941 2789 2016 sed
2810 1957 2974 2034 gratia
2997 1941 3088 2024 Dei
3110 1983 3208 2040 per
3229 1970 3416 2032 Jesum

1834 2031 2102 2138 Christum
2130 2040 2408 2100 Dominum
2439 2058 2701 2106 nostrum.
2743 2031 2918 2124 ipsum
2949 2073 3077 2116 sane
3097 2031 3280 2120 vitium
3307 2081 3416 2138 quo

1836 2123 2095 2226 claudicat
2122 2129 2301 2201 homo,
2328 2151 2428 2192 nec
2455 2153 2552 2209 pes
2577 2149 2659 2196 est
2676 2182 2692 2208 ,
2721 2123 2819 2200 nec
2847 2162 3036 2218 corpus
3057 2191 3074 2218 ,
3104 2168 3203 2209 nec
3231 2123 3416 2226 homo,

1839 2229 1944 2312 nec
1967 2218 2078 2312 ipsa
2104 2221 2453 2294 claudicatio;
2480 2243 2598 2300 quae
2623 2233 2804 2304 utique
2833 2252 2936 2292 non
2962 2249 3038 2296 est
3067 2243 3282 2312 quando
3309 2218 3418 2303 non

1840 2309 2072 2366 ambulat
2096 2353 2111 2376 ,
2142 2329 2263 2370 cum
2294 2324 2468 2373 tamen
2500 2321 2626 2376 insit
2658 2323 2838 2380 vitium
2869 2344 2975 2398 quo
3005 2331 3063 2386 tit
3083 2309 3422 2392 claudicatio

1818 2401 2054 2477 quando
2078 2404 2330 2462 ambulat.
2365 2409 2578 2477 Qumrat
2610 2429 2736 2486 ergo
2768 2419 2906 2488 quod
2937 2421 3112 2479 eidem
3157 2427 3286 2482 vitio
3318 2444 3420 2484 no-

1841 2505 1964 2547 men
1992 2493 2254 2565 imponat,
2281 2506 2457 2555 utrum
2483 2518 2599 2557 rem
2627 2505 2752 2561 velit
2776 2507 2990 2578 dicere,
3020 2527 3089 2568 an
3113 2525 3322 2586 actum,
3351 2534 3422 2575 an

1841 2583 1922 2638 rei
1967 2586 2146 2656 potius
2187 2589 2491 2658 qualitatem
2542 2595 2768 2663 malam,
2818 2614 2920 2669 qua
2968 2601 3222 2662 deformis
3272 2583 3423 2668 actus

1842 2674 2040 2730 existit.
2069 2675 2158 2732 Sic
2183 2689 2235 2732 et
2264 2679 2318 2733 in
2344 2680 2559 2738 homine
2584 2683 2836 2742 interiore
2860 2691 3068 2748 animus
3092 2710 3176 2750 res
3203 2707 3316 2765 est,
3338 2715 3426 2754 ra-

1843 2765 1966 2835 pina
2006 2775 2155 2821 actus
2183 2776 2297 2834 est,
2335 2773 2555 2827 avaritia
2581 2774 2767 2831 vitium
2812 2789 2930 2846 est;
2965 2781 3017 2836 id
3057 2793 3169 2852 est,
3195 2787 3427 2856 qualitas

1844 2855 2132 2910 secundum
2168 2873 2327 2928 quam
2373 2861 2545 2919 malus
2585 2874 2667 2920 est
2713 2867 2955 2936 animus,
3001 2873 3162 2928 etiam
3211 2855 3426 2947 quando

1845 2946 1975 3000 nihil
2014 2947 2120 3017 agit
2157 2950 2292 3005 unde
2323 2953 2560 3009 avaritia:
2597 2971 2709 3010 sua:
2748 2961 2970 3030 serviat,
3011 2964 3172 3020 etiam
3211 2946 3426 3038 quando

1845 3037 2028 3104 audit,
2061 3037 2180 3094 Non
2222 3045 2543 3113 concupisces
2580 3045 2769 3117 (Exod.
2802 3067 2910 3118 xx,
2945 3053 3057 3125 17),
3091 3037 3253 3128 seque
3290 3061 3429 3118 vitu-

1845 3143 2034 3204 perat,
2067 3145 2120 3190 et
2149 3144 2326 3192 tamen
2352 3153 2544 3195 avarus
2571 3153 2751 3198 manet
2775 3161 2788 3198 :
2830 3147 2922 3200 sed
2951 3164 3044 3218 per
3069 3149 3226 3206 ﬁdem
3265 3169 3428 3210 reno-

1847 3235 2020 3292 vatur,
2048 3226 2097 3280 id
2125 3234 2208 3282 est
2230 3236 2467 3297 sanatur,
2496 3230 2561 3286 de
2585 3231 2670 3288 die
2699 3234 2749 3287 in
2779 3234 2918 3290 diem
2951 3237 3016 3309 (ll
3047 3238 3164 3294 Cor.
3191 3257 3262 3307 iv,
3295 3244 3426 3315 16),

1847 3329 1947 3370 nec
1977 3325 2153 3373 tamen
2183 3318 2282 3374 nisi
2306 3321 2472 3391 gratia
2503 3321 2594 3378 Dei
2619 3338 2716 3395 per
2738 3324 2918 3382 Jesum
2946 3327 3215 3388 Christum
3245 3334 3428 3391 Domi-

1848 3420 1976 3461 num
2004 3417 2266 3464 nostrum.

1919 3497 2144 3554 CAPUT
2172 3497 2260 3554 Ill.
2286 3530 2352 3540 —
2377 3501 2716 3559 Ratiocinatio
2743 3507 2796 3562 5.
2829 3505 3046 3577 lterum,
3074 3511 3261 3583 inquit,
3292 3531 3431 3582 quas-

1849 3587 2059 3641 rendum
2072 3596 2401 3655 est,utrumne
2411 3590 2584 3646 debeat
2596 3593 2744 3648 homo
2759 3596 2864 3651 sine
2879 3609 3083 3668 peccato
3100 3617 3223 3656 esse.
3241 3601 3432 3662 Procul

1851 3675 2004 3731 dubio
2018 3677 2180 3733 debet.
2202 3678 2264 3734 Si
2279 3679 2441 3748 debet,
2467 3685 2724 3752 potest:si
2752 3703 2853 3742 non
2882 3699 3058 3759 potest,
3089 3709 3209 3764 ergo
3232 3711 3323 3750 nec
3337 3696 3432 3751 de-

1851 3765 1948 3821 bet.
1981 3766 2046 3821 Et
2073 3768 2120 3822 si
2145 3785 2246 3822 non
2272 3769 2411 3824 debet
2437 3771 2584 3827 homo
2609 3789 2717 3829 esse
2741 3777 2851 3831 sine
2881 3791 3086 3849 peccato
3105 3822 3121 3848 ,
3148 3782 3288 3838 debet
3311 3801 3432 3856 ergo

1851 3873 1965 3912 cum
1980 3867 2182 3929 peccato
2203 3875 2332 3925 esse;
2345 3869 2391 3914 et
2403 3861 2520 3930 jam
2538 3873 2796 3934 peccatum
2813 3883 2912 3922 non
2927 3870 3041 3937 erit,
3058 3871 3103 3925 si
3117 3870 3246 3926 illud
3267 3875 3435 3932 deberi

1853 3947 2124 4002 constiterit
2150 3946 2192 4004 ⁸.
2220 3949 2323 4004 Aut
2344 3951 2389 4004 si
2417 3951 2511 4005 hoc
2532 3955 2681 4007 etiam
2708 3956 2806 4010 dici
2825 3957 3097 4014 absurdum
3133 3971 3208 4017 est
3225 4002 3242 4031 ,
3269 3965 3435 4036 conﬁ-

1856 4037 1948 4093 teri
1974 4055 2172 4094 necesse
2208 4049 2315 4107 est,
2346 4040 2524 4096 debere
2559 4043 2814 4101 hominem
2846 4048 2956 4104 sine
2993 4062 3196 4122 peccato
3219 4070 3360 4122 esse,
3386 4066 3436 4112 et

1854 4140 2048 4186 constat
2071 4148 2184 4186 eum
2209 4149 2309 4187 non
2331 4133 2474 4187 aliud
2493 4134 2668 4192 debere
2688 4154 2839 4209 quam
2859 4151 3040 4210 potest.
3067 4145 3438 4218 Respondetur

1855 4223 2042 4279 eadem
2076 4223 2441 4294 similitudine,
2486 4243 2590 4298 qua
2616 4231 2860 4300 superius
2891 4233 3002 4304 jam
3042 4240 3435 4309 reSpondimus.

1855 4315 1987 4373 Cum
2013 4316 2154 4373 enim
2183 4317 2422 4372 videmus
2448 4319 2714 4389 claudum,
2743 4323 2830 4393 qui
2857 4327 3035 4381 sanari
3069 4337 3261 4397 potest,
3293 4341 3438 4388 recte

1857 4410 2040 4480 utique
2068 4409 2320 4475 dicimus,
2353 4409 2519 4465 Debet
2545 4411 2704 4466 homo
2728 4412 2828 4469 iste
2856 4431 2976 4471 esse
3018 4418 3132 4474 sine
3168 4419 3438 4476 claudica-

1859 4500 2036 4565 tione;
2068 4499 2183 4554 etsi
2209 4499 2385 4563 debet,
2414 4509 2605 4568 potest:
2635 4501 2738 4556 Nec
2767 4512 2941 4559 tamen
2968 4521 3085 4560 cum
3111 4509 3239 4572 vult,
3265 4509 3438 4565 conti-

1859 4605 1964 4646 nuo
1985 4597 2190 4660 potest;
2219 4589 2311 4643 sed
2333 4604 2450 4642 cum
2473 4588 2630 4644 fuerit
2653 4591 2881 4647 adhibita
2909 4598 3177 4652 curatione
3199 4607 3436 4665 sanatus,

1859 4687 1914 4734 et
1938 4677 2194 4734 medicina
2220 4677 2483 4748 adjuverit
2509 4679 2851 4736 voluntatem.
2878 4684 2990 4740 lloc
3026 4686 3151 4741 litin
3183 4688 3436 4747 interiore

1861 4768 2094 4837 homine,
2122 4769 2261 4840 quod
2285 4768 2352 4824 ad
2376 4781 2652 4841 peccatum
2680 4771 2871 4829 attinet
2891 4784 3137 4848 tanquam
3157 4780 3274 4849 ejus
3294 4782 3441 4836 clau-

1923 4968 2217 5043 ‘nEditiones
2248 4968 2544 5043 posteriores
2578 4967 2949 5043 hicna-ddehant,
2973 4974 3198 5028 accidens
3220 4989 3240 5028 :
3270 4981 3439 5043 sicque

1859 5030 2250 5101 eontlrmatoﬂalio
2268 5030 2574 5101 superiorum
2609 5032 2872 5101 editionum
2912 5030 3091 5096 errato,
3117 5047 3240 5101 post,
3268 5030 3441 5093 natura

1859 5090 1952 5162 [itii
1973 5089 2100 5162 irte;
2132 5089 2660 5162 tereban‘t,_paru_mque
2680 5106 2784 5144 esse
2803 5093 2868 5144 ad
2891 5107 2984 5146 non
3015 5089 3329 5162 peccandum.
3354 5089 3442 5154 Ca:

1859 5155 2096 5246 'stigantur
2122 5166 2185 5201 ex
2208 5155 2493 5202 auctoritate
2514 5159 2620 5203 Mss.

1978 5212 2150 5246 ιιιιιιγίρί
2179 5221 2266 5246 Mcc
2330 5212 2616 5246 admit-olim

1977 5212 2153 5276 Belgici
2165 5221 2311 5276 _atss.,
2327 5212 2451 5276 sicut
2463 5212 2634 5276 etiam.

1925 5276 1947 5309 ³
1979 5273 2108 5333 ιογῖ,
2131 5273 2175 5324 si
2192 5273 2312 5323 illud
2337 5274 2500 5324 haberi
2524 5274 2698 5325 debere
2735 5276 3014 5329 cmestiterit.
3051 5288 3105 5330 Αι
3143 5289 3243 5332 Am.
3267 5290 3341 5332 Er.
3386 5293 3440 5335 et

1860 5343 1944 5387 ιιε.
1967 5336 2268 5386 Colbertinus
2289 5336 2488 5398 habent,
2513 5335 2710 5399 deberi;
2735 5340 2927 5400 omisso,
2949 5340 3131 5393 haberi.

206 5443 245 5512 ε.
262 5436 420 5512 suam,
437 5446 840 5512 mensem
862 5446 908 5489 s.
922 5439 1149 5512 Audoeni,
1173 5443 1626 5512 Gemmetieensem,
1649 5440 2014 5512 tjratellensem,
2034 5447 2342 5512 Beecensem,
2367 5440 2714 5512 Michaelinum,
2733 5442 3064 5512 cisterciensis
3078 5447 3281 5512 abbatitn
3302 5449 3442 5512 duos,

205 5507 250 5548 et
633 5499 937 5552 Couutlimus
957 5503 1099 5553 etiam
1129 5499 1373 5554 variantes
1403 5499 1643 5554 lectiones
1665 5503 1960 5568 malgieorum
1981 5499 2184 5566 quatuor
2206 5505 2633 5566 manuscriptorum
2646 5517 2660 5565 ;
2682 5499 2901 5567 antiquas
2923 5520 3038 5556 vero
3062 5509 3300 5559 editiones
3322 5499 3443 5574 ιι·ιῆ

210 5569 290 5608 tm.
311 5568 383 5611 Er.
407 5570 462 5612 et
484 5570 596 5613 ως.

245 5642 751 5726 Comparacimus
775 5653 1071 5725 praeterea
1101 5666 1199 5710 eas
1231 5665 1431 5710 omnes
1454 5646 1751 5711 editiones
1782 5645 1968 5712 init-to
2005 5647 2584 5723 Rclractationum,
2616 5655 2760 5710 tam.
2787 5649 2844 5724 1,
2876 5657 3258 5712 memoratas.
3313 5653 3378 5714 Μ
