4036 6518
592 381 912 439 dicatinnem
939 379 980 448 ¹,
1001 395 1101 452 per
1135 377 1250 449 eius
1283 377 1507 450 gratiam
1544 374 1632 446 qui
1663 376 1806 430 venit
1831 391 1936 432 non
1975 389 2169 430 vocare

591 472 783 546 iustos,
810 471 902 527 sed
931 481 1266 540 peccatores;
1295 467 1416 538 quia
1441 481 1548 521 non
1572 474 1654 520 est
1676 479 1810 536 opus
1832 465 1976 520 sanis
1999 462 2169 519 medi-

593 577 720 627 cus,
749 561 840 616 sed
871 561 1005 614 male
1032 558 1368 630 habentibus.
1393 554 1605 628 (Matth.
1634 569 1723 621 ix,
1755 555 1840 618 15,
1877 553 1990 626 12).

669 649 1004 705 Ratiocinatio
1032 647 1084 702 6.
1113 645 1139 700 1
1148 656 1328 714 terum,
1347 645 1441 710 ait,
1462 643 1782 716 quaerendum
1809 652 1884 697 est
1899 682 1916 709 ,
1937 651 2168 696 utrumne

596 751 897 811 prteceptum
935 740 999 793 sit
1039 737 1229 792 homini
1261 737 1371 791 sine
1399 745 1602 807 peccato
1619 750 1750 792 esse.
1782 735 1881 786 Aut
1907 733 2038 787 enim
2065 748 2168 788 non

593 839 780 902 potest,
807 838 854 882 et
878 837 1187 899 praeceptum
1207 843 1308 880 non
1327 836 1398 880 est
1424 840 1444 880 :
1470 834 1561 879 aut
1585 825 1703 894 quia
1731 834 2036 894 praeceptum
2059 832 2164 890 est,

591 929 770 992 potest.
803 919 942 974 Nam
968 919 1089 989 quid
1111 919 1469 990 praeciperetur
1489 957 1505 982 ,
1542 914 1676 986 quod
1699 915 1810 984 ﬁeri
1835 913 2037 967 omnino
2063 927 2166 966 non

593 1009 798 1078 posset?
826 1007 1213 1080 Respondetur,
1236 1004 1627 1060 cnnsultissime
1649 1003 1848 1058 homini
1873 1000 2086 1072 praecipi
2109 1007 2168 1054 ut

589 1099 751 1154 rectis
769 1098 1006 1167 passibus
1022 1095 1278 1160 ambulet,
1292 1105 1346 1149 ut
1363 1110 1482 1148 cum
1505 1109 1564 1148 se
1586 1109 1688 1147 non
1709 1107 1868 1164 posse
1889 1105 2166 1160 perSpexe-

587 1189 686 1255 rit,
719 1188 1034 1243 medicinam
1072 1186 1336 1256 requirat,
1364 1201 1482 1255 qua:
1525 1183 1792 1238 interioris
1832 1182 2062 1236 hominis
2096 1180 2164 1235 ad

587 1279 877 1334 sanandam
916 1277 1116 1348 peccati
1140 1275 1578 1332 claudicationem
1603 1315 1619 1341 ,
1645 1273 1813 1344 gratia
1840 1272 1933 1328 Dei
1956 1281 2040 1328 est
2069 1287 2164 1342 per

586 1369 768 1425 Jesum
798 1368 1066 1423 Christum
1097 1367 1377 1420 Dominum
1411 1373 1670 1419 nostrum.

663 1457 999 1512 Ratiocinatio
1031 1458 1082 1511 7.
1113 1455 1327 1522 Iterum,
1350 1455 1444 1522 ait,
1470 1453 1792 1525 querendum
1814 1461 1922 1521 est,
1949 1469 2017 1507 an
2046 1453 2162 1508 uelit

587 1547 728 1603 Deus
755 1549 1004 1602 hominem
1032 1549 1138 1601 sine
1161 1556 1365 1618 peccato
1393 1563 1516 1601 esse.
1556 1545 1748 1600 Procul
1770 1545 1921 1600 dubio
1945 1544 2048 1599 vult
2065 1587 2080 1610 ,
2113 1553 2163 1601 et

586 1639 764 1710 procul
781 1639 930 1692 dubio
952 1647 1129 1709 potest.
1157 1637 1280 1704 Quis
1297 1637 1430 1690 enim
1451 1645 1553 1690 tam
1575 1636 1776 1690 demens
1798 1645 1890 1703 est,
1907 1645 1961 1688 ut
1982 1636 2060 1689 uel
2075 1635 2164 1689 du-

586 1731 703 1784 bitet
718 1730 828 1794 ﬁeri
845 1745 1006 1799 posse,
1021 1729 1155 1797 quod
1167 1727 1328 1782 Deum
1348 1727 1472 1781 uelle
1491 1743 1589 1781 non
1612 1727 1839 1781 dubitat?
1857 1725 2163 1796 Responde-

587 1829 705 1875 tur:
735 1819 790 1875 Si
822 1821 987 1874 nollet
1016 1819 1156 1874 Deus
1179 1817 1448 1873 hominem
1475 1817 1590 1872 sine
1618 1826 1836 1888 peccato
1864 1832 1983 1871 esse
2006 1857 2022 1881 ,
2053 1832 2158 1869 non

584 1911 815 1965 mitteret
829 1910 1020 1965 Filium
1038 1925 1189 1965 suum
1207 1910 1319 1964 sine
1331 1918 1568 1979 peccato,
1583 1909 1670 1979 qui
1692 1918 1899 1962 sanaret
1919 1907 2160 1962 homines

582 1993 613 2054 a
644 2001 890 2070 peccatis.
919 2000 1029 2054 Hoc
1054 2001 1111 2054 lit
1135 1999 1185 2054 in
1211 1999 1548 2056 credentibus
1577 2009 1630 2054 et
1656 1998 2051 2069 proﬁcientibus
2077 2013 2159 2053 re-

582 2093 865 2148 novatione
903 2091 1169 2146 interioris
1204 2090 1437 2145 hominis
1472 2090 1538 2145 de
1567 2089 1652 2144 die
1699 2090 1750 2142 in
1789 2089 1958 2158 diem,
1986 2088 2160 2145 donec

581 2184 674 2239 ﬁat
704 2183 934 2253 perlecta
959 2183 1162 2251 justitia
1193 2190 1444 2253 tanquam
1473 2181 1671 2236 sanitas
1699 2180 1874 2250 plena.

655 2273 996 2328 Batiocinatio
1016 2274 1067 2329 8.
1089 2272 1119 2326 Ι
1123 2283 1301 2338 terum,
1332 2273 1426 2339 ait,
1446 2273 1767 2342 quaerendum
1796 2280 1868 2325 est
1876 2311 1889 2335 ,
1909 2271 2158 2342 quomodo

582 2364 690 2418 vult
716 2363 853 2418 Deus
878 2363 1127 2417 hominem
1155 2378 1280 2431 esse,
1310 2379 1421 2416 cum
1449 2371 1672 2432 peccato,
1706 2378 1773 2415 an
1799 2361 1906 2416 sine
1932 2374 2157 2432 peccato.

588 2450 782 2506 Procul
809 2453 958 2505 dubio
996 2469 1096 2506 non
1132 2453 1234 2506 vult
1271 2469 1375 2507 esse
1411 2468 1525 2505 cum
1560 2461 1782 2520 peccato.
1819 2451 2020 2516 Quanta
2049 2452 2157 2506 hinc

581 2541 852 2610 impietatis
879 2541 1189 2612 blasphemia
1226 2543 1325 2609 sit,
1361 2542 1679 2613 cogitandum
1725 2551 1826 2606 est,
1863 2552 1917 2596 ut
1959 2543 2158 2596 dicatur

585 2631 836 2685 hominem
858 2647 1003 2701 posse
1021 2647 1126 2685 esse
1146 2647 1257 2684 cum
1279 2642 1498 2701 peccato,
1517 2632 1650 2703 quod
1670 2630 1805 2685 Deus
1826 2649 1924 2686 non
1949 2635 2085 2698 vult;
2111 2642 2157 2687 et

584 2731 791 2793 negetur
820 2738 964 2792 posse
990 2739 1094 2777 esse
1124 2723 1230 2776 sine
1257 2732 1486 2792 peccato,
1519 2723 1652 2794 quod
1685 2723 1818 2776 Deus
1843 2725 1946 2778 uult
1963 2742 1982 2791 ;
2014 2726 2158 2792 quasi

584 2813 804 2883 aliquem
831 2811 899 2865 ad
920 2812 1014 2866 hoc
1033 2811 1169 2867 Deus
1189 2813 1440 2880 creaverit,
1461 2821 1514 2866 ut
1534 2822 1697 2884 posset
1722 2831 1828 2868 esse
1849 2815 1984 2885 quod
2008 2817 2153 2884 nolit,

584 2912 632 2956 et
671 2918 771 2956 non
811 2912 976 2971 posset
1012 2917 1119 2956 esse
1151 2905 1284 2971 quod
1309 2904 1446 2967 velit,
1476 2913 1523 2956 et
1552 2913 1606 2956 ut
1631 2914 1802 2957 contra
1826 2921 1968 2958 suam
1998 2908 2157 2976 magis

582 3009 732 3064 quam
753 3002 806 3047 ut
826 2994 1097 3048 secundum
1117 3010 1262 3048 suam
1277 2995 1504 3049 existeret
1525 2995 1842 3048 voluntatem.
1863 2994 1977 3050 Jam
2000 3011 2060 3050 su
2068 3011 2160 3066 pe-

582 3087 693 3142 rius
732 3102 1045 3156 rcsponsum
1074 3095 1157 3142 est
1186 3103 1200 3140 :
1228 3086 1321 3142 sed
1363 3086 1660 3141 addendum
1688 3087 1840 3141 video
1859 3127 1873 3151 ,
1900 3087 2043 3157 quod
2070 3105 2159 3156 spe

582 3176 710 3230 salvi
730 3176 851 3247 facti
867 3192 1057 3230 sumus.
1089 3176 1218 3246 Spes
1237 3185 1402 3230 autem
1425 3193 1537 3246 qua:
1555 3177 1769 3241 videtur,
1793 3194 1892 3230 non
1913 3186 1982 3232 est
2001 3194 2116 3248 spes
2137 3193 2156 3232 :

579 3265 714 3336 quod
750 3266 881 3318 enim
927 3265 1056 3318 uidet
1092 3265 1202 3336 quis
1227 3305 1243 3331 ,
1307 3266 1429 3335 quid
1472 3267 1682 3336 sperat?
1728 3265 1788 3322 Si
1824 3277 1988 3320 autem
2021 3268 2156 3337 quod

580 3369 684 3409 non
735 3354 960 3408 uidemus
999 3371 1293 3424 speramus,
1339 3373 1428 3426 per
1469 3357 1763 3426 patientiam
1811 3367 2156 3427 exspectamus

582 3444 771 3519 (Rom.
802 3463 894 3501 vtn
913 3489 927 3512 ,
953 3447 1056 3511 21,
1086 3445 1210 3520 25).
1241 3447 1392 3502 Tum:
1421 3463 1548 3518 ergo
1577 3448 1680 3504 erit
1717 3449 1870 3518 plena
1913 3449 2116 3520 justitia
2135 3491 2152 3518 ,

579 3536 791 3606 quando
821 3536 975 3606 plena
1017 3539 1218 3592 sanitas
1259 3555 1272 3590 :
1311 3547 1437 3593 tunc
1477 3538 1629 3608 plena
1663 3540 1896 3604 sanitas,
1945 3542 2156 3610 quando

584 3627 737 3696 plena
760 3625 1024 3691 charitas;
1049 3627 1321 3697 plenitudo
1340 3627 1479 3682 enim
1503 3628 1633 3698 legis
1653 3629 1882 3685 cbaritas
1904 3627 2012 3702 (Id.
2035 3646 2151 3698 xm,

585 3715 676 3786 10)
693 3732 706 3769 :
729 3724 853 3771 tunc
869 3725 1045 3771 autem
1065 3717 1216 3786 plena
1232 3717 1482 3784 charitas,
1497 3719 1706 3789 quando
1723 3719 2016 3780 videbimus
2032 3737 2152 3777 eum

581 3805 736 3862 sicuti
766 3815 848 3862 est
876 3808 924 3880 (1
940 3806 1097 3862 Joan.
1124 3809 1296 3878 "1.2).
1327 3808 1509 3879 Neque
1543 3810 1686 3865 enim
1717 3813 1817 3866 erit
1840 3812 1861 3844 '
1887 3812 2027 3882 quod
2056 3813 2153 3867 ad-

577 3898 733 3952 datur
747 3897 811 3952 ad
829 3897 1313 3960 dilectionem.cum
1328 3899 1458 3954 lides
1476 3901 1777 3969 pervenerit
1791 3900 1857 3954 ad
1876 3901 2151 3957 visionem.

653 3989 876 4045 CAPUT
911 3989 996 4043 IV.
1010 4019 1082 4029 --
1097 3988 1433 4043 Ratiocinatio
1449 3989 1501 4044 9.
1516 3987 1544 4041 1
1549 3998 1706 4043 terum
1720 3991 2045 4061 querendum
2059 4003 2151 4058 est,

581 4081 772 4152 inquit,
801 4099 887 4150 per
905 4083 1026 4153 quid
1045 4083 1254 4153 eﬂicitur
1279 4082 1428 4135 homo
1455 4098 1569 4135 cum
1594 4092 1812 4153 peccato,
1847 4100 1936 4153 per
1958 4094 2155 4139 natura:

581 4171 920 4225 necessitatem
941 4211 956 4236 ,
988 4187 1056 4224 an
1085 4188 1175 4225 uer
1202 4171 1395 4223 arbitrii
1421 4171 1712 4225 libertatem.
1759 4173 1821 4227 Si
1845 4189 1936 4244 per
1961 4183 2156 4229 natura!

582 4260 957 4326 necessitatem,
1006 4259 1155 4330 culpa
1195 4268 1328 4313 caret
1351 4260 1433 4314 :si
1479 4277 1568 4328 per
1610 4260 1805 4315 arbitrii
1845 4263 2148 4332 libertatem,

580 4348 902 4419 quarendum
931 4358 1004 4403 est
1029 4365 1060 4402 a
1083 4364 1182 4419 quo
1222 4351 1384 4420 ipsam
1412 4349 1604 4404 arbitrii
1633 4351 1907 4407 libertatem
1944 4370 2152 4423 accepe-

582 4441 681 4507 rit;
711 4440 887 4509 procul
910 4441 1058 4495 dubio
1087 4458 1119 4496 a
1151 4441 1275 4497 Deo.
1304 4442 1442 4496 Deus
1469 4452 1635 4498 autem
1661 4445 1794 4514 quod
1822 4447 1992 4514 dedit,
2025 4458 2155 4504 certe

577 4531 761 4586 bonum
787 4541 880 4597 est,
910 4534 1080 4602 negari
1105 4533 1238 4587 enim
1276 4551 1376 4586 non
1402 4543 1580 4602 potest.
1615 4532 1727 4600 Qua
1768 4535 1923 4606 igitur
1961 4540 2154 4593 ratione

578 4621 763 4674 bonum
793 4623 1052 4691 probatur,
1084 4623 1129 4676 si
1155 4623 1314 4693 magis
1341 4623 1410 4676 ad
1449 4625 1638 4678 malum
1671 4642 1822 4696 quant
1862 4627 1930 4680 ad
1966 4628 2151 4682 bonum

579 4727 794 4781 pronum
824 4713 932 4765 est?
974 4713 1142 4784 Magis
1182 4715 1314 4767 enim
1355 4715 1422 4766 ad
1460 4717 1651 4768 malum
1678 4733 1828 4786 quam
1862 4719 1930 4770 ad
1968 4719 2152 4772 bonum

580 4816 794 4871 pronum
821 4811 892 4854 est
914 4841 928 4865 ,
961 4800 1004 4855 si
1030 4804 1176 4857 homo
1201 4821 1290 4873 per
1317 4804 1444 4856 illud
1470 4814 1627 4874 potest
1655 4821 1762 4859 esse
1789 4822 1903 4860 cum
1927 4819 2148 4877 peccato,

579 4899 746 4943 etnon
775 4901 934 4962 potest
962 4909 1070 4947 esse
1091 4895 1200 4948 sine
1227 4905 1447 4962 peccato.
1482 4895 1869 4963 Respondetur,
1891 4913 1988 4968 per
2007 4900 2151 4954 arbi-

577 4981 664 5036 trii
695 4981 988 5036 libertatem
1035 4982 1231 5038 factum
1277 4993 1333 5038 ut
1361 4996 1501 5040 esset
1541 4986 1699 5039 homo
1727 5002 1846 5042 cum
1893 5000 2148 5058 peccato;

575 5074 668 5127 sed
689 5074 799 5144 jam
826 5075 1050 5145 pinnulis
1072 5076 1327 5130 vitiositas
1346 5076 1646 5144 subsecuta,
1674 5094 1737 5133 ex
1766 5079 2005 5135 libertate
2028 5080 2152 5136 fecit

579 5168 964 5221 necessitatem.
998 5167 1151 5223 Unde
1179 5167 1246 5222 ad
1281 5169 1442 5223 Deum
1473 5169 1604 5224 ﬁdes
1631 5172 1844 5236 clamat,
1874 5171 1952 5226 De
1981 5189 2149 5228 neces-

577 5257 808 5311 sitatibus
846 5257 968 5311 meis
1005 5259 1133 5310 educ
1179 5275 1256 5313 me
1291 5257 1457 5329 (Psal.
1494 5275 1647 5326 ntv,
1682 5262 1792 5330 1ῗ).
1821 5262 1932 5316 Sub
1957 5263 2149 5332 quibus

581 5348 769 5420 positi,
801 5349 882 5402 vel
926 5363 1030 5403 non
1075 5363 1354 5419 possumus
1394 5351 1534 5421 quod
1586 5352 1828 5406 volumus
1885 5353 2148 5424 intellige-

640 5479 658 5512 ί
694 5477 830 5550 Editi,
845 5483 1076 5589 ltanquam
1096 5479 1160 5531 ad
1192 5480 1298 5544 ejus
1319 5480 1730 5532 claudicationem.
1756 5489 1853 5531 Non
1877 5488 1969 5542 est,
1991 5483 2073 5543 ad,
2103 5484 2150 5533 in

640 5553 839 5589 IDUSCI‘II.
867 5554 922 5588 is.

572 5552 922 5602 muses-ths.

635 5603 655 5674 ξ
692 5613 788 5649 Αιιι.
824 5608 921 5676 Er.“
946 5609 999 5653 et
1037 5604 1340 5666 manuscripti
1375 5604 1577 5655 vaticaui
1625 5611 1676 5656 et
1716 5603 1963 5666 Gallicani,
1997 5617 2147 5668 neque

570 5673 698 5717 enim
719 5678 808 5716 non
830 5673 940 5717 erit.

1787 261 1846 321 8.
1887 260 2247 322 AUGUSTI)“
2287 259 2594 318 EPISCOPI
3277 266 3352 287 α·-
3416 259 3456 270 ν

2277 387 2355 436 re,
2400 373 2482 428 vel
2517 373 2657 444 quod
2704 373 3160 444 intellexerimus,
3210 378 3488 446 volumus,
3541 398 3639 441 nec
3685 392 3815 448 vale.

2273 477 2392 516 mus
2419 463 2660 532 implere.
2689 464 2824 520 Nam
2862 475 2917 521 et
2945 466 3056 536 ipsa
3096 467 3313 524 libertas
3352 471 3684 532 credentibus
3707 482 3818 538 ali-

2272 552 2520 608 beratore
2547 556 2889 622 promittitur.
2921 556 2986 611 Si
3003 573 3110 625 vos,
3135 558 3324 629 inquit,
3346 559 3514 616 Filius
3537 564 3812 636 liberaverit,

2272 651 2391 695 tunc
2419 659 2530 696 vere
2555 642 2698 696 liberi
2721 645 2856 698 eritis
2879 644 3058 716 (Joan.
3091 663 3204 715 vnt,
3232 648 3346 718 56).
3381 649 3526 706 Victa
3550 655 3684 710 enim
3705 660 3818 717 vitio

2271 731 2324 785 in
2345 731 2483 802 quod
2505 733 2696 787 cecidit
2715 735 3004 804 voluntate,
3027 739 3194 792 caruit
3216 739 3457 796 libertate
3478 751 3677 800 natura.
3699 748 3815 807 Hinc

2269 822 2370 875 alia
2387 823 2658 892 Scriptura
2678 823 2825 890 dicit,
2845 827 2887 879 Α
2904 843 3001 897 quo
3016 828 3148 882 enim
3175 830 3286 899 quis
3313 830 3534 886 deuictus
3548 843 3637 903 est,
3659 838 3762 892 huic
3774 853 3816 896 et

2268 927 2438 966 seruus
2465 913 2697 968 addictus
2721 925 2794 968 est
2822 915 2889 986 (ll
2913 915 3056 971 Petr.
3085 933 3142 982 ιι,
3174 918 3282 992 19).
3310 919 3458 976 Sicut
3482 937 3606 993 ergo
3630 941 3727 982 non
3745 941 3816 987 est

2269 1015 2402 1070 Opus
2432 1003 2579 1057 sanis
2609 1004 2866 1072 medicus,
2897 1007 2992 1061 sed
3021 1009 3160 1062 male
3190 1008 3504 1067 habentibus
3525 1014 3724 1082 (Matth.
3745 1036 3810 1086 ιι,

2269 1091 2358 1163 12)
2389 1109 2402 1146 :
2427 1093 2497 1146 ita
2530 1109 2634 1147 non
2665 1103 2746 1148 est
2773 1111 2904 1164 opus
2927 1098 3107 1153 liberis
3133 1100 3404 1168 liberator,
3434 1104 3527 1172 sed
3551 1108 3738 1174 servis;
3766 1122 3816 1167 ut

2268 1181 2317 1235 ei
2350 1181 2491 1236 dicat
2514 1185 2793 1254 gratulatio
2821 1186 3100 1255 libertatis,
3131 1189 3344 1245 Salvam
3381 1192 3545 1262 fecisti
3581 1196 3641 1249 de
3667 1214 3816 1254 neces-

2264 1271 2495 1327 sitatibus
2524 1276 2747 1329 animam
2775 1294 2937 1332 meam
2964 1277 3136 1348 (Psal.
3171 1297 3310 1350 xxx,
3341 1283 3420 1356 8).
3450 1285 3564 1355 Ipsa
3589 1289 3720 1343 enim
3743 1306 3819 1347 sa-

2267 1362 2403 1416 nitas
2432 1373 2513 1417 cst
2557 1381 2678 1418 vera
2725 1365 2940 1420 libertas
2963 1407 2977 1431 ,
3007 1383 3126 1438 qua:
3171 1384 3278 1425 non
3327 1373 3589 1443 perisset.
3616 1377 3659 1431 si
3695 1377 3814 1435 born

2267 1455 2649 1522 permansisset
2675 1459 2940 1513 voluntas.
2984 1459 3114 1526 Quia
3143 1475 3271 1518 vero
3297 1467 3535 1533 peccavit
3560 1468 3815 1540 voluntas,

2261 1552 2441 1596 secuta
2473 1553 2556 1598 est
2596 1555 2904 1615 peccantem
2943 1557 3217 1618 peccatum
3245 1551 3471 1609 habendi
3495 1555 3627 1611 dura
3654 1574 3819 1615 neces-

2263 1629 2432 1700 sitas,
2469 1632 2642 1689 donec
2684 1643 2793 1691 tota
2837 1650 3053 1693 sanetur
3093 1640 3412 1712 inﬁrmitas,
3456 1655 3512 1700 et
3555 1648 3820 1719 accipiatur

2227 1718 2236 1730 '
2265 1731 2408 1778 tanta
2437 1725 2453 1757 ¹
2483 1725 2696 1782 libertas
2715 1769 2730 1796 ,
2760 1727 2812 1782 in
2851 1744 2952 1799 qua
2987 1730 3130 1785 sicut
3165 1748 3384 1790 necesse
3410 1745 3496 1792 est
3535 1718 3818 1807 permaneat

2263 1813 2416 1870 beate
2447 1817 2654 1872 vivendi
2681 1819 2962 1887 voluntas,
2993 1821 3064 1875 ita
3094 1832 3150 1877 ut
3177 1824 3248 1878 sit
3273 1826 3436 1881 etiam
3471 1826 3612 1884 bene
3633 1830 3817 1886 vivendi

2261 1914 2314 1958 et
2346 1921 2615 1975 nunquam
2641 1909 2895 1978 peccandi
2939 1911 3233 1967 voluntaria
3263 1912 3497 1987 felixque
3527 1919 3817 1998 necessitas.

2332 1993 2670 2052 Ratiocinatio
2692 1997 2776 2053 10.
2807 2018 2826 2052 ι
2857 1999 3106 2068 Proinde,
3136 2020 3156 2056 s
3186 2005 3378 2075 inquit,
3411 2023 3430 2058 ι
3460 2006 3606 2063 Deus
3644 1993 3818 2064 bonum

2260 2084 2530 2142 hominem
2562 2087 2686 2144 fecit
2711 2130 2728 2158 ,
2757 2083 3185 2164 etpraaterquam
3207 2096 3228 2126 ³
3257 2095 3402 2151 illum
3445 2096 3644 2153 bonum
3676 2099 3818 2169 iecit,

2258 2173 2455 2232 bunum
2476 2176 2523 2231 ei
2550 2179 2768 2249 insuper
2786 2190 2842 2235 ut
2863 2179 3062 2238 faceret
3086 2182 3379 2255 imperavit.
3397 2187 3580 2254 Quam
3603 2189 3819 2260 impium,

2258 2274 2317 2321 ut
2341 2266 2687 2322 conﬁteantur
2712 2269 2982 2326 hominem
3014 2274 3210 2329 malum
3236 2290 3374 2342 esse,
3398 2278 3541 2348 quod
3561 2279 3822 2354 neclectus

2259 2367 2362 2422 est,
2395 2373 2498 2414 nec
2527 2361 2574 2414 ei
2603 2371 2922 2432 praeceptum
2943 2375 3057 2431 est;
3085 2374 3141 2420 et
3167 2381 3419 2438 negemus
3449 2368 3470 2400 ³
3495 2384 3624 2425 eum
3649 2370 3821 2426 bonum

2256 2455 2417 2518 posse
2453 2463 2590 2515 esse,
2621 2450 2762 2520 quod
2790 2451 2956 2508 factus
2983 2462 3086 2521 est,
3113 2463 3167 2510 et
3192 2455 3335 2526 quod
3357 2458 3406 2513 ei
3437 2467 3495 2513 ut
3518 2449 3716 2532 faceget
3739 2459 3823 2514 im-

2260 2547 2500 2606 peratum
2528 2541 2642 2595 est!
2673 2558 2693 2592 ι
2720 2541 3124 2612 Respondemus
3153 2563 3170 2602 :
3200 2547 3332 2614 Quia
3363 2547 3490 2619 ergo
3519 2565 3630 2604 non
3649 2531 3704 2606 se
3726 2551 3822 2623 ipse

2262 2629 2453 2698 homo,
2485 2631 2578 2686 sed
2608 2632 2750 2688 Deus
2781 2635 2976 2689 bonum
3020 2636 3291 2694 hominem
3317 2637 3481 2706 fecit;
3514 2641 3656 2698 Deus
3688 2658 3819 2710 eum,

2260 2735 2364 2776 non
2395 2737 2452 2776 se
2481 2722 2612 2793 ipse,
2643 2733 2698 2778 ut
2722 2724 2790 2778 sit
2819 2725 2991 2780 bonus
3016 2728 3206 2794 reiicit,
3235 2728 3362 2785 dum
3387 2731 3660 2788 volentem
3680 2774 3695 2800 ,
3723 2747 3823 2788 cre-

2259 2801 2471 2858 dentem
2492 2845 2506 2868 ,
2547 2805 2877 2862 invocantem
2923 2809 3167 2865 liberata
3196 2811 3373 2880 malo,
3404 2813 3551 2884 quod
3596 2816 3692 2870 sibi
3726 2816 3823 2885 ipse

2260 2891 2401 2948 fecit.
2434 2894 2547 2950 Hoc
2573 2906 2747 2953 autem
2781 2899 2861 2965 ﬁt,
2893 2899 3018 2954 dum
3042 2903 3209 2972 gratia
3237 2903 3330 2960 Dei
3361 2920 3456 2976 per
3481 2905 3666 2962 Jesum
3689 2908 3824 2964 Chri-

2259 2991 2397 3037 stum
2429 2985 2704 3041 Dominum
2734 2997 2969 3043 nostrum
2999 3000 3284 3048 renovatur
3313 2993 3472 3049 homo
3506 2996 3726 3053 interior
3767 2997 3823 3053 de

2258 3071 2346 3128 die
2375 3073 2425 3126 in
2451 3074 2592 3129 diem
2617 3116 2633 3142 ,
2665 3067 2816 3132 ut‘ad
2855 3079 3230 3148 sempiternam
3256 3123 3272 3150 ,
3320 3099 3427 3138 non
3459 3071 3674 3154 poenam
3697 3127 3713 3155 ,
3742 3085 3822 3142 sed

2257 3162 2418 3216 vitam
2448 3174 2689 3234 resurgat
2715 3166 2877 3221 homo
2904 3168 3137 3224 exterior
3164 3171 3216 3224 in
3239 3170 3261 3203 ⁸
3287 3173 3586 3230 novissimo
3613 3175 3715 3231 die.

2329 3254 2554 3310 CAPUT
2597 3256 2659 3311 V.
2697 3288 2769 3298 —
2805 3259 3144 3314 Ratiocinatio
3186 3263 3272 3317 11.
3311 3281 3330 3315 ι
3379 3263 3620 3333 lterum,
3667 3285 3687 3321 ι
3723 3267 3820 3333 ait,

2263 3363 2283 3398 ι
2307 3347 2650 3416 quaerendum
2668 3359 2768 3413 est,
2785 3359 2913 3419 quot
2933 3351 3105 3406 modis
3123 3363 3329 3409 constet
3343 3371 3502 3412 omne
3525 3367 3784 3426 peccatum
3805 3374 3820 3412 :

2257 3433 2483 3502 duobus,
2513 3436 2566 3490 ni
2593 3436 2776 3503 fallor;
2803 3439 2846 3493 si
2865 3451 2957 3494 aut
2974 3441 3061 3495 illa
3083 3444 3210 3501 ﬁant
3228 3459 3345 3514 qua:
3366 3445 3732 3515 prohibentur,
3744 3457 3824 3502 aut

2256 3525 2345 3580 illa
2373 3542 2478 3580 non
2507 3527 2635 3582 ﬁant
2659 3545 2774 3599 quin
2793 3530 3069 3599 jubentur.
3091 3534 3220 3589 Tam
3241 3547 3385 3592 certe
3405 3542 3589 3595 omnia
3615 3542 3697 3596 illa
3719 3556 3822 3611 qua:

2257 3615 2519 3685 prohibita
2540 3627 2686 3685 sunt,
2705 3620 2858 3689 vitari
2876 3633 3098 3690 possunt
3116 3639 3274 3694 quam
3296 3641 3415 3695 quae
3436 3642 3699 3700 praacepta
3715 3639 3826 3684 sunt

2259 3708 2458 3776 perlici.
2491 3708 2625 3763 Nam
2654 3709 2850 3766 frustra
2879 3722 2971 3768 aut
3009 3716 3382 3786 prohiberetur
3409 3729 3501 3774 aut
3542 3722 3821 3792 juberetur,

2256 3799 2396 3867 quod
2429 3798 2512 3853 vel
2538 3802 2714 3855 caveri
2741 3802 2826 3857 vel
2862 3803 3070 3874 impleri
3099 3823 3207 3861 non
3239 3817 3436 3878 posset.
3467 3810 3537 3865 Et
3577 3809 3824 3882 quomodo

2256 3891 2566 3962 negabimus
2613 3908 2770 3964 posse
2799 3909 2922 3951 esse
2961 3895 3230 3953 hominem
3269 3899 3385 3956 sine
3435 3913 3690 3972 peccato,
3715 3917 3822 3960 cum

2255 3980 2496 4036 conﬁteri
2525 3997 2748 4038 necesse
2776 3984 2866 4050 sit,
2899 3999 3022 4040 eum
3049 3994 3155 4040 tam
3185 3988 3363 4043 omnia
3393 3989 3479 4044 illa
3503 4006 3631 4061 quae
3660 4000 3828 4047 vetan-

2256 4075 2343 4122 tur
2370 4083 2527 4138 posse
2551 4086 2741 4127 cavere
2764 4114 2780 4140 ,
2813 4089 2972 4143 quam
3001 4091 3120 4145 qua:
3182 4081 3468 4149 imperatur
3523 4081 3774 4136 efﬁcere?
3800 4098 3819 4132 ι

2255 4156 2629 4227 Respondetur
2667 4162 2835 4217 multa
2877 4177 3000 4219 esse
3029 4165 3084 4219 in
3111 4165 3392 4236 Scripturis
3425 4171 3630 4226 sanctis
3665 4170 3825 4225 divina

2257 4258 2541 4318 praecepta,
2573 4265 2691 4320 qum
2717 4253 2896 4306 omnia
2921 4267 3347 4312 commemorare
3365 4259 3524 4315 nimis
3555 4275 3823 4331 operosum

2255 4349 2338 4395 est
2360 4357 2373 4394 :
2398 4341 2492 4396 sed
2541 4342 2796 4398 Dominus
2835 4359 2925 4414 qui
2971 4347 3190 4401 verbum
3220 4363 3601 4406 consummans
3629 4361 3682 4406 et
3718 4351 3826 4406 bie-

2255 4429 2406 4485 vians
2447 4429 2576 4485 fecit
2619 4446 2782 4501 super
2829 4442 3023 4488 terram
3053 4435 3226 4507 (Rom.
3258 4452 3342 4504 Ix,
3372 4437 3496 4510 28),
3527 4439 3587 4496 in
3631 4440 3826 4496 duobus

2257 4523 2534 4591 pratceptis
2562 4521 2696 4576 dixit
2721 4521 2916 4594 Legem
2944 4524 3340 4597 Prophetasque
3365 4529 3640 4598 pendere;
3673 4543 3726 4585 ut
3753 4532 3826 4584 in«

2257 4615 2631 4684 telligeremus,
2665 4618 2915 4688 quidquid
2943 4619 3082 4675 aliud
3107 4620 3355 4678 divinitus
3379 4637 3702 4697 pmceptum
3729 4633 3826 4690 est,

2255 4706 2307 4760 in
2335 4705 2420 4761 his
2445 4706 2652 4762 duobus
2679 4709 2872 4764 habere
2902 4711 3080 4778 ﬁnem,
3108 4723 3161 4768 et
3189 4714 3254 4768 ad
3281 4715 3395 4770 hinc
3419 4715 3526 4772 duo
3545 4732 3666 4772 esse
3693 4715 3824 4770 refe-

2255 4796 2477 4852 rendum
2503 4815 2515 4825 ’
2545 4797 2736 4870 Diliges
2772 4799 3044 4855 Dominum
3089 4802 3252 4858 Deum
3289 4817 3430 4861 tuum
3459 4825 3524 4862 ea:
3552 4819 3657 4864 toto
3687 4809 3826 4862 corde

2254 4896 2339 4942 tuo
2359 4929 2374 4953 ,
2405 4898 2452 4942 et
2502 4905 2565 4943 ea:
2592 4900 2694 4943 tota
2721 4892 2892 4948 anima
2919 4902 3007 4946 tua
3037 4933 3052 4958 ,
3082 4905 3128 4948 et
3160 4911 3223 4949 ea:
3251 4906 3354 4951 tota
3407 4910 3570 4953 mente
3615 4910 3741 4962 tua;
3778 4906 3827 4951 et

2257 4977 2448 5050 Diliges
2494 4981 2778 5050 proximum
2829 4993 2968 5036 tuum
3013 4995 3253 5055 tanquam
3295 4999 3342 5042 te
3387 4990 3571 5058 ipsum.
3624 4990 3688 5044 1η
3733 4989 3824 5054 his,

2255 5068 2460 5138 inquit,
2491 5070 2684 5124 duobus
2713 5075 2974 5143 prteceptis
2999 5084 3103 5128 tota
3130 5075 3238 5131 La:
3264 5079 3445 5149 pendet
3487 5091 3532 5133 et
3563 5078 3827 5147 Propheta:

2255 5160 2471 5231 (Matth.
2503 5177 2634 5227 χιιι,
2666 5162 2753 5228 40,
2789 5164 2898 5233 ⁸57).
2931 5163 3195 5236 Quidquid
3224 5183 3350 5237 ergo
3376 5169 3469 5223 Dci
3500 5169 3618 5239 lege
3654 5167 3826 5238 prohi-

2256 5252 2464 5318 bemur,
2493 5264 2548 5308 et
2573 5253 2828 5324 quidquid
2849 5255 3098 5325 jubemur
3125 5255 3330 5324 facere,
3363 5259 3430 5314 ad
3456 5259 3557 5313 hoc
3586 5258 3820 5329 prohibeo

2321 5426 2337 5457 ¹
2359 5431 2486 5473 Unus
2507 5437 2538 5473 e
2560 5427 2706 5474 vatic.
2730 5431 2837 5474 Mss.
2859 5460 2874 5484 ,
2900 5430 3012 5486 tota.

2319 5489 2338 5518 ³
2372 5493 2500 5555 Lota,
2525 5492 2842 5556 prmterquam
2880 5487 3026 5549 quod.
3051 5487 3214 5548 Abest,
3239 5487 3381 5552 quod,
3403 5489 3466 5538 ab
3488 5494 3587 5536 Am.
3629 5493 3702 5534 Er.
3737 5493 3784 5535 et
3806 5496 3829 5532 s

2255 5554 2600 5608 manus-armas.

2321 5609 2342 5673 ξ
2377 5617 2472 5655 Arn.
2500 5614 2551 5673 et
2572 5613 2644 5655 Er.
2672 5613 2724 5655 et
2743 5619 2916 5657 omnes
2939 5609 3130 5673 uss.,_si
3149 5622 3386 5673 negemus.
3601 5670 3610 5673 _
3680 5667 3691 5673 _
3775 5665 3784 5673 _

2321 5668 2343 5699 ⁸
2376 5674 2505 5732 Mss,
2529 5666 2664 5719 homo
2677 5673 2888 5720 eatersor
2904 5666 3157 5723 musam
3177 5666 3274 5735 die,
3297 5673 3470 5723 ciuisse
3487 5667 3740 5736 particulas
3767 5666 3817 5717 ίη
