3984 6528
242 305 334 365 9.θῖ
1019 288 1110 345 DE
1147 283 1627 344 PEBFECTIONE
1666 280 1779 340 JUS

1892 280 1996 340 ΊᾸΞ
2036 283 2313 342 HOMINIS
2349 285 2578 342 LIBER.

238 435 345 480 ωσι-
373 422 422 472 et
454 412 710 484 iubemur,
745 414 806 462 ut
842 406 948 462 duo
991 405 1090 459 ista
1121 402 1505 472 compleamus.
1539 401 1606 454 Et
1646 399 1783 454 forte

235 505 468 586 generalis
493 499 776 573 prohibitio
801 507 885 553 est
903 540 918 563 ,
949 495 1070 550 Non
1098 495 1426 564 concupisce:
1449 491 1750 586 (Emod._xx
1769 531 1783 554 ,

239 582 349 676 i7);
375 609 420 655 et
438 592 686 668 generalis
722 591 916 661 jussio,
962 587 1156 660 Diliges
1187 586 1363 658 (Deut.
1391 601 1475 652 γι,
1513 583 1592 652 5).
1635 582 1788 637 Unde

236 695 434 754 breviter
458 698 509 744 et
541 684 813 756 apostolus
841 683 1036 739 Paulus
1079 680 1310 752 quodam
1351 680 1475 734 loco
1505 687 1786 746 utrumque

234 785 504 855 complexus
532 787 629 834 est.
656 776 956 832 Proltibitio
983 775 1124 831 enim
1147 782 1249 839 est,
1275 771 1452 830 Nolite
1477 768 1786 841 conformari

232 879 327 934 huic
347 873 518 930 ueruto
542 887 561 925 :
573 869 745 941 jussio
773 877 973 932 autem,
1005 866 1110 922 Sed
1137 863 1485 937 reformamini
1507 863 1524 894 ³
1551 862 1605 916 in
1647 861 1789 915 noui-

231 979 312 1025 tate
334 965 498 1020 mentis
521 973 694 1018 vestrm
719 960 902 1033 (Rom.
933 976 1028 1024 xu,
1058 958 1135 1030 2).
1164 957 1300 1012 lllud
1324 957 1554 1026 pertinet
1581 953 1648 1009 ad
1679 970 1784 1009 non

229 1061 602 1128 concupiscere;
649 1054 752 1109 hoc
776 1096 792 1120 ,
819 1053 887 1136 ap
916 1053 1170 1122 diligere;
1219 1049 1352 1104 illud
1394 1048 1461 1103 ad
1503 1049 1785 1103 continen-

229 1155 361 1215 tiam;
384 1150 479 1203 hoc
501 1147 565 1202 ad
587 1147 854 1217 justitiam
881 1161 896 1209 ;
929 1144 1054 1200 illud
1074 1142 1140 1198 ad
1161 1141 1532 1197 declinandum
1553 1154 1583 1194 a
1611 1141 1781 1206 malo;

228 1245 338 1308 hoc,
399 1239 460 1294 ad
515 1238 816 1292 faciendum
886 1235 1104 1291 bonum.
1171 1231 1289 1288 Non
1358 1231 1784 1305 concupiscendo

227 1339 341 1392 enim
385 1339 644 1387 vetustate
689 1328 1072 1398 exspoliamur,
1121 1333 1177 1380 et
1228 1324 1463 1380 novitate
1515 1321 1786 1378 induimur

226 1425 472 1499 diligendo.
515 1421 629 1478 Sed
667 1437 768 1477 nec
809 1421 1090 1492 quisquam
1121 1426 1294 1488 potest
1334 1417 1614 1471 continens
1639 1431 1781 1482 esse,

225 1520 305 1576 nisi
345 1518 472 1572 Deus
523 1515 619 1569 det
669 1511 850 1586 (Sap.
911 1527 1042 1578 vm,
1073 1509 1224 1581 21),
1283 1516 1340 1564 ει
1398 1508 1632 1562 Charitas
1688 1507 1783 1563 Dei

224 1609 494 1670 diffunditur
517 1607 575 1660 in
607 1605 862 1661 cordibus
890 1603 1104 1668 nostris,
1130 1617 1235 1656 non
1263 1616 1360 1671 per
1381 1616 1479 1656 nos
1500 1601 1664 1670 ipsos,
1687 1599 1782 1656 sed

226 1720 302 1775 per
317 1701 546 1771 Spiritum
574 1705 822 1752 sanctum
844 1696 935 1765 qui
959 1693 1113 1748 datus
1136 1701 1220 1779 est
1240 1691 1398 1747 nobis
1421 1690 1595 1764 (Rom.
1617 1706 1670 1756 v,
1698 1691 1780 1761 5).

225 1797 315 1854 Hoc
347 1803 510 1848 autem
541 1790 612 1845 lit
653 1789 722 1844 de
752 1789 839 1844 die
879 1789 933 1843 in
978 1787 1117 1842 diem
1150 1786 1202 1839 in
1245 1785 1313 1840 iis
1347 1784 1437 1854 Qui
1466 1783 1695 1839 volendo
1728 1791 1784 1839 et

225 1884 451 1944 credendo
474 1891 528 1938 et
566 1879 874 1936 invocando
901 1877 1216 1950 proﬁciunt,
1249 1888 1302 1933 et
1332 1876 1600 1947 praeterita
1645 1875 1781 1930 obli-

226 1972 446 2036 viscean
460 1976 509 2030 in
526 1989 599 2030 ea
615 1989 734 2044 quae
749 1982 875 2028 ante
894 1979 1020 2026 sunt
1038 1968 1399 2026 extenduntur
1419 1965 1676 2042 (Philipp.
1701 1983 1774 2033 ιιι,

228 2069 316 2142 15).
342 2067 411 2123 Ad
448 2066 545 2120 hoc
582 2066 731 2121 enim
768 2065 858 2120 lex
902 2062 999 2118 ista
1033 2059 1312 2132 prtecipit,
1346 2067 1405 2114 ut
1447 2073 1570 2114 cum
1598 2057 1651 2113 in
1695 2057 1782 2118 bis

231 2157 464 2232 implendis
504 2156 677 2211 homo
704 2152 1001 2217 defecerit,
1033 2168 1142 2207 non
1186 2165 1248 2206 se
1282 2149 1501 2210 extollat
1529 2152 1778 2224 Superbia

237 2251 446 2315 tumidus,
475 2249 574 2304 sed
625 2246 696 2303 ad
724 2247 949 2319 gratiam
978 2242 1251 2320 confugiat
1289 2247 1576 2318 fatigatus;
1606 2261 1670 2301 ac
1698 2246 1778 2300 sic

134 2363 140 2368 ί
239 2361 338 2403 eum
360 2345 428 2399 lex
447 2340 723 2414 terrendo,
749 2339 817 2400 ad
846 2344 1114 2401 Christum
1140 2340 1471 2423 diligendum
1498 2338 1774 2411 paedagogi

232 2440 444 2514 perducat
464 2439 665 2495 ollicio.

285 2532 476 2590 CAPUT
499 2531 595 2586 Vl.
618 2560 692 2572 --
711 2528 1053 2584 Ratiocinatio
1082 2527 1170 2583 12.
1227 2545 1246 2578 ‹
1279 2525 1496 2590 lterum,
1526 2538 1776 2595 quaeren-

230 2627 339 2682 dum
362 2635 450 2689 est,
480 2643 498 2676 ι
537 2623 748 2693 inquit,
784 2639 805 2673 ι
839 2619 1106 2691 quomodo
1133 2633 1238 2673 non
1276 2626 1448 2688 potest
1476 2615 1634 2672 homo
1659 2615 1776 2670 sine

237 2729 428 2790 peccato
438 2731 563 2782 esse;
575 2715 864 2777 voluntate,
887 2727 957 2767 an
981 2722 1186 2767 natura.
1205 2709 1259 2766 Si
1278 2720 1483 2776 natura,
1501 2717 1776 2779 peccatum

237 2826 335 2866 non
355 2819 426 2864 est
445 2825 457 2861 :
475 2809 513 2863 si
540 2807 819 2871 voluntate,
849 2805 1103 2876 perfacile
1125 2812 1303 2874 potest
1325 2802 1570 2857 voluntas
1583 2800 1775 2856 volun-

243 2913 340 2957 tate
377 2903 557 2956 mutari.
599 2920 618 2953 ι
649 2898 1063 2970 Respondemus
1081 2938 1096 2963 ,
1121 2897 1471 2952 admonentes
1489 2910 1608 2951 esse
1634 2894 1779 2966 cogi-

243 2994 429 3050 tandum
447 3002 620 3064 quanta
635 2994 704 3048 sit
722 2993 823 3046 ista
844 2991 1207 3062 przesumptio,
1225 3005 1325 3059 qna
1345 2989 1539 3044 dicitur
1560 3003 1667 3043 non
1692 3003 1781 3043 so-

236 3085 334 3141 lum
352 3100 478 3154 posse
489 3084 649 3157 (quod
659 3083 878 3154 quidem
890 3083 1170 3152 adjuvante
1182 3082 1346 3152 gratia
1365 3081 1460 3137 Dei
1477 3079 1776 3150 negandum

232 3194 324 3234 non
362 3181 479 3244 est),
508 3176 608 3232 sed
634 3165 798 3231 etiam
826 3176 1067 3248 perfacile
1091 3191 1237 3246 posse
1265 3174 1570 3230 voluntatem
1595 3173 1780 3227 uolun-

223 3280 309 3324 tste
339 3271 502 3322 mutari
534 3286 554 3323 :
595 3285 721 3326 cum
746 3269 889 3323 dicat
923 3269 1215 3338 Apostolus
1237 3309 1254 3335 ,
1295 3265 1428 3322 Caro
1469 3265 1780 3337 concupiscit

218 3360 421 3415 adversus
461 3361 701 3428 spiritum
724 3400 739 3423 ,
783 3369 832 3414 et
877 3359 1087 3429 spiritus
1133 3358 1371 3412 adversus
1409 3373 1652 3412 cernens:
1674 3356 1780 3412 hac

215 3458 326 3506 enim
363 3454 564 3506 invicem
616 3454 994 3518 adversantur;
1039 3461 1093 3506 ut
1130 3469 1233 3507 non
1269 3469 1330 3506 ea
1367 3442 1486 3522 quia
1511 3453 1660 3507 vultis
1699 3456 1781 3524 fa-

211 3547 334 3601 ciatis
369 3547 387 3619 (
409 3546 579 3602 Galat.
616 3563 674 3616 v,
707 3547 840 3619 17).
881 3545 998 3601 Non
1041 3546 1182 3601 enim
1234 3545 1339 3614 ait,
1394 3544 1521 3600 Ηιεε
1569 3545 1780 3601 inviam

211 3641 519 3706 adversantur,
550 3650 616 3694 ut
652 3655 774 3710 quae
803 3639 1025 3710 potestis
1054 3637 1231 3694 facere
1251 3679 1266 3703 ,
1315 3638 1495 3693 nolitis
1518 3653 1532 3691 :
1554 3638 1685 3706 sed,
1725 3645 1780 3691 ut

211 3745 293 3784 non
331 3747 386 3785 ea
424 3747 538 3801 quin
579 3731 740 3785 cultis
769 3731 989 3803 faciatis.
1034 3729 1140 3785 Cur
1179 3744 1307 3800 ergo
1349 3729 1778 3800 concupiscentia

207 3822 389 3878 carnis:
419 3839 536 3894 quae
585 3823 774 3893 utique
821 3822 1098 3901 cuipabilis
1141 3830 1299 3892 atque
1329 3820 1521 3876 vitiosa
1547 3829 1630 3876 est
1649 3861 1664 3886 ,
1695 3821 1779 3875 ni-

207 3915 358 3988 hilque
384 3917 644 3978 est,aliud
673 3912 832 3988 qdam
859 3916 1181 3972 desiderium
1211 3915 1436 3986 peccati,
1465 3914 1605 3985 quod
1637 3913 1777 3970 idem

207 4010 450 4079 apostolus
474 4010 730 4080 praecipit
752 4049 767 4073 ,
801 4024 868 4063 ne
905 4016 1093 4079 regnet
1121 4007 1174 4061 in
1205 4015 1387 4062 nostro
1417 4006 1627 4060 mortali
1658 4021 1779 4062 cor-

205 4116 314 4171 pore
359 4101 530 4177 (Rom.
559 4119 640 4168 vr,
677 4101 799 4174 £2);
829 4103 918 4157 ubi
943 4105 1074 4157 satis
1098 4102 1330 4157 ostendit
1357 4116 1478 4157 esse
1505 4111 1682 4156 tamen
1721 4100 1778 4156 in

205 4203 360 4248 nostro
394 4195 618 4250 mortali
661 4210 886 4265 corpore
905 4237 920 4262 ,
951 4194 1091 4264 quod
1122 4194 1532 4264 permittendum
1576 4208 1680 4248 non
1708 4193 1780 4248 sit

144 4262 611 4358 .utregnetzcur
661 4262 792 4358 ergo
835 4289 933 4342 ista
971 4262 1395 4357 concupiscentia
1427 4301 1532 4340 non
1577 4293 1775 4340 mutata

203 4390 347 4436 estea
376 4383 698 4445 voluntate,
742 4396 899 4451 quam
951 4380 1273 4433 voluntatem
1327 4380 1459 4434 satis
1501 4377 1778 4435 evidenter

202 4474 435 4543 expressit
464 4473 767 4542 Apostolus
792 4472 1006 4535 dicens,
1031 4480 1086 4524 ut
1123 4489 1222 4524 non
1251 4488 1310 4525 ea
1351 4486 1464 4541 qua
1503 4469 1654 4524 uultis
1697 4473 1778 4538 fa-

201 4564 353 4629 ciatis;
380 4566 423 4618 si
449 4564 615 4620 facile
647 4572 822 4633 potest
850 4563 1092 4617 voluntas
1119 4563 1390 4617 voluntate
1411 4560 1642 4615 mutari?
1667 4559 1777 4615 Nec

202 4666 309 4709 sane
333 4639 430 4709 isto
471 4654 648 4710 modo
694 4663 938 4708 naturam
963 4696 977 4718 ,
1010 4655 1122 4708 sive
1149 4653 1341 4707 anima:
1362 4695 1378 4720 ,
1431 4653 1545 4707 sive
1586 4666 1778 4722 corpo-

201 4747 290 4808 ris,
339 4763 498 4817 quam
551 4747 699 4801 Deus
745 4747 983 4810 creavit,
1029 4756 1083 4801 et
1143 4760 1262 4815 qua:
1312 4751 1420 4799 tota
1477 4743 1615 4798 bona
1658 4752 1771 4810 est,

202 4852 522 4893 accusamus:
547 4839 649 4895 sed
679 4853 798 4893 eam
829 4837 1054 4894 dicimus
1081 4837 1293 4908 propria
1320 4835 1594 4890 voluntate
1625 4834 1777 4889 vitia-

103 4957 108 4962 -
201 4937 310 4995 tam,
333 4929 449 4986 sine
483 4932 581 4986 Dei
615 4933 785 5002 gratia
814 4946 918 4985 non
948 4944 1102 5000 posse
1127 4930 1325 4984 sanari.

260 5013 602 5070 Rutiocinatio
635 5017 724 5072 15.
756 5035 774 5068 s
806 5016 998 5070 lterum
1021 5057 1034 5079 ,
1073 5033 1092 5066 s
1118 5015 1210 5079 ait,
1249 5031 1267 5065 ι
1298 5013 1642 5084 (ιυζὲΐῦηάοω
1673 5023 1774 5077 est,

202 5102 236 5156 si
257 5119 349 5159 non
373 5116 557 5174 potest
583 5107 747 5160 homo
767 5107 883 5160 sine
906 5115 1121 5175 peccato
1142 5120 1281 5172 esse,
1311 5105 1466 5176 cujus
1483 5106 1638 5176 culpa
1656 5113 1742 5159 est
1760 5121 1776 5173 ;

204 5194 413 5262 ipsiusne
436 5199 680 5253 hominis
700 5241 717 5265 ,
735 5214 803 5252 an
825 5199 1106 5267 cuiuslibet
1135 5198 1357 5253 alterius
1380 5214 1393 5250 :
1418 5199 1462 5252 si
1491 5199 1659 5267 ipsius
1677 5197 1778 5252 ho-

204 5287 356 5351 minis,
375 5289 652 5359 quomodo
671 5290 827 5358 culpa
845 5287 1075 5343 hominis
1094 5297 1197 5356 est,
1221 5290 1265 5344 si
1288 5288 1390 5343 hoc
1407 5304 1512 5344 non
1532 5299 1614 5344 est
1635 5289 1778 5359 quod

205 5394 305 5433 esse
326 5398 429 5436 non
464 5381 678 5452 potest?
733 5401 749 5434 ι
793 5378 1219 5451 Βεειιοιιιιειιιίιε,
1272 5381 1391 5437 ideo
1421 5396 1540 5438 esse
1565 5382 1778 5452 culpam

206 5470 434 5542 hominis,
456 5474 727 5546 quodnon
747 5477 959 5531 estsine
977 5487 1214 5545 peccato,
1238 5476 1360 5547 quia
1393 5476 1507 5531 sola
1548 5475 1779 5532 hominis

204 5567 455 5620 voluntate
504 5565 705 5621 factum
745 5579 828 5621 est
868 5577 927 5622 ut
973 5569 1037 5623 ad
1067 5569 1222 5623 istam
1272 5569 1645 5624 necessitatem
1682 5585 1777 5625 ve-

256 5706 272 5739 ι
304 5708 458 5768 rem,
530 5709 866 5780 renovamini._
911 5718 966 5761 Al.
1029 5719 1157 5776 Mss,
1214 5712 1587 5778 reformamini;
1641 5717 1782 5780 juxta

206 5779 415 5831 malm,
439 5771 924 5835 metamorphmlsthe.

468 5859 698 5924 Ssncr.
749 5859 1024 5924 AUGUST.
1068 5861 1153 5925 Χ.

3374 295 3487 354 298

1896 399 2076 468 niret,
2121 415 2279 471 quam
2331 403 2442 458 sola
2505 403 2736 461 hominis
2782 407 3026 464 voluntas
3069 423 3326 482 superare
3372 430 3481 474 non

1893 491 2080 560 possit.

1965 581 2304 640 Rutiocinatio
2336 588 2421 645 14.
2459 607 2478 640 ‹
2519 587 2745 660 lterum,
2785 612 2802 646 ι
2834 593 2926 661 ait,
2959 613 2977 647 ι
3008 597 3351 666 quaerendum
3369 609 3472 666 est,

1894 673 1936 728 si
1955 683 2139 730 natura
2167 676 2398 733 hominis
2427 679 2563 735 bona
2601 693 2715 752 est,
2744 686 2886 754 quod
2926 687 3100 744 nullus
3137 706 3330 761 negare
3367 691 3472 748 nisi

1894 763 2125 823 Marcion
2143 779 2234 824 aut
2262 770 2581 828 Manichmus
2608 776 2842 846 audebit,
2869 781 3136 850 quomodo
3154 782 3310 853 igitur
3335 784 3476 840 bona

1894 860 2005 918 est,
2034 853 2078 907 si
2105 855 2246 909 malo
2270 855 2319 910 ei
2344 871 2528 912 carere
2558 874 2662 914 non
2689 870 2773 915 est
2799 865 3087 931 possibile?
3115 863 3285 923 Omne
3331 869 3476 924 enim

1894 957 2168 1017 peccatum
2189 950 2386 1006 malum
2425 967 2548 1008 esse
2567 954 2686 1023 quis
2705 955 2940 1011 dubitet?
2972 977 2991 1010 s
3037 959 3439 1031 Respondemus
3458 1004 3476 1030 ,

1893 1049 1946 1094 et
1972 1047 2216 1096 naturam
2235 1042 2466 1099 hominis
2481 1043 2672 1100 bonam
2703 1061 2842 1114 esse,
2871 1057 2925 1102 et
2959 1064 3076 1106 eam
3118 1053 3258 1108 malo
3297 1069 3482 1112 carere

1894 1145 2067 1202 posse.
2089 1133 2221 1190 Nam
2267 1135 2390 1192 ideo
2414 1137 2727 1207 clamamus,
2750 1139 2928 1195 Libera
2943 1159 3035 1197 nos
3054 1161 3084 1196 a
3099 1147 3232 1200 man
3266 1147 3476 1219 (Matth.
3535 1156 3541 1162 ‘

1890 1241 1964 1294 vr,
1987 1226 2073 1298 15)
2094 1246 2106 1282 :
2129 1229 2271 1300 quod
2292 1246 2398 1286 non
2416 1231 2706 1302 perﬁcitur,
2721 1234 2971 1305 quamdiu
2991 1251 3185 1308 corpus
3203 1241 3343 1309 quod
3356 1257 3475 1297 cor-

1890 1321 2173 1391 rumpitur,
2204 1334 2454 1396 aggravat
2495 1326 2726 1382 animam
2760 1326 2931 1400 (Sap.
2963 1346 3037 1396 ix,
3071 1332 3200 1403 15).
3233 1334 3336 1389 Sed
3370 1336 3471 1392 hoc

1890 1411 2062 1482 agitur
2079 1415 2245 1484 gratia
2274 1431 2370 1487 per
2390 1416 2573 1484 ﬁdem,
2603 1427 2660 1473 ut
2684 1419 2969 1489 aliquando
2994 1421 3218 1491 dicatur,
3255 1422 3354 1479 Ubi
3381 1435 3475 1492 est,

1890 1521 2044 1575 mors,
2076 1510 2326 1563 contentio
2354 1512 2483 1566 tua?
2505 1513 2590 1566 ubi
2616 1521 2706 1579 est,
2742 1531 2898 1578 mors,
2928 1515 3136 1570 aculeus
3162 1519 3316 1573 tuus?
3342 1519 3478 1574 Acu-

1891 1595 1996 1652 leus
2031 1609 2201 1654 autem
2237 1604 2414 1658 mortis
2460 1615 2754 1674 peccatum;
2797 1607 2954 1660 virtus
2990 1624 3105 1662 vero
3147 1610 3363 1679 peccati,
3397 1612 3480 1666 lea:

1889 1688 1932 1761 (_l
1957 1687 2074 1744 Cor.
2108 1706 2216 1760 xv,
2245 1691 2347 1760 55,
2374 1693 2487 1766 56).
2526 1694 2787 1764 Quoniam
2829 1696 2915 1754 lex
2945 1697 3276 1768 prohibendo
3318 1712 3478 1774 auget

1888 1781 2092 1849 peccati
2119 1783 2460 1854 cupiditatem
2487 1828 2501 1852 ,
2545 1787 2646 1842 nisi
2689 1787 2950 1843 ditl'undat
2992 1789 3221 1861 Spiritus
3248 1791 3481 1850 cbarita-

1888 1879 2018 1941 tem,
2049 1885 2168 1944 qna:
2194 1875 2352 1946 plena
2377 1886 2432 1933 et
2461 1877 2694 1954 perfecta
2723 1887 2848 1940 tunc
2870 1881 3003 1952 erit,
3030 1899 3153 1943 cum
3184 1883 3478 1946 videbimus

1887 1960 2021 2018 facie
2045 1963 2111 2022 ad
2141 1964 2351 2030 faciem.

1955 2061 2292 2118 Ratiocinatio
2322 2065 2408 2122 15.
2439 2085 2458 2120 r
2491 2067 2560 2123 Et
2588 2069 2709 2138 hoc,
2737 2088 2756 2123 ι
2787 2069 2976 2142 inquit,
3000 2090 3020 2124 ι
3039 2072 3325 2130 dicendurm
3351 2085 3434 2131 est
3457 2094 3472 2130 :

1883 2150 2043 2209 Certe
2055 2153 2230 2224 justus
2254 2165 2336 2210 est
2356 2155 2516 2225 Deus;
2540 2161 2720 2231 negari
2740 2162 2882 2216 enim
2912 2177 3014 2218 non
3038 2173 3230 2234 potest.
3251 2165 3478 2236 Imputat

1882 2255 2060 2300 autem
2076 2245 2216 2302 Dens
2230 2245 2431 2304 homini
2447 2265 2606 2306 omne
2621 2263 2916 2322 peccatum.
2931 2253 3001 2310 Et
3017 2255 3117 2311 hoc
3130 2271 3339 2327 quoque
3349 2272 3478 2315 con-

1883 2337 2141 2394 ﬁtendum
2169 2350 2315 2411 puto,
2336 2343 2457 2413 quia
2479 2357 2655 2414 neque
2676 2355 2951 2414 peccatum
2967 2356 3068 2416 est,
3093 2348 3345 2419 quidquid
3368 2365 3477 2406 non

1883 2428 2230 2500 imputabitur
2266 2432 2319 2486 in
2352 2443 2650 2503 peccatum.
2679 2436 2747 2491 Et
2774 2437 2818 2491 si
2854 2447 2937 2492 est
2961 2438 3173 2508 aliquod
3198 2449 3478 2509 peccatum

1883 2523 2026 2593 quod
2059 2525 2215 2579 vitari
2247 2541 2352 2581 non
2380 2527 2578 2598 possit,
2606 2530 3064 2600 quomodojustus
3089 2531 3232 2586 Deus
3255 2532 3474 2598 dicitur,

1883 2615 1928 2670 si
1957 2615 2222 2688 imputare
2251 2618 2495 2689 cuiquam
2538 2619 2795 2685 creditur,
2827 2621 2968 2692 quod
3008 2623 3160 2677 vitari
3202 2639 3306 2678 non
3349 2640 3476 2693 pos-

1882 2709 1990 2765 sit?
2027 2728 2046 2762 s
2081 2709 2485 2781 Respondemus
2509 2755 2524 2778 ,
2550 2711 2660 2782 jam
2692 2714 2818 2768 olim
2861 2723 3043 2770 contra
3075 2716 3332 2785 superbos
3357 2729 3480 2772 esse

1883 2800 2190 2868 clamatum,
2221 2800 2410 2856 Beatus
2439 2803 2521 2856 cui
2544 2819 2644 2857 non
2674 2805 2980 2876 imputauit‘
3011 2803 3264 2861 Dominus
3292 2823 3473 2877 ρει-σεε

1883 2903 1992 2948 tum
2016 2893 2187 2968 (Psal.
2219 2912 2369 2961 χιιι,
2401 2897 2482 2968 2).
2511 2896 2625 2952 Non
2653 2898 2795 2953 enim
2825 2897 3050 2968 imputat
3077 2897 3161 2954 his
3185 2898 3277 2969 qui
3302 2898 3480 2956 fideli-

1886 2994 1970 3041 ter
1995 2987 2044 3042 ei
2074 2987 2287 3054 dicunt,
2317 2987 2530 3043 Dimitte
2558 2988 2700 3044 nobis
2729 2974 2894 3044 debita
2923 3000 3096 3044 nostra
3114 3031 3129 3055 ,
3157 2991 3287 3045 sicut
3309 2999 3356 3044 et
3384 3005 3478 3045 nos

1884 3077 2184 3134 dimittimus
2209 3079 2513 3136 debitoribus
2540 3081 2722 3136 nostris
2752 3080 2963 3152 (Matth.
2995 3097 3068 3148 vt,
3099 3081 3213 3153 12).
3242 3081 3311 3137 Et
3332 3081 3477 3152 justo

1885 3187 1992 3226 non
2025 3171 2267 3242 imputat,
2299 3173 2421 3243 quia
2445 3172 2650 3244 justum
2691 3182 2774 3227 est
2801 3172 2944 3244 quod
2971 3173 3082 3239 ait,
3113 3171 3180 3227 In
3208 3189 3310 3244 qua
3333 3189 3475 3228 men-

1884 3281 2005 3318 sura
2028 3265 2186 3319 mensi
2208 3265 2426 3338 fueritis,
2453 3266 2506 3320 in
2544 3267 2718 3320 eadem
2744 3266 3030 3321 remetietur
3057 3265 3194 3321 vobis
3226 3263 3337 3340 (Id.
3366 3282 3438 3322 vn
3454 3309 3478 3330 .,

1887 3355 1969 3434 2).
2003 3357 2284 3413 Peccatum
2312 3366 2397 3415 est
2435 3367 2612 3415 autem
2635 3401 2650 3427 ,
2683 3375 2804 3415 cum
2848 3360 2930 3415 vel
2969 3375 3076 3416 non
3120 3370 3202 3417 est
3245 3359 3479 3417 Charitas

1885 3465 2002 3520 qua:
2028 3465 2148 3506 esse
2175 3451 2368 3520 debet,
2396 3452 2480 3507 vel
2519 3453 2695 3508 minor
2721 3461 2804 3508 est
2827 3469 2987 3524 quam
3016 3452 3207 3520 debet,
3235 3455 3347 3510 sive
3371 3453 3478 3510 hoc

1884 3543 2157 3599 voluntate
2173 3543 2328 3599 vitari
2355 3546 2542 3614 possit,
2565 3547 2678 3602 sive
2697 3563 2806 3602 non
2834 3548 3036 3618 possit:
3060 3548 3183 3618 quia
3210 3549 3254 3604 si
3276 3559 3472 3620 potest,

1885 3653 2124 3708 prtesens
2144 3639 2386 3694 voluntas
2406 3639 2508 3694 hoc
2533 3639 2660 3696 facit
2682 3658 2696 3695 :
2719 3641 2764 3695 si
2792 3650 2971 3698 autem
2996 3657 3102 3698 non
3130 3651 3322 3714 potest,
3347 3657 3480 3713 prm-

1886 3729 2042 3786 terita
2073 3731 2315 3785 voluntas
2345 3732 2446 3786 hoc
2473 3731 2630 3796 fecit;
2658 3742 2712 3788 et
2742 3742 2917 3789 tamen
2948 3734 3104 3789 vitari
3134 3741 3336 3805 potest,
3366 3748 3477 3791 non

1885 3821 2099 3892 quando
2126 3821 2373 3878 voluntas
2397 3823 2626 3893 superba
2652 3823 2913 3893 laudatur,
2941 3823 3036 3880 sed
3061 3823 3275 3894 quando
3300 3823 3478 3880 humi-

1886 3912 1954 3968 lis
1978 3912 2281 3983 adjuvatur.
3150 3956 3152 3958 τ

1954 4006 2179 4062 CAPUT
2208 4005 2318 4062 Vll.
2348 4036 2422 4049 —
2449 4005 2788 4063 Ratiocinatio
2820 4008 2905 4064 16.
2951 4008 3080 4064 Post
3119 4007 3234 4064 haec
3271 4006 3363 4065 ille
3382 4009 3480 4080 qui

1885 4097 1986 4153 ista
2017 4098 2354 4168 conscripsit,
2378 4098 2666 4162 introducit
2685 4114 2966 4170 personam
2992 4114 3142 4155 suam
3171 4098 3323 4170 quasi
3350 4114 3479 4155 cum

1883 4192 2054 4248 altero
2078 4192 2456 4263 disputantem,
2489 4200 2544 4248 et
2570 4193 2690 4248 facit
2715 4207 2775 4249 se
2795 4193 3132 4264 interrogari,
3161 4203 3216 4248 et
3241 4192 3478 4264 quasiab

1884 4285 2248 4356 interrogante
2269 4286 2484 4342 sibidici
2507 4305 2519 4340 :
2545 4286 2631 4346 Da
2648 4288 2772 4342 mihi
2799 4289 2820 4319 '
2843 4288 3094 4342 hominem
3113 4289 3223 4343 sine
3246 4296 3475 4360 peccato.

1887 4378 1953 4432 Et
1971 4379 2259 4449 respondet
2288 4378 2403 4433 :Do
2428 4379 2515 4434 tibi
2541 4397 2626 4451 qui
2652 4397 2758 4435 esse
2788 4383 2961 4450 possit.
2997 4381 3063 4436 Et
3086 4395 3272 4436 rursus
3299 4380 3367 4436 ab
3391 4380 3478 4436 in-

1885 4478 2189 4540 terrogante
2211 4471 2402 4527 dicitur
2421 4473 2469 4526 ei
2501 4489 2516 4524 :
2550 4472 2674 4538 Quis
2693 4475 2802 4529 est?
2831 4474 3198 4547 Etrespondet
3223 4493 3236 4530 :
3259 4472 3382 4546 Ipse
3399 4483 3475 4528 tu.

1888 4559 2038 4627 Quod
2065 4561 2108 4615 si
2137 4561 2346 4623 dixeris,
2380 4563 2569 4632 inquit,
2602 4561 2714 4635 Ego
2743 4581 2848 4619 esse
2874 4582 2974 4619 non
2996 4581 3200 4635 possum
3221 4580 3242 4619 :
3266 4580 3480 4635 respon-

1884 4652 2107 4708 dendum
2137 4662 2227 4716 est,
2251 4652 2408 4726 Cujus
2455 4653 2608 4724 culpa
2640 4656 2749 4710 est?
2794 4656 2944 4722 Quod
2980 4655 3024 4711 si
3057 4655 3268 4724 dixeris,
3310 4655 3432 4712 Mea
3460 4671 3483 4712 .'

1884 4748 2151 4802 dicendum
2173 4758 2268 4814 est,
2312 4748 2377 4802 Et
2406 4749 2656 4816 quomodo
2685 4760 2774 4804 tua
2799 4759 2892 4817 est,
2922 4751 2963 4806 si
2991 4766 3100 4804 esse
3126 4766 3226 4804 non
3251 4757 3394 4822 potes
3413 4749 3479 4804 ⁸1

1886 4840 2079 4895 lterum
2107 4839 2234 4896 facit
2259 4856 2319 4896 se
2357 4841 2672 4913 interrogari
2703 4851 2757 4897 et
2785 4841 2890 4898 dici
2920 4841 3022 4898 sibi
3056 4859 3071 4896 :
3105 4841 3182 4895 Tu
3219 4840 3328 4914 ipse
3367 4842 3479 4899 sine

1887 4941 2090 5000 peccato
2118 4948 2188 4995 es,
2238 4932 2328 5002 qui
2368 4932 2494 4986 dicis
2520 4933 2770 4987 hominem
2795 4934 2905 4988 sine
2933 4941 3136 5005 peccato
3155 4949 3262 4988 esse
3291 4935 3479 5009 possetl

1886 5025 1952 5079 Et
1977 5023 2267 5094 respondet
2293 5043 2305 5079 :
2332 5024 2481 5089 Quod
2496 5042 2596 5078 non
2622 5041 2734 5079 sum
2758 5026 2867 5080 sine
2888 5034 3110 5098 peccato,
3155 5026 3302 5096 cujus
3325 5026 3477 5095 culpa

1885 5117 2003 5171 est?
2035 5118 2183 5184 Quod
2210 5117 2252 5172 si
2279 5117 2481 5182 dixerit,
2530 5118 2718 5188 inquit,
2766 5116 2878 5173 Tua
2917 5129 2989 5174 est
3021 5134 3040 5172 :
3067 5118 3477 5190 respondendum

1886 5219 1979 5276 est,
2011 5209 2276 5275 Quomodo
2305 5227 2435 5276 mea,
2464 5211 2508 5264 si
2532 5227 2638 5264 esse
2657 5228 2758 5265 non
2779 5227 2984 5284 possunt
3004 5212 3030 5266 .9
3047 5209 3157 5266 Nos
3183 5211 3479 5280 responde-

1888 5318 2026 5368 mus,
2057 5303 2260 5358 nullum
2288 5317 2408 5358 cum
2446 5303 2523 5358 eis
2548 5303 2615 5358 de
2647 5303 2730 5358 his
2758 5303 2933 5359 verbis
2959 5318 3080 5358 esse
3113 5302 3312 5358 debere
3347 5315 3474 5356 con-

1887 5395 2088 5454 ﬂictum
2113 5413 2126 5449 :
2149 5396 2272 5467 quia
2294 5411 2398 5450 non
2419 5402 2501 5449 est
2527 5410 2690 5450 ausus
2715 5394 2893 5451 dicere
2924 5395 3195 5451 hominem
3220 5407 3340 5450 esse
3359 5391 3477 5446 sine

1952 5595 1970 5662 ξ
2005 5600 2056 5642 ιιι
2077 5599 2209 5662 uss,
2226 5587 2492 5662 imputabit.
2515 5595 2679 5662 crtece
2703 5595 2797 5651 est,
2819 5586 3049 5653 iogt'sétai.

1951 5657 1971 5688 ε
2007 5655 2212 5703 Vaticani
2235 5650 2339 5702 Mss.
2356 5687 2372 5713 ,
2392 5651 2480 5702 das
2502 5650 2638 5702 mihi.

1953 5720 1974 5751 ³
2007 5725 2140 5781 l.ov.,
2173 5715 2215 5766 si
2252 5711 2364 5776 ipse
2391 5715 2492 5766 sine
2529 5720 2725 5781 peccato
2754 5727 2856 5765 esse
2886 5724 2982 5764 non
3021 5717 3168 5776 potes.
3213 5711 3478 5777 sedanda,

1889 5782 1992 5848 ipse
2011 5779 2113 5835 sine
2136 5783 2347 5845 peccato,
2372 5790 2467 5828 nec
2491 5779 2567 5828 εει
2590 5779 2638 5826 ιιι
2660 5783 2770 5826 Mss.
3307 5816 3310 5818 _

2927 5860 3158 5940 (Dim)
