3984 6524
523 217 632 277 299

523 342 761 405 peccato,
786 332 871 390 vel
898 332 1150 406 aliquem,
1181 328 1267 386 vel
1293 341 1354 386 se
1390 327 1585 400 ipsum,
1608 323 1702 383 sed
1738 322 2107 381 tantummodo

523 440 643 483 esse
694 437 874 498 posse,
916 420 1221 494 respondit;
1275 417 1417 490 quod
1468 432 1641 489 neque
1680 431 1779 473 nos
1830 431 2107 489 negamus.

532 520 758 590 Quando
784 526 963 578 autem
983 515 1171 589 possit,
1204 519 1260 570 et
1282 527 1383 584 per
1404 526 1562 583 quem
1598 509 1786 582 possit,
1815 508 1920 566 hoc
1959 525 2106 582 quae-

522 614 680 669 ritur.
698 610 754 667 Si
782 610 924 666 enim
948 606 1106 663 modo
1119 616 1220 670 est,
1250 619 1356 659 non
1372 602 1518 659 omni
1532 602 1724 658 animae
1753 601 1896 658 ﬁdeli
1924 602 2111 672 positae

525 704 578 759 in
606 716 831 773 corpore
858 698 1046 757 mortis
1072 696 1235 768 hujus
1250 695 1509 752 orandum
1546 702 1668 764 est,
1710 702 1764 751 et
1786 693 2109 763 dicendum,

523 794 734 849 Dimitte
760 791 903 846 nobis
939 788 1104 846 debita
1135 795 1309 842 nostra
1336 803 1355 843 :
1380 800 1503 842 cum
1532 784 1651 858 jam
1679 784 1735 841 in
1779 793 1964 855 sancto
2011 785 2113 840 Ba-

520 886 717 958 ptismo
752 883 999 940 universa
1037 880 1237 937 fuerint
1269 876 1488 935 dimissa
1531 878 1817 949 praeterita.
1860 876 2113 948 Quisquis

520 986 698 1033 autem
732 976 990 1032 membris
1029 973 1274 1029 ﬁdelibus
1293 970 1494 1028 Christi
1538 970 1641 1027 hoc
1668 975 1776 1026 non
1813 984 1932 1027 esse
1956 986 2115 1025 oran-

520 1072 668 1139 dum,
693 1069 1014 1142 persuadere
1038 1064 1285 1134 conatur,
1329 1065 1463 1122 nihil
1487 1064 1631 1121 aliud
1659 1081 1818 1137 quam
1852 1080 1910 1121 se
1937 1065 2112 1138 ipsum

519 1163 868 1219 christianum
903 1178 1008 1218 non
1044 1148 1164 1218 esse
1195 1159 1495 1231 proﬁtetur.
1538 1159 1708 1216 Porro
1736 1159 1783 1216 si
1812 1174 1909 1230 per
1928 1175 1986 1215 se
2032 1159 2114 1230 ip-

518 1270 638 1310 sum
681 1261 857 1325 potest
908 1254 1069 1309 homo
1099 1267 1221 1308 esse
1264 1252 1379 1306 sine
1428 1258 1666 1321 peccato,
1720 1267 1838 1322 ergo
1882 1250 2114 1308 Christus

520 1347 685 1419 gratis
706 1356 935 1401 mortuus
956 1353 1029 1402 est
1059 1343 1265 1420 (Galat.
1294 1360 1353 1410 ιι,
1383 1342 1500 1416 2i).
1554 1341 1673 1400 Non
1725 1352 1902 1399 autem
1948 1342 2116 1416 gratis

522 1440 772 1496 Christus
816 1448 1059 1495 mortuus
1082 1445 1166 1494 est
1197 1454 1212 1491 :
1240 1453 1346 1492 non
1378 1437 1538 1508 igitur
1581 1445 1756 1507 potest
1796 1435 1957 1493 homo
1996 1452 2116 1495 esse

522 1532 641 1589 sine
668 1539 905 1602 peccato,
944 1530 1102 1585 etiam
1128 1529 1175 1584 si
1203 1528 1350 1596 velit,
1382 1527 1483 1583 nisi
1516 1526 1796 1598 adjuvetur
1823 1529 1990 1598 gratia
2018 1528 2116 1585 Dei

521 1641 622 1697 per
643 1624 825 1680 Jesuui
848 1620 1116 1678 Christum
1147 1622 1428 1677 Dominum
1452 1630 1715 1677 nostrum.
1740 1620 1892 1691 Quod
1912 1630 1970 1677 ut
1995 1636 2118 1693 per-

518 1716 762 1783 ﬁciatur,
814 1706 870 1771 et
921 1714 1144 1770 nuncin
1194 1712 1595 1784 proﬁcientibus
1646 1712 1840 1784 agitur,
1885 1721 1940 1769 et
1969 1723 2116 1778 omni

519 1808 681 1866 modo
722 1807 1049 1881 implebitur,
1096 1805 1440 1862 contentione
1484 1804 1674 1860 mortis
1701 1805 2013 1876 absumpta,
2062 1812 2118 1861 et

521 1901 779 1958 charitate
804 1917 925 1973 quae
944 1900 1211 1957 credendo
1231 1908 1285 1956 et
1305 1898 1573 1970 sperando
1600 1900 1856 1970 nutritur,
1881 1899 2116 1956 videndo

522 2002 580 2049 et
602 1992 890 2050 obtinendo
921 1992 1176 2063 perfecta.

592 2083 821 2141 CAPUT
843 2083 980 2140 Vlll.
1007 2114 1077 2124 -—
1103 2085 1189 2139 17.
1222 2084 1423 2140 Deinde
1449 2083 1675 2141 instituit
1705 2086 1723 2118 ί
1746 2085 1941 2142 divinis
1962 2088 2116 2143 testi-

519 2175 716 2232 moniis
740 2190 897 2246 agere
922 2174 1065 2247 quod
1092 2175 1321 2231 intendit
1354 2193 1369 2231 :
1396 2176 1539 2247 quod
1575 2178 1732 2248 quale
1771 2179 1859 2246 sit,
1891 2179 2112 2252 diligen-

517 2267 626 2322 tius
651 2265 1007 2322 advertamus.
1031 2285 1049 2319 ι
1072 2265 1421 2332 Testimonia,
1438 2287 1455 2320 ι
1477 2268 1667 2339 inquit,
1682 2289 1701 2322 ι
1719 2271 1908 2340 quibus
1925 2273 2117 2342 proba-

516 2368 605 2414 tur
632 2366 954 2430 praeceptum
984 2373 1106 2415 esse
1145 2359 1350 2416 homini
1377 2370 1434 2415 ut
1462 2361 1666 2433 absque
1709 2373 1931 2433 peccato
1960 2366 2048 2421 sit.
2089 2386 2109 2419 ι

516 2452 600 2508 Ad
661 2451 765 2508 hoc
803 2452 1194 2522 respondemus
1226 2471 1239 2508 :
1276 2452 1393 2510 Non
1439 2462 1618 2510 utrum
1670 2466 1995 2527 prmceptum
2047 2459 2117 2515 sit

519 2540 798 2612 quaeritur,
823 2541 968 2614 quod
995 2542 1151 2598 valde
1181 2542 1520 2600 manifestum
1549 2554 1664 2613 est;
1694 2547 1787 2602 sed
1816 2548 1916 2605 hoc
1940 2550 2113 2621 ipsum

517 2634 659 2705 quod
687 2643 1012 2706 praaceptum
1043 2650 1163 2690 esse
1186 2643 1417 2704 constat,
1446 2646 1619 2692 utrum
1641 2639 1695 2693 in
1724 2654 1949 2713 corpore
1973 2659 2116 2699 mor-

517 2727 591 2782 tis
614 2726 771 2798 hujus
796 2728 963 2798 possit
992 2726 1224 2797 impleri,
1240 2728 1330 2783 ubi
1352 2745 1476 2784 caro
1492 2734 1828 2803 concupiscit
1851 2734 2113 2793 adversus

517 2818 784 2892 Spiritum,
817 2826 869 2874 et
894 2819 1110 2897 spiritus
1135 2819 1388 2876 adversus
1407 2836 1621 2878 carnem
1638 2864 1655 2891 ,
1687 2832 1746 2879 ut
1773 2840 1877 2880 non
1905 2842 1968 2882 ea
1994 2842 2114 2899 qum

516 2911 764 2966 volumus
790 2908 1065 2967 faciamus.
1098 2911 1174 2967 De
1192 2927 1300 2983 quo
1327 2927 1553 2983 corpore
1575 2916 1762 2971 mortis
1788 2917 1967 2988 hujus,
2004 2933 2114 2974 non

519 3001 696 3057 omnis
722 3000 979 3058 liberatur
1001 3001 1092 3073 qui
1118 3002 1234 3058 ﬁnit
1276 3003 1413 3059 hanc
1437 3004 1624 3072 vitam,
1668 3006 1761 3061 sed
1791 3006 1882 3078 qui
1925 3008 1977 3063 in
2010 3008 2114 3066 hac

515 3093 626 3149 vita
651 3094 1208 3165 susceperitgratiam,
1255 3101 1309 3150 et
1334 3109 1402 3151 ne
1422 3094 1475 3150 in
1508 3111 1701 3151 vanum
1741 3098 1997 3170 suscipiat
2016 3100 2114 3156 bo-

516 3184 604 3240 nis
630 3184 881 3256 operibus
905 3184 1093 3255 egerit.
1119 3185 1275 3241 Aliud
1303 3193 1386 3241 est
1418 3186 1580 3251 enim,
1605 3188 1754 3244 exire
1774 3189 1842 3246 de
1866 3188 1968 3246 hoc
1991 3206 2111 3247 cor-

517 3289 671 3346 pore,
696 3275 839 3347 quod
875 3290 1063 3333 omnes
1099 3275 1343 3334 homines
1381 3277 1497 3334 dies
1542 3280 1665 3335 vita:
1709 3279 1867 3351 hujus
1894 3283 2110 3341 ultimus

519 3366 663 3437 cogit
689 3372 709 3422 :‘
733 3366 875 3422 aliud
902 3375 986 3422 est
1029 3375 1229 3435 autem,
1269 3368 1482 3425 liberari
1536 3371 1603 3425 de
1652 3385 1880 3443 corpore
1921 3376 2111 3432 mortis

515 3456 696 3531 hujus,
712 3457 854 3531 quod
880 3459 993 3515 sola
1024 3459 1120 3516 Dei
1144 3461 1315 3532 gratia
1350 3474 1446 3533 per
1465 3461 1647 3519 Jesum
1674 3460 1948 3523 Christum
1996 3468 2107 3524 Do-

513 3551 721 3608 minum
765 3560 1010 3607 nostrum
1054 3551 1258 3609 sanctis
1311 3563 1366 3609 et
1420 3553 1669 3612 ﬁdelibus
1712 3556 1830 3629 ejus
1871 3559 2112 3630 impertit

514 3640 692 3714 (Rom.
720 3656 818 3709 vn,
842 3641 936 3711 24,
961 3640 1083 3715 25.)
1129 3643 1257 3700 Post
1282 3643 1423 3701 hanc
1460 3655 1637 3702 autem
1682 3648 1849 3706 vitam
1901 3665 2110 3708 merces

516 3733 805 3804 perﬁciens
826 3733 1093 3804 redditur,
1140 3735 1235 3792 sed
1282 3740 1362 3793 eis
1390 3746 1594 3794 tantum
1622 3755 1651 3795 a
1681 3742 1872 3813 quibus
1909 3743 1965 3799 in
2009 3745 2108 3802 hac

512 3826 621 3883 vita
658 3825 899 3911 ejusdem
946 3828 1214 3886 mercedis
1262 3831 1511 3887 meritum
1564 3843 1927 3905 comparatur.
1987 3836 2105 3894 Non

513 3920 659 3977 enim
683 3920 751 3976 ad
780 3922 1114 3978 saturitatem
1136 3922 1378 3993 iustitiae,
1411 3941 1534 3982 cum
1555 3926 1683 3984 hinc
1710 3930 1919 3998 exierit,
1963 3932 2107 4003 quis-

514 4026 620 4084 que
644 4012 936 4082 perveniet,
974 4012 1077 4070 nisi
1101 4012 1169 4068 ad
1185 4029 1305 4070 eam
1327 4030 1449 4071 cum
1481 4016 1573 4072 hic
1598 4029 1700 4087 est,
1742 4014 2028 4077 esuriendo
2052 4031 2108 4079 et

513 4101 746 4159 sitiendo
788 4105 1104 4160 cucurrerit.
1148 4104 1295 4160 Beati
1322 4107 1519 4177 quippe
1562 4109 1649 4179 qui
1689 4112 1917 4166 esuriant
1952 4121 2000 4168 et
2036 4115 2106 4169 si-

517 4192 649 4250 tiunt
670 4194 944 4267 iustitiam,
973 4196 1207 4262 quoniam
1231 4196 1330 4268 ipsi
1346 4198 1705 4255 saturabuntur
1718 4201 1926 4276 (Matth.
1946 4218 1999 4273 v,
2021 4202 2100 4278 9).

590 4286 682 4343 18.
727 4285 989 4354 Quamdiu
1036 4301 1163 4358 ergo
1206 4290 1604 4360 peregrinantes
1651 4307 1683 4347 a
1726 4294 1952 4352 Domino
2006 4310 2107 4369 per

516 4378 676 4436 fidem
701 4378 1055 4446 ambulamus,
1085 4393 1191 4433 non
1219 4394 1316 4450 per
1338 4381 1572 4453 speciem
1616 4380 1697 4456 (ll
1716 4383 1832 4440 Cor.
1859 4402 1913 4455 v,
1944 4388 1997 4455 ϐ,
2022 4388 2099 4462 τ),

515 4472 660 4530 unde
683 4470 881 4528 dictum
905 4478 1007 4540 est,
1034 4469 1216 4528 Justus
1240 4489 1304 4529 ea:
1346 4474 1451 4545 [ide
1488 4476 1606 4531 vivit
1635 4475 1876 4553 (Hebae.
1908 4497 1980 4551 ιι,
2008 4479 2098 4557 4);

514 4566 633 4622 hzec
650 4573 735 4621 est
759 4572 938 4619 nostra
972 4563 1027 4619 in
1056 4562 1173 4635 ipsa
1204 4567 1630 4638 peregrinatione
1664 4571 1889 4642 justitia,
1930 4582 1989 4630 ut
2033 4576 2102 4632 ad

514 4659 661 4715 illam
695 4656 1076 4729 perfectionem
1099 4659 1590 4733 plenitudinemque
1626 4664 1863 4736 justitia,
1912 4666 2001 4724 ubi
2043 4669 2100 4725 in

514 4748 696 4821 specie
720 4747 932 4804 decoris
972 4748 1089 4819 ejus
1138 4750 1247 4821 jam
1298 4751 1453 4823 plena
1495 4761 1551 4809 et
1595 4756 1831 4825 perfecta
1866 4758 2100 4818 charitas

518 4844 661 4911 erit;
711 4856 852 4899 nunc
873 4843 1038 4913 ipsius
1102 4858 1289 4901 cursus
1332 4847 1648 4905 rectitudine
1689 4861 1743 4907 et
1770 4850 2099 4923 perfectione

516 4935 818 5004 tendamus,
869 4934 1177 5006 castigando
1220 4938 1416 5008 corpus
1459 4949 1698 4997 nostrum
1745 4951 1801 4999 et
1852 4946 2098 5004 servituti

515 5025 868 5099 subjiciendo,
901 5035 957 5082 et
980 5026 1345 5103 cleemosynas
1388 5030 1442 5086 in
1480 5032 1672 5091 dandis
1694 5034 1992 5108 beneﬁciis,
2041 5049 2107 5097 et

513 5116 843 5173 dimittendis
881 5131 1000 5189 quae
1029 5118 1081 5173 in
1112 5134 1210 5174 nos
1247 5128 1372 5176 sunt
1397 5122 1682 5181 commissa
1712 5130 1963 5198 peccatis,
2005 5130 2094 5189 hi-

512 5210 696 5265 lariter
738 5218 792 5266 et
829 5223 896 5267 ex
947 5211 1108 5267 corde
1148 5211 1410 5281 faciendo,
1454 5225 1506 5272 et
1526 5203 1856 5276 orationibus
1895 5222 2093 5281 indesi—

512 5312 707 5359 neuter
724 5301 1001 5372 instando;
1031 5311 1087 5361 et
1113 5303 1228 5361 haec
1252 5305 1494 5364 faciendo
1518 5309 1541 5341 ²
1571 5310 1624 5366 in
1654 5310 1896 5371 doctrina
1937 5330 2089 5388 sana,

514 5386 617 5465 qua
647 5394 938 5451 aediﬁcatur
958 5395 1089 5453 ﬁdes
1116 5406 1285 5467 recta,
1314 5415 1435 5471 spes
1462 5401 1635 5471 ﬁrma,
1677 5403 1913 5464 charitas
1937 5386 2088 5480 pura.

574 5575 593 5607 ί
625 5580 726 5625 Duo
745 5583 873 5638 Mss,
898 5574 1125 5641 deinceps
1139 5575 1357 5631 instiltdt.

572 5639 599 5716 ξ
625 5637 1484 5716 ιιξμερξρδῇρᾴειξξηςηιιτίηξῑξωηάρ
1501 5650 1548 5716 et
1588 5645 1678 5716 hoc
1699 5646 1937 5714 faciendo.
1951 5659 2008 5708 At
2038 5653 2091 5707 in

512 5703 639 5763 κη
658 5700 977 5756 «deum
997 5700 1235 5768 iam,
1253 5709 1299 5755 et
1320 5704 1427 5757 lucc
1447 5706 1684 5770 facimdo.

1770 204 1827 260 S.
1867 202 2233 263 AUGUSTINI
2269 205 2569 269 EPISCOPI

3654 249 3742 313 500

2222 325 2349 383 Haec
2373 338 2453 384 est
2478 346 2619 387 nunc
2642 340 2823 389 nostra
2856 331 3062 405 iustitia
3080 375 3095 402 ,
3135 352 3236 408 qua
3255 346 3503 409 currimus
3537 364 3743 425 esurien.

2222 428 2380 525 tes-et
2404 422 2644 481 sitientes
2667 425 2734 480 ad
2762 426 3143 497 perfectionem
3186 432 3639 519 plenitudinemque
3666 422 3740 526 δέ,

2218 512 2399 582 sume,
2445 522 2506 570 ut
2548 530 2611 571 ea
2663 524 2849 587 postea
2896 526 3215 577 saturemur‘.
3254 523 3401 587 Unde
3440 512 3742 608 Dominus'iu

2218 603 2511 676 Evangelio
2536 620 2657 661 cum
2696 607 2939 675 dixisset,
2988 606 3167 667 Nolite
3199 613 3359 685 facere
3390 622 3627 692 justitiam
3657 603 3745 694 se;

2220 705 2351 751 (ram
2376 714 2544 752 coram
2571 698 2873 766 hominibus,
2901 710 2959 756 ut
2992 702 3259 761 videamini
3281 708 3341 763 ab
3363 713 3432 768 eis
3451 715 3644 786 (lauit.
3685 745 3741 799 γι,

2220 787 2310 861 1);
2350 804 2418 845 ne
2443 788 2603 845 istum
2643 799 2886 847 nostrum
2931 808 3144 849 cursum
3187 796 3290 853 ﬁne
3329 797 3561 864 humanae
3597 787 3747 884 gloria:

2218 880 2551 951 metircmur,
2596 894 2702 937 non
2729 891 2811 939 est
2836 884 2889 939 in
2916 886 3245 956 expositione
3268 890 3481 961 iustitia:
3504 880 3652 970 ipsius
3672 925 3746 965 ex-

2219 982 2453 1041 secutus,
2479 975 2580 1030 nisi
2597 977 2697 1031 tria
2713 977 2833 1045 ista,
2883 977 3165 1050 jejunium,
3195 982 3567 1062 eleemosyuas,
3587 1004 3750 1058 oratio.

2220 1079 2352 1120 nes:
2380 1064 2586 1136 jejunio
2630 1067 2831 1124 scilicet
2868 1070 3173 1160 universam
3211 1081 3446 1147 corporis
3489 1088 3749 1160 castigatio.

2219 1171 2345 1213 nem
2374 1159 2678 1230 signiﬁcans
2698 1178 2714 1229 ;
2737 1156 3116 1236 eleemosynis,
3142 1180 3352 1224 omnem
3374 1156 3753 1242 bmevolentiam

2220 1256 2276 1305 et
2298 1250 2726 1321 beneﬁcentiam,
2756 1255 2842 1310 vel
2879 1256 3062 1321 dandi,
3097 1256 3179 1312 vel
3211 1258 3541 1334 ignoscendi;
3584 1280 3632 1325 et
3656 1289 3753 1332 ora.

2220 1339 2365 1396 tione
2398 1342 2673 1399 insinuans
2718 1356 2906 1402 omnes
2955 1349 3165 1419 regulas
3208 1353 3374 1408 sancti
3420 1356 3756 1424 desiderii:ut

2221 1428 2471 1505 quoniam
2509 1437 2564 1492 in
2602 1438 2949 1510 castigatione
2989 1444 3230 1514 corporis
3272 1442 3505 1505 frenatur
3543 1461 3756 1531 concupi-

2221 1530 2446 1596 scentia,
2469 1544 2586 1600 quae
2611 1548 2718 1609 non
2745 1531 2966 1603 frenari,
2990 1535 3085 1591 sed
3112 1536 3331 1593 omnino
3354 1555 3585 1600 essenon
3608 1548 3757 1621 debet,

2222 1639 2320 1679 nec
2341 1624 2442 1678 erit
2482 1625 2538 1679 in
2563 1624 2653 1680 illa
2694 1626 3024 1696 perfectione
3056 1628 3296 1699 justitim,
3327 1622 3415 1688 ubi
3455 1637 3639 1693 nullum
3676 1644 3760 1700 erit

2221 1715 2444 1769 omnino
2475 1713 2785 1788 peccatum;
2823 1727 2877 1773 et
2897 1728 3041 1789 saepe
3066 1721 3123 1775 in
3150 1735 3251 1775 usu
3281 1738 3456 1778 rerum
3482 1727 3627 1782 etiam
3650 1746 3758 1787 con-

2220 1810 2493 1861 cess'arum
2545 1819 2705 1881 atque
2743 1810 3004 1866 licitarum
3062 1814 3265 1869 exserit
3313 1815 3759 1880 immoderatiouem

2222 1912 2371 1953 suam
2399 1916 2412 1953 :
2440 1900 2499 1954 in
2534 1901 2649 1971 ipsa
2668 1918 2799 1957 vera
2829 1900 3180 1961 beneﬁcentia
3226 1922 3328 1978 qua
3363 1911 3533 1980 justus
3569 1918 3762 1974 consulit

2220 1990 2489 2060 proximo,
2528 1991 2774 2062 quaedam
2825 1994 2959 2049 ﬁunt
2992 2011 3111 2067 qua:
3157 1997 3357 2063 obsint,
3409 2015 3525 2057 cum
3548 2006 3763 2073 prodesse

2220 2088 2401 2150 putata
2432 2081 2573 2150 sint;
2615 2092 2671 2139 et
2717 2085 3003 2156 aliquando
3028 2102 3125 2158 per
3154 2087 3537 2162 inﬁrmitatem,
3562 2096 3637 2152 vel
3662 2113 3763 2157 cum

2220 2175 2396 2231 minus
2421 2175 2619 2233 sufﬁcit
2639 2177 2659 2210 ¹
2687 2174 3091 2237 necessitatibus
3119 2183 3349 2239 aliorum
3370 2227 3385 2252 ,
3412 2186 3492 2240 vel
3525 2201 3689 2257 parum
3720 2192 3763 2247 in

2218 2268 2298 2324 eis
2321 2269 2549 2339 proﬁcit,
2602 2273 2744 2342 quod
2768 2273 3108 2345 benignitatis
3136 2292 3201 2332 ac
3230 2277 3424 2335 laboris
3464 2280 3761 2355 impenditur,

2219 2363 2459 2434 subrepit
2489 2364 2732 2433 taedium,
2780 2382 2887 2437 quo
2916 2366 3152 2423 fuscetur
3192 2368 3453 2437 hilaritas,
3492 2372 3544 2427 in
3579 2390 3668 2444 qua
3691 2375 3766 2430 da-

2220 2462 2393 2510 torem
2434 2456 2606 2529 diligit
2650 2459 2793 2514 Deus
2839 2458 3047 2529 (llCor.
3093 2477 3165 2527 ιιι,
3220 2462 3315 2534 7);
3360 2465 3589 2535 subrepit
3619 2476 3763 2524 autem

2219 2553 2368 2602 tanto
2394 2547 2581 2618 magis,
2609 2557 2808 2619 quanto
2835 2550 3011 2605 minus
3039 2553 3292 2623 quisque,
3335 2562 3390 2609 et
3429 2564 3567 2611 tanto
3602 2559 3764 2629 minus,

2217 2647 2419 2711 quanto
2446 2641 2615 2711 magis
2636 2643 2920 2713 profecerit
2945 2661 2959 2698 :
2987 2644 3069 2700 his
3103 2652 3270 2716 atque
3295 2647 3595 2717 hujusmodi’
3615 2652 3763 2707 consi-

2218 2728 2437 2799 deratis,
2465 2734 2656 2789 merito
2681 2733 2737 2789 in
2767 2735 3007 2791 oratione
3040 2736 3296 2806 dicimus,
3328 2738 3532 2795 Dimitte
3553 2742 3678 2796 nobis
3699 2742 3768 2798 de-

2218 2823 2319 2880 bita
2345 2834 2537 2894 nostra,
2580 2828 2711 2883 sicut
2730 2838 2777 2882 et
2816 2843 2907 2884 nos
2940 2829 3248 2886 dimittimus
3274 2831 3568 2903 debitoribus
3598 2836 3766 2890 nostris.

2217 2912 2275 2972 Si
2301 2925 2476 2972 tamen
2506 2918 2647 2989 quod
2673 2918 2901 2976 dicimus
2926 2963 2940 2987 ,
2991 2920 3279 2988 faciamus,
3308 2930 3367 2977 ut
3395 2923 3476 2979 vel
3504 2923 3598 2995 ipsi
3634 2927 3767 2983 etiam

2216 3006 2500 3080 diligantur
2526 3011 2764 3067 inimici:
2797 3012 2883 3068 vel
2911 3012 2956 3068 si
2982 3013 3272 3085 quisquam
3313 3015 3483 3071 adhuc
3508 3017 3559 3072 iu
3591 3017 3768 3075 Christo

2212 3100 2468 3171 parvulus
2499 3104 2600 3157 hoc
2649 3103 2886 3159 nondum
2934 3102 3094 3172 facit;
3127 3106 3416 3176 ptnnitenti
3462 3115 3622 3163 tamen
3655 3108 3769 3180 quod

2215 3191 2271 3247 in
2300 3209 2421 3249 eum
2450 3194 2679 3266 quisque
2704 3196 2965 3267 peccavit,
2995 3206 3050 3254 et
3078 3198 3301 3254 veniam
3345 3201 3560 3270 petenti,
3591 3214 3649 3255 ex
3668 3200 3769 3256 intl-

2213 3296 2304 3341 mo
2332 3286 2509 3343 cordis
2533 3288 2792 3359 ignoscat,
2845 3289 2892 3346 si
2912 3289 3026 3348 vult
3059 3299 3121 3346 ut
3161 3290 3289 3363 ejus
3331 3293 3615 3349 orationem
3640 3292 3770 3350 Pater

2213 3376 2450 3434 caelestis
2473 3374 2740 3435 exaudiat.
2764 3392 2767 3395 λ

2286 3490 2376 3548 19.
2409 3491 2464 3546 1η
2494 3478 2600 3563 qua
2633 3493 2897 3562 oratione,
2942 3493 2989 3550 si
3015 3496 3350 3554 contentiosi
3385 3511 3504 3554 esse
3542 3496 3771 3567 nolumus,

2211 3584 2342 3641 satis
2362 3584 2516 3651 nobis
2535 3585 2865 3658 propositum
2896 3587 3171 3658 speculum
3220 3599 3325 3658 est,
3368 3591 3458 3647 ubi
3506 3591 3774 3662 iuspiciatur

2210 3676 2318 3732 vita
2352 3676 2639 3748 justorum,
2674 3679 2763 3751 qui
2811 3694 2879 3736 ex
2930 3680 3035 3737 ﬁde
3076 3680 3297 3756 vivunt,
3326 3692 3381 3739 et
3421 3682 3640 3755 perfecte
3674 3698 3775 3738 cur-

2210 3777 2355 3835 runt,
2380 3770 2630 3839 quamvis
2663 3771 2781 3826 sine
2800 3758 3025 3842 peccato
3070 3789 3179 3829 non
3238 3775 3368 3832 sint.
3403 3774 3554 3832 Unde
3588 3776 3774 3843 dicunt,

2210 3860 2423 3917 Dimitte
2460 3862 2638 3931 nobis;
2686 3864 2811 3936 quia
2854 3866 3091 3922 nondum
3121 3884 3240 3940 quo
3266 3869 3511 3933 curritur
3555 3884 3779 3941 pervene-

2210 3963 2352 4011 runt.
2384 3953 2519 4010 Hine
2544 3954 2673 4011 dicit
2697 3957 2982 4028 Apostolus
3013 3976 3027 4014 :
3057 3957 3179 4014 Non
3222 3962 3343 4031 quia
3360 3950 3475 4035 jam
3509 3962 3773 4033 acceperim,

2210 4057 2299 4102 aut
2309 4048 2424 4119 jam
2451 4049 2703 4120 perfectus
2722 4050 2821 4105 sim
2840 4067 2860 4105 :
2885 4056 3086 4124 fratres,
3109 4070 3201 4125 ego
3235 4072 3315 4110 me
3336 4073 3437 4111 non
3469 4056 3672 4123 arbitror
3695 4072 3776 4125 ap-

2209 4141 2571 4213 prehendisse;
2599 4160 2757 4199 unum
2780 4154 2967 4214 autem,
2998 4163 3114 4219 qua:
3141 4159 3285 4204 retro
3307 4149 3509 4217 oblitus,
3537 4151 3586 4204 in
3611 4166 3664 4204 ea
3686 4165 3780 4217 qua:

2207 4243 2324 4290 ante
2358 4244 2477 4289 sunt
2515 4246 2768 4304 extentus,
2819 4238 3093 4292 secundum
3132 4239 3469 4297 intentionem
3513 4258 3681 4315 sequor
3715 4238 3773 4293 ad

2207 4328 2431 4399 palmam
2449 4344 2682 4400 stipante
2704 4329 2976 4385 vocationis
2996 4329 3092 4384 Dei
3128 4332 3184 4386 in
3212 4331 3419 4391 Christo
3446 4332 3587 4389 Iesu.
3633 4332 3773 4400 Quot-

2205 4429 2325 4491 quot
2352 4434 2471 4490 ergo
2499 4419 2727 4497 perfecti,
2755 4420 2850 4475 hoc
2866 4422 3133 4493 sapiamus
3167 4422 3433 4497 (Philipp.
3462 4441 3535 4489 ιιι,
3569 4423 3773 4494 12·15);

2204 4514 2261 4571 id
2300 4522 2413 4582 est,
2442 4524 2702 4585 quotquot
2746 4514 2981 4586 perfecte
3021 4520 3315 4585 currimus,
3362 4521 3466 4576 hoc
3510 4520 3775 4591 sapiamus,

2204 4607 2346 4676 quod
2383 4606 2618 4663 nondum
2657 4605 2885 4678 perfecti
2921 4622 3125 4677 sumus,
3176 4619 3237 4667 ut
3279 4612 3393 4668 illic
3440 4613 3774 4683 pcrliciamur,

2203 4714 2310 4771 quo
2336 4698 2571 4771 perfecte
2611 4699 2787 4757 adhuc
2829 4702 3092 4759 currimus
3122 4721 3135 4757 :
3163 4716 3224 4760 ut
3252 4720 3385 4763 cum
3425 4706 3626 4763 venerit
3653 4702 3777 4775 quod

2204 4790 2497 4862 perfectum
2520 4798 2624 4859 est,
2668 4791 2814 4863 quod
2835 4808 2903 4850 ex
2932 4803 3082 4865 parte
3113 4804 3197 4851 est
3222 4796 3576 4865 destruatur;
3613 4795 3662 4851 id
3686 4802 3772 4861 est,

2203 4899 2310 4939 non
2331 4883 2442 4955 jam
2469 4899 2534 4940 ex
2573 4893 2726 4955 parte
2745 4884 2835 4954 sit,
2865 4885 2960 4942 sed
2980 4901 3047 4943 ex
3070 4894 3214 4956 toto;
3266 4889 3396 4962 quia
3427 4888 3553 4945 ﬁdei
3585 4896 3638 4945 et
3678 4884 3779 4957 Spei

2197 4976 2313 5049 iam
2339 4991 2427 5034 res
2447 4978 2584 5049 ipsa,
2614 4991 2720 5034 non
2740 4994 2861 5050 qua:
2881 4978 3131 5037 credatur
3154 4988 3212 5036 et
3238 4993 3515 5053 speretur,
3555 4981 3649 5038 sed
3672 4993 3776 5051 qua:

2199 5073 2444 5130 videatur
2470 5081 2815 5146 teneaturque
2858 5074 3108 5131 succedet
3136 5096 3149 5130 :
3178 5075 3422 5133 charitas
3444 5085 3642 5142 autem,
3673 5088 3780 5145 qua

2198 5163 2259 5221 in
2283 5163 2369 5220 his
2394 5164 2561 5221 tribus
2581 5164 2753 5235 major
2780 5174 2882 5233 est,
2899 5180 3009 5221 non
3030 5164 3309 5223 auferetur
3335 5168 3385 5239 (ι
3399 5165 3522 5224 Cor.
3552 5181 3666 5233 xm,
3696 5164 3777 5228 10,

2199 5255 2290 5328 15)
2314 5273 2330 5323 ;
2351 5254 2449 5314 sed
2476 5255 2753 5327 augebitur
2780 5265 2837 5315 et
2860 5257 3166 5329 inuehitur
3194 5260 3239 5327 ³,
3271 5260 3632 5332 contemplata
3651 5253 3780 5329 quod

2197 5348 2472 5416 credebat,
2514 5355 2573 5405 et
2594 5348 2738 5420 quod
2763 5349 3014 5421 sperabat
3039 5350 3279 5423 indepta.
3332 5352 3394 5408 ln
3425 5368 3535 5424 qua
3557 5351 3781 5425 plenitue

2261 5547 2280 5582 ι
2322 5549 2397 5600 sic
2436 5548 2609 5613 plures
2655 5551 2982 5615 mnusaipti.
3016 5550 3104 5601 Abi
3146 5564 3262 5602 cum
3310 5552 3482 5614 editis,
3539 5550 3781 5618 “ﬂatur.

2194 5634 2281 5748 af
2327 5640 2424 5683 Am.
2464 5640 2538 5684 Er.
2567 5642 2618 5687 et
2634 5633 2803 5699 plures
2825 5643 2950 5698 Mss.,
2983 5646 3079 5686 non
3109 5634 3390 5700 auferatur,
3432 5632 3523 5688 sed
3560 5636 3781 5703 αιιῃωω
