3984 6528
675 270 704 276 .-
751 277 797 286 ‘_
837 263 925 292 _.:,

262 433 380 489 dine
423 420 712 480 claritatis
751 422 1070 489 praeceptum
1102 410 1232 467 illud
1271 411 1597 479 implebitur,
1638 402 1832 475 Diliges

260 522 523 581 Βωυίιωιι
540 514 714 568 Deum
739 521 880 575 tuum
907 516 1084 564 extoto
1102 504 1256 558 corde
1280 511 1385 569 tuo,
1427 509 1473 554 et
1497 515 1561 555 ea:
1588 506 1692 552 tota
1722 498 1834 550 ani-

265 624 466 676 mum,
503 616 552 660 et
577 621 648 659 ea;
670 614 776 658 tota
802 609 963 655 metite
1000 609 1087 652 tua
1108 595 1284 670 (Deut.
1313 608 1386 660 vt,
1419 589 1497 664 ὅ).
1542 590 1670 645 Nam
1713 603 1835 642 cum

263 716 340 762 est
361 700 528 756 adhuc
566 694 776 766 aliquid
805 691 1036 749 carnalis
1073 684 1546 756 concupiscentiae,
1587 682 1727 752 quod
1753 679 1838 736 vel

261 790 578 852 continendo
622 788 889 851 frenatur,
926 798 1032 851 non
1058 779 1203 835 omni
1244 775 1405 832 modo
1433 792 1496 831 ex
1527 783 1634 830 tota
1658 773 1838 827 anima

257 885 476 954 diligitur
511 880 681 933 Deus.
725 876 843 931 Non
891 874 1032 930 enim
1057 887 1185 927 caro
1229 869 1347 925 sine
1368 867 1542 922 anima
1581 863 1838 952 concupis-

255 979 362 1040 scit,
407 972 660 1044 quamvis
711 985 842 1024 caro
878 965 1255 1036 concupiscere
1291 961 1518 1028 dicatur,
1560 960 1683 1030 quia
1712 943 1834 1013 car-

258 1067 438 1123 naliter
474 1063 659 1116 anima
692 1059 1044 1128 concupiscit.
1075 1056 1223 1110 Tunc
1245 1054 1348 1110 erit
1379 1052 1556 1123 justus
1583 1051 1700 1106 sine
1728 1050 1837 1105 ullo

255 1156 464 1214 omnino
486 1162 718 1222 peccato
737 1193 754 1216 ,
781 1149 997 1222 quando
1020 1149 1038 1179 ί
1068 1146 1210 1202 nulla
1241 1145 1326 1199 lex
1355 1143 1455 1198 erit
1489 1144 1542 1197 in
1583 1141 1838 1198 membris

255 1252 357 1319 ejus
382 1257 692 1315 repugnans
727 1243 836 1313 legi
883 1240 1076 1296 mentis
1103 1238 1421 1310 ejuisom.
1448 1250 1555 1301 vn,
1583 1231 1676 1305 25)
1699 1275 1714 1299 ,
1743 1231 1838 1287 sed

253 1353 470 1414 prorsus
506 1347 632 1392 toto
657 1337 830 1393 corde
849 1378 872 1402 ,.
895 1344 1000 1391 tota
1039 1333 1215 1389 anima
1236 1374 1252 1398 ,
1284 1341 1391 1388 tota
1428 1339 1608 1386 mente
1655 1328 1839 1398 diliget

255 1434 446 1494 Deum,
488 1427 638 1499 quod
696 1438 783 1482 est
827 1427 1056 1497 primum
1099 1438 1470 1492 summumque
1513 1429 1838 1492 praeceptum

255 1524 450 1597 (Matth.
481 1537 626 1588 χιιι,
660 1523 758 1587 37,
787 1519 902 1592 58).
929 1519 1035 1575 Cur
1059 1534 1188 1590 ergo
1215 1533 1319 1572 non
1348 1515 1725 1587 praeciperetur
1744 1511 1840 1567 ho-

254 1619 368 1674 mini
409 1618 506 1671 ista
545 1615 853 1685 perfectio,
885 1611 1125 1683 quamvis
1149 1597 1352 1665 eam'in
1401 1608 1502 1662 hac
1544 1607 1650 1661 vita
1680 1619 1840 1659 nemo

256 1707 463 1764 habent?
489 1705 620 1760 Non
653 1705 799 1761 enim
841 1713 984 1759 recte
1023 1702 1272 1768 curritur,
1304 1701 1348 1755 si
1379 1715 1485 1771 quo
1515 1698 1839 1754 currendum

257 1812 328 1858 est
351 1799 643 1856 nescimus.
665 1796 948 1866 Quomodo
973 1805 1146 1851 autem
1167 1795 1411 1858 sciretur,
1441 1793 1488 1846 si
1517 1791 1675 1848 nullis
1703 1806 1843 1860 praes

257 1896 404 1966 captis
428 1891 862 1948 ostenderetur?
889 1890 978 1945 Sic
1009 1903 1139 1959 ergo
1165 1898 1444 1942 curramus
1465 1926 1480 1950 ,
1511 1893 1568 1939 ut
1591 1899 1840 1954 compre-

261 1987 547 2042 hendamus.
583 1983 796 2039 Omnes
823 1982 967 2037 enim
1003 1980 1093 2051 qui
1121 1987 1266 2034 recte
1302 1985 1559 2044 currunt,
1587 1990 1838 2044 compre-

263 2079 499 2136 hendent:
526 2092 654 2131 non
674 2075 816 2130 sicut
844 2074 904 2128 in
928 2087 1094 2144 agone
1111 2071 1390 2137 theatrioo,
1418 2083 1612 2124 omnes
1627 2067 1840 2138 quidem

269 2180 454 2230 currum
474 2213 489 2235 ,
513 2170 624 2226 sed
670 2184 814 2224 unus
854 2167 1047 2236 accipit
1081 2165 1310 2236 palmam
1354 2162 1373 2236 (
1391 2162 1409 2216 Ι
1441 2159 1562 2218 Cor.
1593 2177 1668 2226 ix,
1701 2159 1772 2215 24
1793 2160 1838 2231 ).

274 2265 520 2320 Curemus
545 2259 866 2324 credendo,
901 2257 1168 2328 sperando
1186 2298 1200 2322 ,
1226 2252 1620 2318 desiderando;
1650 2266 1838 2307 curra-

277 2372 382 2415 mus
398 2372 578 2432 corpus
608 2353 956 2425 eaStigando,
980 2362 1034 2406 et
1054 2351 1429 2419 eleemosynas
1452 2348 1506 2402 in
1532 2345 1688 2402 bonis
1707 2344 1840 2401 dan-

271 2451 343 2506 dis
365 2451 612 2520 malisque
641 2446 988 2518 ignoscendis
1013 2486 1029 2513 ,
1077 2442 1316 2497 hilariter
1351 2448 1410 2497 et
1449 2456 1516 2495 ex
1556 2437 1721 2494 corde
1756 2436 1836 2492 fa-

267 2543 456 2607 ciendo,
480 2553 534 2597 et
559 2541 902 2597 currentium
926 2539 1068 2593 vires
1089 2545 1146 2590 ut
1172 2533 1490 2604 adiuventur
1515 2529 1754 2595 orando;
1784 2537 1840 2584 et

271 2637 345 2692 sie
372 2635 634 2690 audiamus
665 2641 938 2702 praecepta
974 2626 1344 2700 perfectionis,
1374 2639 1444 2681 ne
1471 2638 1691 2680 currere
1736 2637 1838 2677 ne-

283 2727 528 2798 gligemus
550 2725 616 2780 ad
637 2723 1022 2794 plenitudinem
1049 2717 1346 2774 oharitatis.

351 2817 565 2874 CAPUT
599 2817 684 2872 ιχ.
716 2845 786 2857 --
823 2813 1050 2870 20.-11ἰς-
1071 2810 1398 2882 praemissis,
1429 2824 1494 2864 ea
1533 2806 1838 2863 testimonia

286 2928 396 2984 qua
418 2912 582 2982 posuit
619 2912 720 2964 iste
759 2908 852 2964 cui
877 2904 1585 2976 respondemus,.tanquam
1631 2915 1730 2953 nos
1773 2911 1844 2954 ea

285 3002 653 3073 protulerimus,
685 3000 977 3069 diligenter
1015 2995 1316 3050 audiamus.
1351 3010 1371 3044 ι
1404 2991 1464 3045 In
1503 2992 1836 3045 Deuterono-

279 3097 450 3151 nio”
488 3094 562 3149 Tu
607 3103 780 3146 autem
828 3094 1082 3162 perfectus
1129 3088 1226 3141 eris
1255 3102 1426 3139 coram
1465 3083 1685 3137 Domino
1730 3081 1842 3136 Deo

273 3198 352 3242 tle
373 3186 531 3257 (Deut.
560 3200 716 3252 ιιι-ιιι,
748 3185 861 3253 15).
883 3183 1012 3236 llem
1039 3180 1150 3234 illic
1177 3197 1190 3233 :
1213 3177 1279 3232 Et
1301 3195 1401 3232 non
1424 3177 1516 3231 erit
1545 3177 1839 3229 inconsum-

268 3279 510 3350 καιρία)
541 3280 598 3332 in
623 3267 760 3347 ﬁliis:
778 3275 965 3330 Israel.
994 3273 1122 3328 ltem
1165 3271 1404 3328 Salvator
1428 3271 1482 3324 in
1510 3268 1836 3338 Evangelia:

260 3371 424 3426 Estote
444 3371 660 3443 perfecti
674 3412 691 3437 ,
724 3370 847 3440 quia
874 3367 1033 3422 Pater
1057 3373 1213 3420 vester
1242 3364 1330 3434 qui
1353 3363 1406 3416 in
1432 3361 1570 3416 cmlis
1597 3370 1690 3426 est,
1723 3377 1838 3430 per-

257 3463 498 3533 fectus-est
529 3462 762 3534 (Matth.
797 3477 852 3526 ν,
883 3459 1011 3529 48).
1043 3458 1172 3516 Item
1215 3455 1503 3526 Apostolus
1541 3453 1609 3509 ad
1654 3453 1842 3509 Corin-

255 3554 382 3611 thios
407 3553 649 3610 secunda
677 3570 690 3608 :
717 3551 799 3606 De
839 3562 1049 3615 etetero,
1089 3552 1304 3621 fratres,
1347 3545 1591 3617 gaudete,
1632 3542 1842 3615 perfecti

253 3656 398 3702 estote
421 3646 490 3720 (ll
518 3644 641 3700 Cor.
677 3660 802 3711 stu,
848 3643 958 3714 Il).
987 3643 1119 3698 Item
1161 3640 1228 3695 ad
1254 3640 1603 3695 Colossenses
1629 3654 1643 3689 :
1671 3636 1842 3690 Corri-

253 3742 432 3812 pientes
458 3756 668 3794 omnem
697 3738 972 3800 hominem,
1001 3747 1047 3790 et
1072 3735 1301 3790 docentes
1326 3732 1379 3786 in
1405 3731 1542 3786 omni
1567 3728 1840 3800 sapientia,

251 3847 301 3892 ut
332 3834 666 3890 exhibeamus
713 3847 914 3886 onmem
955 3830 1204 3884 hominem
1248 3828 1521 3898 perfectum
1558 3824 1612 3877 in
1639 3819 1839 3877 Christo

251 3927 474 4002 (Calas.
504 3943 554 3992 ι,
581 3925 705 3996 28).
738 3923 868 3979 Item
914 3922 980 3977 ad
1029 3921 1394 3990 Philippenses
1419 3935 1432 3971 :
1461 3916 1645 3971 Omnia
1689 3912 1842 3986 facite

250 4021 356 4077 sine
383 4018 800 4074 murmuratione
839 4026 886 4069 et
916 4013 1262 4077 Inesitatione,
1295 4019 1346 4064 ut
1371 4009 1479 4064 sitis
1519 4006 1840 4078 irreprehen-

246 4113 412 4172 ﬂbiles
429 4123 476 4168 et
496 4111 778 4182 simplices,
799 4109 924 4164 sicut
941 4107 1036 4176 ﬁlii
1054 4105 1151 4159 Dei
1170 4101 1475 4158 immaculati
1499 4098 1756 4172 (Philipp.
1782 4113 1841 4163 ιι,

250 4208 333 4272 ﬂ,
359 4208 477 4277 15).
521 4203 656 4259 ltem
685 4201 753 4257 ad
793 4198 1060 4270 Ephesios
1081 4214 1092 4250 :
1115 4193 1414 4251 Benedictus
1447 4191 1581 4245 Deus
1611 4199 1658 4244 et
1684 4187 1844 4243 Pater

246 4298 455 4355 Domini
485 4297 653 4352 nostri
691 4293 820 4349 Jesu
849 4291 1068 4357 Christi,
1098 4288 1181 4360 qui
1207 4286 1458 4342 benedixit
1483 4301 1574 4339 nos
1609 4283 1664 4338 in
1707 4279 1844 4336 omni

250 4391 606 4468 benedictione»
639 4385 926 4460 spirituali,
956 4384 1009 4438 in
1048 4381 1324 4438 caelestibus
1350 4379 1406 4432 in
1447 4377 1644 4432 Christo
1669 4416 1687 4442 ,
1715 4373 1844 4428 sicut

253 4486 404 4556 elqit
440 4499 534 4538 nos
559 4483 624 4537 ire
647 4481 762 4552 ipso
792 4487 909 4532 ante
947 4475 1122 4530 mundi
1149 4471 1550 4528 constitutionem
1569 4509 1586 4536 ,
1625 4475 1681 4522 ut
1707 4481 1841 4522 esse-

253 4587 361 4632 m
389 4577 552 4631 sancti
573 4585 628 4630 et
665 4570 980 4628 imntaculati
1008 4569 1068 4623 in
1101 4575 1372 4636 conspectu
1395 4565 1512 4634 ejus
1535 4560 1752 4634 (Ephes.
1786 4574 1842 4625 ι,

256 4669 312 4736 3,
335 4669 421 4740 ιδ).
451 4668 582 4724 Item
623 4665 696 4721 ad
735 4663 1078 4720 Colosseuses
1104 4678 1117 4715 :
1142 4658 1207 4713 Et
1248 4675 1335 4712 uos
1376 4673 1494 4711 eum
1537 4655 1708 4710 essetis
1747 4652 1844 4706 ali-

255 4761 458 4831 quando
503 4759 714 4814 alienati
761 4767 807 4811 et
852 4754 1042 4810 inimici
1076 4767 1226 4807 sensu
1265 4751 1319 4804 in
1360 4747 1592 4820 operibus
1631 4745 1778 4800 malis
1797 4746 1841 4812 ³,

261 4873 393 4910 δικ
416 4865 588 4909 alitem
610 4849 928 4907 reconciliati
945 4848 1002 4902 in
1028 4860 1238 4914 corpore
1261 4843 1430 4898 carnis
1462 4842 1570 4910 eius
1596 4856 1685 4911 per
1710 4853 1846 4893 mor-

263 4957 362 5001 tem
385 4949 518 5018 ejus,
548 4945 779 5000 ahibete
805 4957 891 4996 vos
914 4939 936 4973 ³
964 4946 1164 4994 sanctos
1191 4946 1237 4990 et
1274 4933 1624 4989 inmaculatos
1649 4940 1695 4984 et
1719 4931 1846 4984 irre-

266 5038 616 5113 prehsnsibiles
664 5035 896 5106 (Coloss.
924 5049 980 5100 ι,
1006 5030 1132 5100 21).
1175 5029 1304 5083 Item
1333 5026 1403 5082 ad
1447 5023 1712 5096 Ephesios
1735 5042 1750 5076 :
1777 5018 1847 5077 Ut

269 5133 510 5187 exhiberet
537 5131 650 5201 ipse
672 5127 772 5184 sibi
799 5125 1074 5198 gloriosam
1099 5120 1382 5178 Ecclesiam
1406 5161 1420 5185 ,
1448 5134 1549 5171 non
1581 5115 1847 5170 habentem

271 5227 518 5280 mulsae
552 5231 644 5277 aut
685 5236 899 5292 rugam,
947 5227 1035 5273 aut
1078 5216 1269 5287 aliquid
1309 5209 1638 5282 huiusmodi,
1687 5216 1742 5263 ut
1783 5208 1849 5262 sit

273 5326 508 5372 sancta-et
535 5313 868 5370 immutata
898 5310 919 5381 (
944 5309 1131 5381 Ephes.
1160 5323 1217 5375 v,
1243 5307 1312 5360 27
1331 5303 1372 5378 ).
1405 5305 1536 5360 Item
1570 5301 1637 5357 ad
1659 5297 1851 5356 Coriu-

336 5441 504 5507 *ωηεν
691 5443 747 5488 λι
766 5442 894 5507 MSS?
913 5434 1123 5507 συφτέῖοσ
1511 5487 1640 5507 -_-_..

285 5486 673 5616 ﬁrmitatis
706 5486 834 5559 uss,
866 5486 1072 5548 inimicis
1101 5507 1267 5548 sensus
1287 5491 1392 5556 ejtts
1421 5489 1473 5541 in
1503 5486 1729 5552 operibus
1748 5499 1852 5539 ma-

339 5602 470 5676 ἱ[νιιο
491 5641 555 5676 ex
581 5624 822 5675 Vaticanis
845 5630 969 5682 Mss,
996 5626 1047 5672 ut
1063 5617 1307 5671 exhiberet
1330 5629 1426 5682 vos.

343 5672 410 5751 ta)
418 5672 812 5757 petierant,
830 5672 905 5745 18,
923 5672 1030 5757 sec.
1055 5690 1186 5757 LX},
1204 5687 1299 5757 est,
1323 5672 1852 5757 ιςζὶειῳπιεηοδζξγξιίςς

885 5736 949 5798 ex
975 5747 1081 5799 loco
1119 5736 1476 5796 neuteronomii
1522 5747 1770 5805 etunptum
1801 5736 1853 5788 id

291 5815 597 5866 testimonium
617 5810 834 5863 videtur.

1109 295 1194 352 DE
1231 291 1709 353 PERFEC’I‘IONE
1749 285 2074 347 JUS’HTUE
2113 287 2387 344 HOMlNlS
2426 287 2649 344 LIBER.

1946 403 2087 458 thios
2131 404 2337 474 prima:
2365 406 2535 462 Sobrii
2563 415 2715 463 estote
2752 415 2800 464 et
2829 409 2995 482 justi,
3036 418 3083 466 et
3109 412 3265 469 nolite
3310 431 3521 486 peccare

1943 497 1986 571 (l
2011 498 2127 553 Cor.
2154 515 2247 567 xv,
2271 501 2384 572 54).
2409 500 2538 556 Item
2561 502 2612 557 in
2641 502 2874 574 Epistola
2899 505 3067 560 sancti
3093 503 3277 563 Petri:
3301 505 3525 578 Propter

1941 591 2076 662 quod
2116 593 2356 646 succincti
2399 592 2594 648 lumbos
2633 595 2810 651 mentis
2833 605 3011 652 vestrte
3031 637 3049 666 ,
3077 598 3267 666 sobrii,
3299 604 3518 672 perfecte

1942 692 2141 752 sperate
2166 684 2183 715 ¹
2205 683 2260 738 in
2288 699 2398 738 eam
2424 701 2538 756 qua:
2571 683 2784 753 offertur
2809 687 2944 742 vobis
2972 689 3210 760 gratiam,
3241 691 3389 758 quasi
3427 692 3526 760 ﬁlii

1943 774 2258 842 obedientia,
2289 791 2392 830 non
2417 777 2720 849 conﬁgurati
2746 777 2997 848 prioribus
3021 780 3324 852 ignorantia
3348 794 3528 840 uestra

1943 866 2396 937 concupiscentiis'
2414 882 2436 932 ;
2480 867 2571 923 sed
2612 869 2889 925 secundum
2916 887 3031 926 eum
3072 873 3158 944 qui
3205 876 3397 929 vocavit
3436 891 3525 930 vos

1945 957 2192 1014 Sanctum
2213 1000 2232 1027 ,
2267 968 2315 1014 et
2342 960 2442 1032 ipsi
2481 961 2643 1016 sancti
2681 961 2735 1016 in
2780 962 2917 1017 omni
2962 967 3338 1022 conversatione
3378 967 3526 1034 sitis;

1943 1050 2061 1118 quia
2083 1051 2326 1121 scriptum
2349 1059 2422 1107 est
2446 1092 2463 1118 ,
2495 1052 2672 1108 Sancti
2699 1053 2838 1108 eritis
2855 1093 2873 1122 ,
2898 1055 3017 1125 quia
3042 1073 3132 1126 ego
3160 1068 3364 1114 sanctus
3407 1077 3524 1116 sum

1945 1141 1989 1218 (Ι
2016 1141 2157 1198 Petr.
2191 1160 2234 1211 ι,
2285 1145 2492 1214 15-16).
2522 1142 2677 1200 Unde
2717 1155 2774 1201 et
2802 1146 2992 1202 beatus
3036 1147 3199 1203 David
3227 1150 3392 1206 dicit:
3416 1151 3518 1206 Do-

1943 1239 2109 1305 mine,
2137 1239 2248 1307 quis
2291 1237 2532 1293 habitabit
2574 1239 2627 1293 in
2659 1239 2982 1294 tabernaculo
3010 1250 3094 1295 tuo
3116 1281 3133 1307 ,
3174 1252 3263 1297 aut
3303 1245 3416 1315 quis
3442 1261 3527 1299 re-

1943 1333 2156 1402 quiescet
2184 1333 2235 1386 in
2257 1341 2424 1387 monte
2466 1339 2640 1388 sancto
2664 1331 2788 1386 tuo?
2818 1329 2919 1400 Qui
2945 1332 3226 1406 ingreditur
3266 1335 3378 1388 sine
3423 1352 3528 1391 ma-

1943 1425 2081 1494 cula,
2111 1435 2157 1479 et
2181 1436 2418 1496 operatur
2431 1425 2688 1497 justitiam
2713 1422 2886 1496 (Psal.
2915 1440 3034 1494 xxv,
3064 1426 3117 1492 1,
3141 1426 3222 1498 2).
3253 1427 3322 1482 Et
3344 1426 3473 1485 alibi
3501 1447 3520 1486 :

1943 1517 2013 1572 Et
2039 1535 2124 1572 ero
2151 1516 2504 1572 immaculatus
2533 1533 2647 1572 cum
2669 1532 2729 1572 eo
2754 1513 2930 1586 (Psal.
2956 1533 3099 1586 xvn,
3127 1517 3240 1590 24).
3263 1519 3332 1574 Et
3354 1519 3524 1577 alibi:

1942 1609 2088 1666 Beati
2111 1611 2419 1666 immaculati
2441 1611 2493 1665 in
2522 1611 2603 1666 via
2625 1652 2642 1678 ,
2667 1611 2755 1681 qui
2777 1610 3037 1666 ambulant
3082 1613 3137 1666 in
3179 1611 3286 1684 lege
3309 1612 3526 1669 Domini

1946 1703 2115 1776 (Psal.
2145 1719 2328 1772 cxvm,
2359 1701 2435 1777 1).
2467 1704 2598 1760 Item
2626 1702 2766 1775 apud
2799 1702 3140 1762 Salomonem
3165 1723 3178 1760 :
3203 1705 3384 1779 Diligit
3413 1706 3528 1762 Do-

1944 1797 2110 1851 minus
2135 1806 2310 1851 sancta
2333 1795 2524 1861 corda;
2555 1796 2746 1866 accepti
2769 1804 2886 1851 sunt
2925 1805 3091 1850 autem
3129 1796 3208 1851 illi
3233 1814 3406 1854 omnes
3429 1799 3528 1855 im-

1943 1886 2186 1944 maculati
2215 1905 2235 1940 ι
2299 1886 2480 1962 (Prov.
2511 1903 2592 1955 xi,
2637 1886 2730 1955 20,
2757 1903 2856 1942 sec.
2888 1884 3075 1959 LXX).
3128 1888 3329 1944 Horum
3380 1890 3530 1946 testi-

1943 1982 2243 2035 moniorum
2285 1981 2460 2050 aliqua
2487 1988 2763 2036 currentes
2789 1977 3164 2047 exhortantur,
3195 1989 3254 2038 ut
3291 1979 3528 2052 perfecte

1943 2082 2210 2139 currant;
2259 2074 2429 2143 aliqua
2478 2075 2652 2145 ipsum
2698 2071 2858 2128 linem
2899 2082 3362 2145 commemorant,
3415 2090 3524 2148 quo

1944 2164 2209 2220 currendo
2236 2163 2570 2234 pertendant.
2602 2163 2809 2235 [ngredi
2838 2171 3017 2221 autem
3038 2165 3157 2221 sine
3180 2166 3387 2222 macula
3412 2182 3525 2224 non

1943 2255 2176 2312 absurde
2201 2258 2360 2311 etiam
2390 2256 2478 2312 ille
2507 2256 2718 2323 dicitur,
2749 2271 2856 2311 non
2879 2256 2972 2328 qui
2994 2257 3104 2327 jam
3130 2257 3525 2330 per-fectusest,

1944 2348 2038 2404 sed
2090 2347 2180 2418 qui
2222 2348 2289 2402 ad
2333 2349 2502 2417 ipsam
2555 2347 2940 2418 perfectionem
2987 2348 3532 2419 irreprebensibiliter

1943 2439 2140 2504 currit,
2171 2455 2362 2495 carens
2406 2438 2718 2494 criminibus
2758 2437 3148 2494 damnabilibus
3168 2480 3190 2506 ,.
3213 2448 3373 2510 atque
3414 2441 3531 2510 ipsa

1944 2544 2159 2604 peccata
2180 2533 2403 2589 venialia
2429 2547 2537 2595 non
2562 2531 2840 2603 negligens
2867 2531 3125 2587 mundare
3152 2533 3528 2606 eleemosynis.

1943 2625 2242 2697 ingressum
2268 2624 2485 2696 quippe,
2507 2624 2609 2680 hoc
2623 2632 2723 2688 est,
2754 2623 2857 2679 iter
2874 2633 3116 2678 nostrum
3141 2640 3247 2694 quo
3264 2626 3532 2683 tendimus

1943 2716 2010 2772 ad
2054 2715 2431 2786 perfectionem
2456 2757 2472 2782 ,
2503 2713 2700 2770 munda
2744 2713 2967 2769 mundat
3009 2715 3202 2770 oratio.
3230 2714 3422 2772 Munda
3449 2725 3534 2776 est

1942 2818 2125 2863 autem
2172 2807 2344 2862 oratio
2387 2805 2476 2862 ubi
2522 2804 2787 2860 veraciter
2830 2804 3055 2873 dicitur,
3097 2803 3308 2860 Dimitte
3353 2806 3530 2878 nobis,

1943 2900 2071 2955 sicut
2097 2909 2144 2955 et
2177 2916 2268 2954 nos
2310 2897 2612 2952 dimittimus
2640 2895 2870 2969 (Matth.
2901 2911 2978 2966 vx,
3010 2895 3113 2969 12)
3143 2915 3155 2951 :
3181 2906 3238 2952 ut
3266 2897 3395 2954 dum
3420 2914 3531 2962 non

1943 2988 2357 3062 reprehenditur
2378 2989 2419 3058 ³,
2451 2988 2591 3061 quod
2620 3003 2727 3042 non
2757 2987 3069 3058 imputatur,
3096 2989 3212 3043 sine
3238 2989 3532 3059 reprehen-

1942 3085 2095 3142 sione
2116 3126 2132 3152 ,
2167 3086 2268 3140 hoc
2293 3093 2410 3152 est,
2436 3083 2552 3140 sine
2581 3083 2785 3139 macula
2817 3091 3001 3140 noster
3035 3081 3106 3138 ad
3143 3082 3529 3153 perfectionem

1942 3195 2132 3236 cursus
2168 3179 2427 3236 habeatur
2459 3195 2474 3234 :
2511 3179 2566 3233 in
2601 3193 2707 3250 qua
2745 3177 3111 3248 perfectione,
3146 3192 3269 3233 cum
3305 3176 3372 3232 ad
3409 3192 3529 3233 eam

1942 3269 2314 3338 venerimus‘,
2337 3269 2449 3342 jam
2500 3284 2612 3326 non
2651 3268 2721 3327 sit
2763 3267 2983 3325 omnino
3022 3268 3164 3340 quod
3208 3269 3532 3340 ignoscendo

1942 3365 2247 3421 mundetur.

2012 3476 2240 3536 CAPUT
2276 3477 2345 3533 Χ.
2365 3507 2443 3520 -
2464 3477 2556 3532 91.
2597 3474 2803 3531 Deinde
2834 3473 2937 3532 iste
2961 3473 3179 3531 adhibet
3202 3474 3528 3544 testimonia,

1943 3572 2136 3643 quibus
2149 3569 2414 3635 ostendat,
2442 3585 2547 3623 non
2567 3580 2686 3623 esse
2705 3566 2884 3637 gravia
2904 3566 3080 3622 divina
3103 3578 3385 3638 praecepta.
3399 3567 3532 3633 Quis

1944 3673 2122 3717 autem
2151 3661 2374 3728 nesciat,
2406 3675 2526 3715 cum
2553 3668 2876 3728 praeceptum
2903 3656 2972 3712 sit
3007 3658 3261 3728 generale
3297 3659 3532 3715 cbaritas

1945 3755 2091 3828 (quia
2117 3754 2235 3808 linis
2255 3754 2504 3823 prmecpti
2529 3761 2611 3807 est
2634 3753 2864 3807 charitas
2885 3749 2927 3827 [I
2958 3749 3082 3805 Tim.
3115 3767 3153 3816 ι,
3177 3749 3252 3825 5],
3282 3761 3335 3807 ct
3354 3753 3528 3822 pleni-

1946 3848 2074 3904 tudo
2099 3847 2230 3917 legis
2241 3859 2324 3901 est
2346 3843 2580 3900 Charitas
2595 3841 2770 3922 [Rana
2789 3859 2904 3910 xm,
2925 3840 3037 3915 10])
3061 3881 3078 3910 ,
3106 3856 3211 3897 non
3234 3857 3352 3898 esse
3365 3858 3530 3914 grave

1945 3940 2088 4011 quod
2107 3938 2378 4010 diligendo
2396 3938 2481 4004 fit,
2512 3952 2620 3992 non
2649 3935 2922 3991 timendo?
2960 3934 3232 3990 Laborant
3273 3945 3448 3990 autem
3475 3937 3530 3992 in

1946 4033 2040 4088 Dei
2070 4029 2372 4102 praeceptis,
2398 4029 2488 4100 qui
2517 4043 2580 4084 ea
2605 4027 2842 4083 timendo
2868 4034 3126 4082 conantur
3146 4026 3368 4096 implere
3396 4043 3412 4082 :
3435 4027 3532 4083 sed

1946 4126 2177 4198 perfecta
2197 4123 2428 4180 chariton
2452 4123 2597 4179 foras
2621 4122 2782 4178 mittit
2806 4122 3051 4178 timorem
3079 4119 3295 4194 (lJoan.
3313 4136 3391 4187 iv,
3412 4121 3535 4196 l8),

1945 4229 2002 4276 et
2029 4219 2152 4274 facit
2179 4217 2430 4289 praecepti
2458 4215 2786 4282 sarcinam',
2813 4229 2921 4270 non
2949 4214 3118 4271 solum
3148 4230 3254 4272 non
3280 4229 3533 4286 premen-

1947 4321 2053 4368 tem
2080 4326 2245 4368 onere
2273 4309 2590 4382 ponderum,
2619 4323 2805 4365 verum
2832 4309 2994 4365 etiam
3024 4307 3392 4365 sublevantem
3414 4308 3535 4366 vice

1945 4420 2259 4478 pennarum.
2303 4403 2434 4473 Quae
2475 4413 2656 4458 tamen
2684 4401 2916 4458 charitas
2956 4409 3017 4456 ut
3059 4399 3338 4466 habeatur,
3369 4399 3534 4456 etiam

1949 4508 2092 4555 tanta
2127 4505 2324 4569 quanta
2357 4497 2412 4552 in
2437 4509 2664 4565 corpore
2692 4494 2880 4550 mortis
2917 4492 3074 4563 hujus
3109 4491 3293 4548 haberi
3335 4500 3532 4562 potest,

1948 4606 2138 4663 parum
2165 4597 2249 4645 est
2277 4595 2473 4643 nostrae
2503 4585 2788 4641 voluntatis
2823 4582 3138 4650 arbitrium,
3174 4582 3278 4638 nisi
3318 4582 3536 4652 adjuvet

1949 4684 2118 4755 gratia
2152 4681 2244 4736 Dei
2283 4695 2379 4750 per
2415 4678 2598 4734 Jesum
2641 4677 2912 4732 Christum
2957 4675 3239 4730 Dominum
3287 4681 3534 4731 nostrum

1950 4777 2127 4850 (Rom.
2176 4789 2276 4842 VII,
2305 4773 2400 4842 24,
2442 4771 2556 4844 95).
2599 4769 2916 4826 Diﬂ'unditur
2953 4769 3148 4839 quippe
3191 4768 3245 4823 in
3283 4767 3537 4824 cordibus

1951 4868 2170 4933 nostris,
2205 4865 2349 4936 quod
2379 4879 2522 4934 saepe
2547 4863 2832 4919 dicendum
2857 4870 2962 4929 est,
2988 4875 3092 4915 non
3121 4875 3219 4930 per
3242 4871 3342 4915 nos
3367 4859 3536 4929 ipsos,

1951 4964 2046 5020 sed
2079 4978 2174 5032 per
2202 4960 2457 5030 Spiritum
2484 4967 2723 5014 sanctttm
2747 4955 2838 5027 qui
2873 4955 3028 5012 datus
3052 4962 3138 5010 est
3167 4953 3320 5010 nobis
3345 4951 3456 5025 (ιιι.
3477 4970 3539 5023 v,

1953 5055 2030 5130 5).
2059 5055 2170 5114 Nec
2193 5053 2450 5110 aliam-ob
2477 5066 2692 5108 causam
2719 5048 2990 5121 Scriptura
3015 5055 3400 5106 commeth
3417 5060 3539 5105 non
3601 5119 3603 5122 ι

2019 5236 2036 5268 ί
2063 5234 2200 5296 Editi,
2214 5228 2415 5298 perfecti
2435 5233 2644 5295 sperate.
2667 5225 2838 5280 Plures
2854 5233 2964 5280 In.
2985 5225 3109 5278 utin
3127 5223 3313 5293 Βίωιὶι,
3334 5230 3542 5296 perfecte

1953 5303 2164 5430 ipiri'rii
2198 5353 2509 5430 cunctique
2529 5359 2658 5430 ,,
2676 5343 3342 5430 OPﬁllll'lizwer-‘ﬂs
3368 5352 3546 5430 amatis

1956 5421 2066 5494 ιρᾳ)
2088 5412 2304 5472 nonnulli
2326 5412 2521 5471 codices
2540 5417 2740 5477 habent,
2771 5412 3009 5480 tenebris;
3049 5412 3333 5481 etquidem,
3358 5412 3546 5465 deside-

1957 5497 2170 5631 m;:am'.
2197 5552 2249 5596 et
2274 5548 2372 5631 1⁷.ιηῖ
2404 5542 2520 5594 dum
2536 5534 2910 5631 “ﬁnierim-illul“
2927 5582 2940 5604 ,
2967 5539 3294 5604 prietermma
3329 5549 3542 5604 negeme

1959 5607 2209 5676 particula,
2224 5621 2334 5670 qua:
2356 5607 2450 5655 huc
2471 5610 2725 5654 revocatur
2739 5614 2809 5656 ex
2824 5613 2930 5655 Mm.

2023 5671 2191 5744 tum!
2215 5669 2356 5744 εαίιίε
2773 5676 2896 5744 ass:
2926 5676 3204 5744 t’c’i‘iili’fi‘f;

2023 5735 2048 5770 ⁸
2068 5735 2149 5786 uie
2169 5731 2318 5784 levem
2336 5723 2518 5781 addunt
2531 5739 2632 5779 tun.
2667 5733 2743 5780 Er.
2769 5737 2821 5779 et
2855 5737 2962 5778 Mss.
2987 5723 3211 5776 Gallicani
3244 5735 3301 5775 ac
3323 5725 3554 5781 Vaticani.
