  <div class='ocr_page' id='page_1' title='image "/cluster/home/n/w/nwhite01/storage/ocr_20150623/44-45/uva.x000217727/155.png"; bbox 0 0 3984 6542; ppageno 0'>
   <div class='ocr_carea' id='block_1_1' title="bbox 449 415 2040 500">
    <p class='ocr_par' dir='ltr' id='par_1_1' title="bbox 449 415 2040 500">
     <span class='ocr_line' id='line_1_1' title="bbox 449 415 2040 500; baseline -0.011 -14"><span class='ocrx_word' id='word_1_1' title='bbox 449 443 570 486; x_wconf 88' lang='lat' dir='ltr'><strong>esse</strong></span> <span class='ocrx_word' id='word_1_2' title='bbox 596 426 774 500; x_wconf 79' lang='lat' dir='ltr'><strong>gravia</strong></span> <span class='ocrx_word' id='word_1_3' title='bbox 801 424 976 482; x_wconf 89' lang='lat' dir='ltr'><strong>divina</strong></span> <span class='ocrx_word' id='word_1_4' title='bbox 1016 429 1300 492; x_wconf 64' lang='lat' dir='ltr'><strong>praecepta,</strong></span> <span class='ocrx_word' id='word_1_5' title='bbox 1341 418 1442 474; x_wconf 87' lang='lat' dir='ltr'><strong>nisi</strong></span> <span class='ocrx_word' id='word_1_6' title='bbox 1481 425 1538 473; x_wconf 93' lang='lat' dir='ltr'><strong>ut</strong></span> <span class='ocrx_word' id='word_1_7' title='bbox 1579 416 1756 472; x_wconf 90' lang='lat' dir='ltr'><strong>anima</strong></span> <span class='ocrx_word' id='word_1_8' title='bbox 1790 431 1910 488; x_wconf 67' lang='lat' dir='ltr'><strong>quae</strong></span> <span class='ocrx_word' id='word_1_9' title='bbox 1950 415 2040 470; x_wconf 86' lang='lat' dir='ltr'><strong>illa</strong></span> 
     </span>
    </p>
   </div>
   <div class='ocr_carea' id='block_1_2' title="bbox 451 511 2037 597">
    <p class='ocr_par' dir='ltr' id='par_1_2' title="bbox 451 511 2037 597">
     <span class='ocr_line' id='line_1_2' title="bbox 451 511 2037 597; baseline -0.008 -20"><span class='ocrx_word' id='word_1_10' title='bbox 451 525 632 597; x_wconf 79' lang='lat' dir='ltr'><strong>gravia</strong></span> <span class='ocrx_word' id='word_1_11' title='bbox 681 521 862 588; x_wconf 89' lang='lat' dir='ltr'><strong>sentit,</strong></span> <span class='ocrx_word' id='word_1_12' title='bbox 908 518 1163 587; x_wconf 88' lang='lat' dir='ltr'><strong>intelligat</strong></span> <span class='ocrx_word' id='word_1_13' title='bbox 1195 530 1255 569; x_wconf 88' lang='lat' dir='ltr'><strong>se</strong></span> <span class='ocrx_word' id='word_1_14' title='bbox 1294 513 1531 568; x_wconf 90' lang='lat' dir='ltr'><strong>nondum</strong></span> <span class='ocrx_word' id='word_1_15' title='bbox 1578 511 1848 582; x_wconf 84' lang='lat' dir='ltr'><strong>accepisse</strong></span> <span class='ocrx_word' id='word_1_16' title='bbox 1874 511 2037 574; x_wconf 88' lang='lat' dir='ltr'><strong>vires,</strong></span> 
     </span>
    </p>
   </div>
   <div class='ocr_carea' id='block_1_3' title="bbox 451 603 2040 691">
    <p class='ocr_par' dir='ltr' id='par_1_3' title="bbox 451 603 2040 691">
     <span class='ocr_line' id='line_1_3' title="bbox 451 603 2040 691; baseline -0.013 -15"><span class='ocrx_word' id='word_1_17' title='bbox 451 619 647 691; x_wconf 81' lang='lat' dir='ltr'><strong>quibus</strong></span> <span class='ocrx_word' id='word_1_18' title='bbox 669 618 788 674; x_wconf 89' lang='lat' dir='ltr'><strong>talia</strong></span> <span class='ocrx_word' id='word_1_19' title='bbox 815 616 922 668; x_wconf 90' lang='lat' dir='ltr'><strong>sint</strong></span> <span class='ocrx_word' id='word_1_20' title='bbox 947 617 1206 681; x_wconf 69' lang='lat' dir='ltr'><strong>prwcepta</strong></span> <span class='ocrx_word' id='word_1_21' title='bbox 1234 607 1444 663; x_wconf 89' lang='lat' dir='ltr'><strong>Domini</strong></span> <span class='ocrx_word' id='word_1_22' title='bbox 1469 605 1641 676; x_wconf 82' lang='lat' dir='ltr'><strong>qualia</strong></span> <span class='ocrx_word' id='word_1_23' title='bbox 1663 603 2040 660; x_wconf 88' lang='lat' dir='ltr'><strong>commendan-</strong></span> 
     </span>
    </p>
   </div>
   <div class='ocr_carea' id='block_1_4' title="bbox 452 697 2039 778">
    <p class='ocr_par' dir='ltr' id='par_1_4' title="bbox 452 697 2039 778">
     <span class='ocr_line' id='line_1_4' title="bbox 452 697 2039 778; baseline -0.011 -10"><span class='ocrx_word' id='word_1_24' title='bbox 452 721 562 778; x_wconf 84' lang='lat' dir='ltr'><strong>tur,</strong></span> <span class='ocrx_word' id='word_1_25' title='bbox 593 711 728 766; x_wconf 88' lang='lat' dir='ltr'><strong>levia</strong></span> <span class='ocrx_word' id='word_1_26' title='bbox 749 708 947 763; x_wconf 91' lang='lat' dir='ltr'><strong>scilicet</strong></span> <span class='ocrx_word' id='word_1_27' title='bbox 983 711 1143 774; x_wconf 91' lang='lat' dir='ltr'><strong>atque</strong></span> <span class='ocrx_word' id='word_1_28' title='bbox 1169 701 1372 762; x_wconf 82' lang='lat' dir='ltr'><strong>suavia.</strong></span> <span class='ocrx_word' id='word_1_29' title='bbox 1399 709 1453 755; x_wconf 92' lang='lat' dir='ltr'><strong>et</strong></span> <span class='ocrx_word' id='word_1_30' title='bbox 1481 707 1598 754; x_wconf 85' lang='lat' dir='ltr'><strong>oret</strong></span> <span class='ocrx_word' id='word_1_31' title='bbox 1622 697 1818 768; x_wconf 88' lang='lat' dir='ltr'><strong>gemitu</strong></span> <span class='ocrx_word' id='word_1_32' title='bbox 1847 697 2039 751; x_wconf 90' lang='lat' dir='ltr'><strong>volun-</strong></span> 
     </span>
    </p>
   </div>
   <div class='ocr_carea' id='block_1_5' title="bbox 379 789 2070 870">
    <p class='ocr_par' dir='ltr' id='par_1_5' title="bbox 379 789 2070 870">
     <span class='ocr_line' id='line_1_5' title="bbox 379 789 2070 870; baseline -0.011 -9"><span class='ocrx_word' id='word_1_33' title='bbox 379 853 392 861; x_wconf 89' lang='lat'><strong>.</strong></span> <span class='ocrx_word' id='word_1_34' title='bbox 454 804 601 870; x_wconf 86' lang='lat' dir='ltr'><strong>tatis,</strong></span> <span class='ocrx_word' id='word_1_35' title='bbox 625 811 686 856; x_wconf 89' lang='lat' dir='ltr'><strong>ut</strong></span> <span class='ocrx_word' id='word_1_36' title='bbox 712 802 959 870; x_wconf 88' lang='lat' dir='ltr'><strong>impetret</strong></span> <span class='ocrx_word' id='word_1_37' title='bbox 990 796 1188 851; x_wconf 91' lang='lat' dir='ltr'><strong>donum</strong></span> <span class='ocrx_word' id='word_1_38' title='bbox 1230 793 1553 848; x_wconf 69' lang='lat' dir='ltr'><strong>facilitatis‘.</strong></span> <span class='ocrx_word' id='word_1_39' title='bbox 1582 789 1682 858; x_wconf 86' lang='lat' dir='ltr'><strong>Qui</strong></span> <span class='ocrx_word' id='word_1_40' title='bbox 1717 790 1858 845; x_wconf 89' lang='lat' dir='ltr'><strong>enim</strong></span> <span class='ocrx_word' id='word_1_41' title='bbox 1888 790 2036 856; x_wconf 88' lang='lat' dir='ltr'><strong>dicit,</strong></span> 
     </span>
    </p>
   </div>
   <div class='ocr_carea' id='block_1_6' title="bbox 453 881 2040 953">
    <p class='ocr_par' dir='ltr' id='par_1_6' title="bbox 453 881 2040 953">
     <span class='ocr_line' id='line_1_6' title="bbox 453 881 2040 953; baseline -0.009 -3"><span class='ocrx_word' id='word_1_42' title='bbox 453 891 578 950; x_wconf 84' lang='lat' dir='ltr'><strong>Fiat</strong></span> <span class='ocrx_word' id='word_1_43' title='bbox 606 910 692 948; x_wconf 90' lang='lat' dir='ltr'><strong>cor</strong></span> <span class='ocrx_word' id='word_1_44' title='bbox 717 908 879 946; x_wconf 86' lang='lat' dir='ltr'><strong>meum</strong></span> <span class='ocrx_word' id='word_1_45' title='bbox 902 888 1314 953; x_wconf 87' lang='lat' dir='ltr'><strong>immaculatum;</strong></span> <span class='ocrx_word' id='word_1_46' title='bbox 1338 893 1409 947; x_wconf 88' lang='lat' dir='ltr'><strong>et,</strong></span> <span class='ocrx_word' id='word_1_47' title='bbox 1435 883 1626 937; x_wconf 79' lang='lat' dir='ltr'><strong>Itinera</strong></span> <span class='ocrx_word' id='word_1_48' title='bbox 1650 897 1760 937; x_wconf 88' lang='lat' dir='ltr'><strong>mea</strong></span> <span class='ocrx_word' id='word_1_49' title='bbox 1780 881 1940 953; x_wconf 89' lang='lat' dir='ltr'><strong>dirige</strong></span> <span class='ocrx_word' id='word_1_50' title='bbox 1958 899 2040 936; x_wconf 86' lang='lat' dir='ltr'><strong>sc-</strong></span> 
     </span>
    </p>
   </div>
   <div class='ocr_carea' id='block_1_7' title="bbox 453 977 2040 1049">
    <p class='ocr_par' dir='ltr' id='par_1_7' title="bbox 453 977 2040 1049">
     <span class='ocr_line' id='line_1_7' title="bbox 453 977 2040 1049; baseline -0.008 -7"><span class='ocrx_word' id='word_1_51' title='bbox 453 987 675 1043; x_wconf 86' lang='lat' dir='ltr'><strong>cundum</strong></span> <span class='ocrx_word' id='word_1_52' title='bbox 701 986 903 1041; x_wconf 85' lang='lat' dir='ltr'><strong>verbum</strong></span> <span class='ocrx_word' id='word_1_53' title='bbox 923 997 1085 1049; x_wconf 88' lang='lat' dir='ltr'><strong>tuum,</strong></span> <span class='ocrx_word' id='word_1_54' title='bbox 1114 991 1160 1037; x_wconf 91' lang='lat' dir='ltr'><strong>et</strong></span> <span class='ocrx_word' id='word_1_55' title='bbox 1185 999 1245 1036; x_wconf 88' lang='lat' dir='ltr'><strong>ne</strong></span> <span class='ocrx_word' id='word_1_56' title='bbox 1281 980 1565 1034; x_wconf 80' lang='lat' dir='ltr'><strong>dominetur</strong></span> <span class='ocrx_word' id='word_1_57' title='bbox 1589 977 1713 1031; x_wconf 85' lang='lat' dir='ltr'><strong>mihi</strong></span> <span class='ocrx_word' id='word_1_58' title='bbox 1748 977 1910 1031; x_wconf 87' lang='lat' dir='ltr'><strong>omnis</strong></span> <span class='ocrx_word' id='word_1_59' title='bbox 1937 977 2040 1030; x_wconf 89' lang='lat' dir='ltr'><strong>ini-</strong></span> 
     </span>
    </p>
   </div>
   <div class='ocr_carea' id='block_1_8' title="bbox 452 1069 2036 1151">
    <p class='ocr_par' dir='ltr' id='par_1_8' title="bbox 452 1069 2036 1151">
     <span class='ocr_line' id='line_1_8' title="bbox 452 1069 2036 1151; baseline -0.007 -18"><span class='ocrx_word' id='word_1_60' title='bbox 452 1079 619 1151; x_wconf 83' lang='lat' dir='ltr'><strong>quitas</strong></span> <span class='ocrx_word' id='word_1_61' title='bbox 646 1076 816 1150; x_wconf 83' lang='lat' dir='ltr'><strong>(Psal.</strong></span> <span class='ocrx_word' id='word_1_62' title='bbox 843 1092 1032 1140; x_wconf 75' lang='lat' dir='ltr'><strong>cxvm,</strong></span> <span class='ocrx_word' id='word_1_63' title='bbox 1065 1075 1163 1138; x_wconf 90' lang='lat'><strong>80,</strong></span> <span class='ocrx_word' id='word_1_64' title='bbox 1207 1073 1361 1142; x_wconf 71' lang='lat'><strong>135);</strong></span> <span class='ocrx_word' id='word_1_65' title='bbox 1394 1079 1466 1136; x_wconf 90' lang='lat' dir='ltr'><strong>et,</strong></span> <span class='ocrx_word' id='word_1_66' title='bbox 1510 1069 1630 1123; x_wconf 84' lang='lat' dir='ltr'><strong>Fiat</strong></span> <span class='ocrx_word' id='word_1_67' title='bbox 1670 1069 1899 1123; x_wconf 85' lang='lat' dir='ltr'><strong>voluntas</strong></span> <span class='ocrx_word' id='word_1_68' title='bbox 1929 1077 2036 1136; x_wconf 88' lang='lat' dir='ltr'><strong>tua,</strong></span> 
     </span>
    </p>
   </div>
   <div class='ocr_carea' id='block_1_9' title="bbox 453 1163 2038 1233">
    <p class='ocr_par' dir='ltr' id='par_1_9' title="bbox 453 1163 2038 1233">
     <span class='ocr_line' id='line_1_9' title="bbox 453 1163 2038 1233; baseline -0.008 -4"><span class='ocrx_word' id='word_1_69' title='bbox 453 1175 583 1229; x_wconf 82' lang='lat' dir='ltr'><strong>sicut</strong></span> <span class='ocrx_word' id='word_1_70' title='bbox 607 1173 660 1227; x_wconf 90' lang='lat' dir='ltr'><strong>in</strong></span> <span class='ocrx_word' id='word_1_71' title='bbox 677 1173 800 1226; x_wconf 79' lang='lat' dir='ltr'><strong>cmlo</strong></span> <span class='ocrx_word' id='word_1_72' title='bbox 826 1183 872 1225; x_wconf 89' lang='lat' dir='ltr'><strong>et</strong></span> <span class='ocrx_word' id='word_1_73' title='bbox 899 1171 952 1225; x_wconf 92' lang='lat' dir='ltr'><strong>in</strong></span> <span class='ocrx_word' id='word_1_74' title='bbox 983 1181 1150 1232; x_wconf 82' lang='lat' dir='ltr'><strong>terra;</strong></span> <span class='ocrx_word' id='word_1_75' title='bbox 1175 1175 1247 1229; x_wconf 85' lang='lat' dir='ltr'><strong>ct,</strong></span> <span class='ocrx_word' id='word_1_76' title='bbox 1283 1165 1366 1220; x_wconf 87' lang='lat' dir='ltr'><strong>Ne</strong></span> <span class='ocrx_word' id='word_1_77' title='bbox 1393 1181 1484 1218; x_wconf 89' lang='lat' dir='ltr'><strong>nos</strong></span> <span class='ocrx_word' id='word_1_78' title='bbox 1513 1163 1701 1233; x_wconf 76' lang='lat' dir='ltr'><strong>inferas</strong></span> <span class='ocrx_word' id='word_1_79' title='bbox 1725 1164 1777 1218; x_wconf 91' lang='lat' dir='ltr'><strong>in</strong></span> <span class='ocrx_word' id='word_1_80' title='bbox 1805 1163 2038 1218; x_wconf 85' lang='lat' dir='ltr'><strong>tentatio-</strong></span> 
     </span>
    </p>
   </div>
   <div class='ocr_carea' id='block_1_10' title="bbox 455 1255 2041 1338">
    <p class='ocr_par' dir='ltr' id='par_1_10' title="bbox 455 1255 2041 1338">
     <span class='ocr_line' id='line_1_10' title="bbox 455 1255 2041 1338; baseline -0.009 -15"><span class='ocrx_word' id='word_1_81' title='bbox 455 1285 569 1323; x_wconf 88' lang='lat' dir='ltr'><strong>nem</strong></span> <span class='ocrx_word' id='word_1_82' title='bbox 603 1266 814 1338; x_wconf 76' lang='lat' dir='ltr'><strong>(Matth.</strong></span> <span class='ocrx_word' id='word_1_83' title='bbox 849 1263 1015 1331; x_wconf 76' lang='lat' dir='ltr'><strong>vi,10</strong></span> <span class='ocrx_word' id='word_1_84' title='bbox 1053 1271 1100 1316; x_wconf 91' lang='lat' dir='ltr'><strong>et</strong></span> <span class='ocrx_word' id='word_1_85' title='bbox 1131 1261 1256 1331; x_wconf 72' lang='lat'><strong>1&#39;5);</strong></span> <span class='ocrx_word' id='word_1_86' title='bbox 1291 1267 1344 1313; x_wconf 90' lang='lat' dir='ltr'><strong>et</strong></span> <span class='ocrx_word' id='word_1_87' title='bbox 1367 1267 1556 1312; x_wconf 68' lang='lat' dir='ltr'><strong>crinem</strong></span> <span class='ocrx_word' id='word_1_88' title='bbox 1597 1255 1902 1326; x_wconf 86' lang='lat' dir='ltr'><strong>hujusmodi</strong></span> <span class='ocrx_word' id='word_1_89' title='bbox 1924 1271 2041 1324; x_wconf 78' lang='lat' dir='ltr'><strong>qua:</strong></span> 
     </span>
    </p>
   </div>
   <div class='ocr_carea' id='block_1_11' title="bbox 455 1347 2039 1425">
    <p class='ocr_par' dir='ltr' id='par_1_11' title="bbox 455 1347 2039 1425">
     <span class='ocr_line' id='line_1_11' title="bbox 455 1347 2039 1425; baseline -0.01 -11"><span class='ocrx_word' id='word_1_90' title='bbox 455 1371 876 1414; x_wconf 80' lang='lat' dir='ltr'><strong>commemorare</strong></span> <span class='ocrx_word' id='word_1_91' title='bbox 897 1355 1109 1425; x_wconf 85' lang='lat' dir='ltr'><strong>longum</strong></span> <span class='ocrx_word' id='word_1_92' title='bbox 1131 1362 1231 1414; x_wconf 80' lang='lat' dir='ltr'><strong>est,</strong></span> <span class='ocrx_word' id='word_1_93' title='bbox 1253 1349 1358 1404; x_wconf 89' lang='lat' dir='ltr'><strong>hoc</strong></span> <span class='ocrx_word' id='word_1_94' title='bbox 1379 1347 1557 1416; x_wconf 89' lang='lat' dir='ltr'><strong>utique</strong></span> <span class='ocrx_word' id='word_1_95' title='bbox 1578 1356 1714 1412; x_wconf 89' lang='lat' dir='ltr'><strong>orat,</strong></span> <span class='ocrx_word' id='word_1_96' title='bbox 1751 1358 1809 1398; x_wconf 90' lang='lat' dir='ltr'><strong>ut</strong></span> <span class='ocrx_word' id='word_1_97' title='bbox 1837 1359 2039 1415; x_wconf 67' lang='lat' dir='ltr'><strong>prince-</strong></span> 
     </span>
    </p>
   </div>
   <div class='ocr_carea' id='block_1_12' title="bbox 455 1437 2040 1522">
    <p class='ocr_par' dir='ltr' id='par_1_12' title="bbox 455 1437 2040 1522">
     <span class='ocr_line' id='line_1_12' title="bbox 455 1437 2040 1522; baseline -0.008 -18"><span class='ocrx_word' id='word_1_98' title='bbox 455 1460 543 1522; x_wconf 88' lang='lat' dir='ltr'><strong>pta</strong></span> <span class='ocrx_word' id='word_1_99' title='bbox 577 1450 668 1505; x_wconf 89' lang='lat' dir='ltr'><strong>Dei</strong></span> <span class='ocrx_word' id='word_1_100' title='bbox 697 1449 852 1504; x_wconf 82' lang='lat' dir='ltr'><strong>faciat</strong></span> <span class='ocrx_word' id='word_1_101' title='bbox 880 1465 892 1501; x_wconf 95' lang='lat'>:</span> <span class='ocrx_word' id='word_1_102' title='bbox 921 1461 1040 1517; x_wconf 77' lang='lat' dir='ltr'><strong>qua:</strong></span> <span class='ocrx_word' id='word_1_103' title='bbox 1069 1453 1127 1500; x_wconf 91' lang='lat' dir='ltr'><strong>ut</strong></span> <span class='ocrx_word' id='word_1_104' title='bbox 1155 1444 1359 1506; x_wconf 90' lang='lat' dir='ltr'><strong>fierent,</strong></span> <span class='ocrx_word' id='word_1_105' title='bbox 1397 1455 1496 1495; x_wconf 91' lang='lat' dir='ltr'><strong>nec</strong></span> <span class='ocrx_word' id='word_1_106' title='bbox 1515 1440 1810 1510; x_wconf 89' lang='lat' dir='ltr'><strong>juberetur,</strong></span> <span class='ocrx_word' id='word_1_107' title='bbox 1837 1437 1883 1492; x_wconf 90' lang='lat' dir='ltr'><strong>si</strong></span> <span class='ocrx_word' id='word_1_108' title='bbox 1912 1437 2040 1492; x_wconf 89' lang='lat' dir='ltr'><strong>nihil</strong></span> 
     </span>
    </p>
   </div>
   <div class='ocr_carea' id='block_1_13' title="bbox 456 1529 2042 1607">
    <p class='ocr_par' dir='ltr' id='par_1_13' title="bbox 456 1529 2042 1607">
     <span class='ocr_line' id='line_1_13' title="bbox 456 1529 2042 1607; baseline -0.009 -10"><span class='ocrx_word' id='word_1_109' title='bbox 456 1541 528 1597; x_wconf 94' lang='lat' dir='ltr'><strong>ibi</strong></span> <span class='ocrx_word' id='word_1_110' title='bbox 557 1551 738 1596; x_wconf 89' lang='lat' dir='ltr'><strong>nostra</strong></span> <span class='ocrx_word' id='word_1_111' title='bbox 771 1540 1014 1593; x_wconf 79' lang='lat' dir='ltr'><strong>voluntas</strong></span> <span class='ocrx_word' id='word_1_112' title='bbox 1041 1544 1250 1607; x_wconf 82' lang='lat' dir='ltr'><strong>ageret;</strong></span> <span class='ocrx_word' id='word_1_113' title='bbox 1295 1549 1393 1589; x_wconf 78' lang='lat' dir='ltr'><strong>nec</strong></span> <span class='ocrx_word' id='word_1_114' title='bbox 1419 1541 1682 1598; x_wconf 87' lang='lat' dir='ltr'><strong>oraretur,</strong></span> <span class='ocrx_word' id='word_1_115' title='bbox 1719 1532 1762 1585; x_wconf 90' lang='lat' dir='ltr'><strong>si</strong></span> <span class='ocrx_word' id='word_1_116' title='bbox 1791 1531 1903 1585; x_wconf 87' lang='lat' dir='ltr'><strong>sola</strong></span> <span class='ocrx_word' id='word_1_117' title='bbox 1932 1529 2042 1584; x_wconf 86' lang='lat' dir='ltr'><strong>suf-</strong></span> 
     </span>
    </p>
   </div>
   <div class='ocr_carea' id='block_1_14' title="bbox 457 1620 2042 1698">
    <p class='ocr_par' dir='ltr' id='par_1_14' title="bbox 457 1620 2042 1698">
     <span class='ocr_line' id='line_1_14' title="bbox 457 1620 2042 1698; baseline -0.009 -10"><span class='ocrx_word' id='word_1_118' title='bbox 457 1633 662 1690; x_wconf 86' lang='lat' dir='ltr'><strong>ﬁceret.</strong></span> <span class='ocrx_word' id='word_1_119' title='bbox 694 1630 1145 1686; x_wconf 89' lang='lat' dir='ltr'><strong>Commendantur</strong></span> <span class='ocrx_word' id='word_1_120' title='bbox 1170 1641 1296 1698; x_wconf 83' lang='lat' dir='ltr'><strong>ergo</strong></span> <span class='ocrx_word' id='word_1_121' title='bbox 1319 1641 1425 1680; x_wconf 91' lang='lat' dir='ltr'><strong>non</strong></span> <span class='ocrx_word' id='word_1_122' title='bbox 1469 1639 1588 1679; x_wconf 91' lang='lat' dir='ltr'><strong>esse</strong></span> <span class='ocrx_word' id='word_1_123' title='bbox 1625 1623 1825 1694; x_wconf 91' lang='lat' dir='ltr'><strong>gravia,</strong></span> <span class='ocrx_word' id='word_1_124' title='bbox 1864 1628 1921 1675; x_wconf 88' lang='lat' dir='ltr'><strong>ut</strong></span> <span class='ocrx_word' id='word_1_125' title='bbox 1955 1620 2042 1675; x_wconf 91' lang='lat' dir='ltr'><strong>cui</strong></span> 
     </span>
    </p>
   </div>
   <div class='ocr_carea' id='block_1_15' title="bbox 455 1713 2037 1796">
    <p class='ocr_par' dir='ltr' id='par_1_15' title="bbox 455 1713 2037 1796">
     <span class='ocr_line' id='line_1_15' title="bbox 455 1713 2037 1796; baseline -0.007 -19"><span class='ocrx_word' id='word_1_126' title='bbox 455 1725 634 1796; x_wconf 86' lang='lat' dir='ltr'><strong>gravia</strong></span> <span class='ocrx_word' id='word_1_127' title='bbox 679 1731 824 1790; x_wconf 89' lang='lat' dir='ltr'><strong>sunt,</strong></span> <span class='ocrx_word' id='word_1_128' title='bbox 867 1719 1124 1791; x_wconf 79' lang='lat' dir='ltr'><strong>intelligat</strong></span> <span class='ocrx_word' id='word_1_129' title='bbox 1156 1718 1389 1773; x_wconf 88' lang='lat' dir='ltr'><strong>nondum</strong></span> <span class='ocrx_word' id='word_1_130' title='bbox 1429 1731 1488 1772; x_wconf 89' lang='lat' dir='ltr'><strong>se</strong></span> <span class='ocrx_word' id='word_1_131' title='bbox 1520 1715 1790 1785; x_wconf 86' lang='lat' dir='ltr'><strong>accepisse</strong></span> <span class='ocrx_word' id='word_1_132' title='bbox 1817 1713 2037 1780; x_wconf 85' lang='lat' dir='ltr'><strong>donum,</strong></span> 
     </span>
    </p>
   </div>
   <div class='ocr_carea' id='block_1_16' title="bbox 455 1804 2037 1886">
    <p class='ocr_par' dir='ltr' id='par_1_16' title="bbox 455 1804 2037 1886">
     <span class='ocr_line' id='line_1_16' title="bbox 455 1804 2037 1886; baseline -0.006 -17"><span class='ocrx_word' id='word_1_133' title='bbox 455 1831 564 1886; x_wconf 91' lang='lat' dir='ltr'><strong>quo</strong></span> <span class='ocrx_word' id='word_1_134' title='bbox 587 1815 763 1886; x_wconf 78' lang='lat' dir='ltr'><strong>gravia</strong></span> <span class='ocrx_word' id='word_1_135' title='bbox 796 1829 898 1868; x_wconf 91' lang='lat' dir='ltr'><strong>non</strong></span> <span class='ocrx_word' id='word_1_136' title='bbox 935 1813 1069 1874; x_wconf 88' lang='lat' dir='ltr'><strong>sint;</strong></span> <span class='ocrx_word' id='word_1_137' title='bbox 1117 1825 1215 1866; x_wconf 88' lang='lat' dir='ltr'><strong>nec</strong></span> <span class='ocrx_word' id='word_1_138' title='bbox 1248 1810 1535 1865; x_wconf 86' lang='lat' dir='ltr'><strong>arbitretur</strong></span> <span class='ocrx_word' id='word_1_139' title='bbox 1567 1823 1628 1862; x_wconf 91' lang='lat' dir='ltr'><strong>ea</strong></span> <span class='ocrx_word' id='word_1_140' title='bbox 1661 1822 1720 1862; x_wconf 88' lang='lat' dir='ltr'><strong>se</strong></span> <span class='ocrx_word' id='word_1_141' title='bbox 1757 1804 2037 1878; x_wconf 88' lang='lat' dir='ltr'><strong>perficere,</strong></span> 
     </span>
    </p>
   </div>
   <div class='ocr_carea' id='block_1_17' title="bbox 455 1898 2039 1979">
    <p class='ocr_par' dir='ltr' id='par_1_17' title="bbox 455 1898 2039 1979">
     <span class='ocr_line' id='line_1_17' title="bbox 455 1898 2039 1979; baseline -0.005 -19"><span class='ocrx_word' id='word_1_142' title='bbox 455 1907 669 1979; x_wconf 87' lang='lat' dir='ltr'><strong>quando</strong></span> <span class='ocrx_word' id='word_1_143' title='bbox 691 1907 761 1961; x_wconf 89' lang='lat' dir='ltr'><strong>ita</strong></span> <span class='ocrx_word' id='word_1_144' title='bbox 781 1906 921 1970; x_wconf 81' lang='lat' dir='ltr'><strong>facit,</strong></span> <span class='ocrx_word' id='word_1_145' title='bbox 953 1915 1010 1958; x_wconf 90' lang='lat' dir='ltr'><strong>ut</strong></span> <span class='ocrx_word' id='word_1_146' title='bbox 1031 1903 1210 1975; x_wconf 87' lang='lat' dir='ltr'><strong>gravia</strong></span> <span class='ocrx_word' id='word_1_147' title='bbox 1237 1903 1356 1956; x_wconf 89' lang='lat' dir='ltr'><strong>sint.</strong></span> <span class='ocrx_word' id='word_1_148' title='bbox 1384 1900 1616 1955; x_wconf 80' lang='lat' dir='ltr'><strong>Hilarem</strong></span> <span class='ocrx_word' id='word_1_149' title='bbox 1640 1899 1780 1953; x_wconf 87' lang='lat' dir='ltr'><strong>enim</strong></span> <span class='ocrx_word' id='word_1_150' title='bbox 1799 1898 2039 1952; x_wconf 87' lang='lat' dir='ltr'><strong>datorem</strong></span> 
     </span>
    </p>
   </div>
   <div class='ocr_carea' id='block_1_18' title="bbox 455 1990 2038 2070">
    <p class='ocr_par' dir='ltr' id='par_1_18' title="bbox 455 1990 2038 2070">
     <span class='ocr_line' id='line_1_18' title="bbox 455 1990 2038 2070; baseline -0.008 -16"><span class='ocrx_word' id='word_1_151' title='bbox 455 1999 625 2070; x_wconf 84' lang='lat' dir='ltr'><strong>diligit</strong></span> <span class='ocrx_word' id='word_1_152' title='bbox 648 2000 786 2054; x_wconf 86' lang='lat' dir='ltr'><strong>Deus</strong></span> <span class='ocrx_word' id='word_1_153' title='bbox 815 1997 882 2069; x_wconf 93' lang='lat' dir='ltr'><strong>(ll</strong></span> <span class='ocrx_word' id='word_1_154' title='bbox 906 1996 1021 2050; x_wconf 89' lang='lat' dir='ltr'><strong>Cor.</strong></span> <span class='ocrx_word' id='word_1_155' title='bbox 1053 2012 1134 2062; x_wconf 73' lang='grc' dir='ltr'><strong>ιι,</strong></span> <span class='ocrx_word' id='word_1_156' title='bbox 1162 1993 1238 2066; x_wconf 88' lang='lat'><strong>7).</strong></span> <span class='ocrx_word' id='word_1_157' title='bbox 1262 1994 1371 2048; x_wconf 85' lang='lat' dir='ltr'><strong>Nec</strong></span> <span class='ocrx_word' id='word_1_158' title='bbox 1400 2004 1594 2057; x_wconf 89' lang='lat' dir='ltr'><strong>tamen,</strong></span> <span class='ocrx_word' id='word_1_159' title='bbox 1621 2007 1744 2045; x_wconf 90' lang='lat' dir='ltr'><strong>cum</strong></span> <span class='ocrx_word' id='word_1_160' title='bbox 1766 2005 1826 2044; x_wconf 89' lang='lat' dir='ltr'><strong>ea</strong></span> <span class='ocrx_word' id='word_1_161' title='bbox 1858 1990 2038 2060; x_wconf 87' lang='lat' dir='ltr'><strong>gravia</strong></span> 
     </span>
    </p>
   </div>
   <div class='ocr_carea' id='block_1_19' title="bbox 453 2081 2036 2158">
    <p class='ocr_par' dir='ltr' id='par_1_19' title="bbox 453 2081 2036 2158">
     <span class='ocr_line' id='line_1_19' title="bbox 453 2081 2036 2158; baseline -0.006 -13"><span class='ocrx_word' id='word_1_162' title='bbox 453 2091 633 2156; x_wconf 85' lang='lat' dir='ltr'><strong>sentit,</strong></span> <span class='ocrx_word' id='word_1_163' title='bbox 683 2087 1015 2158; x_wconf 89' lang='lat' dir='ltr'><strong>desperando</strong></span> <span class='ocrx_word' id='word_1_164' title='bbox 1055 2087 1368 2157; x_wconf 85' lang='lat' dir='ltr'><strong>frangatur:</strong></span> <span class='ocrx_word' id='word_1_165' title='bbox 1412 2083 1506 2138; x_wconf 90' lang='lat' dir='ltr'><strong>sed</strong></span> <span class='ocrx_word' id='word_1_166' title='bbox 1555 2083 1621 2137; x_wconf 89' lang='lat' dir='ltr'><strong>ad</strong></span> <span class='ocrx_word' id='word_1_167' title='bbox 1673 2081 2036 2153; x_wconf 57' lang='lat' dir='ltr'><strong>quaerendum,</strong></span> 
     </span>
    </p>
   </div>
   <div class='ocr_carea' id='block_1_20' title="bbox 453 2179 1476 2254">
    <p class='ocr_par' dir='ltr' id='par_1_20' title="bbox 453 2179 1476 2254">
     <span class='ocr_line' id='line_1_20' title="bbox 453 2179 1476 2254; baseline -0.012 -14"><span class='ocrx_word' id='word_1_168' title='bbox 453 2185 759 2254; x_wconf 88' lang='lat' dir='ltr'><strong>petendum,</strong></span> <span class='ocrx_word' id='word_1_169' title='bbox 794 2179 1214 2250; x_wconf 88' lang='lat' dir='ltr'><strong>pulsandumque</strong></span> <span class='ocrx_word' id='word_1_170' title='bbox 1239 2185 1476 2248; x_wconf 86' lang='lat' dir='ltr'><strong>cogatur.</strong></span> 
     </span>
    </p>
   </div>
   <div class='ocr_carea' id='block_1_21' title="bbox 521 2265 2039 2341">
    <p class='ocr_par' dir='ltr' id='par_1_21' title="bbox 521 2265 2039 2341">
     <span class='ocr_line' id='line_1_21' title="bbox 521 2265 2039 2341; baseline -0.007 -11"><span class='ocrx_word' id='word_1_171' title='bbox 521 2275 612 2330; x_wconf 86' lang='grc'><strong>22.</strong></span> <span class='ocrx_word' id='word_1_172' title='bbox 652 2273 944 2328; x_wconf 87' lang='lat' dir='ltr'><strong>Audiamus</strong></span> <span class='ocrx_word' id='word_1_173' title='bbox 963 2287 1092 2341; x_wconf 88' lang='lat' dir='ltr'><strong>ergo</strong></span> <span class='ocrx_word' id='word_1_174' title='bbox 1116 2282 1170 2324; x_wconf 87' lang='lat' dir='ltr'><strong>et</strong></span> <span class='ocrx_word' id='word_1_175' title='bbox 1197 2270 1248 2323; x_wconf 91' lang='lat' dir='ltr'><strong>in</strong></span> <span class='ocrx_word' id='word_1_176' title='bbox 1273 2269 1352 2322; x_wconf 87' lang='lat' dir='ltr'><strong>his</strong></span> <span class='ocrx_word' id='word_1_177' title='bbox 1377 2266 1692 2324; x_wconf 88' lang='lat' dir='ltr'><strong>testimoniis</strong></span> <span class='ocrx_word' id='word_1_178' title='bbox 1712 2281 1830 2336; x_wconf 59' lang='lat' dir='ltr'><strong>quae</strong></span> <span class='ocrx_word' id='word_1_179' title='bbox 1847 2265 2039 2321; x_wconf 89' lang='lat' dir='ltr'><strong>deinde</strong></span> 
     </span>
    </p>
   </div>
   <div class='ocr_carea' id='block_1_22' title="bbox 449 2360 2036 2440">
    <p class='ocr_par' dir='ltr' id='par_1_22' title="bbox 449 2360 2036 2440">
     <span class='ocr_line' id='line_1_22' title="bbox 449 2360 2036 2440; baseline -0.006 -16"><span class='ocrx_word' id='word_1_180' title='bbox 449 2369 648 2440; x_wconf 89' lang='lat' dir='ltr'><strong>posuit,</strong></span> <span class='ocrx_word' id='word_1_181' title='bbox 681 2369 842 2422; x_wconf 90' lang='lat' dir='ltr'><strong>Deum</strong></span> <span class='ocrx_word' id='word_1_182' title='bbox 884 2382 978 2421; x_wconf 88' lang='lat' dir='ltr'><strong>sua</strong></span> <span class='ocrx_word' id='word_1_183' title='bbox 1011 2373 1269 2436; x_wconf 68' lang='lat' dir='ltr'><strong>prmeepta</strong></span> <span class='ocrx_word' id='word_1_184' title='bbox 1303 2377 1407 2417; x_wconf 89' lang='lat' dir='ltr'><strong>non</strong></span> <span class='ocrx_word' id='word_1_185' title='bbox 1442 2362 1618 2432; x_wconf 85' lang='lat' dir='ltr'><strong>gravia</strong></span> <span class='ocrx_word' id='word_1_186' title='bbox 1656 2360 2036 2416; x_wconf 79' lang='lat' dir='ltr'><strong>commendan-</strong></span> 
     </span>
    </p>
   </div>
   <div class='ocr_carea' id='block_1_23' title="bbox 451 2453 2036 2528">
    <p class='ocr_par' dir='ltr' id='par_1_23' title="bbox 451 2453 2036 2528">
     <span class='ocr_line' id='line_1_23' title="bbox 451 2453 2036 2528; baseline -0.004 -14"><span class='ocrx_word' id='word_1_187' title='bbox 451 2469 578 2516; x_wconf 89' lang='lat' dir='ltr'><strong>tem.</strong></span> <span class='ocrx_word' id='word_1_188' title='bbox 611 2479 631 2511; x_wconf 75' lang='grc' dir='ltr'><strong><em>ι</em></strong></span> <span class='ocrx_word' id='word_1_189' title='bbox 656 2459 808 2528; x_wconf 87' lang='lat' dir='ltr'><strong>Quod</strong></span> <span class='ocrx_word' id='word_1_190' title='bbox 843 2459 937 2512; x_wconf 90' lang='lat' dir='ltr'><strong>Dei</strong></span> <span class='ocrx_word' id='word_1_191' title='bbox 975 2457 1244 2521; x_wconf 83' lang='lat' dir='ltr'><strong>mandata,</strong></span> <span class='ocrx_word' id='word_1_192' title='bbox 1275 2477 1290 2506; x_wconf 83' lang='grc'>›</span> <span class='ocrx_word' id='word_1_193' title='bbox 1325 2457 1512 2526; x_wconf 87' lang='lat' dir='ltr'><strong>inquit,</strong></span> <span class='ocrx_word' id='word_1_194' title='bbox 1545 2474 1561 2507; x_wconf 75' lang='grc' dir='ltr'>ι</span> <span class='ocrx_word' id='word_1_195' title='bbox 1590 2471 1692 2508; x_wconf 89' lang='lat' dir='ltr'><strong>non</strong></span> <span class='ocrx_word' id='word_1_196' title='bbox 1733 2453 1892 2508; x_wconf 91' lang='lat' dir='ltr'><strong>modo</strong></span> <span class='ocrx_word' id='word_1_197' title='bbox 1935 2453 2036 2507; x_wconf 82' lang='lat' dir='ltr'><strong>im-</strong></span> 
     </span>
    </p>
   </div>
   <div class='ocr_carea' id='block_1_24' title="bbox 449 2545 2037 2625">
    <p class='ocr_par' dir='ltr' id='par_1_24' title="bbox 449 2545 2037 2625">
     <span class='ocr_line' id='line_1_24' title="bbox 449 2545 2037 2625; baseline -0.006 -19"><span class='ocrx_word' id='word_1_198' title='bbox 449 2553 721 2625; x_wconf 86' lang='lat' dir='ltr'><strong>possibilia</strong></span> <span class='ocrx_word' id='word_1_199' title='bbox 755 2565 858 2606; x_wconf 88' lang='lat' dir='ltr'><strong>non</strong></span> <span class='ocrx_word' id='word_1_200' title='bbox 887 2551 1012 2615; x_wconf 87' lang='lat' dir='ltr'><strong>sint,</strong></span> <span class='ocrx_word' id='word_1_201' title='bbox 1043 2565 1224 2603; x_wconf 89' lang='lat' dir='ltr'><strong>verum</strong></span> <span class='ocrx_word' id='word_1_202' title='bbox 1252 2564 1318 2602; x_wconf 91' lang='lat' dir='ltr'><strong>ne</strong></span> <span class='ocrx_word' id='word_1_203' title='bbox 1341 2547 1519 2618; x_wconf 79' lang='lat' dir='ltr'><strong>gravia</strong></span> <span class='ocrx_word' id='word_1_204' title='bbox 1548 2547 1782 2614; x_wconf 80' lang='lat' dir='ltr'><strong>quidem.</strong></span> <span class='ocrx_word' id='word_1_205' title='bbox 1813 2546 1868 2599; x_wconf 88' lang='lat' dir='ltr'><strong>In</strong></span> <span class='ocrx_word' id='word_1_206' title='bbox 1897 2545 2037 2600; x_wconf 89' lang='lat' dir='ltr'><strong>Deu-</strong></span> 
     </span>
    </p>
   </div>
   <div class='ocr_carea' id='block_1_25' title="bbox 451 2635 2038 2702">
    <p class='ocr_par' dir='ltr' id='par_1_25' title="bbox 451 2635 2038 2702">
     <span class='ocr_line' id='line_1_25' title="bbox 451 2635 2038 2702; baseline -0.006 -2"><span class='ocrx_word' id='word_1_207' title='bbox 451 2644 751 2700; x_wconf 84' lang='lat' dir='ltr'><strong>terouomio</strong></span> <span class='ocrx_word' id='word_1_208' title='bbox 779 2661 792 2696; x_wconf 89' lang='lat'>:</span> <span class='ocrx_word' id='word_1_209' title='bbox 823 2641 892 2695; x_wconf 86' lang='lat' dir='ltr'><strong>Et</strong></span> <span class='ocrx_word' id='word_1_210' title='bbox 916 2650 1226 2695; x_wconf 81' lang='lat' dir='ltr'><strong>convertetur</strong></span> <span class='ocrx_word' id='word_1_211' title='bbox 1259 2639 1500 2693; x_wconf 85' lang='lat' dir='ltr'><strong>Dominus</strong></span> <span class='ocrx_word' id='word_1_212' title='bbox 1531 2635 1666 2689; x_wconf 86' lang='lat' dir='ltr'><strong>Deus</strong></span> <span class='ocrx_word' id='word_1_213' title='bbox 1695 2645 1812 2690; x_wconf 89' lang='lat' dir='ltr'><strong>tuus</strong></span> <span class='ocrx_word' id='word_1_214' title='bbox 1839 2636 2038 2702; x_wconf 86' lang='lat' dir='ltr'><strong>epulari</strong></span> 
     </span>
    </p>
   </div>
   <div class='ocr_carea' id='block_1_26' title="bbox 448 2729 2040 2804">
    <p class='ocr_par' dir='ltr' id='par_1_26' title="bbox 448 2729 2040 2804">
     <span class='ocr_line' id='line_1_26' title="bbox 448 2729 2040 2804; baseline -0.004 -15"><span class='ocrx_word' id='word_1_215' title='bbox 448 2737 503 2790; x_wconf 80' lang='lat' dir='ltr'><strong>in</strong></span> <span class='ocrx_word' id='word_1_216' title='bbox 527 2745 576 2788; x_wconf 89' lang='lat' dir='ltr'><strong>te</strong></span> <span class='ocrx_word' id='word_1_217' title='bbox 598 2751 750 2804; x_wconf 89' lang='lat' dir='ltr'><strong>super</strong></span> <span class='ocrx_word' id='word_1_218' title='bbox 775 2733 938 2796; x_wconf 83' lang='lat' dir='ltr'><strong>bonis,</strong></span> <span class='ocrx_word' id='word_1_219' title='bbox 967 2733 1094 2785; x_wconf 81' lang='lat' dir='ltr'><strong>sicut</strong></span> <span class='ocrx_word' id='word_1_220' title='bbox 1121 2732 1353 2801; x_wconf 82' lang='lat' dir='ltr'><strong>epulatus</strong></span> <span class='ocrx_word' id='word_1_221' title='bbox 1393 2739 1464 2784; x_wconf 81' lang='lat' dir='ltr'><strong>est</strong></span> <span class='ocrx_word' id='word_1_222' title='bbox 1488 2745 1637 2802; x_wconf 85' lang='lat' dir='ltr'><strong>super</strong></span> <span class='ocrx_word' id='word_1_223' title='bbox 1649 2738 1815 2798; x_wconf 87' lang='lat' dir='ltr'><strong>patres</strong></span> <span class='ocrx_word' id='word_1_224' title='bbox 1841 2739 1970 2794; x_wconf 88' lang='lat' dir='ltr'><strong>tuos,</strong></span> <span class='ocrx_word' id='word_1_225' title='bbox 1994 2729 2040 2783; x_wconf 90' lang='lat' dir='ltr'><strong>si</strong></span> 
     </span>
    </p>
   </div>
   <div class='ocr_carea' id='block_1_27' title="bbox 449 2821 2037 2893">
    <p class='ocr_par' dir='ltr' id='par_1_27' title="bbox 449 2821 2037 2893">
     <span class='ocr_line' id='line_1_27' title="bbox 449 2821 2037 2893; baseline -0.005 -11"><span class='ocrx_word' id='word_1_226' title='bbox 449 2829 714 2882; x_wconf 86' lang='lat' dir='ltr'><strong>audieritis</strong></span> <span class='ocrx_word' id='word_1_227' title='bbox 742 2842 908 2880; x_wconf 83' lang='lat' dir='ltr'><strong>vocem</strong></span> <span class='ocrx_word' id='word_1_228' title='bbox 942 2824 1144 2878; x_wconf 85' lang='lat' dir='ltr'><strong>Domini</strong></span> <span class='ocrx_word' id='word_1_229' title='bbox 1179 2822 1273 2877; x_wconf 88' lang='lat' dir='ltr'><strong>Dei</strong></span> <span class='ocrx_word' id='word_1_230' title='bbox 1305 2823 1481 2887; x_wconf 86' lang='lat' dir='ltr'><strong>vestri,</strong></span> <span class='ocrx_word' id='word_1_231' title='bbox 1519 2821 1770 2875; x_wconf 87' lang='lat' dir='ltr'><strong>custodire</strong></span> <span class='ocrx_word' id='word_1_232' title='bbox 1794 2831 1840 2875; x_wconf 90' lang='lat' dir='ltr'><strong>et</strong></span> <span class='ocrx_word' id='word_1_233' title='bbox 1871 2825 2037 2893; x_wconf 79' lang='lat' dir='ltr'><strong>facere</strong></span> 
     </span>
    </p>
   </div>
   <div class='ocr_carea' id='block_1_28' title="bbox 452 2916 2037 2990">
    <p class='ocr_par' dir='ltr' id='par_1_28' title="bbox 452 2916 2037 2990">
     <span class='ocr_line' id='line_1_28' title="bbox 452 2916 2037 2990; baseline -0.004 -14"><span class='ocrx_word' id='word_1_234' title='bbox 452 2921 620 2976; x_wconf 85' lang='lat' dir='ltr'><strong>omnia</strong></span> <span class='ocrx_word' id='word_1_235' title='bbox 649 2920 888 2973; x_wconf 86' lang='lat' dir='ltr'><strong>mandata</strong></span> <span class='ocrx_word' id='word_1_236' title='bbox 907 2921 1035 2990; x_wconf 85' lang='lat' dir='ltr'><strong>ejus,</strong></span> <span class='ocrx_word' id='word_1_237' title='bbox 1067 2927 1113 2971; x_wconf 90' lang='lat' dir='ltr'><strong>et</strong></span> <span class='ocrx_word' id='word_1_238' title='bbox 1127 2917 1374 2989; x_wconf 85' lang='lat' dir='ltr'><strong>justitias,</strong></span> <span class='ocrx_word' id='word_1_239' title='bbox 1405 2930 1452 2971; x_wconf 88' lang='lat' dir='ltr'><strong>et</strong></span> <span class='ocrx_word' id='word_1_240' title='bbox 1479 2917 1678 2988; x_wconf 88' lang='lat' dir='ltr'><strong>judicia</strong></span> <span class='ocrx_word' id='word_1_241' title='bbox 1710 2932 1823 2986; x_wconf 74' lang='lat' dir='ltr'><strong>qua:</strong></span> <span class='ocrx_word' id='word_1_242' title='bbox 1848 2916 2037 2986; x_wconf 87' lang='lat' dir='ltr'><strong>scripta</strong></span> 
     </span>
    </p>
   </div>
   <div class='ocr_carea' id='block_1_29' title="bbox 449 3006 2037 3083">
    <p class='ocr_par' dir='ltr' id='par_1_29' title="bbox 449 3006 2037 3083">
     <span class='ocr_line' id='line_1_29' title="bbox 449 3006 2037 3083; baseline -0.006 -13"><span class='ocrx_word' id='word_1_243' title='bbox 449 3023 564 3070; x_wconf 84' lang='lat' dir='ltr'><strong>sunt</strong></span> <span class='ocrx_word' id='word_1_244' title='bbox 593 3013 645 3066; x_wconf 91' lang='lat' dir='ltr'><strong>in</strong></span> <span class='ocrx_word' id='word_1_245' title='bbox 675 3013 803 3066; x_wconf 82' lang='lat' dir='ltr'><strong>ltbro</strong></span> <span class='ocrx_word' id='word_1_246' title='bbox 828 3011 950 3083; x_wconf 87' lang='lat' dir='ltr'><strong>legis</strong></span> <span class='ocrx_word' id='word_1_247' title='bbox 976 3011 1127 3081; x_wconf 84' lang='lat' dir='ltr'><strong>hujus</strong></span> <span class='ocrx_word' id='word_1_248' title='bbox 1157 3025 1174 3064; x_wconf 94' lang='lat'><strong><em>:</em></strong></span> <span class='ocrx_word' id='word_1_249' title='bbox 1201 3010 1246 3063; x_wconf 89' lang='lat' dir='ltr'><strong>si</strong></span> <span class='ocrx_word' id='word_1_250' title='bbox 1278 3025 1544 3063; x_wconf 86' lang='lat' dir='ltr'><strong>conversus</strong></span> <span class='ocrx_word' id='word_1_251' title='bbox 1575 3008 1730 3078; x_wconf 81' lang='lat' dir='ltr'><strong>fueris</strong></span> <span class='ocrx_word' id='word_1_252' title='bbox 1759 3008 1827 3060; x_wconf 89' lang='lat' dir='ltr'><strong>ad</strong></span> <span class='ocrx_word' id='word_1_253' title='bbox 1855 3006 2037 3062; x_wconf 86' lang='lat' dir='ltr'><strong>Domi-</strong></span> 
     </span>
    </p>
   </div>
   <div class='ocr_carea' id='block_1_30' title="bbox 450 3103 2036 3170">
    <p class='ocr_par' dir='ltr' id='par_1_30' title="bbox 450 3103 2036 3170">
     <span class='ocr_line' id='line_1_30' title="bbox 450 3103 2036 3170; baseline -0.003 -9"><span class='ocrx_word' id='word_1_254' title='bbox 450 3123 569 3161; x_wconf 85' lang='lat' dir='ltr'><strong>num</strong></span> <span class='ocrx_word' id='word_1_255' title='bbox 610 3105 776 3161; x_wconf 85' lang='lat' dir='ltr'><strong>Deum</strong></span> <span class='ocrx_word' id='word_1_256' title='bbox 817 3114 956 3158; x_wconf 89' lang='lat' dir='ltr'><strong>tuum</strong></span> <span class='ocrx_word' id='word_1_257' title='bbox 983 3120 1045 3158; x_wconf 71' lang='lat' dir='ltr'><strong>ex</strong></span> <span class='ocrx_word' id='word_1_258' title='bbox 1086 3113 1187 3158; x_wconf 90' lang='lat' dir='ltr'><strong>toto</strong></span> <span class='ocrx_word' id='word_1_259' title='bbox 1216 3103 1366 3156; x_wconf 88' lang='lat' dir='ltr'><strong>corde</strong></span> <span class='ocrx_word' id='word_1_260' title='bbox 1399 3112 1502 3170; x_wconf 88' lang='lat' dir='ltr'><strong>tuo,</strong></span> <span class='ocrx_word' id='word_1_261' title='bbox 1545 3111 1593 3156; x_wconf 88' lang='lat' dir='ltr'><strong>et</strong></span> <span class='ocrx_word' id='word_1_262' title='bbox 1627 3119 1689 3156; x_wconf 84' lang='lat' dir='ltr'><strong>ea:</strong></span> <span class='ocrx_word' id='word_1_263' title='bbox 1727 3111 1830 3156; x_wconf 88' lang='lat' dir='ltr'><strong>tota</strong></span> <span class='ocrx_word' id='word_1_264' title='bbox 1865 3103 2036 3156; x_wconf 86' lang='lat' dir='ltr'><strong>anima</strong></span> 
     </span>
    </p>
   </div>
   <div class='ocr_carea' id='block_1_31' title="bbox 449 3195 2031 3268">
    <p class='ocr_par' dir='ltr' id='par_1_31' title="bbox 449 3195 2031 3268">
     <span class='ocr_line' id='line_1_31' title="bbox 449 3195 2031 3268; baseline -0.004 -14"><span class='ocrx_word' id='word_1_265' title='bbox 449 3209 553 3254; x_wconf 89' lang='lat' dir='ltr'><strong>tua.</strong></span> <span class='ocrx_word' id='word_1_266' title='bbox 605 3201 736 3268; x_wconf 80' lang='lat' dir='ltr'><strong>Quid</strong></span> <span class='ocrx_word' id='word_1_267' title='bbox 773 3199 1067 3252; x_wconf 88' lang='lat' dir='ltr'><strong>mandatum</strong></span> <span class='ocrx_word' id='word_1_268' title='bbox 1109 3198 1224 3261; x_wconf 89' lang='lat' dir='ltr'><strong>hoc,</strong></span> <span class='ocrx_word' id='word_1_269' title='bbox 1255 3196 1390 3266; x_wconf 87' lang='lat' dir='ltr'><strong>quod</strong></span> <span class='ocrx_word' id='word_1_270' title='bbox 1413 3213 1504 3266; x_wconf 87' lang='lat' dir='ltr'><strong>ego</strong></span> <span class='ocrx_word' id='word_1_271' title='bbox 1530 3196 1714 3248; x_wconf 86' lang='lat' dir='ltr'><strong>mando</strong></span> <span class='ocrx_word' id='word_1_272' title='bbox 1750 3195 1838 3248; x_wconf 86' lang='lat' dir='ltr'><strong>tibi</strong></span> <span class='ocrx_word' id='word_1_273' title='bbox 1862 3195 2031 3260; x_wconf 81' lang='lat' dir='ltr'><strong>hodie,</strong></span> 
     </span>
    </p>
   </div>
   <div class='ocr_carea' id='block_1_32' title="bbox 449 3285 2035 3360">
    <p class='ocr_par' dir='ltr' id='par_1_32' title="bbox 449 3285 2035 3360">
     <span class='ocr_line' id='line_1_32' title="bbox 449 3285 2035 3360; baseline -0.003 -16"><span class='ocrx_word' id='word_1_274' title='bbox 449 3305 549 3344; x_wconf 87' lang='lat' dir='ltr'><strong>non</strong></span> <span class='ocrx_word' id='word_1_275' title='bbox 571 3298 643 3343; x_wconf 86' lang='lat' dir='ltr'><strong>est</strong></span> <span class='ocrx_word' id='word_1_276' title='bbox 671 3305 840 3360; x_wconf 81' lang='lat' dir='ltr'><strong>graue,</strong></span> <span class='ocrx_word' id='word_1_277' title='bbox 868 3303 1024 3357; x_wconf 81' lang='lat' dir='ltr'><strong>neque</strong></span> <span class='ocrx_word' id='word_1_278' title='bbox 1042 3304 1074 3340; x_wconf 89' lang='lat' dir='ltr'><strong>a</strong></span> <span class='ocrx_word' id='word_1_279' title='bbox 1109 3297 1154 3340; x_wconf 89' lang='lat' dir='ltr'><strong>te</strong></span> <span class='ocrx_word' id='word_1_280' title='bbox 1188 3285 1334 3356; x_wconf 86' lang='lat' dir='ltr'><strong>longe</strong></span> <span class='ocrx_word' id='word_1_281' title='bbox 1359 3297 1449 3340; x_wconf 85' lang='lat' dir='ltr'><strong>est.</strong></span> <span class='ocrx_word' id='word_1_282' title='bbox 1489 3285 1608 3340; x_wconf 86' lang='lat' dir='ltr'><strong>Non</strong></span> <span class='ocrx_word' id='word_1_283' title='bbox 1637 3295 1707 3339; x_wconf 88' lang='lat' dir='ltr'><strong>est</strong></span> <span class='ocrx_word' id='word_1_284' title='bbox 1731 3286 1784 3339; x_wconf 90' lang='lat' dir='ltr'><strong>in</strong></span> <span class='ocrx_word' id='word_1_285' title='bbox 1809 3286 1949 3350; x_wconf 70' lang='lat' dir='ltr'><strong>coelo,</strong></span> <span class='ocrx_word' id='word_1_286' title='bbox 1982 3294 2035 3340; x_wconf 90' lang='lat' dir='ltr'><strong>ut</strong></span> 
     </span>
    </p>
   </div>
   <div class='ocr_carea' id='block_1_33' title="bbox 447 3379 2036 3450">
    <p class='ocr_par' dir='ltr' id='par_1_33' title="bbox 447 3379 2036 3450">
     <span class='ocr_line' id='line_1_33' title="bbox 447 3379 2036 3450; baseline -0.001 -14"><span class='ocrx_word' id='word_1_287' title='bbox 447 3382 609 3448; x_wconf 87' lang='lat' dir='ltr'><strong>dicas,</strong></span> <span class='ocrx_word' id='word_1_288' title='bbox 641 3381 767 3447; x_wconf 81' lang='lat' dir='ltr'><strong>Quis</strong></span> <span class='ocrx_word' id='word_1_289' title='bbox 790 3381 1020 3436; x_wconf 86' lang='lat' dir='ltr'><strong>ascendet</strong></span> <span class='ocrx_word' id='word_1_290' title='bbox 1045 3382 1098 3434; x_wconf 88' lang='lat' dir='ltr'><strong>in</strong></span> <span class='ocrx_word' id='word_1_291' title='bbox 1123 3382 1303 3434; x_wconf 68' lang='lat' dir='ltr'><strong>cretum</strong></span> <span class='ocrx_word' id='word_1_292' title='bbox 1330 3391 1374 3434; x_wconf 88' lang='lat' dir='ltr'><strong>et</strong></span> <span class='ocrx_word' id='word_1_293' title='bbox 1399 3381 1609 3450; x_wconf 79' lang='lat' dir='ltr'><strong>accipiet</strong></span> <span class='ocrx_word' id='word_1_294' title='bbox 1642 3379 1770 3433; x_wconf 87' lang='lat' dir='ltr'><strong>illud</strong></span> <span class='ocrx_word' id='word_1_295' title='bbox 1801 3381 1958 3447; x_wconf 87' lang='lat' dir='ltr'><strong>nobis,</strong></span> <span class='ocrx_word' id='word_1_296' title='bbox 1989 3390 2036 3434; x_wconf 87' lang='lat' dir='ltr'><strong>et</strong></span> 
     </span>
    </p>
   </div>
   <div class='ocr_carea' id='block_1_34' title="bbox 447 3470 2034 3546">
    <p class='ocr_par' dir='ltr' id='par_1_34' title="bbox 447 3470 2034 3546">
     <span class='ocr_line' id='line_1_34' title="bbox 447 3470 2034 3546; baseline -0.003 -18"><span class='ocrx_word' id='word_1_297' title='bbox 447 3473 708 3528; x_wconf 80' lang='lat' dir='ltr'><strong>audientes</strong></span> <span class='ocrx_word' id='word_1_298' title='bbox 732 3473 1014 3546; x_wconf 76' lang='lat' dir='ltr'><strong>faciemus?</strong></span> <span class='ocrx_word' id='word_1_299' title='bbox 1041 3471 1162 3526; x_wconf 87' lang='lat' dir='ltr'><strong>Non</strong></span> <span class='ocrx_word' id='word_1_300' title='bbox 1190 3481 1262 3524; x_wconf 88' lang='lat' dir='ltr'><strong>est</strong></span> <span class='ocrx_word' id='word_1_301' title='bbox 1289 3481 1428 3526; x_wconf 83' lang='lat' dir='ltr'><strong>trans</strong></span> <span class='ocrx_word' id='word_1_302' title='bbox 1455 3487 1611 3537; x_wconf 88' lang='lat' dir='ltr'><strong>mare,</strong></span> <span class='ocrx_word' id='word_1_303' title='bbox 1643 3480 1696 3523; x_wconf 87' lang='lat' dir='ltr'><strong>ut</strong></span> <span class='ocrx_word' id='word_1_304' title='bbox 1721 3470 1882 3536; x_wconf 91' lang='lat' dir='ltr'><strong>dicas,</strong></span> <span class='ocrx_word' id='word_1_305' title='bbox 1911 3471 2034 3536; x_wconf 78' lang='lat' dir='ltr'><strong>Quis</strong></span> 
     </span>
    </p>
   </div>
   <div class='ocr_carea' id='block_1_35' title="bbox 448 3563 2034 3638">
    <p class='ocr_par' dir='ltr' id='par_1_35' title="bbox 448 3563 2034 3638">
     <span class='ocr_line' id='line_1_35' title="bbox 448 3563 2034 3638; baseline -0.001 -19"><span class='ocrx_word' id='word_1_306' title='bbox 448 3567 792 3638; x_wconf 74' lang='lat' dir='ltr'><strong>transfretabit</strong></span> <span class='ocrx_word' id='word_1_307' title='bbox 821 3583 958 3620; x_wconf 87' lang='lat' dir='ltr'><strong>mare</strong></span> <span class='ocrx_word' id='word_1_308' title='bbox 996 3575 1042 3619; x_wconf 88' lang='lat' dir='ltr'><strong>et</strong></span> <span class='ocrx_word' id='word_1_309' title='bbox 1071 3566 1282 3636; x_wconf 85' lang='lat' dir='ltr'><strong>accipiet</strong></span> <span class='ocrx_word' id='word_1_310' title='bbox 1318 3564 1449 3618; x_wconf 87' lang='lat' dir='ltr'><strong>illud</strong></span> <span class='ocrx_word' id='word_1_311' title='bbox 1480 3564 1649 3628; x_wconf 89' lang='lat' dir='ltr'><strong>nobis,</strong></span> <span class='ocrx_word' id='word_1_312' title='bbox 1690 3573 1735 3616; x_wconf 89' lang='lat' dir='ltr'><strong>et</strong></span> <span class='ocrx_word' id='word_1_313' title='bbox 1775 3563 2034 3617; x_wconf 86' lang='lat' dir='ltr'><strong>audientes</strong></span> 
     </span>
    </p>
   </div>
   <div class='ocr_carea' id='block_1_36' title="bbox 447 3655 2028 3730">
    <p class='ocr_par' dir='ltr' id='par_1_36' title="bbox 447 3655 2028 3730">
     <span class='ocr_line' id='line_1_36' title="bbox 447 3655 2028 3730; baseline -0.004 -16"><span class='ocrx_word' id='word_1_314' title='bbox 447 3661 726 3730; x_wconf 79' lang='lat' dir='ltr'><strong>faciemus?</strong></span> <span class='ocrx_word' id='word_1_315' title='bbox 748 3659 908 3712; x_wconf 72' lang='lat' dir='ltr'><strong>Juxta</strong></span> <span class='ocrx_word' id='word_1_316' title='bbox 929 3669 974 3712; x_wconf 87' lang='lat' dir='ltr'><strong>te</strong></span> <span class='ocrx_word' id='word_1_317' title='bbox 994 3667 1066 3712; x_wconf 83' lang='lat' dir='ltr'><strong>est</strong></span> <span class='ocrx_word' id='word_1_318' title='bbox 1079 3659 1212 3712; x_wconf 85' lang='lat' dir='ltr'><strong>enim</strong></span> <span class='ocrx_word' id='word_1_319' title='bbox 1237 3656 1436 3711; x_wconf 82' lang='lat' dir='ltr'><strong>uerbum</strong></span> <span class='ocrx_word' id='word_1_320' title='bbox 1463 3657 1516 3710; x_wconf 90' lang='lat' dir='ltr'><strong>in</strong></span> <span class='ocrx_word' id='word_1_321' title='bbox 1543 3673 1628 3708; x_wconf 87' lang='lat' dir='ltr'><strong>ore</strong></span> <span class='ocrx_word' id='word_1_322' title='bbox 1653 3664 1760 3719; x_wconf 87' lang='lat' dir='ltr'><strong>tuo,</strong></span> <span class='ocrx_word' id='word_1_323' title='bbox 1788 3656 1839 3708; x_wconf 89' lang='lat' dir='ltr'><strong>in</strong></span> <span class='ocrx_word' id='word_1_324' title='bbox 1859 3655 2028 3721; x_wconf 83' lang='lat' dir='ltr'><strong>corde,</strong></span> 
     </span>
    </p>
   </div>
   <div class='ocr_carea' id='block_1_37' title="bbox 446 3746 2031 3818">
    <p class='ocr_par' dir='ltr' id='par_1_37' title="bbox 446 3746 2031 3818">
     <span class='ocr_line' id='line_1_37' title="bbox 446 3746 2031 3818; baseline -0.005 -11"><span class='ocrx_word' id='word_1_325' title='bbox 446 3761 492 3807; x_wconf 88' lang='lat' dir='ltr'><strong>et</strong></span> <span class='ocrx_word' id='word_1_326' title='bbox 519 3752 572 3804; x_wconf 87' lang='lat' dir='ltr'><strong>in</strong></span> <span class='ocrx_word' id='word_1_327' title='bbox 603 3751 830 3804; x_wconf 81' lang='lat' dir='ltr'><strong>manibus</strong></span> <span class='ocrx_word' id='word_1_328' title='bbox 860 3753 958 3803; x_wconf 87' lang='lat' dir='ltr'><strong>tuis</strong></span> <span class='ocrx_word' id='word_1_329' title='bbox 978 3749 1144 3818; x_wconf 78' lang='lat' dir='ltr'><strong>facere</strong></span> <span class='ocrx_word' id='word_1_330' title='bbox 1169 3747 1300 3801; x_wconf 87' lang='lat' dir='ltr'><strong>illud</strong></span> <span class='ocrx_word' id='word_1_331' title='bbox 1321 3746 1496 3818; x_wconf 85' lang='lat' dir='ltr'><strong>(Deut.</strong></span> <span class='ocrx_word' id='word_1_332' title='bbox 1529 3762 1668 3810; x_wconf 73' lang='lat' dir='ltr'><strong>xxx,</strong></span> <span class='ocrx_word' id='word_1_333' title='bbox 1699 3747 1878 3818; x_wconf 64' lang='lat'><strong>9-14).</strong></span> <span class='ocrx_word' id='word_1_334' title='bbox 1902 3747 2031 3814; x_wconf 86' lang='lat' dir='ltr'><strong>llem</strong></span> 
     </span>
    </p>
   </div>
   <div class='ocr_carea' id='block_1_38' title="bbox 447 3839 2033 3912">
    <p class='ocr_par' dir='ltr' id='par_1_38' title="bbox 447 3839 2033 3912">
     <span class='ocr_line' id='line_1_38' title="bbox 447 3839 2033 3912; baseline -0.004 -14"><span class='ocrx_word' id='word_1_335' title='bbox 447 3843 703 3898; x_wconf 86' lang='lat' dir='ltr'><strong>Dominus</strong></span> <span class='ocrx_word' id='word_1_336' title='bbox 731 3843 784 3895; x_wconf 91' lang='lat' dir='ltr'><strong>in</strong></span> <span class='ocrx_word' id='word_1_337' title='bbox 818 3841 1103 3912; x_wconf 78' lang='lat' dir='ltr'><strong>Evangelia</strong></span> <span class='ocrx_word' id='word_1_338' title='bbox 1133 3858 1146 3894; x_wconf 92' lang='lat'><strong>:</strong></span> <span class='ocrx_word' id='word_1_339' title='bbox 1185 3839 1358 3894; x_wconf 87' lang='lat' dir='ltr'><strong>Venite</strong></span> <span class='ocrx_word' id='word_1_340' title='bbox 1385 3839 1454 3893; x_wconf 90' lang='lat' dir='ltr'><strong>ad</strong></span> <span class='ocrx_word' id='word_1_341' title='bbox 1488 3857 1594 3908; x_wconf 90' lang='lat' dir='ltr'><strong>me,</strong></span> <span class='ocrx_word' id='word_1_342' title='bbox 1639 3855 1810 3894; x_wconf 88' lang='lat' dir='ltr'><strong>omnes</strong></span> <span class='ocrx_word' id='word_1_343' title='bbox 1838 3840 1926 3911; x_wconf 87' lang='lat' dir='ltr'><strong>qui</strong></span> <span class='ocrx_word' id='word_1_344' title='bbox 1951 3839 2033 3892; x_wconf 89' lang='lat' dir='ltr'><strong>la-</strong></span> 
     </span>
    </p>
   </div>
   <div class='ocr_carea' id='block_1_39' title="bbox 447 3932 2028 4004">
    <p class='ocr_par' dir='ltr' id='par_1_39' title="bbox 447 3932 2028 4004">
     <span class='ocr_line' id='line_1_39' title="bbox 447 3932 2028 4004; baseline -0.004 -14"><span class='ocrx_word' id='word_1_345' title='bbox 447 3937 632 3990; x_wconf 81' lang='lat' dir='ltr'><strong>boratis</strong></span> <span class='ocrx_word' id='word_1_346' title='bbox 661 3945 708 3990; x_wconf 87' lang='lat' dir='ltr'><strong>et</strong></span> <span class='ocrx_word' id='word_1_347' title='bbox 733 3935 926 3990; x_wconf 89' lang='lat' dir='ltr'><strong>onerati</strong></span> <span class='ocrx_word' id='word_1_348' title='bbox 953 3935 1090 3998; x_wconf 86' lang='lat' dir='ltr'><strong>estis,</strong></span> <span class='ocrx_word' id='word_1_349' title='bbox 1139 3943 1185 3988; x_wconf 86' lang='lat' dir='ltr'><strong>et</strong></span> <span class='ocrx_word' id='word_1_350' title='bbox 1225 3949 1315 4004; x_wconf 85' lang='lat' dir='ltr'><strong>ego</strong></span> <span class='ocrx_word' id='word_1_351' title='bbox 1350 3949 1436 3987; x_wconf 79' lang='lat' dir='ltr'><strong>vos</strong></span> <span class='ocrx_word' id='word_1_352' title='bbox 1473 3933 1780 4003; x_wconf 68' lang='lat' dir='ltr'><strong>requiescere</strong></span> <span class='ocrx_word' id='word_1_353' title='bbox 1822 3932 2028 4004; x_wconf 75' lang='lat' dir='ltr'><strong>faciam.</strong></span> 
     </span>
    </p>
   </div>
   <div class='ocr_carea' id='block_1_40' title="bbox 447 4023 2034 4097">
    <p class='ocr_par' dir='ltr' id='par_1_40' title="bbox 447 4023 2034 4097">
     <span class='ocr_line' id='line_1_40' title="bbox 447 4023 2034 4097; baseline -0.003 -17"><span class='ocrx_word' id='word_1_354' title='bbox 447 4025 633 4080; x_wconf 82' lang='lat' dir='ltr'><strong>Tollite</strong></span> <span class='ocrx_word' id='word_1_355' title='bbox 651 4027 836 4097; x_wconf 82' lang='lat' dir='ltr'><strong>jugum</strong></span> <span class='ocrx_word' id='word_1_356' title='bbox 863 4043 1028 4079; x_wconf 82' lang='lat' dir='ltr'><strong>meum</strong></span> <span class='ocrx_word' id='word_1_357' title='bbox 1051 4041 1202 4095; x_wconf 83' lang='lat' dir='ltr'><strong>super</strong></span> <span class='ocrx_word' id='word_1_358' title='bbox 1227 4041 1330 4089; x_wconf 81' lang='lat' dir='ltr'><strong>uos,</strong></span> <span class='ocrx_word' id='word_1_359' title='bbox 1361 4033 1406 4077; x_wconf 89' lang='lat' dir='ltr'><strong>et</strong></span> <span class='ocrx_word' id='word_1_360' title='bbox 1431 4023 1608 4077; x_wconf 86' lang='lat' dir='ltr'><strong>discite</strong></span> <span class='ocrx_word' id='word_1_361' title='bbox 1633 4040 1664 4075; x_wconf 88' lang='lat' dir='ltr'><strong>a</strong></span> <span class='ocrx_word' id='word_1_362' title='bbox 1691 4040 1769 4077; x_wconf 87' lang='lat' dir='ltr'><strong>me</strong></span> <span class='ocrx_word' id='word_1_363' title='bbox 1793 4024 1912 4094; x_wconf 78' lang='lat' dir='ltr'><strong>quia</strong></span> <span class='ocrx_word' id='word_1_364' title='bbox 1939 4024 2034 4077; x_wconf 88' lang='lat' dir='ltr'><strong>mi-</strong></span> 
     </span>
    </p>
   </div>
   <div class='ocr_carea' id='block_1_41' title="bbox 447 4112 2034 4184">
    <p class='ocr_par' dir='ltr' id='par_1_41' title="bbox 447 4112 2034 4184">
     <span class='ocr_line' id='line_1_41' title="bbox 447 4112 2034 4184; baseline -0.003 -12"><span class='ocrx_word' id='word_1_365' title='bbox 447 4119 510 4172; x_wconf 84' lang='lat' dir='ltr'><strong>tis</strong></span> <span class='ocrx_word' id='word_1_366' title='bbox 534 4133 644 4170; x_wconf 86' lang='lat' dir='ltr'><strong>sum</strong></span> <span class='ocrx_word' id='word_1_367' title='bbox 663 4126 710 4170; x_wconf 89' lang='lat' dir='ltr'><strong>ct</strong></span> <span class='ocrx_word' id='word_1_368' title='bbox 733 4116 936 4169; x_wconf 84' lang='lat' dir='ltr'><strong>humilis</strong></span> <span class='ocrx_word' id='word_1_369' title='bbox 960 4116 1142 4177; x_wconf 85' lang='lat' dir='ltr'><strong>corde;</strong></span> <span class='ocrx_word' id='word_1_370' title='bbox 1167 4123 1216 4168; x_wconf 83' lang='lat' dir='ltr'><strong>et</strong></span> <span class='ocrx_word' id='word_1_371' title='bbox 1241 4113 1498 4166; x_wconf 78' lang='lat' dir='ltr'><strong>invenietis</strong></span> <span class='ocrx_word' id='word_1_372' title='bbox 1527 4114 1744 4184; x_wconf 83' lang='lat' dir='ltr'><strong>requiem</strong></span> <span class='ocrx_word' id='word_1_373' title='bbox 1769 4112 2034 4168; x_wconf 80' lang='lat' dir='ltr'><strong>animabus</strong></span> 
     </span>
    </p>
   </div>
   <div class='ocr_carea' id='block_1_42' title="bbox 447 4205 2036 4279">
    <p class='ocr_par' dir='ltr' id='par_1_42' title="bbox 447 4205 2036 4279">
     <span class='ocr_line' id='line_1_42' title="bbox 447 4205 2036 4279; baseline -0.001 -18"><span class='ocrx_word' id='word_1_374' title='bbox 447 4211 621 4262; x_wconf 73' lang='lat' dir='ltr'><strong>uestris</strong></span> <span class='ocrx_word' id='word_1_375' title='bbox 645 4224 664 4261; x_wconf 90' lang='lat'><strong><em>:</em></strong></span> <span class='ocrx_word' id='word_1_376' title='bbox 678 4210 865 4279; x_wconf 86' lang='lat' dir='ltr'><strong>jugum</strong></span> <span class='ocrx_word' id='word_1_377' title='bbox 893 4209 1024 4261; x_wconf 85' lang='lat' dir='ltr'><strong>enim</strong></span> <span class='ocrx_word' id='word_1_378' title='bbox 1050 4223 1214 4260; x_wconf 83' lang='lat' dir='ltr'><strong>nteant</strong></span> <span class='ocrx_word' id='word_1_379' title='bbox 1229 4221 1378 4260; x_wconf 74' lang='lat' dir='ltr'><strong>suane</strong></span> <span class='ocrx_word' id='word_1_380' title='bbox 1405 4216 1496 4268; x_wconf 87' lang='lat' dir='ltr'><strong>est,</strong></span> <span class='ocrx_word' id='word_1_381' title='bbox 1519 4215 1566 4259; x_wconf 89' lang='lat' dir='ltr'><strong>et</strong></span> <span class='ocrx_word' id='word_1_382' title='bbox 1593 4222 1722 4260; x_wconf 89' lang='lat' dir='ltr'><strong>onus</strong></span> <span class='ocrx_word' id='word_1_383' title='bbox 1743 4221 1907 4259; x_wconf 84' lang='lat' dir='ltr'><strong>meum</strong></span> <span class='ocrx_word' id='word_1_384' title='bbox 1931 4205 2036 4260; x_wconf 83' lang='lat' dir='ltr'><strong>leue</strong></span> 
     </span>
    </p>
   </div>
   <div class='ocr_carea' id='block_1_43' title="bbox 447 4296 2033 4372">
    <p class='ocr_par' dir='ltr' id='par_1_43' title="bbox 447 4296 2033 4372">
     <span class='ocr_line' id='line_1_43' title="bbox 447 4296 2033 4372; baseline 0 -20"><span class='ocrx_word' id='word_1_385' title='bbox 447 4309 520 4353; x_wconf 88' lang='lat' dir='ltr'><strong>est</strong></span> <span class='ocrx_word' id='word_1_386' title='bbox 549 4297 759 4372; x_wconf 76' lang='lat' dir='ltr'><strong>(Matth.</strong></span> <span class='ocrx_word' id='word_1_387' title='bbox 791 4315 864 4360; x_wconf 73' lang='lat' dir='ltr'><strong>iu,</strong></span> <span class='ocrx_word' id='word_1_388' title='bbox 895 4297 1112 4370; x_wconf 76' lang='grc'><strong>28-50).</strong></span> <span class='ocrx_word' id='word_1_389' title='bbox 1146 4296 1276 4352; x_wconf 84' lang='lat' dir='ltr'><strong>Item</strong></span> <span class='ocrx_word' id='word_1_390' title='bbox 1320 4298 1370 4350; x_wconf 90' lang='lat' dir='ltr'><strong>in</strong></span> <span class='ocrx_word' id='word_1_391' title='bbox 1403 4297 1634 4366; x_wconf 76' lang='lat' dir='ltr'><strong>Epistula</strong></span> <span class='ocrx_word' id='word_1_392' title='bbox 1663 4296 1834 4351; x_wconf 89' lang='lat' dir='ltr'><strong>sancti</strong></span> <span class='ocrx_word' id='word_1_393' title='bbox 1869 4296 2033 4352; x_wconf 83' lang='lat' dir='ltr'><strong>Joan-</strong></span> 
     </span>
    </p>
   </div>
   <div class='ocr_carea' id='block_1_44' title="bbox 447 4388 2036 4460">
    <p class='ocr_par' dir='ltr' id='par_1_44' title="bbox 447 4388 2036 4460">
     <span class='ocr_line' id='line_1_44' title="bbox 447 4388 2036 4460; baseline -0.001 -15"><span class='ocrx_word' id='word_1_394' title='bbox 447 4391 532 4445; x_wconf 85' lang='lat' dir='ltr'><strong>nis</strong></span> <span class='ocrx_word' id='word_1_395' title='bbox 561 4409 574 4444; x_wconf 93' lang='lat'><strong>:</strong></span> <span class='ocrx_word' id='word_1_396' title='bbox 607 4389 731 4444; x_wconf 66' lang='lat' dir='ltr'><strong>Haec</strong></span> <span class='ocrx_word' id='word_1_397' title='bbox 757 4399 830 4444; x_wconf 78' lang='lat' dir='ltr'><strong>est</strong></span> <span class='ocrx_word' id='word_1_398' title='bbox 870 4391 1090 4444; x_wconf 88' lang='lat' dir='ltr'><strong>charitas</strong></span> <span class='ocrx_word' id='word_1_399' title='bbox 1129 4388 1242 4452; x_wconf 87' lang='lat' dir='ltr'><strong>Dei,</strong></span> <span class='ocrx_word' id='word_1_400' title='bbox 1291 4399 1344 4442; x_wconf 90' lang='lat' dir='ltr'><strong>ut</strong></span> <span class='ocrx_word' id='word_1_401' title='bbox 1389 4389 1628 4442; x_wconf 81' lang='lat' dir='ltr'><strong>mandata</strong></span> <span class='ocrx_word' id='word_1_402' title='bbox 1663 4390 1774 4460; x_wconf 85' lang='lat' dir='ltr'><strong>ejus</strong></span> <span class='ocrx_word' id='word_1_403' title='bbox 1809 4390 2036 4444; x_wconf 78' lang='lat' dir='ltr'><strong>observe-</strong></span> 
     </span>
    </p>
   </div>
   <div class='ocr_carea' id='block_1_45' title="bbox 447 4481 2028 4556">
    <p class='ocr_par' dir='ltr' id='par_1_45' title="bbox 447 4481 2028 4556">
     <span class='ocr_line' id='line_1_45' title="bbox 447 4481 2028 4556; baseline 0.001 -20"><span class='ocrx_word' id='word_1_404' title='bbox 447 4500 576 4548; x_wconf 85' lang='lat' dir='ltr'><strong>mus,</strong></span> <span class='ocrx_word' id='word_1_405' title='bbox 609 4491 656 4537; x_wconf 88' lang='lat' dir='ltr'><strong>ct</strong></span> <span class='ocrx_word' id='word_1_406' title='bbox 685 4483 926 4537; x_wconf 87' lang='lat' dir='ltr'><strong>mandata</strong></span> <span class='ocrx_word' id='word_1_407' title='bbox 951 4484 1062 4554; x_wconf 84' lang='lat' dir='ltr'><strong>ejus</strong></span> <span class='ocrx_word' id='word_1_408' title='bbox 1086 4483 1258 4554; x_wconf 82' lang='lat' dir='ltr'><strong>gravia</strong></span> <span class='ocrx_word' id='word_1_409' title='bbox 1283 4499 1384 4535; x_wconf 87' lang='lat' dir='ltr'><strong>non</strong></span> <span class='ocrx_word' id='word_1_410' title='bbox 1413 4491 1528 4536; x_wconf 82' lang='lat' dir='ltr'><strong>sunt</strong></span> <span class='ocrx_word' id='word_1_411' title='bbox 1553 4501 1571 4534; x_wconf 85' lang='grc'>›</span> <span class='ocrx_word' id='word_1_412' title='bbox 1611 4481 1652 4554; x_wconf 90' lang='grc'><strong>(1</strong></span> <span class='ocrx_word' id='word_1_413' title='bbox 1679 4481 1836 4536; x_wconf 88' lang='lat' dir='ltr'><strong>Joan.</strong></span> <span class='ocrx_word' id='word_1_414' title='bbox 1869 4498 1924 4550; x_wconf 74' lang='grc' dir='ltr'><strong>ν,</strong></span> <span class='ocrx_word' id='word_1_415' title='bbox 1950 4484 2028 4556; x_wconf 77' lang='grc'><strong>5).</strong></span> 
     </span>
    </p>
   </div>
   <div class='ocr_carea' id='block_1_46' title="bbox 447 4575 2032 4650">
    <p class='ocr_par' dir='ltr' id='par_1_46' title="bbox 447 4575 2032 4650">
     <span class='ocr_line' id='line_1_46' title="bbox 447 4575 2032 4650; baseline -0.002 -16"><span class='ocrx_word' id='word_1_416' title='bbox 447 4579 542 4634; x_wconf 85' lang='lat' dir='ltr'><strong>llis</strong></span> <span class='ocrx_word' id='word_1_417' title='bbox 567 4578 764 4636; x_wconf 86' lang='lat' dir='ltr'><strong>auditis</strong></span> <span class='ocrx_word' id='word_1_418' title='bbox 781 4575 1030 4650; x_wconf 69' lang='lat' dir='ltr'><strong>legitimis</strong></span> <span class='ocrx_word' id='word_1_419' title='bbox 1058 4587 1111 4632; x_wconf 89' lang='lat' dir='ltr'><strong>et</strong></span> <span class='ocrx_word' id='word_1_420' title='bbox 1133 4575 1450 4648; x_wconf 88' lang='lat' dir='ltr'><strong>evangelicis</strong></span> <span class='ocrx_word' id='word_1_421' title='bbox 1467 4583 1532 4630; x_wconf 88' lang='lat' dir='ltr'><strong>.et</strong></span> <span class='ocrx_word' id='word_1_422' title='bbox 1548 4575 1854 4645; x_wconf 87' lang='lat' dir='ltr'><strong>apostolicis</strong></span> <span class='ocrx_word' id='word_1_423' title='bbox 1881 4585 2032 4632; x_wconf 85' lang='lat' dir='ltr'><strong>testt-</strong></span> 
     </span>
    </p>
   </div>
   <div class='ocr_carea' id='block_1_47' title="bbox 446 4667 2028 4738">
    <p class='ocr_par' dir='ltr' id='par_1_47' title="bbox 446 4667 2028 4738">
     <span class='ocr_line' id='line_1_47' title="bbox 446 4667 2028 4738; baseline -0.002 -13"><span class='ocrx_word' id='word_1_424' title='bbox 446 4671 642 4726; x_wconf 84' lang='lat' dir='ltr'><strong>lnoniis</strong></span> <span class='ocrx_word' id='word_1_425' title='bbox 665 4669 992 4724; x_wconf 65' lang='lat' dir='ltr'><strong>mdificemur</strong></span> <span class='ocrx_word' id='word_1_426' title='bbox 1019 4668 1087 4724; x_wconf 87' lang='lat' dir='ltr'><strong>ad</strong></span> <span class='ocrx_word' id='word_1_427' title='bbox 1111 4668 1356 4738; x_wconf 88' lang='lat' dir='ltr'><strong>gratiam,</strong></span> <span class='ocrx_word' id='word_1_428' title='bbox 1384 4683 1545 4737; x_wconf 86' lang='lat' dir='ltr'><strong>quam</strong></span> <span class='ocrx_word' id='word_1_429' title='bbox 1577 4683 1681 4721; x_wconf 88' lang='lat' dir='ltr'><strong>non</strong></span> <span class='ocrx_word' id='word_1_430' title='bbox 1711 4667 2028 4738; x_wconf 86' lang='lat' dir='ltr'><strong>intelligunt,</strong></span> 
     </span>
    </p>
   </div>
   <div class='ocr_carea' id='block_1_48' title="bbox 445 4761 2032 4834">
    <p class='ocr_par' dir='ltr' id='par_1_48' title="bbox 445 4761 2032 4834">
     <span class='ocr_line' id='line_1_48' title="bbox 445 4761 2032 4834; baseline 0.001 -17"><span class='ocrx_word' id='word_1_431' title='bbox 445 4764 534 4834; x_wconf 89' lang='lat' dir='ltr'><strong>qui</strong></span> <span class='ocrx_word' id='word_1_432' title='bbox 561 4763 864 4833; x_wconf 82' lang='lat' dir='ltr'><strong>ignorantes</strong></span> <span class='ocrx_word' id='word_1_433' title='bbox 898 4763 990 4818; x_wconf 87' lang='lat' dir='ltr'><strong>Dei</strong></span> <span class='ocrx_word' id='word_1_434' title='bbox 1025 4761 1284 4833; x_wconf 86' lang='lat' dir='ltr'><strong>justitiam</strong></span> <span class='ocrx_word' id='word_1_435' title='bbox 1311 4769 1365 4817; x_wconf 90' lang='lat' dir='ltr'><strong>et</strong></span> <span class='ocrx_word' id='word_1_436' title='bbox 1389 4777 1539 4816; x_wconf 88' lang='lat' dir='ltr'><strong>suam</strong></span> <span class='ocrx_word' id='word_1_437' title='bbox 1569 4762 1810 4818; x_wconf 86' lang='lat' dir='ltr'><strong>volentes</strong></span> <span class='ocrx_word' id='word_1_438' title='bbox 1829 4763 2032 4818; x_wconf 89' lang='lat' dir='ltr'><strong>consti-</strong></span> 
     </span>
    </p>
   </div>
   <div class='ocr_carea' id='block_1_49' title="bbox 446 4853 2034 4924">
    <p class='ocr_par' dir='ltr' id='par_1_49' title="bbox 446 4853 2034 4924">
     <span class='ocr_line' id='line_1_49' title="bbox 446 4853 2034 4924; baseline 0 -14"><span class='ocrx_word' id='word_1_439' title='bbox 446 4864 616 4916; x_wconf 89' lang='lat' dir='ltr'><strong>tuere,</strong></span> <span class='ocrx_word' id='word_1_440' title='bbox 638 4854 858 4924; x_wconf 69' lang='lat' dir='ltr'><strong>justitiaa</strong></span> <span class='ocrx_word' id='word_1_441' title='bbox 887 4854 982 4909; x_wconf 90' lang='lat' dir='ltr'><strong>Dei</strong></span> <span class='ocrx_word' id='word_1_442' title='bbox 1011 4869 1117 4908; x_wconf 91' lang='lat' dir='ltr'><strong>non</strong></span> <span class='ocrx_word' id='word_1_443' title='bbox 1147 4863 1272 4908; x_wconf 89' lang='lat' dir='ltr'><strong>sunt</strong></span> <span class='ocrx_word' id='word_1_444' title='bbox 1297 4853 1539 4923; x_wconf 90' lang='lat' dir='ltr'><strong>subjecti.</strong></span> <span class='ocrx_word' id='word_1_445' title='bbox 1569 4853 1626 4910; x_wconf 90' lang='lat' dir='ltr'><strong>Si</strong></span> <span class='ocrx_word' id='word_1_446' title='bbox 1645 4855 1790 4910; x_wconf 88' lang='lat' dir='ltr'><strong>enim</strong></span> <span class='ocrx_word' id='word_1_447' title='bbox 1819 4869 1924 4910; x_wconf 90' lang='lat' dir='ltr'><strong>non</strong></span> <span class='ocrx_word' id='word_1_448' title='bbox 1952 4855 2034 4910; x_wconf 85' lang='lat' dir='ltr'><strong>in-</strong></span> 
     </span>
    </p>
   </div>
   <div class='ocr_carea' id='block_1_50' title="bbox 447 4937 2031 5018">
    <p class='ocr_par' dir='ltr' id='par_1_50' title="bbox 447 4937 2031 5018">
     <span class='ocr_line' id='line_1_50' title="bbox 447 4937 2031 5018; baseline 0 -17"><span class='ocrx_word' id='word_1_449' title='bbox 447 4947 689 5016; x_wconf 87' lang='lat' dir='ltr'><strong>telligunt</strong></span> <span class='ocrx_word' id='word_1_450' title='bbox 712 4961 780 5000; x_wconf 75' lang='lat' dir='ltr'><strong>ex</strong></span> <span class='ocrx_word' id='word_1_451' title='bbox 808 4937 1240 5011; x_wconf 82' lang='lat' dir='ltr'><strong>Denteronomio,</strong></span> <span class='ocrx_word' id='word_1_452' title='bbox 1271 4945 1716 5017; x_wconf 86' lang='lat' dir='ltr'><strong>quemadmodum</strong></span> <span class='ocrx_word' id='word_1_453' title='bbox 1761 4947 2031 5018; x_wconf 86' lang='lat' dir='ltr'><strong>apostolus</strong></span> 
     </span>
    </p>
   </div>
   <div class='ocr_carea' id='block_1_51' title="bbox 445 5038 2030 5111">
    <p class='ocr_par' dir='ltr' id='par_1_51' title="bbox 445 5038 2030 5111">
     <span class='ocr_line' id='line_1_51' title="bbox 445 5038 2030 5111; baseline -0.001 -16"><span class='ocrx_word' id='word_1_454' title='bbox 445 5040 642 5095; x_wconf 84' lang='lat' dir='ltr'><strong>Paulus</strong></span> <span class='ocrx_word' id='word_1_455' title='bbox 661 5038 1180 5102; x_wconf 87' lang='lat' dir='ltr'><strong>commemoraverit,</strong></span> <span class='ocrx_word' id='word_1_456' title='bbox 1225 5048 1281 5094; x_wconf 86' lang='lat' dir='ltr'><strong>ut</strong></span> <span class='ocrx_word' id='word_1_457' title='bbox 1313 5039 1475 5096; x_wconf 88' lang='lat' dir='ltr'><strong>corde</strong></span> <span class='ocrx_word' id='word_1_458' title='bbox 1499 5039 1748 5096; x_wconf 86' lang='lat' dir='ltr'><strong>credatur</strong></span> <span class='ocrx_word' id='word_1_459' title='bbox 1775 5040 1840 5096; x_wconf 87' lang='lat' dir='ltr'><strong>ad</strong></span> <span class='ocrx_word' id='word_1_460' title='bbox 1871 5040 2030 5111; x_wconf 87' lang='lat' dir='ltr'><strong>justi-</strong></span> 
     </span>
    </p>
   </div>
   <div class='ocr_carea' id='block_1_52' title="bbox 445 5131 2027 5206">
    <p class='ocr_par' dir='ltr' id='par_1_52' title="bbox 445 5131 2027 5206">
     <span class='ocr_line' id='line_1_52' title="bbox 445 5131 2027 5206; baseline 0.001 -18"><span class='ocrx_word' id='word_1_461' title='bbox 445 5135 594 5198; x_wconf 88' lang='lat' dir='ltr'><strong>tiam,</strong></span> <span class='ocrx_word' id='word_1_462' title='bbox 618 5149 712 5188; x_wconf 92' lang='lat' dir='ltr'><strong>ore</strong></span> <span class='ocrx_word' id='word_1_463' title='bbox 732 5142 907 5188; x_wconf 89' lang='lat' dir='ltr'><strong>autem</strong></span> <span class='ocrx_word' id='word_1_464' title='bbox 933 5131 1201 5188; x_wconf 88' lang='lat' dir='ltr'><strong>confessio</strong></span> <span class='ocrx_word' id='word_1_465' title='bbox 1226 5132 1314 5187; x_wconf 88' lang='lat' dir='ltr'><strong>fiat</strong></span> <span class='ocrx_word' id='word_1_466' title='bbox 1337 5133 1403 5187; x_wconf 91' lang='lat' dir='ltr'><strong>ad</strong></span> <span class='ocrx_word' id='word_1_467' title='bbox 1431 5132 1656 5188; x_wconf 88' lang='lat' dir='ltr'><strong>salutem</strong></span> <span class='ocrx_word' id='word_1_468' title='bbox 1689 5133 1860 5206; x_wconf 85' lang='lat' dir='ltr'><strong>(Rom.</strong></span> <span class='ocrx_word' id='word_1_469' title='bbox 1893 5150 1949 5197; x_wconf 87' lang='lat' dir='ltr'><strong>x,</strong></span> <span class='ocrx_word' id='word_1_470' title='bbox 1975 5135 2027 5200; x_wconf 83' lang='grc'><strong>5,</strong></span> 
     </span>
    </p>
   </div>
   <div class='ocr_carea' id='block_1_53' title="bbox 446 5219 2032 5298">
    <p class='ocr_par' dir='ltr' id='par_1_53' title="bbox 446 5219 2032 5298">
     <span class='ocr_line' id='line_1_53' title="bbox 446 5219 2032 5298; baseline -0.001 -18"><span class='ocrx_word' id='word_1_471' title='bbox 446 5225 566 5298; x_wconf 69' lang='lat'><strong>£0);</strong></span> <span class='ocrx_word' id='word_1_472' title='bbox 592 5225 714 5296; x_wconf 88' lang='lat' dir='ltr'><strong>quia</strong></span> <span class='ocrx_word' id='word_1_473' title='bbox 745 5241 848 5278; x_wconf 88' lang='lat' dir='ltr'><strong>non</strong></span> <span class='ocrx_word' id='word_1_474' title='bbox 871 5231 954 5280; x_wconf 87' lang='lat' dir='ltr'><strong>est</strong></span> <span class='ocrx_word' id='word_1_475' title='bbox 986 5219 1120 5294; x_wconf 76' lang='lat' dir='ltr'><strong>opus</strong></span> <span class='ocrx_word' id='word_1_476' title='bbox 1147 5225 1290 5278; x_wconf 78' lang='lat' dir='ltr'><strong>sonis</strong></span> <span class='ocrx_word' id='word_1_477' title='bbox 1329 5225 1588 5288; x_wconf 89' lang='lat' dir='ltr'><strong>medicus,</strong></span> <span class='ocrx_word' id='word_1_478' title='bbox 1635 5226 1728 5281; x_wconf 87' lang='lat' dir='ltr'><strong>sed</strong></span> <span class='ocrx_word' id='word_1_479' title='bbox 1771 5227 1910 5280; x_wconf 89' lang='lat' dir='ltr'><strong>male</strong></span> <span class='ocrx_word' id='word_1_480' title='bbox 1940 5226 2032 5298; x_wconf 77' lang='lat' dir='ltr'><strong>lia-</strong></span> 
     </span>
    </p>
   </div>
   <div class='ocr_carea' id='block_1_54' title="bbox 447 5317 2030 5391">
    <p class='ocr_par' dir='ltr' id='par_1_54' title="bbox 447 5317 2030 5391">
     <span class='ocr_line' id='line_1_54' title="bbox 447 5317 2030 5391; baseline 0.001 -17"><span class='ocrx_word' id='word_1_481' title='bbox 447 5317 696 5375; x_wconf 85' lang='lat' dir='ltr'><strong>bcntibus</strong></span> <span class='ocrx_word' id='word_1_482' title='bbox 725 5317 937 5390; x_wconf 82' lang='lat' dir='ltr'><strong>(Matth.</strong></span> <span class='ocrx_word' id='word_1_483' title='bbox 965 5333 1040 5386; x_wconf 81' lang='lat' dir='ltr'><strong>ix,</strong></span> <span class='ocrx_word' id='word_1_484' title='bbox 1077 5317 1164 5386; x_wconf 75' lang='grc'><strong>12)</strong></span> <span class='ocrx_word' id='word_1_485' title='bbox 1199 5337 1211 5372; x_wconf 88' lang='lat'><strong>:</strong></span> <span class='ocrx_word' id='word_1_486' title='bbox 1247 5319 1348 5373; x_wconf 88' lang='lat' dir='ltr'><strong>isto</strong></span> <span class='ocrx_word' id='word_1_487' title='bbox 1383 5331 1527 5375; x_wconf 87' lang='lat' dir='ltr'><strong>certe</strong></span> <span class='ocrx_word' id='word_1_488' title='bbox 1555 5319 1778 5376; x_wconf 81' lang='lat' dir='ltr'><strong>Joannis</strong></span> <span class='ocrx_word' id='word_1_489' title='bbox 1804 5321 2030 5391; x_wconf 90' lang='lat' dir='ltr'><strong>apostoli</strong></span> 
     </span>
    </p>
   </div>
   <div class='ocr_carea' id='block_1_55' title="bbox 448 5399 2028 5483">
    <p class='ocr_par' dir='ltr' id='par_1_55' title="bbox 448 5399 2028 5483">
     <span class='ocr_line' id='line_1_55' title="bbox 448 5399 2028 5483; baseline 0.003 -21"><span class='ocrx_word' id='word_1_490' title='bbox 448 5399 774 5476; x_wconf 83' lang='lat' dir='ltr'><strong>testimonio,</strong></span> <span class='ocrx_word' id='word_1_491' title='bbox 795 5408 938 5480; x_wconf 91' lang='lat' dir='ltr'><strong>quod</strong></span> <span class='ocrx_word' id='word_1_492' title='bbox 965 5408 1030 5464; x_wconf 88' lang='lat' dir='ltr'><strong>ad</strong></span> <span class='ocrx_word' id='word_1_493' title='bbox 1049 5411 1202 5463; x_wconf 89' lang='lat' dir='ltr'><strong>istam</strong></span> <span class='ocrx_word' id='word_1_494' title='bbox 1225 5411 1544 5466; x_wconf 88' lang='lat' dir='ltr'><strong>sententiam</strong></span> <span class='ocrx_word' id='word_1_495' title='bbox 1565 5411 1808 5467; x_wconf 90' lang='lat' dir='ltr'><strong>ultimum</strong></span> <span class='ocrx_word' id='word_1_496' title='bbox 1835 5415 2028 5483; x_wconf 88' lang='lat' dir='ltr'><strong>posuit,</strong></span> 
     </span>
    </p>
   </div>
   <div class='ocr_carea' id='block_1_56' title="bbox 447 5499 2024 5574">
    <p class='ocr_par' dir='ltr' id='par_1_56' title="bbox 447 5499 2024 5574">
     <span class='ocr_line' id='line_1_56' title="bbox 447 5499 2024 5574; baseline 0.004 -20"><span class='ocrx_word' id='word_1_497' title='bbox 447 5499 534 5554; x_wconf 88' lang='lat' dir='ltr'><strong>ubi</strong></span> <span class='ocrx_word' id='word_1_498' title='bbox 561 5500 652 5566; x_wconf 88' lang='lat' dir='ltr'><strong>ait,</strong></span> <span class='ocrx_word' id='word_1_499' title='bbox 675 5499 799 5554; x_wconf 81' lang='lat' dir='ltr'><strong>Htrc</strong></span> <span class='ocrx_word' id='word_1_500' title='bbox 818 5509 891 5556; x_wconf 84' lang='lat' dir='ltr'><strong>est</strong></span> <span class='ocrx_word' id='word_1_501' title='bbox 907 5500 1128 5555; x_wconf 87' lang='lat' dir='ltr'><strong>charitas</strong></span> <span class='ocrx_word' id='word_1_502' title='bbox 1149 5499 1264 5569; x_wconf 89' lang='lat' dir='ltr'><strong>Dei,</strong></span> <span class='ocrx_word' id='word_1_503' title='bbox 1287 5511 1342 5556; x_wconf 86' lang='lat' dir='ltr'><strong>ut</strong></span> <span class='ocrx_word' id='word_1_504' title='bbox 1363 5503 1602 5557; x_wconf 88' lang='lat' dir='ltr'><strong>mandata</strong></span> <span class='ocrx_word' id='word_1_505' title='bbox 1625 5505 1736 5574; x_wconf 87' lang='lat' dir='ltr'><strong>ejus</strong></span> <span class='ocrx_word' id='word_1_506' title='bbox 1753 5503 2024 5572; x_wconf 79' lang='lat' dir='ltr'><strong>seruemus,</strong></span> 
     </span>
    </p>
   </div>
   <div class='ocr_carea' id='block_1_57' title="bbox 451 5593 2032 5669">
    <p class='ocr_par' dir='ltr' id='par_1_57' title="bbox 451 5593 2032 5669">
     <span class='ocr_line' id='line_1_57' title="bbox 451 5593 2032 5669; baseline 0.006 -24"><span class='ocrx_word' id='word_1_507' title='bbox 451 5601 498 5645; x_wconf 88' lang='lat' dir='ltr'><strong>et</strong></span> <span class='ocrx_word' id='word_1_508' title='bbox 528 5593 765 5646; x_wconf 83' lang='lat' dir='ltr'><strong>mandata</strong></span> <span class='ocrx_word' id='word_1_509' title='bbox 794 5595 900 5663; x_wconf 74' lang='lat' dir='ltr'><strong>ejus</strong></span> <span class='ocrx_word' id='word_1_510' title='bbox 925 5595 1100 5666; x_wconf 82' lang='lat' dir='ltr'><strong>gravia</strong></span> <span class='ocrx_word' id='word_1_511' title='bbox 1127 5611 1228 5649; x_wconf 89' lang='lat' dir='ltr'><strong>non</strong></span> <span class='ocrx_word' id='word_1_512' title='bbox 1256 5604 1404 5662; x_wconf 85' lang='lat' dir='ltr'><strong>sunt,</strong></span> <span class='ocrx_word' id='word_1_513' title='bbox 1431 5595 1627 5652; x_wconf 90' lang='lat' dir='ltr'><strong>debent</strong></span> <span class='ocrx_word' id='word_1_514' title='bbox 1667 5605 1848 5669; x_wconf 78' lang='lat' dir='ltr'><strong>utique</strong></span> <span class='ocrx_word' id='word_1_515' title='bbox 1885 5615 2032 5654; x_wconf 86' lang='lat' dir='ltr'><strong>com-</strong></span> 
     </span>
    </p>
   </div>
   <div class='ocr_carea' id='block_1_58' title="bbox 513 5791 972 5858">
    <p class='ocr_par' dir='ltr' id='par_1_58' title="bbox 513 5791 972 5858">
     <span class='ocr_line' id='line_1_58' title="bbox 513 5791 972 5858; baseline -0.002 -11"><span class='ocrx_word' id='word_1_516' title='bbox 513 5791 539 5826; x_wconf 75' lang='grc'><strong>²</strong></span> <span class='ocrx_word' id='word_1_517' title='bbox 559 5795 690 5858; x_wconf 67' lang='grc' dir='ltr'><strong>ιω..</strong></span> <span class='ocrx_word' id='word_1_518' title='bbox 711 5791 972 5858; x_wconf 67' lang='lat' dir='ltr'><strong>facultatis.</strong></span> 
     </span>
    </p>
   </div>
   <div class='ocr_carea' id='block_1_59' title="bbox 1680 293 3024 358">
    <p class='ocr_par' dir='ltr' id='par_1_59' title="bbox 1680 293 3024 358">
     <span class='ocr_line' id='line_1_59' title="bbox 1680 293 3024 358; baseline 0.004 -3"><span class='ocrx_word' id='word_1_519' title='bbox 1680 297 1739 356; x_wconf 91' lang='lat' dir='ltr'><strong>S.</strong></span> <span class='ocrx_word' id='word_1_520' title='bbox 1779 293 2148 356; x_wconf 77' lang='lat' dir='ltr'><strong>AUGUSTINI</strong></span> <span class='ocrx_word' id='word_1_521' title='bbox 2186 298 2491 358; x_wconf 87' lang='lat' dir='ltr'><strong>EPISCOPI</strong></span> <span class='ocrx_word' id='word_1_522' title='bbox 2993 315 3024 324; x_wconf 66' lang='grc'><em>“</em></span> 
     </span>
    </p>
   </div>
   <div class='ocr_carea' id='block_1_60' title="bbox 3634 315 3737 376">
    <p class='ocr_par' dir='ltr' id='par_1_60' title="bbox 3634 315 3737 376">
     <span class='ocr_line' id='line_1_60' title="bbox 3634 315 3737 376; baseline 0 -4"><span class='ocrx_word' id='word_1_523' title='bbox 3634 315 3737 376; x_wconf 69' lang='grc'><strong>304</strong></span> 
     </span>
    </p>
   </div>
   <div class='ocr_carea' id='block_1_61' title="bbox 2153 413 3733 500">
    <p class='ocr_par' dir='ltr' id='par_1_61' title="bbox 2153 413 3733 500">
     <span class='ocr_line' id='line_1_61' title="bbox 2153 413 3733 500; baseline 0.013 -31"><span class='ocrx_word' id='word_1_524' title='bbox 2153 417 2379 482; x_wconf 90' lang='lat' dir='ltr'><strong>moneri,</strong></span> <span class='ocrx_word' id='word_1_525' title='bbox 2408 417 2649 476; x_wconf 87' lang='lat' dir='ltr'><strong>cbaritati</strong></span> <span class='ocrx_word' id='word_1_526' title='bbox 2682 421 2778 478; x_wconf 87' lang='lat' dir='ltr'><strong>Dei</strong></span> <span class='ocrx_word' id='word_1_527' title='bbox 2803 438 2908 480; x_wconf 89' lang='lat' dir='ltr'><strong>non</strong></span> <span class='ocrx_word' id='word_1_528' title='bbox 2937 439 3058 480; x_wconf 88' lang='lat' dir='ltr'><strong>esse</strong></span> <span class='ocrx_word' id='word_1_529' title='bbox 3077 439 3239 497; x_wconf 81' lang='lat' dir='ltr'><strong>grave</strong></span> <span class='ocrx_word' id='word_1_530' title='bbox 3266 413 3576 486; x_wconf 83' lang='lat' dir='ltr'><strong>mandatum</strong></span> <span class='ocrx_word' id='word_1_531' title='bbox 3601 431 3733 500; x_wconf 87' lang='lat' dir='ltr'><strong>Dei;</strong></span> 
     </span>
    </p>
   </div>
   <div class='ocr_carea' id='block_1_62' title="bbox 2149 511 3737 588">
    <p class='ocr_par' dir='ltr' id='par_1_62' title="bbox 2149 511 3737 588">
     <span class='ocr_line' id='line_1_62' title="bbox 2149 511 3737 588; baseline 0.013 -27"><span class='ocrx_word' id='word_1_532' title='bbox 2149 524 2268 580; x_wconf 78' lang='lat' dir='ltr'><strong>quae</strong></span> <span class='ocrx_word' id='word_1_533' title='bbox 2297 511 2505 567; x_wconf 90' lang='lat' dir='ltr'><strong>nonnisi</strong></span> <span class='ocrx_word' id='word_1_534' title='bbox 2531 530 2625 586; x_wconf 89' lang='lat' dir='ltr'><strong>per</strong></span> <span class='ocrx_word' id='word_1_535' title='bbox 2649 515 2902 588; x_wconf 88' lang='lat' dir='ltr'><strong>Spiritum</strong></span> <span class='ocrx_word' id='word_1_536' title='bbox 2934 527 3174 574; x_wconf 89' lang='lat' dir='ltr'><strong>sanctum</strong></span> <span class='ocrx_word' id='word_1_537' title='bbox 3203 520 3520 579; x_wconf 74' lang='lat' dir='ltr'><strong>diffunditur</strong></span> <span class='ocrx_word' id='word_1_538' title='bbox 3538 525 3594 580; x_wconf 91' lang='lat' dir='ltr'><strong>in</strong></span> <span class='ocrx_word' id='word_1_539' title='bbox 3615 541 3737 582; x_wconf 83' lang='lat' dir='ltr'><strong>cor-</strong></span> 
     </span>
    </p>
   </div>
   <div class='ocr_carea' id='block_1_63' title="bbox 2147 598 3738 686">
    <p class='ocr_par' dir='ltr' id='par_1_63' title="bbox 2147 598 3738 686">
     <span class='ocr_line' id='line_1_63' title="bbox 2147 598 3738 686; baseline 0.011 -32"><span class='ocrx_word' id='word_1_540' title='bbox 2147 598 2304 655; x_wconf 89' lang='lat' dir='ltr'><strong>dibus</strong></span> <span class='ocrx_word' id='word_1_541' title='bbox 2325 604 2541 672; x_wconf 88' lang='lat' dir='ltr'><strong>nostris,</strong></span> <span class='ocrx_word' id='word_1_542' title='bbox 2578 621 2683 661; x_wconf 89' lang='lat' dir='ltr'><strong>non</strong></span> <span class='ocrx_word' id='word_1_543' title='bbox 2716 623 2810 677; x_wconf 91' lang='lat' dir='ltr'><strong>per</strong></span> <span class='ocrx_word' id='word_1_544' title='bbox 2836 609 3111 665; x_wconf 91' lang='lat' dir='ltr'><strong>arbitrium</strong></span> <span class='ocrx_word' id='word_1_545' title='bbox 3141 610 3388 670; x_wconf 66' lang='lat' dir='ltr'><strong>humanae</strong></span> <span class='ocrx_word' id='word_1_546' title='bbox 3415 615 3738 686; x_wconf 85' lang='lat' dir='ltr'><strong>voluntatis;</strong></span> 
     </span>
    </p>
   </div>
   <div class='ocr_carea' id='block_1_64' title="bbox 2145 691 3739 774">
    <p class='ocr_par' dir='ltr' id='par_1_64' title="bbox 2145 691 3739 774">
     <span class='ocr_line' id='line_1_64' title="bbox 2145 691 3739 774; baseline 0.013 -30"><span class='ocrx_word' id='word_1_547' title='bbox 2145 691 2232 744; x_wconf 92' lang='lat' dir='ltr'><strong>cui</strong></span> <span class='ocrx_word' id='word_1_548' title='bbox 2259 692 2379 763; x_wconf 91' lang='lat' dir='ltr'><strong>plus</strong></span> <span class='ocrx_word' id='word_1_549' title='bbox 2398 693 2573 750; x_wconf 91' lang='lat' dir='ltr'><strong>dando</strong></span> <span class='ocrx_word' id='word_1_550' title='bbox 2601 713 2758 767; x_wconf 89' lang='lat' dir='ltr'><strong>quam</strong></span> <span class='ocrx_word' id='word_1_551' title='bbox 2787 709 3016 769; x_wconf 88' lang='lat' dir='ltr'><strong>oportet,</strong></span> <span class='ocrx_word' id='word_1_552' title='bbox 3045 700 3289 773; x_wconf 87' lang='lat' dir='ltr'><strong>ignorant</strong></span> <span class='ocrx_word' id='word_1_553' title='bbox 3309 703 3570 774; x_wconf 82' lang='lat' dir='ltr'><strong>justitiam</strong></span> <span class='ocrx_word' id='word_1_554' title='bbox 3599 708 3698 764; x_wconf 87' lang='lat' dir='ltr'><strong>Dei</strong></span> <span class='ocrx_word' id='word_1_555' title='bbox 3722 726 3739 765; x_wconf 90' lang='lat'><strong>:</strong></span> 
     </span>
    </p>
   </div>
   <div class='ocr_carea' id='block_1_65' title="bbox 2146 789 3744 871">
    <p class='ocr_par' dir='ltr' id='par_1_65' title="bbox 2146 789 3744 871">
     <span class='ocr_line' id='line_1_65' title="bbox 2146 789 3744 871; baseline 0.014 -36"><span class='ocrx_word' id='word_1_556' title='bbox 2146 796 2266 852; x_wconf 65' lang='lat' dir='ltr'><strong>quas</strong></span> <span class='ocrx_word' id='word_1_557' title='bbox 2294 793 2468 841; x_wconf 88' lang='lat' dir='ltr'><strong>tamen</strong></span> <span class='ocrx_word' id='word_1_558' title='bbox 2498 789 2732 845; x_wconf 83' lang='lat' dir='ltr'><strong>cliaritas</strong></span> <span class='ocrx_word' id='word_1_559' title='bbox 2760 799 2883 847; x_wconf 86' lang='lat' dir='ltr'><strong>tunc</strong></span> <span class='ocrx_word' id='word_1_560' title='bbox 2915 793 3151 865; x_wconf 75' lang='lat' dir='ltr'><strong>perfecta</strong></span> <span class='ocrx_word' id='word_1_561' title='bbox 3175 795 3306 862; x_wconf 88' lang='lat' dir='ltr'><strong>erit,</strong></span> <span class='ocrx_word' id='word_1_562' title='bbox 3345 811 3471 854; x_wconf 87' lang='lat' dir='ltr'><strong>cum</strong></span> <span class='ocrx_word' id='word_1_563' title='bbox 3507 801 3744 871; x_wconf 70' lang='lat' dir='ltr'><strong>pinnatis</strong></span> 
     </span>
    </p>
   </div>
   <div class='ocr_carea' id='block_1_66' title="bbox 2147 874 2865 940">
    <p class='ocr_par' dir='ltr' id='par_1_66' title="bbox 2147 874 2865 940">
     <span class='ocr_line' id='line_1_66' title="bbox 2147 874 2865 940; baseline 0.017 -13"><span class='ocrx_word' id='word_1_564' title='bbox 2147 874 2309 930; x_wconf 87' lang='lat' dir='ltr'><strong>timor</strong></span> <span class='ocrx_word' id='word_1_565' title='bbox 2328 880 2501 934; x_wconf 89' lang='lat' dir='ltr'><strong>omnis</strong></span> <span class='ocrx_word' id='word_1_566' title='bbox 2525 880 2865 940; x_wconf 89' lang='lat' dir='ltr'><strong>abscesserit.</strong></span> 
     </span>
    </p>
   </div>
   <div class='ocr_carea' id='block_1_67' title="bbox 2217 966 3742 1054">
    <p class='ocr_par' dir='ltr' id='par_1_67' title="bbox 2217 966 3742 1054">
     <span class='ocr_line' id='line_1_67' title="bbox 2217 966 3742 1054; baseline 0.015 -32"><span class='ocrx_word' id='word_1_567' title='bbox 2217 966 2442 1025; x_wconf 79' lang='lat' dir='ltr'><strong>CAPUT</strong></span> <span class='ocrx_word' id='word_1_568' title='bbox 2479 971 2572 1026; x_wconf 83' lang='lat' dir='ltr'><strong>XI.</strong></span> <span class='ocrx_word' id='word_1_569' title='bbox 2599 1003 2671 1014; x_wconf 95' lang='lat'><strong><em>—</em></strong></span> <span class='ocrx_word' id='word_1_570' title='bbox 2693 975 2784 1032; x_wconf 80' lang='lat'><strong>25.</strong></span> <span class='ocrx_word' id='word_1_571' title='bbox 2825 977 2954 1033; x_wconf 91' lang='lat' dir='ltr'><strong>Post</strong></span> <span class='ocrx_word' id='word_1_572' title='bbox 2979 979 3093 1036; x_wconf 67' lang='lat' dir='ltr'><strong>haec</strong></span> <span class='ocrx_word' id='word_1_573' title='bbox 3117 983 3394 1054; x_wconf 87' lang='lat' dir='ltr'><strong>proposuit</strong></span> <span class='ocrx_word' id='word_1_574' title='bbox 3433 985 3742 1045; x_wconf 83' lang='lat' dir='ltr'><strong>testimonia</strong></span> 
     </span>
    </p>
   </div>
   <div class='ocr_carea' id='block_1_68' title="bbox 2147 1067 3743 1144">
    <p class='ocr_par' dir='ltr' id='par_1_68' title="bbox 2147 1067 3743 1144">
     <span class='ocr_line' id='line_1_68' title="bbox 2147 1067 3743 1144; baseline 0.013 -30"><span class='ocrx_word' id='word_1_575' title='bbox 2147 1075 2266 1130; x_wconf 68' lang='lat' dir='ltr'><strong>quae</strong></span> <span class='ocrx_word' id='word_1_576' title='bbox 2297 1071 2482 1118; x_wconf 89' lang='lat' dir='ltr'><strong>contra</strong></span> <span class='ocrx_word' id='word_1_577' title='bbox 2508 1080 2602 1122; x_wconf 88' lang='lat' dir='ltr'><strong>eos</strong></span> <span class='ocrx_word' id='word_1_578' title='bbox 2625 1067 2728 1122; x_wconf 91' lang='lat' dir='ltr'><strong>dici</strong></span> <span class='ocrx_word' id='word_1_579' title='bbox 2758 1069 2934 1126; x_wconf 89' lang='lat' dir='ltr'><strong>solent</strong></span> <span class='ocrx_word' id='word_1_580' title='bbox 2963 1090 2976 1126; x_wconf 94' lang='lat'><strong>:</strong></span> <span class='ocrx_word' id='word_1_581' title='bbox 3005 1087 3104 1128; x_wconf 91' lang='lat' dir='ltr'><strong>nec</strong></span> <span class='ocrx_word' id='word_1_582' title='bbox 3131 1087 3194 1129; x_wconf 85' lang='lat' dir='ltr'><strong>ea</strong></span> <span class='ocrx_word' id='word_1_583' title='bbox 3223 1076 3416 1144; x_wconf 91' lang='lat' dir='ltr'><strong>solvit,</strong></span> <span class='ocrx_word' id='word_1_584' title='bbox 3451 1076 3548 1132; x_wconf 90' lang='lat' dir='ltr'><strong>sed</strong></span> <span class='ocrx_word' id='word_1_585' title='bbox 3585 1093 3743 1134; x_wconf 91' lang='lat' dir='ltr'><strong>com-</strong></span> 
     </span>
    </p>
   </div>
   <div class='ocr_carea' id='block_1_69' title="bbox 2147 1155 3744 1236">
    <p class='ocr_par' dir='ltr' id='par_1_69' title="bbox 2147 1155 3744 1236">
     <span class='ocr_line' id='line_1_69' title="bbox 2147 1155 3744 1236; baseline 0.013 -30"><span class='ocrx_word' id='word_1_586' title='bbox 2147 1155 2496 1210; x_wconf 88' lang='lat' dir='ltr'><strong>memorando</strong></span> <span class='ocrx_word' id='word_1_587' title='bbox 2530 1159 2680 1227; x_wconf 89' lang='lat' dir='ltr'><strong>quasi</strong></span> <span class='ocrx_word' id='word_1_588' title='bbox 2721 1164 3004 1230; x_wconf 89' lang='lat' dir='ltr'><strong>contraria,</strong></span> <span class='ocrx_word' id='word_1_589' title='bbox 3051 1167 3378 1236; x_wconf 79' lang='lat' dir='ltr'><strong>quaestiones</strong></span> <span class='ocrx_word' id='word_1_590' title='bbox 3404 1169 3604 1225; x_wconf 86' lang='lat' dir='ltr'><strong>arctius</strong></span> <span class='ocrx_word' id='word_1_591' title='bbox 3631 1171 3744 1227; x_wconf 84' lang='lat' dir='ltr'><strong>illi-</strong></span> 
     </span>
    </p>
   </div>
   <div class='ocr_carea' id='block_1_70' title="bbox 2146 1248 3742 1335">
    <p class='ocr_par' dir='ltr' id='par_1_70' title="bbox 2146 1248 3742 1335">
     <span class='ocr_line' id='line_1_70' title="bbox 2146 1248 3742 1335; baseline 0.015 -37"><span class='ocrx_word' id='word_1_592' title='bbox 2146 1248 2304 1318; x_wconf 86' lang='lat' dir='ltr'><strong>gavit.</strong></span> <span class='ocrx_word' id='word_1_593' title='bbox 2338 1250 2426 1303; x_wconf 85' lang='lat' dir='ltr'><strong>Ait</strong></span> <span class='ocrx_word' id='word_1_594' title='bbox 2455 1252 2642 1307; x_wconf 84' lang='lat' dir='ltr'><strong>enim:</strong></span> <span class='ocrx_word' id='word_1_595' title='bbox 2679 1272 2699 1306; x_wconf 85' lang='grc'>‹</span> <span class='ocrx_word' id='word_1_596' title='bbox 2731 1254 3060 1312; x_wconf 88' lang='lat' dir='ltr'><strong>Testimonia</strong></span> <span class='ocrx_word' id='word_1_597' title='bbox 3092 1258 3483 1330; x_wconf 90' lang='lat' dir='ltr'><strong>Scripturarum</strong></span> <span class='ocrx_word' id='word_1_598' title='bbox 3503 1305 3519 1330; x_wconf 92' lang='lat'><strong>,</strong></span> <span class='ocrx_word' id='word_1_599' title='bbox 3557 1280 3682 1335; x_wconf 76' lang='lat' dir='ltr'><strong>qua:</strong></span> <span class='ocrx_word' id='word_1_600' title='bbox 3705 1280 3742 1322; x_wconf 73' lang='grc' dir='ltr'><strong>ο</strong></span> 
     </span>
    </p>
   </div>
   <div class='ocr_carea' id='block_1_71' title="bbox 2147 1339 3742 1425">
    <p class='ocr_par' dir='ltr' id='par_1_71' title="bbox 2147 1339 3742 1425">
     <span class='ocr_line' id='line_1_71' title="bbox 2147 1339 3742 1425; baseline 0.013 -31"><span class='ocrx_word' id='word_1_601' title='bbox 2147 1339 2358 1396; x_wconf 90' lang='lat' dir='ltr'><strong>diverso</strong></span> <span class='ocrx_word' id='word_1_602' title='bbox 2389 1345 2630 1412; x_wconf 86' lang='lat' dir='ltr'><strong>ponenda</strong></span> <span class='ocrx_word' id='word_1_603' title='bbox 2658 1356 2788 1403; x_wconf 82' lang='lat' dir='ltr'><strong>sunt</strong></span> <span class='ocrx_word' id='word_1_604' title='bbox 2815 1347 2899 1403; x_wconf 88' lang='lat' dir='ltr'><strong>his</strong></span> <span class='ocrx_word' id='word_1_605' title='bbox 2923 1350 3011 1418; x_wconf 87' lang='lat' dir='ltr'><strong>qui</strong></span> <span class='ocrx_word' id='word_1_606' title='bbox 3047 1351 3252 1407; x_wconf 87' lang='lat' dir='ltr'><strong>arbitrii</strong></span> <span class='ocrx_word' id='word_1_607' title='bbox 3297 1353 3619 1425; x_wconf 88' lang='lat' dir='ltr'><strong>libertatem,</strong></span> <span class='ocrx_word' id='word_1_608' title='bbox 3649 1357 3742 1415; x_wconf 83' lang='lat' dir='ltr'><strong>vel</strong></span> 
     </span>
    </p>
   </div>
   <div class='ocr_carea' id='block_1_72' title="bbox 2148 1437 3746 1513">
    <p class='ocr_par' dir='ltr' id='par_1_72' title="bbox 2148 1437 3746 1513">
     <span class='ocr_line' id='line_1_72' title="bbox 2148 1437 3746 1513; baseline 0.012 -27"><span class='ocrx_word' id='word_1_609' title='bbox 2148 1447 2272 1511; x_wconf 41' lang='lat' dir='ltr'><strong>non.</strong></span> <span class='ocrx_word' id='word_1_610' title='bbox 2299 1437 2556 1505; x_wconf 86' lang='lat' dir='ltr'><strong>peccandi</strong></span> <span class='ocrx_word' id='word_1_611' title='bbox 2603 1439 3006 1508; x_wconf 85' lang='lat' dir='ltr'><strong>possibilitatem</strong></span> <span class='ocrx_word' id='word_1_612' title='bbox 3051 1442 3296 1513; x_wconf 89' lang='lat' dir='ltr'><strong>imperite</strong></span> <span class='ocrx_word' id='word_1_613' title='bbox 3334 1447 3641 1503; x_wconf 83' lang='lat' dir='ltr'><strong>existimant</strong></span> <span class='ocrx_word' id='word_1_614' title='bbox 3681 1464 3746 1506; x_wconf 75' lang='lat' dir='ltr'><strong>se</strong></span> 
     </span>
    </p>
   </div>
   <div class='ocr_carea' id='block_1_73' title="bbox 2148 1525 3741 1610">
    <p class='ocr_par' dir='ltr' id='par_1_73' title="bbox 2148 1525 3741 1610">
     <span class='ocr_line' id='line_1_73' title="bbox 2148 1525 3741 1610; baseline 0.01 -29"><span class='ocrx_word' id='word_1_615' title='bbox 2148 1525 2541 1596; x_wconf 89' lang='lat' dir='ltr'><strong>Scripturarum</strong></span> <span class='ocrx_word' id='word_1_616' title='bbox 2583 1531 2896 1588; x_wconf 90' lang='lat' dir='ltr'><strong>auctoritate</strong></span> <span class='ocrx_word' id='word_1_617' title='bbox 2941 1547 3098 1603; x_wconf 71' lang='lat' dir='ltr'><strong>passa</strong></span> <span class='ocrx_word' id='word_1_618' title='bbox 3137 1535 3436 1594; x_wconf 89' lang='lat' dir='ltr'><strong>destruere.</strong></span> <span class='ocrx_word' id='word_1_619' title='bbox 3485 1539 3741 1610; x_wconf 86' lang='lat' dir='ltr'><strong>Objicere</strong></span> 
     </span>
    </p>
   </div>
   <div class='ocr_carea' id='block_1_74' title="bbox 2145 1617 3743 1700">
    <p class='ocr_par' dir='ltr' id='par_1_74' title="bbox 2145 1617 3743 1700">
     <span class='ocr_line' id='line_1_74' title="bbox 2145 1617 3743 1700; baseline 0.01 -28"><span class='ocrx_word' id='word_1_620' title='bbox 2145 1617 2288 1672; x_wconf 88' lang='lat' dir='ltr'><strong>enim</strong></span> <span class='ocrx_word' id='word_1_621' title='bbox 2310 1618 2501 1685; x_wconf 90' lang='lat' dir='ltr'><strong>solent,</strong></span> <span class='ocrx_word' id='word_1_622' title='bbox 2533 1639 2551 1672; x_wconf 79' lang='grc' dir='ltr'><strong>ι</strong></span> <span class='ocrx_word' id='word_1_623' title='bbox 2581 1620 2769 1691; x_wconf 88' lang='lat' dir='ltr'><strong>inquit,</strong></span> <span class='ocrx_word' id='word_1_624' title='bbox 2794 1641 2814 1674; x_wconf 72' lang='grc' dir='ltr'><strong><em>ι</em></strong></span> <span class='ocrx_word' id='word_1_625' title='bbox 2843 1624 2984 1694; x_wconf 91' lang='lat' dir='ltr'><strong>quod</strong></span> <span class='ocrx_word' id='word_1_626' title='bbox 3012 1637 3225 1682; x_wconf 87' lang='lat' dir='ltr'><strong>sanctus</strong></span> <span class='ocrx_word' id='word_1_627' title='bbox 3247 1627 3349 1684; x_wconf 82' lang='lat' dir='ltr'><strong>Job</strong></span> <span class='ocrx_word' id='word_1_628' title='bbox 3371 1628 3585 1696; x_wconf 85' lang='lat' dir='ltr'><strong>dixerit,</strong></span> <span class='ocrx_word' id='word_1_629' title='bbox 3609 1631 3743 1700; x_wconf 84' lang='lat' dir='ltr'><strong>Quis</strong></span> 
     </span>
    </p>
   </div>
   <div class='ocr_carea' id='block_1_75' title="bbox 2147 1710 3742 1790">
    <p class='ocr_par' dir='ltr' id='par_1_75' title="bbox 2147 1710 3742 1790">
     <span class='ocr_line' id='line_1_75' title="bbox 2147 1710 3742 1790; baseline 0.01 -26"><span class='ocrx_word' id='word_1_630' title='bbox 2147 1710 2376 1766; x_wconf 83' lang='lat' dir='ltr'><strong>mundus</strong></span> <span class='ocrx_word' id='word_1_631' title='bbox 2405 1722 2486 1766; x_wconf 92' lang='lat' dir='ltr'><strong>est</strong></span> <span class='ocrx_word' id='word_1_632' title='bbox 2513 1727 2542 1764; x_wconf 90' lang='lat' dir='ltr'><strong>a</strong></span> <span class='ocrx_word' id='word_1_633' title='bbox 2576 1714 2834 1782; x_wconf 84' lang='lat' dir='ltr'><strong>peccato?</strong></span> <span class='ocrx_word' id='word_1_634' title='bbox 2874 1714 2984 1771; x_wconf 81' lang='lat' dir='ltr'><strong>Nec</strong></span> <span class='ocrx_word' id='word_1_635' title='bbox 3025 1717 3199 1774; x_wconf 88' lang='lat' dir='ltr'><strong>infans</strong></span> <span class='ocrx_word' id='word_1_636' title='bbox 3220 1761 3236 1787; x_wconf 96' lang='lat'><strong>,</strong></span> <span class='ocrx_word' id='word_1_637' title='bbox 3273 1719 3427 1790; x_wconf 88' lang='lat' dir='ltr'><strong>cujus</strong></span> <span class='ocrx_word' id='word_1_638' title='bbox 3461 1732 3542 1778; x_wconf 92' lang='lat' dir='ltr'><strong>est</strong></span> <span class='ocrx_word' id='word_1_639' title='bbox 3581 1725 3742 1781; x_wconf 86' lang='lat' dir='ltr'><strong>unius</strong></span> 
     </span>
    </p>
   </div>
   <div class='ocr_carea' id='block_1_76' title="bbox 2145 1799 3740 1881">
    <p class='ocr_par' dir='ltr' id='par_1_76' title="bbox 2145 1799 3740 1881">
     <span class='ocr_line' id='line_1_76' title="bbox 2145 1799 3740 1881; baseline 0.011 -28"><span class='ocrx_word' id='word_1_640' title='bbox 2145 1799 2252 1854; x_wconf 89' lang='lat' dir='ltr'><strong>diei</strong></span> <span class='ocrx_word' id='word_1_641' title='bbox 2277 1801 2381 1855; x_wconf 90' lang='lat' dir='ltr'><strong>vita</strong></span> <span class='ocrx_word' id='word_1_642' title='bbox 2404 1817 2567 1871; x_wconf 88' lang='lat' dir='ltr'><strong>super</strong></span> <span class='ocrx_word' id='word_1_643' title='bbox 2584 1811 2780 1859; x_wconf 90' lang='lat' dir='ltr'><strong>terram</strong></span> <span class='ocrx_word' id='word_1_644' title='bbox 2808 1824 2826 1858; x_wconf 73' lang='grc' dir='ltr'><strong><em>ι</em></strong></span> <span class='ocrx_word' id='word_1_645' title='bbox 2860 1804 2978 1878; x_wconf 84' lang='lat' dir='ltr'><strong>(Job</strong></span> <span class='ocrx_word' id='word_1_646' title='bbox 2998 1823 3108 1876; x_wconf 73' lang='grc' dir='ltr'><strong>ιιν,</strong></span> <span class='ocrx_word' id='word_1_647' title='bbox 3127 1809 3183 1875; x_wconf 71' lang='grc'><strong>4,</strong></span> <span class='ocrx_word' id='word_1_648' title='bbox 3201 1826 3300 1864; x_wconf 86' lang='lat' dir='ltr'><strong>sec.</strong></span> <span class='ocrx_word' id='word_1_649' title='bbox 3320 1809 3508 1881; x_wconf 81' lang='lat' dir='ltr'><strong>LXX).</strong></span> <span class='ocrx_word' id='word_1_650' title='bbox 3533 1813 3740 1871; x_wconf 86' lang='lat' dir='ltr'><strong>Deinde</strong></span> 
     </span>
    </p>
   </div>
   <div class='ocr_carea' id='block_1_77' title="bbox 2145 1893 3740 1977">
    <p class='ocr_par' dir='ltr' id='par_1_77' title="bbox 2145 1893 3740 1977">
     <span class='ocr_line' id='line_1_77' title="bbox 2145 1893 3740 1977; baseline 0.012 -34"><span class='ocrx_word' id='word_1_651' title='bbox 2145 1893 2294 1960; x_wconf 91' lang='lat' dir='ltr'><strong>quasi</strong></span> <span class='ocrx_word' id='word_1_652' title='bbox 2323 1893 2609 1962; x_wconf 87' lang='lat' dir='ltr'><strong>respondet</strong></span> <span class='ocrx_word' id='word_1_653' title='bbox 2623 1894 2747 1950; x_wconf 87' lang='lat' dir='ltr'><strong>huic</strong></span> <span class='ocrx_word' id='word_1_654' title='bbox 2765 1897 3071 1954; x_wconf 86' lang='lat' dir='ltr'><strong>testimonio</strong></span> <span class='ocrx_word' id='word_1_655' title='bbox 3090 1901 3208 1957; x_wconf 89' lang='lat' dir='ltr'><strong>aliis</strong></span> <span class='ocrx_word' id='word_1_656' title='bbox 3228 1904 3569 1965; x_wconf 86' lang='lat' dir='ltr'><strong>testimoniis.</strong></span> <span class='ocrx_word' id='word_1_657' title='bbox 3593 1905 3740 1977; x_wconf 86' lang='lat' dir='ltr'><strong>quod</strong></span> 
     </span>
    </p>
   </div>
   <div class='ocr_carea' id='block_1_78' title="bbox 2145 1983 3741 2069">
    <p class='ocr_par' dir='ltr' id='par_1_78' title="bbox 2145 1983 3741 2069">
     <span class='ocr_line' id='line_1_78' title="bbox 2145 1983 3741 2069; baseline 0.011 -32"><span class='ocrx_word' id='word_1_658' title='bbox 2145 1983 2260 2052; x_wconf 90' lang='lat' dir='ltr'><strong>ipse</strong></span> <span class='ocrx_word' id='word_1_659' title='bbox 2286 1983 2387 2039; x_wconf 85' lang='lat' dir='ltr'><strong>Job</strong></span> <span class='ocrx_word' id='word_1_660' title='bbox 2415 1985 2628 2052; x_wconf 83' lang='lat' dir='ltr'><strong>dixerit,</strong></span> <span class='ocrx_word' id='word_1_661' title='bbox 2657 1987 2836 2043; x_wconf 85' lang='lat' dir='ltr'><strong>Justus</strong></span> <span class='ocrx_word' id='word_1_662' title='bbox 2863 1989 3000 2044; x_wconf 87' lang='lat' dir='ltr'><strong>enim</strong></span> <span class='ocrx_word' id='word_1_663' title='bbox 3023 1992 3099 2046; x_wconf 81' lang='lat' dir='ltr'><strong>vir</strong></span> <span class='ocrx_word' id='word_1_664' title='bbox 3127 2003 3173 2047; x_wconf 82' lang='lat' dir='ltr'><strong>et</strong></span> <span class='ocrx_word' id='word_1_665' title='bbox 3201 1994 3309 2050; x_wconf 91' lang='lat' dir='ltr'><strong>sine</strong></span> <span class='ocrx_word' id='word_1_666' title='bbox 3335 1997 3540 2063; x_wconf 83' lang='lat' dir='ltr'><strong>querela</strong></span> <span class='ocrx_word' id='word_1_667' title='bbox 3571 2001 3741 2069; x_wconf 81' lang='lat' dir='ltr'><strong>factus</strong></span> 
     </span>
    </p>
   </div>
   <div class='ocr_carea' id='block_1_79' title="bbox 2143 2077 3738 2160">
    <p class='ocr_par' dir='ltr' id='par_1_79' title="bbox 2143 2077 3738 2160">
     <span class='ocr_line' id='line_1_79' title="bbox 2143 2077 3738 2160; baseline 0.011 -31"><span class='ocrx_word' id='word_1_668' title='bbox 2143 2091 2254 2130; x_wconf 88' lang='lat' dir='ltr'><strong>sum</strong></span> <span class='ocrx_word' id='word_1_669' title='bbox 2281 2080 2333 2130; x_wconf 85' lang='lat' dir='ltr'><strong>in</strong></span> <span class='ocrx_word' id='word_1_670' title='bbox 2362 2077 2581 2132; x_wconf 87' lang='lat' dir='ltr'><strong>derisum</strong></span> <span class='ocrx_word' id='word_1_671' title='bbox 2612 2077 2721 2151; x_wconf 84' lang='lat' dir='ltr'><strong>(Id.</strong></span> <span class='ocrx_word' id='word_1_672' title='bbox 2747 2097 2839 2144; x_wconf 83' lang='lat' dir='ltr'><strong>xu,</strong></span> <span class='ocrx_word' id='word_1_673' title='bbox 2863 2082 2918 2149; x_wconf 76' lang='grc'><strong>4,</strong></span> <span class='ocrx_word' id='word_1_674' title='bbox 2941 2099 3043 2138; x_wconf 84' lang='lat' dir='ltr'><strong>sec.</strong></span> <span class='ocrx_word' id='word_1_675' title='bbox 3073 2083 3263 2157; x_wconf 79' lang='lat' dir='ltr'><strong>LXX).</strong></span> <span class='ocrx_word' id='word_1_676' title='bbox 3293 2085 3409 2142; x_wconf 85' lang='lat' dir='ltr'><strong>Non</strong></span> <span class='ocrx_word' id='word_1_677' title='bbox 3431 2088 3738 2160; x_wconf 83' lang='lat' dir='ltr'><strong>intelligens</strong></span> 
     </span>
    </p>
   </div>
   <div class='ocr_carea' id='block_1_80' title="bbox 2145 2163 3736 2252">
    <p class='ocr_par' dir='ltr' id='par_1_80' title="bbox 2145 2163 3736 2252">
     <span class='ocr_line' id='line_1_80' title="bbox 2145 2163 3736 2252; baseline 0.011 -33"><span class='ocrx_word' id='word_1_678' title='bbox 2145 2182 2304 2236; x_wconf 89' lang='lat' dir='ltr'><strong>posse</strong></span> <span class='ocrx_word' id='word_1_679' title='bbox 2328 2167 2432 2224; x_wconf 90' lang='lat' dir='ltr'><strong>dici</strong></span> <span class='ocrx_word' id='word_1_680' title='bbox 2469 2169 2748 2226; x_wconf 87' lang='lat' dir='ltr'><strong>hominem</strong></span> <span class='ocrx_word' id='word_1_681' title='bbox 2769 2173 2993 2243; x_wconf 88' lang='lat' dir='ltr'><strong>justum,</strong></span> <span class='ocrx_word' id='word_1_682' title='bbox 3035 2177 3124 2246; x_wconf 92' lang='lat' dir='ltr'><strong>qui</strong></span> <span class='ocrx_word' id='word_1_683' title='bbox 3167 2163 3478 2246; x_wconf 81' lang='lat' dir='ltr'><strong>perfectioni</strong></span> <span class='ocrx_word' id='word_1_684' title='bbox 3513 2179 3736 2252; x_wconf 73' lang='lat' dir='ltr'><strong>justitia:</strong></span> 
     </span>
    </p>
   </div>
   <div class='ocr_carea' id='block_1_81' title="bbox 2146 2251 3734 2344">
    <p class='ocr_par' dir='ltr' id='par_1_81' title="bbox 2146 2251 3734 2344">
     <span class='ocr_line' id='line_1_81' title="bbox 2146 2251 3734 2344; baseline 0.012 -33"><span class='ocrx_word' id='word_1_685' title='bbox 2146 2251 2728 2332; x_wconf 35' lang='lat' dir='ltr'><strong>plurimum&#39;accessit,</strong></span> <span class='ocrx_word' id='word_1_686' title='bbox 2770 2264 2843 2319; x_wconf 89' lang='lat' dir='ltr'><strong>ita</strong></span> <span class='ocrx_word' id='word_1_687' title='bbox 2872 2275 2931 2320; x_wconf 92' lang='lat' dir='ltr'><strong>ut</strong></span> <span class='ocrx_word' id='word_1_688' title='bbox 2966 2267 3016 2322; x_wconf 90' lang='lat' dir='ltr'><strong>ei</strong></span> <span class='ocrx_word' id='word_1_689' title='bbox 3057 2269 3328 2338; x_wconf 79' lang='lat' dir='ltr'><strong>proximus</strong></span> <span class='ocrx_word' id='word_1_690' title='bbox 3370 2251 3562 2328; x_wconf 88' lang='lat' dir='ltr'><strong>fieret:</strong></span> <span class='ocrx_word' id='word_1_691' title='bbox 3591 2273 3734 2344; x_wconf 85' lang='lat' dir='ltr'><strong>quod</strong></span> 
     </span>
    </p>
   </div>
   <div class='ocr_carea' id='block_1_82' title="bbox 2143 2351 3734 2433">
    <p class='ocr_par' dir='ltr' id='par_1_82' title="bbox 2143 2351 3734 2433">
     <span class='ocr_line' id='line_1_82' title="bbox 2143 2351 3734 2433; baseline 0.011 -28"><span class='ocrx_word' id='word_1_692' title='bbox 2143 2351 2337 2406; x_wconf 90' lang='lat' dir='ltr'><strong>multos</strong></span> <span class='ocrx_word' id='word_1_693' title='bbox 2363 2353 2523 2408; x_wconf 90' lang='lat' dir='ltr'><strong>etiam</strong></span> <span class='ocrx_word' id='word_1_694' title='bbox 2553 2354 2604 2408; x_wconf 90' lang='lat' dir='ltr'><strong>in</strong></span> <span class='ocrx_word' id='word_1_695' title='bbox 2638 2355 2739 2411; x_wconf 89' lang='lat' dir='ltr'><strong>hac</strong></span> <span class='ocrx_word' id='word_1_696' title='bbox 2761 2355 2866 2412; x_wconf 91' lang='lat' dir='ltr'><strong>vita</strong></span> <span class='ocrx_word' id='word_1_697' title='bbox 2895 2359 3149 2428; x_wconf 88' lang='lat' dir='ltr'><strong>potuisse,</strong></span> <span class='ocrx_word' id='word_1_698' title='bbox 3184 2361 3238 2416; x_wconf 90' lang='lat' dir='ltr'><strong>in</strong></span> <span class='ocrx_word' id='word_1_699' title='bbox 3261 2377 3363 2433; x_wconf 90' lang='lat' dir='ltr'><strong>qua</strong></span> <span class='ocrx_word' id='word_1_700' title='bbox 3385 2379 3448 2420; x_wconf 78' lang='lat' dir='ltr'><strong>es</strong></span> <span class='ocrx_word' id='word_1_701' title='bbox 3469 2363 3576 2422; x_wconf 86' lang='lat' dir='ltr'><strong>fide</strong></span> <span class='ocrx_word' id='word_1_702' title='bbox 3603 2365 3734 2422; x_wconf 83' lang='lat' dir='ltr'><strong>vivi-</strong></span> 
     </span>
    </p>
   </div>
   <div class='ocr_carea' id='block_1_83' title="bbox 2146 2451 2690 2516">
    <p class='ocr_par' dir='ltr' id='par_1_83' title="bbox 2146 2451 2690 2516">
     <span class='ocr_line' id='line_1_83' title="bbox 2146 2451 2690 2516; baseline 0.007 -20"><span class='ocrx_word' id='word_1_703' title='bbox 2146 2451 2251 2507; x_wconf 89' lang='lat' dir='ltr'><strong>tur,</strong></span> <span class='ocrx_word' id='word_1_704' title='bbox 2282 2459 2390 2497; x_wconf 92' lang='lat' dir='ltr'><strong>non</strong></span> <span class='ocrx_word' id='word_1_705' title='bbox 2413 2459 2690 2516; x_wconf 83' lang='lat' dir='ltr'><strong>negamus.</strong></span> 
     </span>
    </p>
   </div>
   <div class='ocr_carea' id='block_1_84' title="bbox 2214 2533 3732 2617">
    <p class='ocr_par' dir='ltr' id='par_1_84' title="bbox 2214 2533 3732 2617">
     <span class='ocr_line' id='line_1_84' title="bbox 2214 2533 3732 2617; baseline 0.012 -30"><span class='ocrx_word' id='word_1_706' title='bbox 2214 2533 2304 2590; x_wconf 67' lang='grc'><strong>24.</strong></span> <span class='ocrx_word' id='word_1_707' title='bbox 2333 2534 2460 2590; x_wconf 82' lang='lat' dir='ltr'><strong>.lloc</strong></span> <span class='ocrx_word' id='word_1_708' title='bbox 2496 2547 2550 2592; x_wconf 91' lang='lat' dir='ltr'><strong>et</strong></span> <span class='ocrx_word' id='word_1_709' title='bbox 2590 2537 2682 2592; x_wconf 90' lang='lat' dir='ltr'><strong>illo</strong></span> <span class='ocrx_word' id='word_1_710' title='bbox 2719 2540 3024 2596; x_wconf 89' lang='lat' dir='ltr'><strong>testimonio</strong></span> <span class='ocrx_word' id='word_1_711' title='bbox 3057 2543 3422 2615; x_wconf 84' lang='lat' dir='ltr'><strong>confirmatur,</strong></span> <span class='ocrx_word' id='word_1_712' title='bbox 3451 2548 3596 2617; x_wconf 88' lang='lat' dir='ltr'><strong>quod</strong></span> <span class='ocrx_word' id='word_1_713' title='bbox 3633 2548 3732 2605; x_wconf 86' lang='lat' dir='ltr'><strong>iste</strong></span> 
     </span>
    </p>
   </div>
   <div class='ocr_carea' id='block_1_85' title="bbox 2141 2629 3844 2698">
    <p class='ocr_par' dir='ltr' id='par_1_85' title="bbox 2141 2629 3844 2698">
     <span class='ocr_line' id='line_1_85' title="bbox 2141 2629 3844 2698; baseline 0.01 -18"><span class='ocrx_word' id='word_1_714' title='bbox 2141 2629 2813 2698; x_wconf 78' lang='lat' dir='ltr'><strong>consequenter&#39;adjuuxit</strong></span> <span class='ocrx_word' id='word_1_715' title='bbox 2854 2632 2922 2685; x_wconf 88' lang='lat' dir='ltr'><strong>ab</strong></span> <span class='ocrx_word' id='word_1_716' title='bbox 2964 2632 3150 2690; x_wconf 86' lang='lat' dir='ltr'><strong>eodem</strong></span> <span class='ocrx_word' id='word_1_717' title='bbox 3193 2633 3294 2691; x_wconf 84' lang='lat' dir='ltr'><strong>Job</strong></span> <span class='ocrx_word' id='word_1_718' title='bbox 3323 2635 3567 2692; x_wconf 89' lang='lat' dir='ltr'><strong>dictum:</strong></span> <span class='ocrx_word' id='word_1_719' title='bbox 3599 2638 3734 2696; x_wconf 86' lang='lat' dir='ltr'><strong>Ecce</strong></span> <span class='ocrx_word' id='word_1_720' title='bbox 3837 2679 3844 2684; x_wconf 85' lang='lat'><strong><em>-</em></strong></span> 
     </span>
    </p>
   </div>
   <div class='ocr_carea' id='block_1_86' title="bbox 2142 2721 3730 2800">
    <p class='ocr_par' dir='ltr' id='par_1_86' title="bbox 2142 2721 3730 2800">
     <span class='ocr_line' id='line_1_86' title="bbox 2142 2721 3730 2800; baseline 0.009 -28"><span class='ocrx_word' id='word_1_721' title='bbox 2142 2733 2232 2789; x_wconf 87' lang='lat' dir='ltr'><strong>ego</strong></span> <span class='ocrx_word' id='word_1_722' title='bbox 2255 2721 2514 2788; x_wconf 72' lang='lat' dir='ltr'><strong>proximus</strong></span> <span class='ocrx_word' id='word_1_723' title='bbox 2535 2737 2647 2775; x_wconf 86' lang='lat' dir='ltr'><strong>sum</strong></span> <span class='ocrx_word' id='word_1_724' title='bbox 2663 2722 2862 2792; x_wconf 88' lang='lat' dir='ltr'><strong>judicio</strong></span> <span class='ocrx_word' id='word_1_725' title='bbox 2883 2741 3012 2792; x_wconf 88' lang='lat' dir='ltr'><strong>meo,</strong></span> <span class='ocrx_word' id='word_1_726' title='bbox 3047 2737 3096 2780; x_wconf 89' lang='lat' dir='ltr'><strong>et</strong></span> <span class='ocrx_word' id='word_1_727' title='bbox 3121 2727 3226 2780; x_wconf 88' lang='lat' dir='ltr'><strong>scio</strong></span> <span class='ocrx_word' id='word_1_728' title='bbox 3253 2729 3373 2797; x_wconf 78' lang='lat' dir='ltr'><strong>quia</strong></span> <span class='ocrx_word' id='word_1_729' title='bbox 3388 2731 3562 2800; x_wconf 87' lang='lat' dir='ltr'><strong>justus</strong></span> <span class='ocrx_word' id='word_1_730' title='bbox 3591 2732 3730 2787; x_wconf 71' lang='lat' dir='ltr'><strong>inre-</strong></span> 
     </span>
    </p>
   </div>
   <div class='ocr_carea' id='block_1_87' title="bbox 2143 2809 3729 2892">
    <p class='ocr_par' dir='ltr' id='par_1_87' title="bbox 2143 2809 3729 2892">
     <span class='ocr_line' id='line_1_87' title="bbox 2143 2809 3729 2892; baseline 0.01 -29"><span class='ocrx_word' id='word_1_731' title='bbox 2143 2811 2258 2864; x_wconf 88' lang='lat' dir='ltr'><strong>niar</strong></span> <span class='ocrx_word' id='word_1_732' title='bbox 2287 2809 2398 2884; x_wconf 91' lang='lat' dir='ltr'><strong>(Id.</strong></span> <span class='ocrx_word' id='word_1_733' title='bbox 2427 2829 2542 2881; x_wconf 81' lang='lat' dir='ltr'><strong>xm,</strong></span> <span class='ocrx_word' id='word_1_734' title='bbox 2577 2815 2665 2880; x_wconf 83' lang='lat' dir='ltr'><strong>l8,</strong></span> <span class='ocrx_word' id='word_1_735' title='bbox 2690 2831 2790 2870; x_wconf 86' lang='lat' dir='ltr'><strong>sec.</strong></span> <span class='ocrx_word' id='word_1_736' title='bbox 2821 2815 3010 2888; x_wconf 83' lang='lat' dir='ltr'><strong>LXX).</strong></span> <span class='ocrx_word' id='word_1_737' title='bbox 3043 2817 3156 2874; x_wconf 84' lang='lat' dir='ltr'><strong>Hoc</strong></span> <span class='ocrx_word' id='word_1_738' title='bbox 3179 2819 3322 2876; x_wconf 90' lang='lat' dir='ltr'><strong>enim</strong></span> <span class='ocrx_word' id='word_1_739' title='bbox 3351 2831 3434 2876; x_wconf 89' lang='lat' dir='ltr'><strong>est</strong></span> <span class='ocrx_word' id='word_1_740' title='bbox 3450 2822 3729 2892; x_wconf 87' lang='lat' dir='ltr'><strong>judicium,</strong></span> 
     </span>
    </p>
   </div>
   <div class='ocr_carea' id='block_1_88' title="bbox 2141 2899 3733 2985">
    <p class='ocr_par' dir='ltr' id='par_1_88' title="bbox 2141 2899 3733 2985">
     <span class='ocr_line' id='line_1_88' title="bbox 2141 2899 3733 2985; baseline 0.009 -28"><span class='ocrx_word' id='word_1_741' title='bbox 2141 2899 2210 2957; x_wconf 91' lang='lat' dir='ltr'><strong>de</strong></span> <span class='ocrx_word' id='word_1_742' title='bbox 2229 2919 2334 2974; x_wconf 91' lang='lat' dir='ltr'><strong>quo</strong></span> <span class='ocrx_word' id='word_1_743' title='bbox 2372 2905 2498 2960; x_wconf 89' lang='lat' dir='ltr'><strong>alibi</strong></span> <span class='ocrx_word' id='word_1_744' title='bbox 2535 2907 2747 2974; x_wconf 90' lang='lat' dir='ltr'><strong>dicitur,</strong></span> <span class='ocrx_word' id='word_1_745' title='bbox 2785 2908 2853 2963; x_wconf 90' lang='lat' dir='ltr'><strong>Et</strong></span> <span class='ocrx_word' id='word_1_746' title='bbox 2896 2910 3070 2964; x_wconf 85' lang='lat' dir='ltr'><strong>educet</strong></span> <span class='ocrx_word' id='word_1_747' title='bbox 3109 2913 3257 2982; x_wconf 80' lang='lat' dir='ltr'><strong>quasi</strong></span> <span class='ocrx_word' id='word_1_748' title='bbox 3285 2914 3453 2968; x_wconf 87' lang='lat' dir='ltr'><strong>lumen</strong></span> <span class='ocrx_word' id='word_1_749' title='bbox 3483 2914 3733 2985; x_wconf 77' lang='lat' dir='ltr'><strong>justitiam</strong></span> 
     </span>
    </p>
   </div>
   <div class='ocr_carea' id='block_1_89' title="bbox 2141 2995 3729 3078">
    <p class='ocr_par' dir='ltr' id='par_1_89' title="bbox 2141 2995 3729 3078">
     <span class='ocr_line' id='line_1_89' title="bbox 2141 2995 3729 3078; baseline 0.009 -30"><span class='ocrx_word' id='word_1_750' title='bbox 2141 3001 2301 3058; x_wconf 86' lang='lat' dir='ltr'><strong>tuam,</strong></span> <span class='ocrx_word' id='word_1_751' title='bbox 2329 3005 2376 3050; x_wconf 88' lang='lat' dir='ltr'><strong>et</strong></span> <span class='ocrx_word' id='word_1_752' title='bbox 2392 2995 2648 3067; x_wconf 86' lang='lat' dir='ltr'><strong>judicium</strong></span> <span class='ocrx_word' id='word_1_753' title='bbox 2690 3009 2830 3053; x_wconf 86' lang='lat' dir='ltr'><strong>tuum</strong></span> <span class='ocrx_word' id='word_1_754' title='bbox 2859 3002 2993 3056; x_wconf 79' lang='lat' dir='ltr'><strong>velut</strong></span> <span class='ocrx_word' id='word_1_755' title='bbox 3030 3003 3286 3058; x_wconf 88' lang='lat' dir='ltr'><strong>meridiem</strong></span> <span class='ocrx_word' id='word_1_756' title='bbox 3327 3004 3498 3075; x_wconf 85' lang='lat' dir='ltr'><strong>(Psal.</strong></span> <span class='ocrx_word' id='word_1_757' title='bbox 3537 3022 3729 3078; x_wconf 74' lang='lat' dir='ltr'><strong>xnin,</strong></span> 
     </span>
    </p>
   </div>
   <div class='ocr_carea' id='block_1_90' title="bbox 2141 3085 3729 3167">
    <p class='ocr_par' dir='ltr' id='par_1_90' title="bbox 2141 3085 3729 3167">
     <span class='ocr_line' id='line_1_90' title="bbox 2141 3085 3729 3167; baseline 0.008 -25"><span class='ocrx_word' id='word_1_758' title='bbox 2141 3085 2219 3153; x_wconf 79' lang='lat'><strong>6).</strong></span> <span class='ocrx_word' id='word_1_759' title='bbox 2247 3087 2485 3158; x_wconf 87' lang='lat' dir='ltr'><strong>Denique</strong></span> <span class='ocrx_word' id='word_1_760' title='bbox 2517 3105 2624 3144; x_wconf 90' lang='lat' dir='ltr'><strong>non</strong></span> <span class='ocrx_word' id='word_1_761' title='bbox 2661 3089 2812 3158; x_wconf 83' lang='lat' dir='ltr'><strong>dixit,</strong></span> <span class='ocrx_word' id='word_1_762' title='bbox 2841 3091 2914 3146; x_wconf 88' lang='lat' dir='ltr'><strong>lbi</strong></span> <span class='ocrx_word' id='word_1_763' title='bbox 2954 3109 3103 3158; x_wconf 88' lang='lat' dir='ltr'><strong>sum;</strong></span> <span class='ocrx_word' id='word_1_764' title='bbox 3151 3095 3267 3160; x_wconf 90' lang='lat' dir='ltr'><strong>sed,</strong></span> <span class='ocrx_word' id='word_1_765' title='bbox 3312 3097 3574 3167; x_wconf 69' lang='lat' dir='ltr'><strong>promimus</strong></span> <span class='ocrx_word' id='word_1_766' title='bbox 3597 3115 3729 3155; x_wconf 83' lang='lat' dir='ltr'><strong>sum.</strong></span> 
     </span>
    </p>
   </div>
   <div class='ocr_carea' id='block_1_91' title="bbox 2140 3171 3732 3263">
    <p class='ocr_par' dir='ltr' id='par_1_91' title="bbox 2140 3171 3732 3263">
     <span class='ocr_line' id='line_1_91' title="bbox 2140 3171 3732 3263; baseline 0.01 -31"><span class='ocrx_word' id='word_1_767' title='bbox 2140 3179 2293 3246; x_wconf 83' lang='lat' dir='ltr'><strong>Quod</strong></span> <span class='ocrx_word' id='word_1_768' title='bbox 2323 3181 2364 3236; x_wconf 89' lang='lat' dir='ltr'><strong>si</strong></span> <span class='ocrx_word' id='word_1_769' title='bbox 2393 3181 2650 3251; x_wconf 83' lang='lat' dir='ltr'><strong>judicium</strong></span> <span class='ocrx_word' id='word_1_770' title='bbox 2677 3171 2830 3238; x_wconf 87' lang='lat' dir='ltr'><strong>suum</strong></span> <span class='ocrx_word' id='word_1_771' title='bbox 2859 3184 2986 3240; x_wconf 91' lang='lat' dir='ltr'><strong>illud</strong></span> <span class='ocrx_word' id='word_1_772' title='bbox 3017 3186 3239 3257; x_wconf 74' lang='lat' dir='ltr'><strong>intelligi</strong></span> <span class='ocrx_word' id='word_1_773' title='bbox 3267 3189 3455 3249; x_wconf 84' lang='lat' dir='ltr'><strong>voluit.</strong></span> <span class='ocrx_word' id='word_1_774' title='bbox 3487 3205 3596 3245; x_wconf 84' lang='lat' dir='ltr'><strong>non</strong></span> <span class='ocrx_word' id='word_1_775' title='bbox 3626 3207 3732 3263; x_wconf 81' lang='lat' dir='ltr'><strong>quo</strong></span> 
     </span>
    </p>
   </div>
   <div class='ocr_carea' id='block_1_92' title="bbox 2141 3269 3736 3353">
    <p class='ocr_par' dir='ltr' id='par_1_92' title="bbox 2141 3269 3736 3353">
     <span class='ocr_line' id='line_1_92' title="bbox 2141 3269 3736 3353; baseline 0.01 -29"><span class='ocrx_word' id='word_1_776' title='bbox 2141 3269 2254 3340; x_wconf 90' lang='lat' dir='ltr'><strong>ipse</strong></span> <span class='ocrx_word' id='word_1_777' title='bbox 2273 3270 2531 3341; x_wconf 88' lang='lat' dir='ltr'><strong>judicabit</strong></span> <span class='ocrx_word' id='word_1_778' title='bbox 2549 3274 2597 3338; x_wconf 77' lang='grc'><strong>²;</strong></span> <span class='ocrx_word' id='word_1_779' title='bbox 2629 3273 2722 3328; x_wconf 90' lang='lat' dir='ltr'><strong>sed</strong></span> <span class='ocrx_word' id='word_1_780' title='bbox 2751 3290 2858 3345; x_wconf 90' lang='lat' dir='ltr'><strong>quo</strong></span> <span class='ocrx_word' id='word_1_781' title='bbox 2888 3275 2940 3330; x_wconf 89' lang='lat' dir='ltr'><strong>in</strong></span> <span class='ocrx_word' id='word_1_782' title='bbox 2977 3275 3083 3332; x_wconf 88' lang='lat' dir='ltr'><strong>fine</strong></span> <span class='ocrx_word' id='word_1_783' title='bbox 3109 3288 3189 3332; x_wconf 92' lang='lat' dir='ltr'><strong>est</strong></span> <span class='ocrx_word' id='word_1_784' title='bbox 3211 3277 3564 3349; x_wconf 87' lang='lat' dir='ltr'><strong>judicandus;</strong></span> <span class='ocrx_word' id='word_1_785' title='bbox 3603 3283 3736 3353; x_wconf 85' lang='lat' dir='ltr'><strong>justi</strong></span> 
     </span>
    </p>
   </div>
   <div class='ocr_carea' id='block_1_93' title="bbox 2141 3363 3734 3440">
    <p class='ocr_par' dir='ltr' id='par_1_93' title="bbox 2141 3363 3734 3440">
     <span class='ocr_line' id='line_1_93' title="bbox 2141 3363 3734 3440; baseline 0.009 -24"><span class='ocrx_word' id='word_1_786' title='bbox 2141 3363 2195 3416; x_wconf 92' lang='lat' dir='ltr'><strong>in</strong></span> <span class='ocrx_word' id='word_1_787' title='bbox 2221 3363 2312 3416; x_wconf 88' lang='lat' dir='ltr'><strong>illo</strong></span> <span class='ocrx_word' id='word_1_788' title='bbox 2331 3363 2532 3432; x_wconf 90' lang='lat' dir='ltr'><strong>judicio</strong></span> <span class='ocrx_word' id='word_1_789' title='bbox 2555 3366 2894 3422; x_wconf 85' lang='lat' dir='ltr'><strong>invenientur</strong></span> <span class='ocrx_word' id='word_1_790' title='bbox 2917 3382 3105 3424; x_wconf 90' lang='lat' dir='ltr'><strong>omnes</strong></span> <span class='ocrx_word' id='word_1_791' title='bbox 3126 3369 3214 3440; x_wconf 90' lang='lat' dir='ltr'><strong>qui</strong></span> <span class='ocrx_word' id='word_1_792' title='bbox 3239 3387 3340 3425; x_wconf 90' lang='lat' dir='ltr'><strong>non</strong></span> <span class='ocrx_word' id='word_1_793' title='bbox 3362 3371 3633 3429; x_wconf 85' lang='lat' dir='ltr'><strong>fallaciter</strong></span> <span class='ocrx_word' id='word_1_794' title='bbox 3649 3373 3734 3430; x_wconf 88' lang='lat' dir='ltr'><strong>di-</strong></span> 
     </span>
    </p>
   </div>
   <div class='ocr_carea' id='block_1_94' title="bbox 2139 3455 3735 3536">
    <p class='ocr_par' dir='ltr' id='par_1_94' title="bbox 2139 3455 3735 3536">
     <span class='ocr_line' id='line_1_94' title="bbox 2139 3455 3735 3536; baseline 0.009 -27"><span class='ocrx_word' id='word_1_795' title='bbox 2139 3463 2286 3522; x_wconf 85' lang='lat' dir='ltr'><strong>cunt,</strong></span> <span class='ocrx_word' id='word_1_796' title='bbox 2319 3455 2526 3510; x_wconf 87' lang='lat' dir='ltr'><strong>Dimitte</strong></span> <span class='ocrx_word' id='word_1_797' title='bbox 2551 3457 2691 3512; x_wconf 89' lang='lat' dir='ltr'><strong>nobis</strong></span> <span class='ocrx_word' id='word_1_798' title='bbox 2721 3459 2888 3515; x_wconf 85' lang='lat' dir='ltr'><strong>debita</strong></span> <span class='ocrx_word' id='word_1_799' title='bbox 2920 3473 3113 3536; x_wconf 81' lang='lat' dir='ltr'><strong>nostra,</strong></span> <span class='ocrx_word' id='word_1_800' title='bbox 3141 3463 3272 3518; x_wconf 82' lang='lat' dir='ltr'><strong>sicut</strong></span> <span class='ocrx_word' id='word_1_801' title='bbox 3308 3475 3356 3520; x_wconf 87' lang='lat' dir='ltr'><strong>et</strong></span> <span class='ocrx_word' id='word_1_802' title='bbox 3390 3483 3483 3522; x_wconf 87' lang='lat' dir='ltr'><strong>nos</strong></span> <span class='ocrx_word' id='word_1_803' title='bbox 3519 3468 3735 3523; x_wconf 83' lang='lat' dir='ltr'><strong>dimitti-</strong></span> 
     </span>
    </p>
   </div>
   <div class='ocr_carea' id='block_1_95' title="bbox 2139 3545 3732 3616">
    <p class='ocr_par' dir='ltr' id='par_1_95' title="bbox 2139 3545 3732 3616">
     <span class='ocr_line' id='line_1_95' title="bbox 2139 3545 3732 3616; baseline 0.012 -19"><span class='ocrx_word' id='word_1_804' title='bbox 2139 3561 2250 3599; x_wconf 87' lang='lat' dir='ltr'><strong>mus</strong></span> <span class='ocrx_word' id='word_1_805' title='bbox 2289 3545 2593 3602; x_wconf 84' lang='lat' dir='ltr'><strong>debitoribus</strong></span> <span class='ocrx_word' id='word_1_806' title='bbox 2631 3552 2834 3606; x_wconf 87' lang='lat' dir='ltr'><strong>nostris.</strong></span> <span class='ocrx_word' id='word_1_807' title='bbox 2871 3552 2975 3608; x_wconf 84' lang='lat' dir='ltr'><strong>Per</strong></span> <span class='ocrx_word' id='word_1_808' title='bbox 3005 3553 3140 3609; x_wconf 86' lang='lat' dir='ltr'><strong>hanc</strong></span> <span class='ocrx_word' id='word_1_809' title='bbox 3184 3556 3328 3611; x_wconf 90' lang='lat' dir='ltr'><strong>enim</strong></span> <span class='ocrx_word' id='word_1_810' title='bbox 3364 3557 3732 3616; x_wconf 87' lang='lat' dir='ltr'><strong>dimissionem</strong></span> 
     </span>
    </p>
   </div>
   <div class='ocr_carea' id='block_1_96' title="bbox 2134 3637 3735 3725">
    <p class='ocr_par' dir='ltr' id='par_1_96' title="bbox 2134 3637 3735 3725">
     <span class='ocr_line' id='line_1_96' title="bbox 2134 3637 3735 3725; baseline 0.012 -34"><span class='ocrx_word' id='word_1_811' title='bbox 2134 3637 2266 3708; x_wconf 91' lang='lat' dir='ltr'><strong>justi</strong></span> <span class='ocrx_word' id='word_1_812' title='bbox 2292 3639 2656 3710; x_wconf 88' lang='lat' dir='ltr'><strong>invenientur;</strong></span> <span class='ocrx_word' id='word_1_813' title='bbox 2693 3661 2759 3700; x_wconf 89' lang='lat' dir='ltr'><strong>eo</strong></span> <span class='ocrx_word' id='word_1_814' title='bbox 2785 3647 2927 3716; x_wconf 91' lang='lat' dir='ltr'><strong>quod</strong></span> <span class='ocrx_word' id='word_1_815' title='bbox 2965 3663 3025 3702; x_wconf 87' lang='lat' dir='ltr'><strong>ea</strong></span> <span class='ocrx_word' id='word_1_816' title='bbox 3056 3665 3174 3718; x_wconf 58' lang='lat' dir='ltr'><strong>quae</strong></span> <span class='ocrx_word' id='word_1_817' title='bbox 3203 3649 3289 3706; x_wconf 85' lang='lat' dir='ltr'><strong>hic</strong></span> <span class='ocrx_word' id='word_1_818' title='bbox 3316 3651 3582 3709; x_wconf 85' lang='lat' dir='ltr'><strong>habebant</strong></span> <span class='ocrx_word' id='word_1_819' title='bbox 3607 3670 3735 3725; x_wconf 86' lang='lat' dir='ltr'><strong>pec-</strong></span> 
     </span>
    </p>
   </div>
   <div class='ocr_carea' id='block_1_97' title="bbox 2139 3734 3730 3814">
    <p class='ocr_par' dir='ltr' id='par_1_97' title="bbox 2139 3734 3730 3814">
     <span class='ocr_line' id='line_1_97' title="bbox 2139 3734 3730 3814; baseline 0.011 -27"><span class='ocrx_word' id='word_1_820' title='bbox 2139 3741 2278 3800; x_wconf 89' lang='lat' dir='ltr'><strong>cata,</strong></span> <span class='ocrx_word' id='word_1_821' title='bbox 2314 3734 2668 3808; x_wconf 85' lang='lat' dir='ltr'><strong>eleemosynis</strong></span> <span class='ocrx_word' id='word_1_822' title='bbox 2710 3737 3020 3796; x_wconf 82' lang='lat' dir='ltr'><strong>deleverunt</strong></span> <span class='ocrx_word' id='word_1_823' title='bbox 3036 3743 3078 3794; x_wconf 81' lang='grc'><strong>².</strong></span> <span class='ocrx_word' id='word_1_824' title='bbox 3111 3742 3265 3798; x_wconf 87' lang='lat' dir='ltr'><strong>Unde</strong></span> <span class='ocrx_word' id='word_1_825' title='bbox 3291 3744 3550 3802; x_wconf 87' lang='lat' dir='ltr'><strong>Dominus</strong></span> <span class='ocrx_word' id='word_1_826' title='bbox 3577 3747 3730 3814; x_wconf 89' lang='lat' dir='ltr'><strong>dicit,</strong></span> 
     </span>
    </p>
   </div>
   <div class='ocr_carea' id='block_1_98' title="bbox 2141 3825 3735 3900">
    <p class='ocr_par' dir='ltr' id='par_1_98' title="bbox 2141 3825 3735 3900">
     <span class='ocr_line' id='line_1_98' title="bbox 2141 3825 3735 3900; baseline 0.011 -21"><span class='ocrx_word' id='word_1_827' title='bbox 2141 3825 2272 3880; x_wconf 88' lang='lat' dir='ltr'><strong>Date</strong></span> <span class='ocrx_word' id='word_1_828' title='bbox 2306 3828 2691 3900; x_wconf 75' lang='lat' dir='ltr'><strong>elemosynam,</strong></span> <span class='ocrx_word' id='word_1_829' title='bbox 2738 3841 2784 3886; x_wconf 87' lang='lat' dir='ltr'><strong>et</strong></span> <span class='ocrx_word' id='word_1_830' title='bbox 2828 3849 2941 3887; x_wconf 86' lang='lat' dir='ltr'><strong>ecce</strong></span> <span class='ocrx_word' id='word_1_831' title='bbox 2982 3836 3152 3888; x_wconf 89' lang='lat' dir='ltr'><strong>omnia</strong></span> <span class='ocrx_word' id='word_1_832' title='bbox 3199 3838 3389 3891; x_wconf 89' lang='lat' dir='ltr'><strong>munda</strong></span> <span class='ocrx_word' id='word_1_833' title='bbox 3431 3849 3548 3894; x_wconf 85' lang='lat' dir='ltr'><strong>sunt</strong></span> <span class='ocrx_word' id='word_1_834' title='bbox 3595 3842 3735 3896; x_wconf 78' lang='lat' dir='ltr'><strong>vobis</strong></span> 
     </span>
    </p>
   </div>
   <div class='ocr_carea' id='block_1_99' title="bbox 2141 3915 3734 4002">
    <p class='ocr_par' dir='ltr' id='par_1_99' title="bbox 2141 3915 3734 4002">
     <span class='ocr_line' id='line_1_99' title="bbox 2141 3915 3734 4002; baseline 0.013 -33"><span class='ocrx_word' id='word_1_835' title='bbox 2141 3915 2272 3991; x_wconf 88' lang='lat' dir='ltr'><strong>(Luc</strong></span> <span class='ocrx_word' id='word_1_836' title='bbox 2310 3935 2388 3982; x_wconf 73' lang='grc' dir='ltr'><strong>χι,</strong></span> <span class='ocrx_word' id='word_1_837' title='bbox 2430 3921 2542 3991; x_wconf 78' lang='grc'><strong>41).</strong></span> <span class='ocrx_word' id='word_1_838' title='bbox 2592 3921 2828 3991; x_wconf 88' lang='lat' dir='ltr'><strong>Denique</strong></span> <span class='ocrx_word' id='word_1_839' title='bbox 2855 3924 2956 3980; x_wconf 87' lang='lat' dir='ltr'><strong>hoc</strong></span> <span class='ocrx_word' id='word_1_840' title='bbox 2983 3926 3190 3981; x_wconf 88' lang='lat' dir='ltr'><strong>dicetur</strong></span> <span class='ocrx_word' id='word_1_841' title='bbox 3219 3929 3379 3998; x_wconf 90' lang='lat' dir='ltr'><strong>justis</strong></span> <span class='ocrx_word' id='word_1_842' title='bbox 3413 3931 3464 3986; x_wconf 89' lang='lat' dir='ltr'><strong>in</strong></span> <span class='ocrx_word' id='word_1_843' title='bbox 3503 3947 3734 4002; x_wconf 85' lang='lat' dir='ltr'><strong>regnum</strong></span> 
     </span>
    </p>
   </div>
   <div class='ocr_carea' id='block_1_100' title="bbox 2139 4010 3738 4084">
    <p class='ocr_par' dir='ltr' id='par_1_100' title="bbox 2139 4010 3738 4084">
     <span class='ocr_line' id='line_1_100' title="bbox 2139 4010 3738 4084; baseline 0.011 -21"><span class='ocrx_word' id='word_1_844' title='bbox 2139 4010 2458 4079; x_wconf 84' lang='lat' dir='ltr'><strong>promissum</strong></span> <span class='ocrx_word' id='word_1_845' title='bbox 2483 4013 2653 4080; x_wconf 88' lang='lat' dir='ltr'><strong>ituris,</strong></span> <span class='ocrx_word' id='word_1_846' title='bbox 2686 4013 2889 4070; x_wconf 86' lang='lat' dir='ltr'><strong>Esurivi</strong></span> <span class='ocrx_word' id='word_1_847' title='bbox 2913 4018 3073 4084; x_wconf 87' lang='lat' dir='ltr'><strong>enim,</strong></span> <span class='ocrx_word' id='word_1_848' title='bbox 3115 4029 3162 4072; x_wconf 88' lang='lat' dir='ltr'><strong>et</strong></span> <span class='ocrx_word' id='word_1_849' title='bbox 3201 4020 3407 4076; x_wconf 84' lang='lat' dir='ltr'><strong>dedistis</strong></span> <span class='ocrx_word' id='word_1_850' title='bbox 3437 4025 3562 4077; x_wconf 86' lang='lat' dir='ltr'><strong>mihi</strong></span> <span class='ocrx_word' id='word_1_851' title='bbox 3587 4041 3738 4080; x_wconf 78' lang='lat' dir='ltr'><strong>inan-</strong></span> 
     </span>
    </p>
   </div>
   <div class='ocr_carea' id='block_1_101' title="bbox 2139 4099 3736 4181">
    <p class='ocr_par' dir='ltr' id='par_1_101' title="bbox 2139 4099 3736 4181">
     <span class='ocr_line' id='line_1_101' title="bbox 2139 4099 3736 4181; baseline 0.013 -29"><span class='ocrx_word' id='word_1_852' title='bbox 2139 4099 2326 4154; x_wconf 83' lang='lat' dir='ltr'><strong>ducare</strong></span> <span class='ocrx_word' id='word_1_853' title='bbox 2367 4099 2576 4172; x_wconf 82' lang='lat' dir='ltr'><strong>(Matth.</strong></span> <span class='ocrx_word' id='word_1_854' title='bbox 2609 4119 2744 4172; x_wconf 77' lang='lat' dir='ltr'><strong>xxv,</strong></span> <span class='ocrx_word' id='word_1_855' title='bbox 2773 4105 2866 4176; x_wconf 75' lang='lat'><strong>&#39;55)</strong></span> <span class='ocrx_word' id='word_1_856' title='bbox 2895 4125 2907 4160; x_wconf 94' lang='lat'>:</span> <span class='ocrx_word' id='word_1_857' title='bbox 2935 4117 3212 4164; x_wconf 63' lang='lat' dir='ltr'><strong>et‘cazlera</strong></span> <span class='ocrx_word' id='word_1_858' title='bbox 3259 4110 3583 4181; x_wconf 85' lang='lat' dir='ltr'><strong>ltujusmodi.</strong></span> <span class='ocrx_word' id='word_1_859' title='bbox 3622 4115 3736 4173; x_wconf 86' lang='lat' dir='ltr'><strong>Sed</strong></span> 
     </span>
    </p>
   </div>
   <div class='ocr_carea' id='block_1_102' title="bbox 2138 4190 3734 4270">
    <p class='ocr_par' dir='ltr' id='par_1_102' title="bbox 2138 4190 3734 4270">
     <span class='ocr_line' id='line_1_102' title="bbox 2138 4190 3734 4270; baseline 0.012 -25"><span class='ocrx_word' id='word_1_860' title='bbox 2138 4190 2280 4245; x_wconf 86' lang='lat' dir='ltr'><strong>aliud</strong></span> <span class='ocrx_word' id='word_1_861' title='bbox 2307 4201 2410 4258; x_wconf 90' lang='lat' dir='ltr'><strong>est,</strong></span> <span class='ocrx_word' id='word_1_862' title='bbox 2439 4207 2559 4248; x_wconf 85' lang='lat' dir='ltr'><strong>esse</strong></span> <span class='ocrx_word' id='word_1_863' title='bbox 2583 4195 2702 4250; x_wconf 91' lang='lat' dir='ltr'><strong>sine</strong></span> <span class='ocrx_word' id='word_1_864' title='bbox 2729 4206 2967 4265; x_wconf 88' lang='lat' dir='ltr'><strong>peccato,</strong></span> <span class='ocrx_word' id='word_1_865' title='bbox 3001 4201 3141 4270; x_wconf 93' lang='lat' dir='ltr'><strong>quod</strong></span> <span class='ocrx_word' id='word_1_866' title='bbox 3172 4202 3238 4257; x_wconf 92' lang='lat' dir='ltr'><strong>de</strong></span> <span class='ocrx_word' id='word_1_867' title='bbox 3265 4203 3380 4259; x_wconf 91' lang='lat' dir='ltr'><strong>solo</strong></span> <span class='ocrx_word' id='word_1_868' title='bbox 3411 4201 3462 4259; x_wconf 81' lang='lat' dir='ltr'><strong>in</strong></span> <span class='ocrx_word' id='word_1_869' title='bbox 3493 4205 3593 4262; x_wconf 84' lang='lat' dir='ltr'><strong>hac</strong></span> <span class='ocrx_word' id='word_1_870' title='bbox 3623 4209 3734 4264; x_wconf 85' lang='lat' dir='ltr'><strong>vita</strong></span> 
     </span>
    </p>
   </div>
   <div class='ocr_carea' id='block_1_103' title="bbox 2139 4279 3735 4371">
    <p class='ocr_par' dir='ltr' id='par_1_103' title="bbox 2139 4279 3735 4371">
     <span class='ocr_line' id='line_1_103' title="bbox 2139 4279 3735 4371; baseline 0.013 -34"><span class='ocrx_word' id='word_1_871' title='bbox 2139 4279 2422 4353; x_wconf 87' lang='lat' dir='ltr'><strong>Unigenito</strong></span> <span class='ocrx_word' id='word_1_872' title='bbox 2446 4282 2644 4339; x_wconf 85' lang='lat' dir='ltr'><strong>dictum</strong></span> <span class='ocrx_word' id='word_1_873' title='bbox 2674 4297 2782 4354; x_wconf 83' lang='lat' dir='ltr'><strong>cst;</strong></span> <span class='ocrx_word' id='word_1_874' title='bbox 2808 4283 2959 4344; x_wconf 85' lang='lat' dir='ltr'><strong>aliud</strong></span> <span class='ocrx_word' id='word_1_875' title='bbox 2981 4333 2996 4358; x_wconf 93' lang='lat'><strong>,</strong></span> <span class='ocrx_word' id='word_1_876' title='bbox 3025 4307 3143 4347; x_wconf 89' lang='lat' dir='ltr'><strong>esse</strong></span> <span class='ocrx_word' id='word_1_877' title='bbox 3173 4295 3290 4350; x_wconf 88' lang='lat' dir='ltr'><strong>sine</strong></span> <span class='ocrx_word' id='word_1_878' title='bbox 3316 4299 3553 4366; x_wconf 86' lang='lat' dir='ltr'><strong>querela,</strong></span> <span class='ocrx_word' id='word_1_879' title='bbox 3583 4301 3735 4371; x_wconf 88' lang='lat' dir='ltr'><strong>quod</strong></span> 
     </span>
    </p>
   </div>
   <div class='ocr_carea' id='block_1_104' title="bbox 2137 4369 3734 4460">
    <p class='ocr_par' dir='ltr' id='par_1_104' title="bbox 2137 4369 3734 4460">
     <span class='ocr_line' id='line_1_104' title="bbox 2137 4369 3734 4460; baseline 0.015 -36"><span class='ocrx_word' id='word_1_880' title='bbox 2137 4369 2206 4426; x_wconf 85' lang='lat' dir='ltr'><strong>de</strong></span> <span class='ocrx_word' id='word_1_881' title='bbox 2229 4372 2406 4428; x_wconf 90' lang='lat' dir='ltr'><strong>multis</strong></span> <span class='ocrx_word' id='word_1_882' title='bbox 2423 4371 2588 4444; x_wconf 85' lang='lat' dir='ltr'><strong>justis</strong></span> <span class='ocrx_word' id='word_1_883' title='bbox 2608 4373 2766 4431; x_wconf 86' lang='lat' dir='ltr'><strong>etiam</strong></span> <span class='ocrx_word' id='word_1_884' title='bbox 2791 4378 2842 4432; x_wconf 89' lang='lat' dir='ltr'><strong>in</strong></span> <span class='ocrx_word' id='word_1_885' title='bbox 2867 4378 2966 4436; x_wconf 86' lang='lat' dir='ltr'><strong>bac</strong></span> <span class='ocrx_word' id='word_1_886' title='bbox 2989 4382 3094 4437; x_wconf 87' lang='lat' dir='ltr'><strong>vita</strong></span> <span class='ocrx_word' id='word_1_887' title='bbox 3117 4383 3218 4440; x_wconf 88' lang='lat' dir='ltr'><strong>dici</strong></span> <span class='ocrx_word' id='word_1_888' title='bbox 3241 4388 3408 4454; x_wconf 90' lang='lat' dir='ltr'><strong>p0tuit</strong></span> <span class='ocrx_word' id='word_1_889' title='bbox 3436 4407 3449 4442; x_wconf 90' lang='lat'>:</span> <span class='ocrx_word' id='word_1_890' title='bbox 3477 4369 3734 4460; x_wconf 63' lang='lat' dir='ltr'><strong>quoniam</strong></span> 
     </span>
    </p>
   </div>
   <div class='ocr_carea' id='block_1_105' title="bbox 2138 4464 3736 4546">
    <p class='ocr_par' dir='ltr' id='par_1_105' title="bbox 2138 4464 3736 4546">
     <span class='ocr_line' id='line_1_105' title="bbox 2138 4464 3736 4546; baseline 0.015 -30"><span class='ocrx_word' id='word_1_891' title='bbox 2138 4471 2221 4516; x_wconf 88' lang='lat' dir='ltr'><strong>est</strong></span> <span class='ocrx_word' id='word_1_892' title='bbox 2247 4464 2460 4533; x_wconf 88' lang='lat' dir='ltr'><strong>quidam</strong></span> <span class='ocrx_word' id='word_1_893' title='bbox 2489 4467 2677 4524; x_wconf 89' lang='lat' dir='ltr'><strong>modus</strong></span> <span class='ocrx_word' id='word_1_894' title='bbox 2709 4469 2862 4526; x_wconf 75' lang='lat' dir='ltr'><strong>bona:</strong></span> <span class='ocrx_word' id='word_1_895' title='bbox 2881 4471 3037 4538; x_wconf 66' lang='lat' dir='ltr'><strong>vitae,</strong></span> <span class='ocrx_word' id='word_1_896' title='bbox 3079 4473 3146 4529; x_wconf 87' lang='lat' dir='ltr'><strong>de</strong></span> <span class='ocrx_word' id='word_1_897' title='bbox 3173 4491 3280 4546; x_wconf 92' lang='lat' dir='ltr'><strong>quo</strong></span> <span class='ocrx_word' id='word_1_898' title='bbox 3317 4479 3476 4535; x_wconf 86' lang='lat' dir='ltr'><strong>etiam</strong></span> <span class='ocrx_word' id='word_1_899' title='bbox 3521 4481 3575 4537; x_wconf 87' lang='lat' dir='ltr'><strong>in</strong></span> <span class='ocrx_word' id='word_1_900' title='bbox 3625 4482 3736 4539; x_wconf 77' lang='lat' dir='ltr'><strong>ista</strong></span> 
     </span>
    </p>
   </div>
   <div class='ocr_carea' id='block_1_106' title="bbox 2137 4555 3734 4644">
    <p class='ocr_par' dir='ltr' id='par_1_106' title="bbox 2137 4555 3734 4644">
     <span class='ocr_line' id='line_1_106' title="bbox 2137 4555 3734 4644; baseline 0.014 -34"><span class='ocrx_word' id='word_1_901' title='bbox 2137 4555 2368 4613; x_wconf 85' lang='lat' dir='ltr'><strong>humana</strong></span> <span class='ocrx_word' id='word_1_902' title='bbox 2399 4563 2824 4629; x_wconf 88' lang='lat' dir='ltr'><strong>conversatione,</strong></span> <span class='ocrx_word' id='word_1_903' title='bbox 2849 4564 2988 4634; x_wconf 87' lang='lat' dir='ltr'><strong>justa</strong></span> <span class='ocrx_word' id='word_1_904' title='bbox 3017 4568 3231 4637; x_wconf 84' lang='lat' dir='ltr'><strong>querela</strong></span> <span class='ocrx_word' id='word_1_905' title='bbox 3257 4585 3378 4627; x_wconf 88' lang='lat' dir='ltr'><strong>esse</strong></span> <span class='ocrx_word' id='word_1_906' title='bbox 3403 4569 3508 4628; x_wconf 85' lang='lat' dir='ltr'><strong>non</strong></span> <span class='ocrx_word' id='word_1_907' title='bbox 3537 4576 3734 4644; x_wconf 81' lang='lat' dir='ltr'><strong>possit.</strong></span> 
     </span>
    </p>
   </div>
   <div class='ocr_carea' id='block_1_107' title="bbox 2137 4648 3739 4734">
    <p class='ocr_par' dir='ltr' id='par_1_107' title="bbox 2137 4648 3739 4734">
     <span class='ocr_line' id='line_1_107' title="bbox 2137 4648 3739 4734; baseline 0.016 -33"><span class='ocrx_word' id='word_1_908' title='bbox 2137 4648 2266 4716; x_wconf 89' lang='lat' dir='ltr'><strong>Quis</strong></span> <span class='ocrx_word' id='word_1_909' title='bbox 2289 4651 2430 4706; x_wconf 90' lang='lat' dir='ltr'><strong>enim</strong></span> <span class='ocrx_word' id='word_1_910' title='bbox 2454 4651 2597 4722; x_wconf 86' lang='lat' dir='ltr'><strong>juste</strong></span> <span class='ocrx_word' id='word_1_911' title='bbox 2619 4655 2864 4724; x_wconf 87' lang='lat' dir='ltr'><strong>queritur</strong></span> <span class='ocrx_word' id='word_1_912' title='bbox 2890 4657 2958 4713; x_wconf 88' lang='lat' dir='ltr'><strong>de</strong></span> <span class='ocrx_word' id='word_1_913' title='bbox 2987 4658 3204 4717; x_wconf 88' lang='lat' dir='ltr'><strong>homine</strong></span> <span class='ocrx_word' id='word_1_914' title='bbox 3230 4665 3320 4734; x_wconf 90' lang='lat' dir='ltr'><strong>qui</strong></span> <span class='ocrx_word' id='word_1_915' title='bbox 3359 4665 3558 4722; x_wconf 89' lang='lat' dir='ltr'><strong>nemini</strong></span> <span class='ocrx_word' id='word_1_916' title='bbox 3585 4669 3739 4727; x_wconf 78' lang='lat' dir='ltr'><strong>male</strong></span> 
     </span>
    </p>
   </div>
   <div class='ocr_carea' id='block_1_108' title="bbox 2136 4743 3740 4822">
    <p class='ocr_par' dir='ltr' id='par_1_108' title="bbox 2136 4743 3740 4822">
     <span class='ocr_line' id='line_1_108' title="bbox 2136 4743 3740 4822; baseline 0.014 -25"><span class='ocrx_word' id='word_1_917' title='bbox 2136 4743 2269 4809; x_wconf 86' lang='lat' dir='ltr'><strong>vult,</strong></span> <span class='ocrx_word' id='word_1_918' title='bbox 2301 4753 2353 4799; x_wconf 85' lang='lat' dir='ltr'><strong>et</strong></span> <span class='ocrx_word' id='word_1_919' title='bbox 2372 4747 2562 4816; x_wconf 90' lang='lat' dir='ltr'><strong>quibus</strong></span> <span class='ocrx_word' id='word_1_920' title='bbox 2589 4757 2762 4817; x_wconf 89' lang='lat' dir='ltr'><strong>potest</strong></span> <span class='ocrx_word' id='word_1_921' title='bbox 2788 4750 3013 4807; x_wconf 88' lang='lat' dir='ltr'><strong>fideliter</strong></span> <span class='ocrx_word' id='word_1_922' title='bbox 3031 4755 3275 4822; x_wconf 88' lang='lat' dir='ltr'><strong>consulit,</strong></span> <span class='ocrx_word' id='word_1_923' title='bbox 3301 4773 3402 4814; x_wconf 89' lang='lat' dir='ltr'><strong>nec</strong></span> <span class='ocrx_word' id='word_1_924' title='bbox 3425 4769 3611 4816; x_wconf 86' lang='lat' dir='ltr'><strong>contra</strong></span> <span class='ocrx_word' id='word_1_925' title='bbox 3635 4777 3740 4820; x_wconf 77' lang='lat' dir='ltr'><strong>cu-</strong></span> 
     </span>
    </p>
   </div>
   <div class='ocr_carea' id='block_1_109' title="bbox 2133 4833 3733 4919">
    <p class='ocr_par' dir='ltr' id='par_1_109' title="bbox 2133 4833 3733 4919">
     <span class='ocr_line' id='line_1_109' title="bbox 2133 4833 3733 4919; baseline 0.014 -31"><span class='ocrx_word' id='word_1_926' title='bbox 2133 4833 2380 4906; x_wconf 88' lang='lat' dir='ltr'><strong>jusquam</strong></span> <span class='ocrx_word' id='word_1_927' title='bbox 2413 4838 2630 4908; x_wconf 88' lang='lat' dir='ltr'><strong>injurias</strong></span> <span class='ocrx_word' id='word_1_928' title='bbox 2661 4849 2803 4895; x_wconf 91' lang='lat' dir='ltr'><strong>tenet</strong></span> <span class='ocrx_word' id='word_1_929' title='bbox 2827 4843 3100 4900; x_wconf 88' lang='lat' dir='ltr'><strong>libidinem</strong></span> <span class='ocrx_word' id='word_1_930' title='bbox 3131 4848 3453 4919; x_wconf 85' lang='lat' dir='ltr'><strong>vindicandi,</strong></span> <span class='ocrx_word' id='word_1_931' title='bbox 3487 4861 3544 4907; x_wconf 91' lang='lat' dir='ltr'><strong>ut</strong></span> <span class='ocrx_word' id='word_1_932' title='bbox 3564 4869 3733 4911; x_wconf 78' lang='lat' dir='ltr'><strong>vera-</strong></span> 
     </span>
    </p>
   </div>
   <div class='ocr_carea' id='block_1_110' title="bbox 2137 4927 3734 5003">
    <p class='ocr_par' dir='ltr' id='par_1_110' title="bbox 2137 4927 3734 5003">
     <span class='ocr_line' id='line_1_110' title="bbox 2137 4927 3734 5003; baseline 0.012 -21"><span class='ocrx_word' id='word_1_933' title='bbox 2137 4927 2269 4982; x_wconf 90' lang='lat' dir='ltr'><strong>citer</strong></span> <span class='ocrx_word' id='word_1_934' title='bbox 2296 4928 2457 4996; x_wconf 87' lang='lat' dir='ltr'><strong>dicat,</strong></span> <span class='ocrx_word' id='word_1_935' title='bbox 2485 4931 2628 4984; x_wconf 90' lang='lat' dir='ltr'><strong>Sicut</strong></span> <span class='ocrx_word' id='word_1_936' title='bbox 2655 4940 2702 4984; x_wconf 87' lang='lat' dir='ltr'><strong>et</strong></span> <span class='ocrx_word' id='word_1_937' title='bbox 2729 4949 2822 4987; x_wconf 88' lang='lat' dir='ltr'><strong>nos</strong></span> <span class='ocrx_word' id='word_1_938' title='bbox 2853 4933 3149 4991; x_wconf 80' lang='lat' dir='ltr'><strong>dimittimus</strong></span> <span class='ocrx_word' id='word_1_939' title='bbox 3181 4939 3485 4998; x_wconf 77' lang='lat' dir='ltr'><strong>debitoribus</strong></span> <span class='ocrx_word' id='word_1_940' title='bbox 3517 4947 3734 5003; x_wconf 78' lang='lat' dir='ltr'><strong>nostris.</strong></span> 
     </span>
    </p>
   </div>
   <div class='ocr_carea' id='block_1_111' title="bbox 2139 5017 3742 5099">
    <p class='ocr_par' dir='ltr' id='par_1_111' title="bbox 2139 5017 3742 5099">
     <span class='ocr_line' id='line_1_111' title="bbox 2139 5017 3742 5099; baseline 0.013 -25"><span class='ocrx_word' id='word_1_941' title='bbox 2139 5020 2205 5075; x_wconf 86' lang='lat' dir='ltr'><strong>Et</strong></span> <span class='ocrx_word' id='word_1_942' title='bbox 2237 5017 2409 5076; x_wconf 82' lang='lat' dir='ltr'><strong>tamen</strong></span> <span class='ocrx_word' id='word_1_943' title='bbox 2441 5024 2660 5094; x_wconf 87' lang='lat' dir='ltr'><strong>eo-ipso</strong></span> <span class='ocrx_word' id='word_1_944' title='bbox 2687 5025 2829 5094; x_wconf 90' lang='lat' dir='ltr'><strong>quod</strong></span> <span class='ocrx_word' id='word_1_945' title='bbox 2859 5042 3043 5084; x_wconf 88' lang='lat' dir='ltr'><strong>verum</strong></span> <span class='ocrx_word' id='word_1_946' title='bbox 3067 5029 3224 5095; x_wconf 89' lang='lat' dir='ltr'><strong>dicit,</strong></span> <span class='ocrx_word' id='word_1_947' title='bbox 3258 5031 3491 5099; x_wconf 87' lang='lat' dir='ltr'><strong>Dimitte,</strong></span> <span class='ocrx_word' id='word_1_948' title='bbox 3523 5036 3742 5094; x_wconf 74' lang='lat' dir='ltr'><strong>sicutet</strong></span> 
     </span>
    </p>
   </div>
   <div class='ocr_carea' id='block_1_112' title="bbox 2139 5113 3616 5189">
    <p class='ocr_par' dir='ltr' id='par_1_112' title="bbox 2139 5113 3616 5189">
     <span class='ocr_line' id='line_1_112' title="bbox 2139 5113 3616 5189; baseline 0.013 -24"><span class='ocrx_word' id='word_1_949' title='bbox 2139 5127 2230 5165; x_wconf 81' lang='lat' dir='ltr'><strong>nos</strong></span> <span class='ocrx_word' id='word_1_950' title='bbox 2249 5113 2580 5180; x_wconf 81' lang='lat' dir='ltr'><strong>dimittimus;</strong></span> <span class='ocrx_word' id='word_1_951' title='bbox 2605 5117 2722 5172; x_wconf 91' lang='lat' dir='ltr'><strong>sine</strong></span> <span class='ocrx_word' id='word_1_952' title='bbox 2751 5128 2972 5189; x_wconf 88' lang='lat' dir='ltr'><strong>peccato</strong></span> <span class='ocrx_word' id='word_1_953' title='bbox 2999 5135 3058 5176; x_wconf 90' lang='lat' dir='ltr'><strong>se</strong></span> <span class='ocrx_word' id='word_1_954' title='bbox 3081 5138 3186 5178; x_wconf 89' lang='lat' dir='ltr'><strong>non</strong></span> <span class='ocrx_word' id='word_1_955' title='bbox 3215 5139 3336 5180; x_wconf 89' lang='lat' dir='ltr'><strong>esse</strong></span> <span class='ocrx_word' id='word_1_956' title='bbox 3359 5113 3616 5184; x_wconf 70' lang='lat' dir='ltr'><strong>declarat.</strong></span> 
     </span>
    </p>
   </div>
   <div class='ocr_carea' id='block_1_113' title="bbox 2209 5204 3736 5281">
    <p class='ocr_par' dir='ltr' id='par_1_113' title="bbox 2209 5204 3736 5281">
     <span class='ocr_line' id='line_1_113' title="bbox 2209 5204 3736 5281; baseline 0.012 -22"><span class='ocrx_word' id='word_1_957' title='bbox 2209 5204 2300 5261; x_wconf 81' lang='grc'><strong>25.</strong></span> <span class='ocrx_word' id='word_1_958' title='bbox 2341 5205 2466 5261; x_wconf 86' lang='lat' dir='ltr'><strong>Inde</strong></span> <span class='ocrx_word' id='word_1_959' title='bbox 2495 5217 2578 5263; x_wconf 91' lang='lat' dir='ltr'><strong>est</strong></span> <span class='ocrx_word' id='word_1_960' title='bbox 2605 5209 2746 5279; x_wconf 89' lang='lat' dir='ltr'><strong>quod</strong></span> <span class='ocrx_word' id='word_1_961' title='bbox 2775 5210 2922 5278; x_wconf 91' lang='lat' dir='ltr'><strong>dicit,</strong></span> <span class='ocrx_word' id='word_1_962' title='bbox 2956 5209 3107 5267; x_wconf 86' lang='lat' dir='ltr'><strong>Nihil</strong></span> <span class='ocrx_word' id='word_1_963' title='bbox 3147 5215 3374 5281; x_wconf 82' lang='lat' dir='ltr'><strong>iniquum</strong></span> <span class='ocrx_word' id='word_1_964' title='bbox 3401 5227 3508 5272; x_wconf 86' lang='lat' dir='ltr'><strong>erat</strong></span> <span class='ocrx_word' id='word_1_965' title='bbox 3529 5219 3586 5274; x_wconf 87' lang='lat' dir='ltr'><strong>in</strong></span> <span class='ocrx_word' id='word_1_966' title='bbox 3611 5238 3736 5276; x_wconf 85' lang='lat' dir='ltr'><strong>ma-</strong></span> 
     </span>
    </p>
   </div>
   <div class='ocr_carea' id='block_1_114' title="bbox 2138 5297 3740 5383">
    <p class='ocr_par' dir='ltr' id='par_1_114' title="bbox 2138 5297 3740 5383">
     <span class='ocr_line' id='line_1_114' title="bbox 2138 5297 3740 5383; baseline 0.012 -31"><span class='ocrx_word' id='word_1_967' title='bbox 2138 5297 2284 5352; x_wconf 87' lang='lat' dir='ltr'><strong>nibus</strong></span> <span class='ocrx_word' id='word_1_968' title='bbox 2331 5299 2472 5364; x_wconf 82' lang='lat' dir='ltr'><strong>meis,</strong></span> <span class='ocrx_word' id='word_1_969' title='bbox 2495 5299 2585 5353; x_wconf 87' lang='lat' dir='ltr'><strong>sed</strong></span> <span class='ocrx_word' id='word_1_970' title='bbox 2605 5301 2792 5356; x_wconf 86' lang='lat' dir='ltr'><strong>munda</strong></span> <span class='ocrx_word' id='word_1_971' title='bbox 2814 5303 2974 5358; x_wconf 89' lang='lat' dir='ltr'><strong>oratio</strong></span> <span class='ocrx_word' id='word_1_972' title='bbox 2999 5320 3108 5359; x_wconf 86' lang='lat' dir='ltr'><strong>mea</strong></span> <span class='ocrx_word' id='word_1_973' title='bbox 3135 5305 3276 5375; x_wconf 88' lang='lat' dir='ltr'><strong>(Job.</strong></span> <span class='ocrx_word' id='word_1_974' title='bbox 3305 5324 3410 5372; x_wconf 76' lang='lat' dir='ltr'><strong>xw.</strong></span> <span class='ocrx_word' id='word_1_975' title='bbox 3443 5309 3556 5383; x_wconf 74' lang='grc'><strong>18).</strong></span> <span class='ocrx_word' id='word_1_976' title='bbox 3587 5311 3740 5372; x_wconf 82' lang='lat' dir='ltr'><strong>Hinc</strong></span> 
     </span>
    </p>
   </div>
   <div class='ocr_carea' id='block_1_115' title="bbox 2139 5391 3770 5480">
    <p class='ocr_par' dir='ltr' id='par_1_115' title="bbox 2139 5391 3770 5480">
     <span class='ocr_line' id='line_1_115' title="bbox 2139 5391 3770 5480; baseline 0.011 -35"><span class='ocrx_word' id='word_1_977' title='bbox 2139 5391 2281 5445; x_wconf 86' lang='lat' dir='ltr'><strong>enim</strong></span> <span class='ocrx_word' id='word_1_978' title='bbox 2311 5399 2425 5446; x_wconf 91' lang='lat' dir='ltr'><strong>erat</strong></span> <span class='ocrx_word' id='word_1_979' title='bbox 2452 5393 2646 5448; x_wconf 89' lang='lat' dir='ltr'><strong>munda</strong></span> <span class='ocrx_word' id='word_1_980' title='bbox 2675 5397 2866 5462; x_wconf 90' lang='lat' dir='ltr'><strong>oratio,</strong></span> <span class='ocrx_word' id='word_1_981' title='bbox 2892 5398 3012 5470; x_wconf 89' lang='lat' dir='ltr'><strong>quia</strong></span> <span class='ocrx_word' id='word_1_982' title='bbox 3041 5398 3250 5455; x_wconf 88' lang='lat' dir='ltr'><strong>veniam</strong></span> <span class='ocrx_word' id='word_1_983' title='bbox 3273 5416 3378 5458; x_wconf 89' lang='lat' dir='ltr'><strong>non</strong></span> <span class='ocrx_word' id='word_1_984' title='bbox 3407 5403 3606 5475; x_wconf 86' lang='lat' dir='ltr'><strong>injuste</strong></span> <span class='ocrx_word' id='word_1_985' title='bbox 3637 5424 3770 5480; x_wconf 84' lang='lat' dir='ltr'><strong>pe--</strong></span> 
     </span>
    </p>
   </div>
   <div class='ocr_carea' id='block_1_116' title="bbox 2139 5481 2904 5552">
    <p class='ocr_par' dir='ltr' id='par_1_116' title="bbox 2139 5481 2904 5552">
     <span class='ocr_line' id='line_1_116' title="bbox 2139 5481 2904 5552; baseline 0.008 -16"><span class='ocrx_word' id='word_1_986' title='bbox 2139 5481 2303 5548; x_wconf 82' lang='lat' dir='ltr'><strong>tebat,</strong></span> <span class='ocrx_word' id='word_1_987' title='bbox 2331 5483 2420 5552; x_wconf 88' lang='lat' dir='ltr'><strong>qui</strong></span> <span class='ocrx_word' id='word_1_988' title='bbox 2447 5485 2707 5541; x_wconf 87' lang='lat' dir='ltr'><strong>veraciter</strong></span> <span class='ocrx_word' id='word_1_989' title='bbox 2727 5486 2904 5542; x_wconf 88' lang='lat' dir='ltr'><strong>dabat.</strong></span> 
     </span>
    </p>
   </div>
   <div class='ocr_carea' id='block_1_117' title="bbox 2205 5682 2942 5746">
    <p class='ocr_par' dir='ltr' id='par_1_117' title="bbox 2205 5682 2942 5746">
     <span class='ocr_line' id='line_1_117' title="bbox 2205 5682 2942 5746; baseline 0.011 -15"><span class='ocrx_word' id='word_1_990' title='bbox 2205 5683 2221 5713; x_wconf 85' lang='grc'>¹</span> <span class='ocrx_word' id='word_1_991' title='bbox 2242 5682 2314 5746; x_wconf 75' lang='lat' dir='ltr'><strong>sic</strong></span> <span class='ocrx_word' id='word_1_992' title='bbox 2335 5687 2441 5746; x_wconf 76' lang='lat' dir='ltr'><strong>Mss.</strong></span> <span class='ocrx_word' id='word_1_993' title='bbox 2469 5689 2524 5732; x_wconf 79' lang='lat' dir='ltr'><strong>At</strong></span> <span class='ocrx_word' id='word_1_994' title='bbox 2538 5684 2674 5740; x_wconf 86' lang='lat' dir='ltr'><strong>editi,</strong></span> <span class='ocrx_word' id='word_1_995' title='bbox 2685 5683 2942 5746; x_wconf 81' lang='lat' dir='ltr'><strong>judicavit.</strong></span> 
     </span>
    </p>
   </div>
   <div class='ocr_carea' id='block_1_118' title="bbox 2203 5741 3744 5830">
    <p class='ocr_par' dir='ltr' id='par_1_118' title="bbox 2203 5741 3744 5830">
     <span class='ocr_line' id='line_1_118' title="bbox 2203 5741 3744 5830; baseline 0.016 -41"><span class='ocrx_word' id='word_1_996' title='bbox 2203 5741 2466 5830; x_wconf 41' lang='lat' dir='ltr'><strong>fﬁeri-qi?</strong></span> <span class='ocrx_word' id='word_1_997' title='bbox 2475 5741 2854 5830; x_wconf 46' lang='lat' dir='ltr'><strong>ﬁsslqttod</strong></span> <span class='ocrx_word' id='word_1_998' title='bbox 2891 5763 2950 5802; x_wconf 86' lang='lat' dir='ltr'><strong>ea</strong></span> <span class='ocrx_word' id='word_1_999' title='bbox 2970 5763 3081 5816; x_wconf 76' lang='lat' dir='ltr'><strong>qtae</strong></span> <span class='ocrx_word' id='word_1_1000' title='bbox 3116 5751 3196 5804; x_wconf 81' lang='lat' dir='ltr'><strong>hic</strong></span> <span class='ocrx_word' id='word_1_1001' title='bbox 3234 5751 3469 5808; x_wconf 74' lang='lat' dir='ltr'><strong>habebant</strong></span> <span class='ocrx_word' id='word_1_1002' title='bbox 3503 5765 3744 5830; x_wconf 61' lang='lat' dir='ltr'><strong>pecua,</strong></span> 
     </span>
    </p>
   </div>
   <div class='ocr_carea' id='block_1_119' title="bbox 2140 5805 2734 5872">
    <p class='ocr_par' dir='ltr' id='par_1_119' title="bbox 2140 5805 2734 5872">
     <span class='ocr_line' id='line_1_119' title="bbox 2140 5805 2734 5872; baseline 0 -14"><span class='ocrx_word' id='word_1_1003' title='bbox 2140 5805 2446 5872; x_wconf 77' lang='lat' dir='ltr'><strong>eleemosynis</strong></span> <span class='ocrx_word' id='word_1_1004' title='bbox 2471 5806 2734 5860; x_wconf 70' lang='lat' dir='ltr'><strong>dilacerant.</strong></span> 
     </span>
    </p>
   </div>
  </div>
