3984 6526
233 388 328 446 ωε,
1110 383 1197 441 DE
1234 382 1716 442 PERFECTIONE
1753 383 2080 444 JUSTITLE
2122 387 2396 450 HOMINlS
2432 393 2656 452 LIBER.

295 500 386 559 ιθ.
424 498 495 558 Et
521 498 683 572 quod
724 502 867 560 dicit
903 501 972 559 de
1001 499 1469 566 Domino,-Multas
1495 502 1626 555 enim
1664 501 1856 556 contri-

241 599 388 654 tiones
431 610 572 649 meas
618 596 753 666 fecit
804 598 915 651 sine
963 611 1117 650 causa
1142 593 1282 666 (Job.
1315 609 1391 661 ιι,
1439 593 1528 666 17)
1563 612 1575 648 :
1607 609 1710 648 non
1743 593 1854 662 ait,

240 690 416 747 Nullas
442 686 574 742 fecit
616 702 753 742 cum
787 703 986 753 causa;
1015 687 1130 750 sed,
1158 685 1343 740 multas
1368 686 1476 739 sine
1513 701 1686 739 causa.
1742 683 1858 740 Non

240 784 378 840 enim
403 790 628 852 promer
659 782 837 836 multa
870 788 1086 853 peccata
1116 778 1233 848 ejus
1264 778 1417 834 facta:
1445 788 1568 834 sunt
1590 779 1636 834 ei
1677 779 1859 834 multa:

235 878 613 939 contritiones,
640 875 741 931 sed
762 885 986 948 propter
1010 873 1378 944 probationem
1398 873 1687 944 patientiae.
1723 872 1856 928 Nam

233 977 454 1044 propter
477 976 729 1036 pet-cata,
763 967 882 1022 sine
911 965 1123 1036 quibus,
1155 975 1213 1019 ut
1236 965 1359 1018 alibi
1402 965 1705 1032 conﬁtetur,
1749 978 1859 1020 non

233 1060 338 1116 fuit
360 1104 377 1128 ,
409 1061 670 1131 pauciora
699 1075 760 1115 se
786 1061 896 1131 pati
925 1058 1173 1114 debuisse
1199 1057 1406 1128 judicat
1435 1056 1542 1128 (Id.
1573 1073 1656 1121 Vl,
1684 1056 1854 1128 2,\3).

308 1154 397 1210 37.
442 1153 578 1207 Item
635 1152 781 1224 quod
830 1151 981 1210 dicit.
1039 1149 1159 1205 Vias
1203 1151 1336 1205 enim
1380 1150 1488 1220 ejus
1516 1149 1781 1216 custodiri,
1811 1157 1858 1204 et

231 1264 339 1302 ιιοιι
355 1247 618 1301 declinavi
632 1264 665 1299 a
684 1246 945 1300 mandatis
965 1245 1092 1317 ejus,
1119 1261 1277 1315 neque
1296 1244 1549 1298 discedam
1566 1242 1678 1315 (Id.
1702 1259 1851 1310 χχιιι,

232 1337 332 1411 il)
379 1355 394 1392 :
439 1337 738 1392 custodivit
779 1335 894 1390 vias
923 1336 1036 1400 Dei,
1083 1335 1172 1405 qui
1215 1349 1319 1389 non
1365 1335 1442 1390 sic
1489 1335 1772 1399 exorbitat,
1799 1342 1858 1390 ut

231 1445 332 1484 eas
374 1429 674 1499 relinquat,
723 1427 819 1482 sed
866 1427 919 1481 in
950 1427 1027 1480 eis
1055 1425 1320 1481 currendo
1348 1426 1595 1496 proﬁcit;
1626 1426 1725 1481 etsi
1754 1424 1855 1481 ali-

230 1519 455 1590 quando
500 1529 562 1573 ut
593 1519 841 1572 inﬁrmus
869 1516 1087 1571 oll'endit
1127 1525 1219 1570 aut
1248 1517 1441 1571 titubat
1474 1535 1488 1571 :
1522 1517 1732 1588 proﬁcit
1761 1532 1856 1571 au-

232 1621 346 1668 tem
399 1612 705 1666 minuendo
753 1621 1008 1682 peccata,
1058 1609 1231 1664 donec
1280 1609 1556 1680 perveniat
1605 1611 1693 1666 ubi
1741 1611 1855 1666 sine

231 1715 463 1776 peccato
507 1707 604 1760 sit.
649 1704 763 1759 Non
797 1706 940 1760 enim
984 1703 1142 1758 aliter
1172 1712 1346 1774 potest
1373 1719 1439 1759 eo
1485 1705 1646 1759 modo
1689 1704 1854 1775 proﬁ-

234 1812 382 1862 cere,
431 1797 542 1852 nisi
593 1796 950 1852 custodiendo
995 1797 1108 1852 vias
1151 1796 1286 1866 ejus.
1331 1797 1572 1852 Declinat
1617 1806 1794 1854 autem
1821 1813 1852 1852 a

233 1888 510 1946 mandatis
562 1888 784 1944 Domini
833 1897 992 1959 atque
1036 1887 1260 1944 discedit
1303 1897 1579 1958 apostata;
1629 1903 1734 1944 non
1766 1888 1856 1945 ille

236 1983 349 2055 qui,
371 1981 593 2038 etiamsi
627 1981 826 2038 habeat
854 1988 1148 2050 peccatum,
1181 1979 1498 2049 confligendi
1528 1989 1704 2036 tamen
1730 1995 1852 2037 cum

240 2088 305 2129 eo
343 2074 816 2144 perseverantiam
849 2087 954 2126 non
983 2071 1254 2142 relinquit,
1284 2072 1456 2128 donec
1483 2088 1549 2128 eo
1575 2074 1854 2143 perveniat

241 2166 328 2220 ubi
373 2167 520 2219 nulla
570 2179 702 2220 cum
747 2172 923 2219 morte
972 2164 1242 2218 contentio
1291 2164 1605 2220 remanebit.
1648 2164 1702 2219 ln
1750 2165 1854 2222 isto

253 2271 374 2326 ergo
398 2255 657 2312 conﬂictu
704 2255 983 2311 induimur
1022 2269 1084 2309 ea
1123 2254 1351 2324 justitia,
1394 2271 1496 2325 qua
1528 2255 1614 2310 hic
1656 2271 1722 2311 ex
1749 2255 1854 2311 ﬁde

254 2349 458 2415 vivitur,
497 2357 553 2402 et
583 2364 650 2404 ea
680 2347 917 2418 quodam
961 2347 1120 2402 modo
1167 2347 1473 2403 loricamur.
1514 2349 1851 2405 Assumimus

248 2456 454 2512 quoque
477 2441 770 2511 judicium,
817 2439 960 2510 quod
999 2439 1156 2493 etiam
1201 2448 1386 2496 contra
1431 2455 1528 2494 nos
1558 2455 1654 2511 pro
1700 2441 1852 2498 nobis

242 2532 490 2596 facimus,
511 2532 734 2603 quando
754 2540 972 2602 peccata
995 2540 1174 2586 nostra
1195 2531 1496 2587 accusando
1511 2531 1849 2589 damnamus:

244 2626 393 2681 unde
435 2625 692 2696 scriptum
739 2635 848 2692 est,
895 2624 1077 2680 Justus
1119 2625 1229 2697 ipse
1269 2626 1348 2680 sui
1385 2636 1648 2680 accusator
1687 2635 1757 2682 est
1798 2628 1853 2683 in

254 2721 542 2788 primordio
567 2718 800 2773 sermonis
828 2717 1011 2788 (Prov.
1047 2733 1195 2785 xvnt,
1228 2717 1342 2789 17).
1387 2718 1519 2773 llinc
1544 2719 1668 2774 item
1695 2717 1844 2787 dicit,

258 2809 483 2865 Iustitia
507 2812 697 2866 vestitus
714 2827 875 2878 erant,
903 2819 952 2864 et
974 2810 1280 2864 circumdedi
1306 2810 1428 2864 mihi
1441 2811 1698 2881 judicium
1724 2813 1853 2868 sicut

261 2903 580 2974 chlamydem
618 2901 731 2974 (Job
759 2918 910 2970 xxix,
959 2902 1072 2973 14).
1112 2901 1243 2957 Nam
1292 2911 1346 2958 et
1384 2902 1482 2957 ista
1526 2903 1687 2959 vestis
1727 2904 1852 2960 bellt

262 2996 433 3066 magis
460 2995 590 3050 solet
630 3009 749 3050 esse
776 3007 937 3063 quam
964 2995 1131 3066 pacis,
1162 2994 1249 3049 ubi
1294 2994 1472 3050 adhuc
1519 3003 1854 3067 expugnatur

257 3087 700 3157 concupiscentia,
725 3103 833 3142 non
864 3089 951 3141 ubi
976 3087 1082 3143 erit
1112 3086 1264 3156 plena
1289 3087 1405 3142 sine
1423 3087 1602 3159 aliquo
1631 3101 1851 3158 prorsus

251 3177 410 3233 hoste
429 3178 654 3247 justitia,
682 3177 973 3232 novissima
1001 3177 1214 3232 inimica
1248 3187 1422 3234 morte
1446 3179 1739 3234 destructa.

314 3270 407 3324 28.
448 3269 604 3336 Quod
633 3279 810 3324 autem
839 3270 1030 3324 iterum
1059 3269 1133 3324 ait
1158 3268 1297 3324 idem
1327 3278 1544 3324 sanctus
1567 3269 1690 3336 Job,
1723 3269 1848 3327 Non

234 3364 377 3419 enim
417 3363 747 3432 reprehendit
773 3380 853 3418 me
876 3379 963 3416 cor
986 3379 1151 3416 meum
1189 3363 1242 3416 in
1269 3364 1409 3417 omni
1430 3364 1532 3417 vita
1569 3380 1680 3418 mea
1724 3361 1848 3438 (Id.

230 3470 412 3519 xxvn,
442 3455 503 3524 6)
537 3472 550 3506 :
583 3463 708 3517 tunc
736 3468 835 3509 nos
882 3454 934 3508 in
966 3454 1066 3508 ista
1102 3454 1229 3520 vita,
1259 3453 1312 3509 in
1356 3470 1458 3526 qua
1486 3471 1551 3510 ex
1579 3455 1685 3510 ﬁde
1713 3456 1848 3512 vivi-

228 3560 387 3611 mus,
426 3560 538 3599 non
586 3544 929 3615 reprehendit
969 3559 1065 3599 cor
1103 3553 1367 3614 nostrum,
1414 3546 1459 3600 si
1489 3546 1676 3602 eadem
1717 3547 1849 3604 ﬁdes

224 3652 344 3707 qua
378 3640 394 3668 ¹
418 3636 583 3692 corde
609 3637 847 3692 creditur
869 3636 934 3691 ad
955 3637 1240 3706 justitiam,
1267 3653 1371 3693 non
1416 3637 1632 3709 negligit
1657 3655 1847 3710 repre-

223 3729 488 3784 hendere
535 3740 811 3800 peccatum
851 3739 1113 3786 nostrum.
1153 3729 1306 3786 Unde
1349 3730 1477 3786 dicit
1521 3727 1844 3802 Apostolus,

220 3820 368 3876 Non
396 3824 533 3876 enim
550 3822 686 3892 quod
705 3822 814 3876 volo
842 3823 976 3894 facio
1002 3822 1186 3876 bonum
1207 3838 1226 3876 :
1253 3821 1343 3876 sed
1366 3821 1503 3893 quod
1522 3823 1607 3876 odi
1632 3823 1846 3892 malum,

218 3915 332 3967 hoc
366 3930 470 3985 ago
511 3911 686 3984 (Rom.
717 3929 813 3979 vn,
844 3912 955 3985 15).
998 3913 1202 3968 Bonum
1245 3923 1328 3968 est
1348 3913 1490 3968 enim
1515 3929 1620 3968 non
1651 3928 1850 3970 concu-

216 4005 482 4076 piscere,
533 4014 586 4059 et
616 4005 716 4060 hoc
755 4004 952 4060 bonum
981 4006 1094 4059 vult
1131 4005 1330 4076 justus,
1379 4006 1466 4076 qui
1494 4021 1561 4062 ex
1588 4006 1693 4062 ﬁde
1719 4008 1848 4065 vivit

217 4097 477 4170 (Babae.
508 4114 568 4164 ιι,
597 4098 652 4166 4)
682 4115 696 4152 :
723 4106 776 4153 et
802 4108 980 4154 tamen
1007 4099 1135 4154 facit
1159 4098 1300 4169 quod
1328 4099 1461 4166 odit,
1492 4100 1615 4170 quia
1642 4116 1846 4157 concu-

215 4191 444 4260 piscit;
492 4190 734 4260 quamvis
783 4197 903 4261 post
949 4189 1406 4260 concupiscentias
1450 4204 1575 4246 suas
1621 4206 1727 4246 non
1758 4200 1848 4249 eat

215 4279 439 4352 (Ea-li.
468 4297 623 4347 xvm,
651 4281 750 4352 50)
774 4299 789 4336 :
815 4281 959 4351 quod
986 4281 1029 4336 si
1055 4281 1260 4345 fecerit,
1288 4290 1412 4337 tunc
1437 4298 1562 4338 vere
1587 4283 1701 4352 ipse
1722 4282 1846 4340 fecit

214 4385 283 4429 ut
317 4372 513 4439 cedat,
563 4382 618 4426 ut
643 4375 958 4439 consentiat,
993 4381 1049 4427 ut
1075 4373 1340 4429 desiderio
1379 4375 1578 4444 peccati
1609 4374 1842 4431 obediat.

213 4470 402 4525 Tunc
441 4484 568 4523 eum
611 4482 705 4523 cor
731 4467 847 4538 ejus
873 4466 1250 4538 reprehendit;
1294 4469 1415 4539 quia
1447 4468 1616 4539 ipsum
1656 4483 1846 4539 repre-

221 4561 441 4617 hendit
469 4563 514 4627 ²,
545 4575 650 4614 ιιοιι
696 4559 820 4614 illud
870 4568 1142 4629 peccatum
1188 4559 1324 4629 ejus,
1375 4559 1515 4630 quod
1560 4559 1763 4615 habitat
1790 4560 1844 4616 in

221 4654 510 4712 membris
536 4653 669 4722 ejus.
708 4650 838 4707 Cum
867 4666 998 4707 vero
1025 4667 1130 4706 non
1161 4652 1286 4707 sinit
1312 4667 1535 4722 regnare
1566 4662 1844 4722 peccatum

222 4751 283 4804 in
343 4762 456 4802 suo
506 4744 715 4800 mortali
765 4759 992 4815 corpore
1029 4744 1097 4799 ad
1161 4743 1514 4800 obcdiendum
1560 4744 1843 4803 desideriis

222 4842 382 4912 ejus,
431 4854 537 4894 nec
572 4837 784 4893 exhibet
813 4837 1049 4892 membra
1092 4851 1186 4892 sua
1213 4851 1357 4891 arma
1387 4837 1681 4908 iniquitatis
1711 4853 1842 4907 pec-

225 4947 362 4992 cato
411 4933 593 5006 (Rom.
643 4948 715 4998 γι,
747 4931 834 4996 12,
887 4931 1013 5000 15);
1047 4930 1185 4985 inest
1226 4929 1438 5000 quidem
1488 4930 1841 4999 peccatumin

226 5030 508 5086 membris
553 5029 687 5098 ejus,
739 5025 833 5081 sed
877 5042 985 5080 non
1028 5035 1232 5096 regnat,
1281 5025 1404 5095 quia
1444 5041 1549 5080 non
1597 5025 1846 5082 obeditur

228 5122 533 5180 desideriis
575 5120 710 5189 ejus.
754 5119 818 5173 Et
846 5117 967 5173 ideo
1010 5117 1135 5172 dum
1173 5116 1314 5187 quod
1343 5132 1449 5171 non
1476 5117 1590 5172 vult
1631 5119 1756 5188 agit,
1789 5117 1843 5173 id

231 5228 343 5283 est,
392 5231 497 5270 non
530 5216 644 5267 vult
672 5209 1046 5281 concupiscam
1087 5220 1141 5264 et
1167 5208 1532 5278 concupiscit;
1578 5208 1845 5264 consentit

233 5311 367 5381 legi,
404 5308 526 5379 quia
556 5306 693 5361 bona
732 5311 836 5358 est.
879 5302 990 5357 Hoc
1013 5301 1154 5356 enim
1182 5302 1295 5355 vult
1321 5309 1376 5356 et
1404 5301 1516 5371 ipse
1543 5299 1684 5371 quod
1722 5300 1839 5366 lex;

238 5404 369 5473 quia
413 5400 524 5454 vult
551 5399 666 5469 ipse
709 5411 816 5451 non
858 5394 1256 5463 concupiscere,
1299 5403 1353 5448 et
1393 5392 1481 5448 lex
1527 5393 1672 5457 dicit,
1719 5390 1844 5448 Non

240 5494 568 5565 concupisces
594 5488 796 5560 (Exod.
828 5503 884 5552 Χ,
925 5484 1037 5559 17).
1078 5485 1132 5540 ln
1161 5485 1262 5540 hoc
1289 5485 1537 5556 quoniam
1563 5483 1674 5538 vult
1701 5483 1842 5554 quod

243 5596 301 5642 et
322 5588 411 5642 lex
445 5586 574 5648 vult,
621 5580 818 5654 procul
849 5579 1008 5634 dubio
1037 5580 1301 5635 consentit
1345 5577 1448 5648 legi
1477 5596 1489 5632 :
1518 5577 1868 5648 concupiscit

313 5723 330 5752 ι
365 5728 459 5769 Am.
480 5725 555 5768 Er.
580 5722 637 5768 et
660 5724 796 5774 Mss,
820 5713 876 5763 in
893 5725 1003 5777 qua.
1025 5711 1271 5774 Particula,
1295 5712 1365 5774 in,
1385 5719 1629 5776 expuneta
1651 5710 1740 5761 fuit
1755 5721 1843 5776 per

249 5787 584 5833 invanienses.
979 5841 989 5847 _
1381 5835 1394 5846 .
1475 5835 1486 5847 .

313 5847 333 5876 ²
357 5852 481 5895 Ums
536 5857 567 5894 ο
612 5847 736 5892 Iss.
785 5839 1017 5889 Vaticanis
1063 5839 1254 5899 omittit,
1310 5839 1424 5900 quia
1467 5839 1623 5900 ipsum
1677 5850 1842 5901 repre-

257 5905 426 5959 ﬁndit.

3423 409 3534 469 306

1969 513 2168 575 tamen,
2210 511 2331 580 quia
2361 526 2468 567 non
2507 523 2588 570 est
2617 513 2733 574 sine
2757 526 3009 587 peccato;
3055 522 3146 578 sed
3169 521 3280 594 jam
3308 538 3416 580 non
3443 527 3559 596 ipse

1965 607 2217 666 operatur
2245 601 2392 669 illud,
2423 604 2518 660 sed
2562 605 2612 660 id
2642 607 2783 678 quod
2822 609 2876 664 in
2910 610 3000 665 illo
3028 610 3230 669 habitat
3256 626 3553 687 peccatum.

1966 689 2092 746 ldeo
2116 708 2224 747 non
2249 709 2370 748 cum
2398 696 2742 766 reprehendit
2767 716 2862 756 cor
2885 703 2999 773 ejus
3023 705 3076 760 in
3104 707 3248 762 omni
3279 707 3385 763 vita
3413 708 3552 780 ejus;

1967 781 2068 838 hoc
2094 793 2196 852 est,
2227 786 2279 840 in
2305 786 2408 842 ﬁde
2431 789 2566 858 ejus,
2596 792 2717 861 quia
2737 793 2915 863 justus
2940 811 3008 852 ex
3035 797 3140 854 ﬁde
3163 799 3291 856 vivit
3318 818 3332 856 :
3357 809 3416 856 et
3434 801 3556 859 ideo

1967 877 2098 933 ﬁdes
2123 879 2239 949 ejus
2263 892 2345 936 est
2367 881 2473 936 vita
2500 883 2636 953 ejus.
2677 886 2789 942 Scit
2817 889 2958 944 enim
2987 892 3110 962 quia
3135 909 3240 950 non
3267 894 3469 951 habitat
3498 897 3552 952 in

1965 983 2126 1026 carne
2153 971 2269 1039 eius
2297 972 2514 1038 bonum,
2548 975 2636 1030 ubi
2669 976 2873 1034 habitat
2898 993 3174 1049 peccatum
3205 1004 3219 1040 :
3249 986 3342 1042 sed
3371 1003 3475 1043 non
3501 989 3554 1045 ci

1964 1065 2350 1121 consentiendo
2380 1067 2507 1122 vivit
2527 1084 2592 1124 ex
2621 1069 2744 1139 ﬁde,
2772 1088 2874 1142 qua
2903 1075 2918 1106 ι
2952 1075 3162 1132 invocat
3183 1079 3348 1136 Deum
3375 1090 3431 1136 ut
3459 1081 3555 1138 ad-
3586 1082 3604 1142 ἆ

1959 1157 2173 1227 juvetur
2221 1176 2460 1231 pugnans
2488 1173 2673 1218 contra
2720 1176 2992 1234 peccatum
3020 1187 3034 1232 ;
3063 1171 3205 1239 quod
3235 1183 3292 1226 ut
3334 1176 3554 1230 omnino

1963 1250 2034 1306 ibi
2062 1267 2167 1307 non
2193 1253 2279 1315 sit,
2312 1253 2519 1324 adjacet
2553 1256 2601 1311 ei
2628 1257 2782 1324 velle,
2808 1259 2906 1314 sed
2935 1261 3192 1329 perﬁcere
3222 1262 3417 1318 bonum
3446 1280 3552 1321 non

1962 1342 2168 1413 adjacet
2213 1344 2388 1418 (Rom.
2429 1363 2522 1414 vn,
2575 1346 2782 1423 15-21).
2823 1349 2940 1406 Νοιι
2981 1350 3157 1408 facere
3199 1353 3398 1408 bonum
3443 1371 3552 1412 non
3598 1337 3600 1339 ﬁ

1961 1437 2186 1507 adjaeet,
2216 1439 2310 1494 sed
2354 1442 2630 1511 perticam.
2670 1442 2800 1497 Nam
2841 1444 2894 1499 in
2924 1459 2990 1500 eo
3017 1444 3160 1516 quod
3189 1461 3294 1500 non
3319 1461 3554 1503 consen-

1964 1529 2044 1595 tit,
2079 1531 2272 1586 bonum
2303 1533 2460 1599 facit;
2484 1545 2537 1591 et
2561 1535 2613 1590 in
2649 1550 2715 1590 eo
2748 1536 2889 1606 quod
2921 1536 3033 1592 odit
3066 1539 3552 1609 concupiscentiam

1961 1638 2133 1688 suam,
2160 1625 2358 1680 bonum
2388 1625 2544 1692 facit;
2571 1635 2625 1682 ct
2650 1628 2702 1682 in
2729 1643 2794 1684 eo
2819 1629 2959 1699 quod
2986 1629 3354 1702 eleemosynas
3378 1631 3553 1688 facere

1962 1733 2068 1772 non
2098 1729 2294 1783 cessat,
2343 1720 2542 1775 bomun
2573 1719 2739 1787 facit;
2785 1731 2839 1778 et
2884 1723 2941 1776 in
2967 1737 3032 1778 eo
3076 1723 3217 1794 quod
3262 1723 3337 1779 illi
3376 1725 3551 1795 quiin

1961 1826 2083 1867 eum
2113 1822 2296 1882 peccat
2322 1813 2567 1883 ignoscit,
2597 1814 2792 1870 bonum
2822 1814 2979 1881 facit;
3012 1825 3066 1870 et
3091 1815 3143 1870 in
3170 1832 3236 1872 eo
3257 1817 3395 1888 quod
3420 1819 3548 1888 petit

1959 1905 2060 1960 sibi
2084 1905 2276 1961 dimitti
2303 1905 2480 1962 debita
2505 1923 2622 1974 sua,
2646 1918 2701 1964 et
2726 1910 2987 1966 veraciter
3014 1909 3140 1965 dicit
3167 1911 3309 1980 quod
3333 1910 3554 1965 dimittit

1960 1997 2120 2052 etiam
2153 1998 2264 2068 ipse
2291 1997 2621 2056 debitoribus
2649 2001 2782 2068 suis,
2813 2010 2869 2058 et
2899 2011 3016 2057 orat
3056 2011 3113 2057 ut
3142 2018 3246 2057 non
3290 2002 3551 2057 inferatur

1961 2089 2014 2144 in
2057 2092 2422 2159 tentationem,
2474 2093 2568 2148 sed
2616 2093 2872 2150 liberetur
2897 2110 2928 2149 a
2955 2094 3117 2161 malo,
3149 2095 3345 2150 bonum
3377 2095 3504 2150 facit
3531 2111 3545 2149 :

1960 2185 2010 2241 ei
2041 2195 2216 2240 tamen
2261 2186 2517 2256 perﬁcere
2563 2187 2760 2242 bonum
2805 2203 2912 2243 non
2958 2188 3186 2258 adjacet,
3237 2187 3376 2258 quod
3426 2197 3551 2243 tunc

1960 2277 2084 2344 erit,
2110 2276 2322 2346 quando
2350 2277 2438 2332 illa
2461 2279 2888 2347 concupiscentia
2915 2294 3035 2350 qua:
3065 2278 3267 2335 habitat
3295 2279 3346 2332 in
3375 2295 3550 2334 mem-

1959 2370 2070 2427 bris
2095 2371 2232 2441 ejus,
2281 2371 2424 2426 nulla
2467 2373 2588 2427 erit.
2629 2372 2744 2427 Non
2772 2388 2900 2444 ergo
2943 2389 3064 2428 eum
3093 2372 3552 2442 reprehenditcor

1959 2465 2094 2536 ejus,
2123 2465 2339 2535 quando
2365 2465 2708 2536 reprehendit
2753 2477 3023 2536 peccatum
3065 2467 3206 2538 quod
3252 2467 3456 2522 habitat
3492 2468 3549 2522 in

1958 2557 2217 2613 membris
2243 2559 2380 2626 ejus,
2423 2567 2476 2612 et
2517 2575 2620 2613 non
2663 2559 2820 2614 habet
2843 2575 3002 2629 quam
3048 2559 3405 2629 reprehendat
3429 2559 3552 2614 inﬁ-

1958 2648 2231 2706 delitatem
2257 2649 2374 2720 ejus
2400 2652 2441 2705 ί.
2484 2649 2556 2704 lta
2586 2665 2685 2706 nec
2732 2650 2784 2705 in
2816 2651 2924 2704 vita
2964 2667 3080 2715 sua,
3114 2652 3164 2706 id
3209 2661 3311 2718 est,
3345 2653 3396 2706 in
3447 2651 3550 2707 [ide

1957 2757 2074 2808 sua,
2105 2757 2135 2796 a
2163 2743 2325 2798 corde
2353 2758 2452 2798 suo
2479 2743 2908 2813 reprehenditur,
2952 2753 3006 2798 et
3035 2746 3149 2799 sine
3193 2753 3414 2814 peccato
3442 2758 3549 2802 non

1957 2847 2079 2889 esse
2103 2833 2456 2890 convincitur.
2495 2833 2647 2902 Quod
2686 2843 2740 2889 et
2769 2833 2882 2904 ipse
2919 2834 3022 2891 Job
3048 2835 3116 2890 de
3141 2851 3200 2890 se
3225 2835 3508 2891 conﬁtetur
3530 2877 3547 2904 ,

1957 2928 2048 2984 ubi
2074 2929 2203 2985 dicit
2234 2949 2246 2985 :
2278 2929 2429 2984 Nihil
2457 2941 2504 2986 te
2529 2930 2676 2984 latuit
2701 2942 3015 2999 peccatorum
3038 2949 3282 2986 meorum.
3317 2932 3548 3003 Signasti

1956 3019 2240 3093 iniquitates
2266 3039 2400 3077 meas
2426 3023 2478 3076 in
2515 3024 2738 3090 sacculo,
2784 3033 2829 3079 et
2853 3026 3109 3080 annotasti
3135 3026 3180 3080 si
3205 3026 3327 3096 quid
3363 3027 3548 3082 invitus

1959 3124 2298 3187 transgressus
2332 3134 2444 3172 sum
2476 3116 2596 3184 (Job
2623 3135 2730 3182 xw,
2780 3118 2867 3185 16,
2914 3119 3024 3188 17).
3064 3119 3390 3174 Testimonia
3419 3135 3548 3191 ergo

1956 3223 2076 3280 qua:
2105 3210 2283 3279 posuit
2306 3209 2374 3265 de
2401 3210 2580 3265 verbis
2604 3211 2772 3265 sancti
2798 3211 2918 3278 Job,
2951 3226 3052 3266 nos
3089 3211 3227 3266 sicut
3254 3211 3546 3283 potuimus,

1957 3301 2404 3374 quemadmodum
2435 3303 2540 3356 sint
2583 3302 2889 3372 accipienda
2938 3305 3350 3359 monstravimus
3391 3322 3403 3358 :
3446 3318 3546 3360 nec

1957 3402 2132 3449 tamen
2157 3393 2244 3449 ille
2268 3393 2447 3459 solvit,
2466 3394 2606 3465 quod
2633 3395 2880 3450 eumdem
2901 3394 3004 3450 Job
3023 3396 3221 3450 dixisse
3248 3397 3543 3467 proposuit,

1957 3487 2084 3555 Quis
2108 3488 2242 3542 enim
2268 3487 2487 3543 mundus
2515 3498 2586 3542 est
2614 3505 2646 3541 a
2685 3489 2932 3560 peccato?
2972 3487 3082 3541 Nec
3111 3489 3280 3560 infans
3305 3490 3451 3560 cujus
3475 3499 3572 3543 est‘

1955 3579 2056 3634 diei
2085 3580 2232 3634 unius
2256 3581 2356 3633 vita
2376 3595 2527 3650 super
2555 3589 2760 3634 terram.

2027 3671 2250 3728 CAPUT
2281 3671 2393 3726 XII.
2423 3701 2492 3712 —-
2516 3671 2608 3728 9.9.
2637 3691 2656 3723 ‹
2686 3671 2882 3727 lterum
2903 3687 3202 3743 proponere
3227 3674 3548 3740 solemnia-

1955 3765 2118 3836 quit,¢
2143 3763 2320 3818 Omnis
2336 3763 2486 3818 homo
2511 3762 2730 3818 mendax
2746 3762 2916 3837 (Psal.
2939 3779 3066 3826 cxv,
3093 3762 3172 3837 ‘2).
3196 3783 3215 3817 ι
3233 3763 3416 3835 Neque
3442 3765 3544 3821 hoc

1953 3865 2138 3913 contra
2168 3869 2226 3911 se
2269 3855 2442 3925 ipsum
2473 3854 2494 3886 ⁸
2518 3870 2548 3909 a
2594 3870 2654 3909 se
2684 3854 2800 3924 ipso
2847 3855 3176 3925 propositum
3209 3857 3370 3910 solvit
3401 3874 3415 3911 :
3449 3857 3545 3912 sed

1953 3947 2421 4006 commemorando
2447 3947 2549 4002 alia
2578 3947 2725 4002 velut
2753 3949 3017 4002 contraria
3047 3949 3369 4016 testimonia,
3403 3949 3543 4018 apud

1953 4058 2048 4100 eos
2090 4041 2179 4113 qui
2222 4057 2330 4096 non
2362 4040 2662 4110 intelligunt
2700 4049 2939 4094 sanctam
2967 4039 3320 4110 Scriptorum,
3365 4040 3541 4096 divina

1951 4134 2162 4204 eloquia
2191 4133 2245 4188 iu
2289 4132 2382 4187 lite
2425 4131 2646 4186 dimisit.
2686 4130 2775 4185 Ait
2797 4131 2979 4186 enim:
3011 4129 3206 4198 Quibus
3233 4133 3543 4201 responden-

1952 4227 2073 4282 dum
2088 4236 2179 4290 est,
2197 4226 2398 4297 quodin
2421 4221 2764 4278 Numerorum
2782 4223 2910 4278 libro
2930 4225 3172 4295 scriptum
3192 4235 3298 4279 est:
3323 4243 3341 4276 ι
3371 4224 3541 4281 Homo

1951 4335 2104 4374 verax
2131 4338 2150 4371 ι
2178 4316 2362 4388 (Num.
2381 4332 2531 4383 xxtv,
2554 4333 2653 4370 sec.
2673 4315 2860 4384 LXX).
2881 4315 2948 4369 Et
2969 4318 3031 4370 de
3044 4327 3219 4370 sancto
3235 4316 3336 4370 Job
3357 4317 3544 4388 legitur

1951 4412 2021 4465 ita
2045 4427 2061 4464 :
2079 4429 2097 4462 ι
2121 4408 2248 4464 Erat
2275 4409 2350 4463 uir
2379 4407 2607 4462 habitans
2629 4408 2683 4461 in
2698 4409 2899 4479 regione
2919 4407 3184 4474 Ausitidae,
3200 4409 3401 4463 nomine
3414 4409 3534 4476 Job,

1951 4517 2122 4564 verax,
2153 4500 2258 4554 sine
2284 4500 2511 4564 crimine,
2551 4499 2743 4569 justus,
2786 4497 2882 4552 Dei
2905 4497 3085 4563 cultor,
3118 4499 3368 4553 abstinens
3396 4515 3450 4554 se
3473 4501 3537 4552 ab

1952 4592 2088 4646 omni
2113 4607 2168 4646 re
2187 4590 2322 4644 ninia
2345 4608 2364 4642 ι
2391 4587 2511 4659 (Job
2534 4604 2571 4655 ι,
2602 4587 2677 4660 1).
2701 4588 2862 4643 Miror
2882 4589 3023 4658 quod
3047 4604 3207 4644 ausus
3232 4599 3313 4644 est
3338 4605 3538 4660 ponere

1952 4684 2053 4738 hoc
2077 4680 2459 4745 testimonium,
2488 4679 2575 4734 ubi
2599 4679 2797 4734 dictum
2823 4688 2925 4746 est,
2956 4680 3218 4734 Abstineas
3243 4697 3297 4734 se
3315 4681 3377 4734 ab
3399 4683 3540 4736 omni

1948 4791 2006 4830 re
2045 4774 2202 4838 mala,
2253 4787 2374 4827 cum
2403 4771 2505 4827 hoc
2532 4772 2599 4827 ab
2637 4772 2780 4827 omni
2811 4781 3032 4843 peccato
3068 4774 3224 4829 vellet
3269 4775 3536 4845 intelligi;

1949 4882 2075 4923 cum
2121 4867 2364 4937 superius
2407 4865 2617 4931 dixerit,
2670 4874 2943 4935 peccatum
2989 4874 3165 4922 actum
3206 4882 3326 4922 esse
3353 4866 3394 4933 ⁸,
3422 4885 3532 4924 non

1949 4975 2062 5014 rem
2097 4956 2246 5031 (Cap.
2277 4957 2332 5024 2,
2373 4975 2426 5010 ιι.
2459 4957 2535 5028 4).
2576 4957 2970 5013 Reminiscatur
2995 4973 3122 5027 ergo
3150 4959 3271 5030 quia
3301 4961 3460 5015 etiam
3489 4962 3534 5016 si

1949 5060 2097 5105 actus
2122 5051 2210 5116 sit,
2240 5065 2327 5105 res
2353 5058 2528 5120 potest
2553 5049 2678 5105 dici.
2720 5049 2966 5105 Abstinet
3003 5065 3062 5106 se
3090 5059 3268 5107 autem
3296 5052 3363 5106 ab
3390 5055 3532 5108 omni

1949 5159 2008 5200 re
2038 5144 2193 5208 mala,
2221 5143 2309 5213 qui
2339 5151 2574 5212 peccato,
2605 5142 2722 5197 sine
2751 5158 2857 5212 quo
2882 5157 2986 5198 non
3019 5152 3119 5210 est,
3148 5143 3235 5201 vel
3261 5161 3533 5216 nunquam

1949 5237 2166 5292 omnino
2205 5235 2489 5302 consentit,
2539 5237 2626 5290 vel
2675 5235 2719 5290 si
2759 5235 3049 5306 aliquando
3092 5237 3372 5308 premitur,
3425 5255 3530 5294 non

1950 5329 2300 5400 opprimitur;
2353 5328 2490 5383 sicut
2535 5327 2762 5383 luctator
2807 5329 3016 5396 fortior,
3057 5339 3109 5385 et
3157 5331 3204 5385 si
3249 5331 3534 5400 aliquando

1951 5429 2181 5488 tenetur,
2213 5435 2316 5475 non
2350 5420 2470 5478 ideo
2494 5421 2668 5491 perdit
2704 5437 2809 5492 quo
2835 5423 3080 5492 superior
3109 5423 3394 5478 invenitur.
3424 5419 3531 5478 Le-

1948 5515 2087 5586 gitur
2124 5529 2251 5570 sane
2283 5514 2442 5569 homo
2471 5513 2586 5569 sine
2611 5514 2856 5583 crimine,
2885 5516 3078 5586 legitur
3121 5515 3238 5570 sine
3266 5517 3482 5587 querela
3513 5533 3530 5573 :

2014 5651 2029 5682 ι
2057 5657 2156 5698 Am.
2182 5655 2255 5698 Er.
2283 5655 2334 5698 et
2358 5648 2582 5711 plerique
2605 5655 2732 5710 Mss,
2759 5647 2890 5711 quia.

2013 5714 2033 5782 ξ
2056 5712 2223 5782 Plures
2237 5706 2371 5769 Mss;
2382 5706 2517 5778 quod
2532 5706 2851 5782 reprehendat
2869 5706 3203 5774 infidelitatem
3219 5710 3344 5774 ejus.

2014 5775 2034 5806 ³
2057 5773 2277 5836 Plerique
2304 5782 2425 5834 Mss,
2444 5773 2620 5823 contra
2640 5787 2692 5823 se
2708 5773 2855 5836 ipsos.

2011 5837 2033 5867 δ
2057 5844 2156 5884 Am.
2183 5834 2257 5884 Er.
2285 5841 2336 5885 et
2377 5848 2550 5902 manes
2582 5834 2908 5900 mulsa-ipti,
2941 5847 3040 5886 uno
3082 5840 3270 5889 tanaim
3305 5844 3516 5902 excepto

1951 5905 2197 5967 peccatum
2211 5904 2370 5949 actum
2388 5897 2568 5948 malum
2588 5911 2708 5952 esse.
