3984 6536
524 402 646 461 507

538 524 596 571 at
620 513 943 586 -ωςιοςιωτ
960 513 1343 583 siuepeeesto,
1370 509 1474 568 nisi
1506 510 1672 567 Filius
1697 510 1953 583 hominis,
1981 527 2120 569 unus

542 607 786 678 ωοπιῃο
808 607 900 664 Dei
922 605 1090 661 Filius
1115 604 1323 660 unicus.

600 700 919 766 βαυιωω,
934 718 955 753 ι
972 698 1161 769 inquit,
1173 717 1191 749 ‹
1208 697 1348 768 apud
1374 697 1546 767 ipsum
1571 696 1672 753 Job
1684 713 1703 752 :
1717 694 1788 752 Et
1814 697 2119 753 miraculum

522 794 691 849 “misit
714 791 905 846 veracis
949 788 1183 844 hominis.
1226 788 1358 844 item
1401 788 1539 858 apud
1562 786 1903 844 Salomonem
1930 786 1996 842 de
2020 787 2119 842 Sa-

522 883 731 953 :pientia
756 898 777 937 :
811 880 918 936 Viri
944 881 1209 938 mariscas
1236 897 1337 936 non
1376 891 1522 934 erunt
1544 880 1683 935 illius
1711 896 1994 947 memores;
2021 880 2119 936 uiri

524 983 923 1031 autmeeraces
954 973 1279 1029 invenientur
1318 974 1370 1027 in
1396 973 1488 1028 itla
1521 971 1705 1046 (Eccli.
1731 988 1825 1041 xv,
1863 972 1943 1048 8).
1980 973 2116 1028 Item

513 1067 585 1122 ἰιι
611 1068 931 1141 Apocalypsi
959 1086 975 1125 :
1009 1066 1078 1122 Et
1113 1069 1167 1123 in
1208 1084 1293 1122 ore
1326 1068 1556 1137 ipsorum
1601 1084 1703 1122 non
1744 1076 1818 1124 est
1861 1068 2117 1123 inventum

520 1160 847 1215 mmdacium
869 1176 890 1225 ,'
916 1161 1025 1215 sine
1042 1161 1239 1216 macula
1264 1170 1379 1215 sunt
1398 1180 1426 1214 ιι
1457 1160 1637 1232 (Apoc.
1658 1176 1766 1227 xw,
1786 1160 1862 1231 5).
1892 1161 1972 1217 'Ad
2001 1162 2116 1219 haec

522 1258 583 1304 et
621 1265 719 1305 nos
742 1251 1149 1321 respondemus,
1187 1252 1534 1307 admonentes
1560 1251 1827 1322 quomodo
1856 1251 2114 1309 dicendus

519 1341 598 1395 sit
623 1340 785 1396 homo
813 1357 975 1398 verax
1003 1343 1219 1412 per'Dei
1250 1344 1471 1412 gratiam
1506 1352 1667 1414 atque
1694 1343 1993 1410 veritatem,
2023 1345 2114 1416 qui

525 1447 625 1503 per
651 1434 912 1504 seiipsum
956 1434 1073 1491 sine
1118 1433 1285 1489 dubio
1312 1434 1543 1490 mendax
1585 1444 1687 1492 est.
1729 1434 1882 1493 Unde
1910 1436 2112 1494 dictum

522 1534 629 1591 est,
674 1525 853 1582 Omnis
883 1528 1031 1582 homo
1060 1528 1294 1582 mendax.
1352 1527 1465 1584 Hoc
1500 1536 1555 1584 et
1578 1528 1943 1585 testimonium
1973 1531 1992 1563 ί
2018 1545 2111 1587 so-

516 1628 617 1674 nat
643 1619 709 1674 de
730 1620 1029 1690 Sapientia,
1069 1622 1211 1693 quod
1237 1623 1348 1692 ipse
1384 1623 1562 1693 posuit
1589 1640 1605 1679 :
1638 1621 1748 1678 Viri
1775 1632 1942 1679 autem
1964 1641 2110 1680 vera-

522 1726 604 1765 ces
641 1711 956 1766 invenientur
976 1714 1029 1768 in
1050 1713 1142 1769 illa
1170 1729 1189 1769 :
1215 1714 1306 1784 qui
1337 1714 1709 1785 proculdubio
1749 1730 1854 1772 non
1893 1716 1947 1772 in
1982 1716 2108 1785 illa,

521 1801 698 1857 sedin
723 1817 782 1860 se
811 1805 940 1875 ipsis
967 1806 1301 1861 invenientur
1323 1822 1444 1864 esse
1471 1808 1775 1865 mendaces.
1804 1810 1977 1867 Sicuti
2004 1819 2105 1877 est,

519 1892 718 1950 Fuistis
760 1896 1032 1966 aliquando
1062 1898 1292 1965 tenebrae,
1335 1917 1469 1955 nunc
1493 1910 1661 1956 autem
1687 1903 1777 1957 tua:
1813 1903 1865 1957 in
1893 1902 2110 1959 Domino

524 1986 745 2055 (En/tes.
782 2005 837 2056 v,
868 1989 944 2063 8).
984 1989 1114 2047 Cum
1143 1992 1367 2060 diceret,
1400 1997 1613 2050 tenebras
1636 2038 1650 2062 ,
1681 2011 1788 2051 non
1826 1995 2030 2052 addidit
2054 1997 2107 2052 in

524 2078 753 2136 Domino
782 2099 796 2135 :
826 2097 948 2137 cum
998 2092 1175 2139 autem
1223 2085 1376 2153 dixit,
1423 2087 1544 2153 lus,
1578 2088 1779 2143 addidit
1822 2090 2021 2161 utique,
2053 2092 2107 2146 in

517 2170 740 2227 Domino
765 2189 786 2228 :
814 2176 935 2244 quia
966 2175 1018 2230 in
1059 2191 1120 2232 se
1166 2178 1295 2248 ipsis
1337 2179 1425 2234 lux
1454 2195 1585 2236 esse
1614 2196 1719 2236 non
1766 2193 2017 2252 possent;
2048 2194 2107 2240 ut

515 2262 605 2330 qui
631 2261 908 2333 gloriatur,
937 2265 990 2320 in
1020 2266 1246 2323 Domino
1282 2269 1581 2344 glorietur(
1598 2271 1616 2326 ι
1645 2270 1762 2326 Cor.
1789 2289 1828 2337 ι,
1860 2274 1976 2345 51).
2016 2275 2103 2331 iiii

516 2368 650 2409 vero
694 2355 745 2410 in
773 2357 1090 2430 Apocalypsi
1136 2368 1416 2431 propterea
1448 2363 1583 2417 tales
1611 2364 1736 2419 dicti
1754 2373 1910 2433 sunt,
1958 2368 2102 2438 quod

508 2460 620 2499 non
642 2445 710 2499 sit
752 2445 1004 2505 uiuentium
1028 2449 1082 2503 in
1122 2466 1209 2504 ore
1233 2467 1407 2505 eorum
1433 2455 1752 2510 mendacium
1779 2473 1798 2511 :
1827 2459 1950 2529 quia
1991 2475 2099 2516 non

502 2537 764 2594 dixerunt
785 2555 845 2596 se
877 2556 982 2597 non
1010 2541 1209 2600 habere
1236 2554 1515 2615 peccatum
1539 2565 1553 2614 ;
1585 2550 1726 2619 quod
1753 2551 1798 2607 si
1838 2551 2097 2622 dicerent,

511 2629 735 2700 seipsos
753 2632 1082 2703 deciperent,
1107 2638 1454 2693 et-veritasin
1476 2640 1555 2695 eis
1582 2657 1688 2695 non
1712 2652 1854 2698 esset
1878 2644 1919 2717 (1
1939 2644 2095 2700 Joan.

510 2736 554 2788 ι,
584 2722 642 2795 8)
667 2741 683 2778 :
710 2738 873 2794 porro
898 2727 942 2781 si
966 2728 1163 2783 veritas
1188 2728 1240 2783 in
1266 2730 1346 2785 eis
1366 2746 1472 2786 non
1496 2741 1660 2799 esset,
1696 2734 2024 2791 inveniretur
2043 2738 2097 2793 in

511 2826 608 2868 ore
646 2829 832 2871 eorum
860 2817 1215 2874 mendacium.
1256 2820 1409 2888 Quod
1451 2823 1496 2877 si
1538 2832 1758 2895 propter
1800 2824 2050 2882 invidiam
2077 2870 2093 2898 ,

511 2918 634 2961 eum
671 2916 853 2965 essent
876 2909 992 2966 sine
1018 2919 1256 2981 peccato,
1301 2914 1543 2971 dicerent
1579 2930 1638 2971 se
1685 2931 1790 2972 non
1819 2933 1939 2974 esse
1966 2921 2095 2975 sine

506 3007 765 3064 peccem;
787 2998 890 3054 hoc
912 3000 1084 3070 ipsum
1099 3012 1244 3059 esset
1265 3005 1620 3075 mendacium,
1641 3007 1936 3080 falsumque
1952 3021 2096 3068 esset

507 3085 652 3154 quod
694 3086 896 3145 dictum
940 3101 1041 3160 est,
1084 3092 1207 3149 Non
1248 3103 1320 3150 est
1357 3096 1611 3152 inuentum
1638 3100 1693 3154 in
1739 3117 1825 3156 ore
1866 3102 2095 3172 ipsorum

506 3176 841 3236 mendacium.
882 3181 1006 3238 Ideo
1046 3199 1180 3256 ergo
1216 3188 1326 3243 sine
1361 3191 1560 3244 macula
1603 3202 1741 3262 sunt,
1788 3197 1910 3266 quia
1955 3197 2093 3255 sicut

504 3267 609 3339 ipsi
635 3269 951 3329 dimiserunt
974 3275 1305 3336 debitoribus
1340 3281 1475 3349 suis,
1519 3283 1599 3340 sic
1626 3284 1874 3343 illis'Doo
1908 3287 2093 3346 dimit-

505 3366 653 3417 tente
675 3363 915 3418 mandati
939 3374 1081 3422 sunt.
1125 3368 1260 3425 Ecce
1282 3386 1402 3437 nos,
1444 3381 1504 3428 ut
1527 3374 2089 3449 vsluimes,exposui-

502 3468 626 3511 nius
646 3457 922 3526 quomodo
947 3460 1255 3530 accipienda
1279 3474 1461 3520 essent
1484 3467 1809 3538 testimonia,
1841 3487 1959 3541 quae
1989 3489 2086 3542 pro

502 3559 602 3601 sua
645 3562 805 3604 causa
848 3554 1306 3610 commemoravit.
1344 3555 1462 3627 ipse
1509 3567 1688 3615 autem
1725 3564 2088 3631 quomodosit

499 3638 867 3710 accipiendum
891 3643 1039 3713 quod
1059 3645 1314 3716 scriptum
1340 3658 1444 3717 est,
1464 3647 1820 3708 0mnisliomo
1842 3656 2080 3725 mendax,

499 3731 722 3789 munitio
744 3746 850 3790 non
880 3734 1075 3802 solvit;
1094 3737 1443 3796 ueczsolvere
1468 3743 1688 3811 poterit,
1716 3744 1814 3799 nisi
1839 3758 2084 3807 correcta

496 3835 704 3891 errore,
724 3840 832 3896 quo
854 3826 1319 3886 credithominem
1332 3833 1457 3890 sine
1475 3835 1738 3906 adiutorio
1759 3838 1943 3908 gratia:
1965 3840 2076 3908 Dei,

495 3928 594 3986 per
611 3916 783 3973 solam
804 3920 1073 3988 propriam
1084 3922 1412 3980 voluntatem
1426 3941 1591 3996 posse
1608 3943 1728 3984 esse
1742 3944 2007 3987 τοι-εσθαι.

566 4007 792 4065 CAPUT
828 4009 968 4065 XIII.
994 4041 1070 4054 —
1100 4014 1190 4069 3i.
1230 4013 1320 4071 Sic
1338 4016 1503 4073 aliam
1520 4034 1640 4089 quae
1656 4022 1906 4091 sequitur
1932 4038 2081 4094 quie-

493 4097 722 4155 stionem
744 4102 1038 4172 pmpesuit,
1057 4119 1156 4159 nec
1181 4105 1339 4162 solvit
1364 4125 1376 4160 :
1403 4108 1511 4162 imo
1528 4123 1656 4165 vero
1670 4113 1837 4180 auxit,
1851 4122 1907 4168 et
1933 4113 2077 4170 dim-

490 4186 730 4244 uiliorem
751 4191 1003 4259 reddidit,
1024 4196 1374 4265 proponendo
1386 4198 1677 4256 adversum
1690 4218 1755 4258 se
1772 4205 2076 4274 proiatum‘

489 4280 874 4349 testimonium,
904 4284 1027 4339 Non
1067 4294 1138 4341 est
1163 4288 1250 4357 qui
1266 4288 1429 4357 faciat
1460 4294 1666 4362 bonum,
1697 4311 1800 4350 non
1823 4305 1897 4351 est
1920 4314 2077 4370 usque

487 4368 560 4423 ad
601 4386 757 4425 unum
786 4370 956 4446 (Psat.
990 4392 1104 4445 xui,
1136 4379 1188 4441 1,
1215 4377 1272 4452 ὃ)
1296 4396 1312 4446 ;
1338 4390 1390 4436 et
1415 4385 1568 4452 quasi
1598 4388 1876 4443 contraria
1910 4368 2073 4446 testi-

486 4460 667 4516 monia
692 4461 992 4534 referendo,
1014 4468 1210 4538 quibus
1238 4472 1543 4531 ostenderet
1564 4491 1689 4533 esse
1714 4477 1960 4537 homines
1981 4484 2072 4553 qui

484 4547 686 4608 faciunt
731 4554 951 4615 bonum.
1003 4559 1155 4629 Quod
1198 4564 1414 4634 quidem
1464 4569 1699 4627 ostendit
1736 4590 1751 4627 ε
1782 4572 1876 4630 sed
1923 4547 2069 4635 aliud

483 4651 588 4709 est,
614 4660 722 4700 non
749 4647 1143 4711 l'acerebonum
1169 4671 1184 4721 ;
1216 4657 1381 4725 aliud,
1405 4671 1525 4716 non”
1538 4678 1662 4720 esse
1687 4667 1805 4723 sine
1828 4680 2066 4741 peccato,

482 4732 693 4789 etiamsi
734 4737 894 4795 homo
938 4742 1096 4800 iaciat
1120 4747 1287 4806 multa
1312 4749 1475 4806 bona.
1515 4732 1852 4828 Quapropter
1890 4776 1953 4817 ea
1980 4732 2067 4821 te;

480 4826 732 4882 stimonia
760 4845 878 4900 quae
904 4836 1096 4903 posuit,
1120 4853 1231 4894 non
1246 4849 1373 4896 sunt
1393 4854 1577 4901 contra
1607 4826 1906 4922 illudquod
1935 4854 2065 4912 dici-

479 4924 587 4985 tur,
621 4934 870 4979 non'esse
896 4924 950 4980 in
978 4926 1081 4984 hac
1106 4930 1209 4984 vita
1236 4932 1505 4992 hominem
1535 4940 1652 4996 sine
1680 4955 1918 5012 peccato.
1942 4948 2066 5019 ipse

1726 397 1786 455 s.
1827 382 2089 456 sucosa

2193 399 2194 404 κ
2230 356 2534 459 sesceni
3598 402 3603 403 '
3652 435 3739 502 ευ,

2224 528 2398 568 unum.
2440 513 2530 571 Ait
2556 517 2715 572 etiam
2757 517 2963 576 dixisse
3009 530 3248 582 sanetum
3282 520 3511 608 Tobiam,
3540 541 3652 603 Noti
3681 556 3735 609 ii.

2131 605 2141 620 .
2224 622 2377 675 me",
2410 608 2487 677 ﬁli
2507 626 2528 674 ;
2567 628 2833 682 pauperem
2879 614 3031 711 vitam
3069 620 3303 698 gerimus,
3341 630 3424 682 ted
3461 605 3600 693 multa
3631 605 3736 711 bon.

2222 695 2529 767 habebimus,
2550 702 2596 755 si
2616 702 2925 758 timuerimus
2947 695 3127 772 Deum,
3152 719 3199 763 et
3216 721 3539 780 recesserimus
3555 730 3610 783 ab
3626 695 3735 794 om;

2221 800 2444 859 peccato,
2486 801 2532 846 et
2575 795 2836 864 fecerimus
2873 795 3002 851 bona
3042 797 3192 869 (Tob.
3239 818 3309 872 iv,
3350 808 3460 884 25).
3497 815 3738 887 Verissime

2221 889 2347 937 tunc
2387 893 2545 939 erunt
2590 885 2793 943 homini
2835 890 2999 945 multa
3037 891 3194 960 bona,
3238 912 3353 953 cum
3398 915 3650 970 recesserit
3684 885 3736 978 ali

2216 974 2364 1027 omni
2394 986 2629 1043 peccato.
2671 977 2820 1034 Tunc
2846 983 2987 1036 enim
3009 984 3054 1038 ei
3079 985 3219 1040 nulla
3245 1000 3395 1045 erunt
3418 997 3560 1066 mala,
3580 1013 3631 1058 ut
3644 974 3731 1067 non

2218 1076 2352 1133 opus
2381 1064 2571 1121 habeat
2597 1067 2796 1138 dicere,
2826 1064 3007 1127 Libera
3026 1074 3117 1129 nas
3138 1091 3170 1128 a
3192 1064 3732 1170 malo(Mauh.-vi,13),

2216 1154 2466 1223 Quamvis
2496 1169 2551 1215 et
2575 1177 2715 1217 nunc
2738 1165 2911 1220 omnis
2939 1166 3032 1237 qui
3072 1168 3298 1238 prolicit,
3328 1185 3464 1232 recta
3489 1154 3740 1248 intentione

2204 1249 2519 1318 proﬁciens,
2548 1254 2750 1309 recedit
2792 1256 2860 1312 ab
2888 1258 3033 1313 omni
3062 1272 3297 1329 peccato,
3325 1275 3378 1321 et
3414 1276 3547 1327 tanto
3572 1275 3675 1335 inde
3694 1282 3740 1339 lit

2202 1339 2570 1415 'longinquior,
2593 1358 2791 1417 quanto
2812 1349 3123 1419 pienitudini
3139 1353 3356 1424 iustitia:
3379 1362 3739 1443 perfectioniqne

2215 1434 2561 1506 propinquior
2597 1456 2610 1491 :
2640 1441 2764 1522 quia
2806 1451 2862 1496 et
2890 1442 3002 1512 ipsa
3045 1446 3484 1518 concupiscentia,
3529 1434 3739 1524 quodest

2214 1536 2490 1597 peccatum
2515 1518 2762 1587 habitans
2791 1533 2843 1587 in
2870 1549 3031 1591 carne
3058 1545 3260 1605 nostra,
3288 1542 3385 1596 etsi
3413 1518 3578 1601 manet
3602 1518 3740 1610 adhuc

2212 1618 2267 1673 in
2309 1620 2564 1675 membris
2602 1625 2937 1694 mortalibus,
2983 1628 3150 1683 minui
3183 1639 3355 1687 tamen
3384 1648 3484 1690 non
3508 1636 3678 1697 desinit
3698 1644 3741 1701 in

2213 1712 2628 1779 proﬁcientibus.
2668 1715 2826 1771 Aliud
2853 1724 2937 1773 est
2959 1735 3109 1790 ergo,
3136 1722 3387 1780 recedere
3406 1725 3471 1781 ab
3491 1734 3620 1785 omni
3645 1750 3742 1805 pee-

2210 1810 2351 1870 cato,
2398 1802 2538 1873 quod
2582 1808 2807 1862 nuncin
2837 1824 2999 1879 epere
3040 1819 3160 1877 est;
3207 1814 3369 1881 aliud,
3412 1802 3665 1880 recessisse
3688 1828 3741 1884 ab

2209 1895 2353 1948 omni
2391 1906 2631 1966 peccato,
2661 1899 2805 1970 quod
2832 1903 2884 1956 in
2914 1902 3000 1958 illa
3032 1902 3359 1973 perfectione
3385 1917 3504 1967 tunc
3527 1914 3631 1969 erit.
3655 1916 3742 1974 Sed

2204 1996 2387 2044 tamen
2413 1998 2465 2044 et
2487 1993 2575 2062 qui
2598 1992 2709 2063 jam
2737 1995 2976 2065 recessit,
3009 2005 3066 2051 et
3089 1998 3180 2068 qui
3222 1999 3390 2057 adhuc
3434 2006 3630 2071 recedit,
3657 2024 3740 2066 non

2208 2088 2289 2133 est
2312 2082 2584 2151 urgendus
2625 2083 2801 2140 facere
2838 2085 3059 2149 bonum.
3101 2088 3380 2157 Quomodo
3422 2108 3540 2164 ergo
3576 2096 3741 2161 dictum

2206 2182 2307 2238 est,
2337 2170 2457 2228 Non
2484 2183 2556 2230 est
2577 2177 2662 2246 qui
2686 2177 2839 2246 faciat
2866 2178 3073 2247 bonum,
3106 2196 3212 2235 non
3239 2190 3484 2257 estusque
3504 2187 3567 2240 ad
3583 2204 3710 2243 unum
3726 2207 3742 2257 ;

2205 2265 2344 2335 quod
2386 2266 2477 2323 ille
2517 2270 2818 2340 proposuit,
2864 2279 2919 2327 et
2965 2288 3072 2330 non
3121 2273 3357 2333 solutum
3404 2277 3743 2349 reliquitmisi

2205 2356 2326 2426 quia
2384 2359 2638 2429 populum
2697 2362 2979 2433 quemdam
3035 2364 3276 2434 psalmus
3333 2366 3418 2423 ille
3470 2372 3659 2441 culpat,
3700 2375 3743 2429 in

2202 2460 2311 2515 quo
2356 2452 2456 2504 nec
2495 2465 2630 2505 unus
2673 2458 2788 2507 erat
2833 2453 2924 2523 qui
2950 2452 3152 2511 laceret
3201 2454 3417 2524 bonum,
3443 2458 3559 2514 dum
3596 2462 3741 2519 velum

2202 2551 2478 2594 remanere
2508 2540 2603 2595 lilii
2645 2541 2941 2613 hominum,
2972 2554 3028 2602 et
3069 2563 3176 2603 non
3214 2564 3332 2605 esse
3357 2548 3445 2605 lilii
3488 2552 3592 2620 Dei,
3620 2555 3741 2625 cujus

2200 2629 2368 2698 gratia
2396 2629 2558 2687 homo
2587 2632 2646 2688 ﬁt
2670 2634 2862 2703 bonus,
2891 2646 2951 2691 ut
2976 2635 3137 2694 faciat
3162 2640 3402 2719 bonum?
3432 2642 3502 2698 De
3529 2643 3609 2699 illo
3628 2646 3741 2701 enim

2202 2719 2341 2776 bono
2366 2721 2565 2779 dictum
2584 2724 2677 2781 hic
2699 2726 2957 2784 debemus
2981 2731 3254 2802 accipere.
3277 2732 3411 2803 quod
3433 2733 3501 2788 ibi
3525 2736 3609 2799 ait,
3632 2734 3742 2793 Deus

2199 2812 2262 2866 de
2286 2815 2408 2868 caelo
2432 2812 2648 2887 respexit
2671 2835 2822 2890 super
2841 2820 2975 2890 ﬁlios
2993 2820 3280 2891 hominum,
3307 2824 3523 2880 utuideat
3541 2827 3582 2880 si
3597 2837 3657 2882 est
3676 2830 3742 2883 in-

2201 2906 2431 2978 telligens
2450 2920 2540 2963 aut
2560 2912 2816 2980 requirens
2834 2911 2998 2969 Deum
3024 2914 3202 2990 (Psal.
3227 2934 3338 2985 xm,
3360 2919 3492 2991 1-3).
3513 2919 3616 2977 Hoc
3637 2936 3742 2995 ergo

2197 2996 2416 3067 bonum,
2442 3002 2585 3072 quod
2612 3013 2694 3060 est
2730 3007 3004 3077 requirere
3028 3008 3229 3078 Deum,
3262 3027 3367 3068 non
3390 3022 3500 3089 erat
3519 3016 3602 3085 qui
3625 3014 3742 3070 lace-

2194 3100 2298 3158 ret,
2326 3107 2433 3149 non
2464 3106 2579 3152 erat
2602 3113 2768 3169 usque
2797 3100 2864 3155 ad
2887 3117 3072 3171 unum,
3099 3103 3199 3159 sed
3230 3104 3283 3159 in
3307 3121 3371 3161 eo
3396 3123 3580 3177 genere
3594 3106 3741 3163 homi-

2195 3200 2341 3253 num,
2371 3187 2510 3258 quod
2539 3191 2970 3259 prmdestinatum
2995 3204 3077 3250 est
3096 3196 3163 3250 ad
3198 3196 3467 3252 interitum
3489 3196 3740 3273 (a).Super

2194 3274 2293 3331 hos
2320 3280 2461 3334 enim
2505 3282 2740 3352 respexit
2769 3283 2862 3340 Dei
2906 3286 3270 3356 praeseientia,
3316 3290 3621 3362 protulitque
3642 3304 3739 3348 sete

2194 3370 2435 3426 tentiam.

2262 3460 2487 3519 CAPUT
2511 3463 2652 3522 XIV.
2671 3496 2741 3508 —
2760 3468 2851 3523 32.
2884 3487 2903 3520 ι
2929 3466 3058 3526 Item
3085 3471 3296 3542 dicunt,
3328 3492 3346 3527 ι
3380 3475 3565 3547 inquit,
3591 3494 3609 3528 ι
3634 3473 3737 3531 illud

2191 3553 2331 3624 quod
2364 3554 2604 3611 Salvator
2620 3559 2712 3623 ait,
2740 3558 2877 3628 Quid
2898 3578 2975 3616 me
2994 3564 3119 3619 dicis
3149 3566 3382 3621 bonum?
3408 3565 3566 3622 Nemo
3588 3567 3737 3635 bonus,

2191 3645 2288 3698 nisi
2307 3645 2610 3717 solusﬂeus
2642 3668 2661 3702 ι
2680 3649 2830 3721 (Luc.
2861 3668 3007 3722 mu,
3034 3655 3123 3723 19;
3146 3666 3197 3712 et
3232 3656 3395 3713 Marc.
3416 3676 3470 3727 ιι,
3494 3658 3595 3731 18).
3620 3658 3741 3717 Hanc

2187 3732 2313 3789 item
2332 3739 2746 3807 propositionem
2764 3745 2981 3799 omnino
2999 3762 3105 3801 non
3121 3746 3316 3805 solvit:
3332 3750 3423 3807 sed
3440 3751 3664 3822 opposuit
3678 3766 3741 3807 ve-

2186 3824 2265 3879 lut
2283 3841 2349 3881 ex
2368 3828 2595 3886 adverso
2615 3832 2717 3886 alia
2745 3836 3068 3903 testimonia,
3101 3840 3562 3917 quibus‘probaret
3579 3857 3682 3899 esse
3698 3851 3741 3898 et

2185 3915 2459 3975 hominem
2479 3920 2697 3978 bonum.
2727 3924 2868 3981 Dixit
2898 3929 3040 3984 enim
3070 3947 3176 3985 esse
3206 3915 3602 4005 respondendum
3630 3934 3742 4005 quod

2183 4008 2317 4064 idem
2340 4010 2584 4070 Dominus
2610 4015 2731 4071 atibi
2759 4019 2849 4087 ait,
2880 4037 2898 4071 t
2924 4019 3095 4077 Bonus
3124 4022 3285 4078 homo
3304 4025 3367 4079 de
3391 4026 3514 4080 bona
3538 4026 3741 4081 thesauro

2182 4103 2349 4158 cordis
2370 4102 2452 4159 sui
2470 4109 2664 4179 profert
2689 4108 2819 4163 bona
2838 4111 3075 4183 )(Matth.
3092 4130 3186 4183 xu,
3200 4116 3306 4192 35)
3329 4126 3401 4173 :et
3421 4118 3636 4183 iterum,i
3659 4116 3743 4184 Qui

2181 4195 2338 4250 solem
2352 4213 2501 4252 suum
2527 4200 2649 4254 oriri
2674 4204 2795 4273 facit
2809 4219 2960 4273 super
2979 4203 3135 4261 bonos
3154 4218 3199 4261 et
3226 4209 3386 4264 malos
3407 4229 3425 4263 ι
3452 4208 3554 4281 (Id.
3578 4226 3623 4276 v,
3643 4207 3739 4283 45).

2180 4284 2251 4341 Et
2275 4287 2654 4361 alibiscriptum
2669 4303 2759 4361 est,
2781 4296 2967 4366 inquit,
2995 4316 3014 4349 ‹
3039 4296 3182 4353 Βοηα
3204 4300 3359 4357 “bonis
3383 4314 3544 4357 creata
3566 4311 3669 4358 sunt
3690 4302 3742 4355 ab

2178 4378 2321 4435 initio
2350 4399 2371 4433 ι
2408 4382 2593 4451 (Eccli.
2622 4402 2805 4457 ιιχκικ,
2828 4388 2925 4463 ‘50)
2964 4408 2976 4445 :
3009 4400 3057 4446 et
3077 4393 3289 4463 iterum,
3320 4415 3339 4448 ‹
3372 4396 3473 4465 Qui
3498 4404 3604 4451 sunt
3620 4394 3738 4462 boni,

2178 4484 2325 4529 erunt
2353 4469 2868 4537 habitatores'terrari
2891 4482 3069 4556 (Prov.
3094 4502 3151 4552 ιι,
3169 4488 3295 4562 21).
3322 4490 3418 4546 Cui
3445 4491 3519 4546 sic
3545 4506 3743 4562 respou-

2177 4562 2412 4621 dendum
2437 4578 2536 4638 est,
2579 4580 2637 4626 ut
2665 4581 2718 4627 et
2745 4572 2874 4628 illud
2904 4575 3238 4648 intelligatur
3275 4581 3539 4652 quomodo
3565 4583 3740 4638 dictum

2174 4656 2264 4724 sit,
2290 4657 2455 4714 Nemo
2474 4659 2655 4731 bonus,
2688 4665 2783 4719 nisi
2807 4683 2936 4721 unus
2961 4667 3116 4724 Deus.
3145 4671 3276 4729 Sive
3302 4675 3421 4744 quia
3451 4675 3618 4730 omnia
3640 4689 3741 4746 quae

2174 4761 2354 4806 creata
2402 4762 2554 4821 sunt,
2595 4760 2836 4827 quamvis
2879 4776 2940 4815 ea
2988 4760 3136 4819 Deus
3173 4765 3367 4823 fecerit
3400 4768 3532 4825 bona
3567 4768 3737 4836 valde,

2172 4840 2412 4899 Creatori
2440 4854 2613 4903 tamen
2646 4861 2951 4922 comparata
2972 4896 2987 4923 ,
3020 4871 3119 4912 nec
3146 4858 3293 4916 bona
3322 4871 3475 4930 sunt,
3503 4863 3585 4919 cui
3608 4876 3739 4918 com-

2171 4944 2359 5005 parata
2385 4951 2487 4993 nec
2519 4949 2644 4994 sunt
2675 4958 2689 4996 :
2718 4942 2979 5002 altissime
3007 4948 3024 4979 ¹
3052 4950 3252 5022 quippe
3277 4963 3331 5017 et
3362 4957 3573 5026 proprio
3599 4954 3737 5011 modo

479 5018 657 5068 autem
699 5028 807 5069 non
842 5018 1077 5075 ostendit
1100 5024 1547 5090 quemadmodum
1580 5030 1787 5090 dictum
1813 5036 1904 5105 si"
1939 5018 2063 5096 Non
2168 5027 2397 5122 quodam
2428 5030 2580 5122 dese
2610 5030 2902 5104 ipso‘dixit,
2929 5036 3034 5110 Ego
3063 5018 3289 5114 sum‘qui
3311 5018 3423 5100 sum
3450 5018 3634 5122 (Exod.
3660 5062 3737 5114 tu,

475 5113 550 5160 est
576 5107 663 5178 qui
684 5110 841 5180 faciat
866 5112 1071 5182 bonum,
1092 5132 1195 5171 non
1217 5131 1292 5174 est
1315 5136 1472 5193 usque
1496 5124 1767 5183 att-unum.
1797 5129 1881 5185 Ait
1898 5136 2056 5206 enim,

472 5197 665 5293 inquit,
695 5212 901 5260 sanctus
924 5205 1110 5277 Dauid,
1141 5208 1308 5283 Spain
1330 5214 1386 5269 in
1421 5214 1665 5287 Domino,
1689 5233 1738 5276 et
1760 5223 1845 5293 fac
1869 5197 2061 5285 bonita-

472 5297 571 5346 tem
591 5291 761 5366 (Psal.
787 5313 969 5367 xsxvx,
989 5301 1066 5372 5).
1106 5302 1681 5379 Ηοοιρνωοθριιιπιπθσι,
1709 5291 1814 5372 non
1834 5316 2055 5379 factum:
2101 5370 2105 5374 .

471 5386 614 5451 quod
642 5401 965 5461 praeceptum
984 5412 1098 5451 mon
1138 5399 1318 5469 utique
1343 5400 1607 5461 faciebam
1634 5407 1713 5464 tle
1734 5411 1930 5478 quibus
1964 5415 2055 5470 di-

468 5486 614 5536 ctum
652 5494 755 5550 est,
785 5483 911 5542 Non
938 5496 1010 5543 est
1037 5490 1124 5560 qui
1162 5491 1318 5562 faciat
1341 5492 1547 5566 bonum,
1568 5516 1676 5556 non
1698 5511 1774 5558 est
1810 5521 1966 5578 usque
1984 5510 2056 5563 ad

466 5677 719 5803 ωᾙᾷἓῖ
735 5691 837 5734 Hoc
862 5685 1221 5751 ustionem;
1251 5693 1443 5757 omisso,
1478 5701 1540 5759 et,
1573 5700 1702 5763 quod
1735 5701 1919 5755 habent
1950 5719 2052 5759 ma-

533 5802 702 5897 ξιυξιηυξ
1180 5816 1531 5882 βοηθῆσαι.
1546 5819 1722 5876 ritu-es
1734 5832 2046 5897 manusa-ipti

462 5871 578 5916 cum
597 5872 699 5915 Αω.
721 5873 773 5920 et
789 5875 882 5934 ein,
901 5871 1165 5936 probatum;

2169 5115 2278 5190 14).
2322 5117 2414 5175 Sic
2436 5121 2458 5152 ²
2491 5119 2691 5178 dictum
2721 5134 2821 5193 est,
2861 5125 3026 5185 Nemo
3063 5131 3242 5203 bonas,
3276 5138 3377 5193 nisi
3412 5115 3543 5195 unus
3579 5137 3735 5203 Deus;

2242 5399 2248 5401 Α
2341 5347 2419 5401 ιιι,
2443 5348 2568 5393 Sicut
2594 5380 2607 5393 .
2635 5359 2792 5396 minus
2811 5355 2968 5399 recte.

2214 5399 2534 5483 Mamilium
2554 5404 3015 5483 loctiutti‘tugentius
3034 5411 3120 5483 li_b.
3148 5416 3170 5465 1
3193 5415 3254 5466 ad
3262 5420 3555 5483 ttonimum,
3577 5430 3675 5483 cap.
3691 5416 3734 5469 5:

2357 5465 2503 5532 diuo,
2529 5483 2552 5512 ιι
2583 5469 2756 5532 inquit,
2791 5462 3170 5532 a'sccipieaduni
3191 5462 3432 5531 ὁδῖεᾶἆὸ
3436 5462 3735 5532 iiiis-'1'er

2170 5528 2859 5615 «eammeam
2885 5528 2953 5615 ξι,ίὲ
2974 5536 3219 5615 internus
3238 5528 3485 5615 eum
3500 5528 3736 5615 isis;

2172 5602 2197 5633 ι
2214 5595 2355 5637 natos
2376 5588 2557 5665 limat,
2583 5593 2674 5641 nisi
2698 5588 2755 5665 ad
2772 5588 3035 5665 interitum
3056 5588 3735 5665 supplicifhoii'delictiihe-

2121 5675 2126 5684 ι
2179 5662 2314 5711 sque
2337 5650 2400 5723 ad
2420 5652 2599 5725 malum
2619 5656 2747 5717 quod
2758 5656 2955 5725 injuste
2976 5650 3734 5725 admittunt—cruciatum

2174 5728 2199 5758 ι
2213 5725 2361 5772 quem
2382 5712 2653 5793 iustissime
2674 5712 2944 5793 pangetur;
2969 5735 3065 5793 nec
3084 5712 3143 5774 ad
3166 5712 3735 5793 ρεὸρᾷἶιῖιιῗιξῦὄ

2166 5788 2192 5819 ι
2210 5775 2589 5852 fesurrectiouis
2632 5775 3149 5852 beneﬁcium'autiiou
3166 5775 3443 5852 imiimi,
3469 5775 3570 5841 1aut
3583 5775 3733 5852 iiii;

2165 5840 2351 5919 5321‘:
2363 5836 2864 5919 missurusne!!!
2884 5846 3016 5907 quod
3037 5846 3134 5919 ius
3156 5836 3738 5919 Μίδεῐῖῑ·

2165 5911 2192 5947 ι
2212 5899 2337 5961 parit
2361 5904 2414 5952 et
2434 5901 2639 5965 aequitas
2658 5902 2821 5956 divina
2841 5899 2974 5960 be'ue
2995 5899 3300 5967 retriiiiith
