3984 6524
184 374 270 432 309
1056 379 1144 435 DF.
1179 374 1656 435 PERFECTIONE
1681 373 2010 431 IUSIITUE
2037 373 2326 431 .HOMINIS
2363 374 2586 432 LIBER.

183 491 628 572 quemadmodum
675 494 757 554 de
797 495 1004 554 Joanne
1031 494 1228 552 dictum
1263 501 1364 560 est,
1397 490 1521 547 Non
1561 501 1667 546 erat
1693 490 1782 546 ille

188 591 342 647 lumen
369 585 550 660 (Joan.
581 603 605 644 ι
626 629 646 656 ,
681 585 772 664 8);
799 605 922 646 cum
951 587 1206 645 Dominus
1235 601 1356 644 cum
1383 601 1502 643 esse
1529 585 1672 642 dicat
1699 583 1782 639 lu-

187 697 389 743 cernam
427 677 545 755 (Id.
589 697 654 750 v,
697 680 822 758 55),
865 682 1005 740 sicut
1037 679 1348 750 discipulos,
1387 677 1578 750 quibus
1609 675 1778 745 dixit,

191 777 296 835 Vos
317 775 432 832 estis
457 774 639 830 lumen
661 775 880 838 mundi;
910 789 1054 828 nemo
1081 770 1309 827 accendit
1335 771 1592 824 lucernam
1617 777 1664 824 et
1689 783 1782 838 po-

181 873 256 928 nit
281 888 388 926 eam
411 868 508 924 sub
536 868 716 924 modio
748 851 963 941 (Matth.
988 881 1046 932 ν,
1074 866 1163 934 M,
1193 861 1283 938 1-5)
1316 881 1329 917 :
1359 862 1453 919 sed
1479 862 1532 918 in
1559 875 1781 932 compa-

181 965 385 1018 ratione
420 961 650 1016 luminis
689 961 860 1024 illius,
891 958 1031 1030 quod
1071 965 1154 1014 est
1179 972 1362 1014 verum
1406 955 1616 1022 lumen,
1663 954 1782 1010 illu-

180 1057 389 1110 minans
432 1069 657 1109 omnem
707 1051 980 1108 hominem
1013 1050 1312 1104 venientem
1357 1047 1410 1102 in
1447 1043 1591 1102 hunc
1631 1061 1784 1102 mun-

178 1146 305 1201 dum
332 1143 519 1216 (Joan.
552 1161 605 1210 ι,
636 1143 721 1216 9),
755 1159 863 1198 non
892 1149 1008 1198 erat
1033 1140 1122 1197 ille
1148 1141 1349 1196 lumen.
1377 1137 1500 1194 Sive
1529 1136 1650 1208 quia
1683 1136 1786 1206 ipsi

181 1240 346 1295 etiam
375 1237 470 1292 lilii
501 1236 606 1292 Dei
635 1233 934 1305 comparati
963 1232 1066 1288 sibi
1091 1231 1222 1302 ipsis
1250 1229 1438 1302 quales
1463 1229 1514 1284 in
1546 1228 1636 1284 illa
1666 1243 1789 1298 pcr-

180 1329 411 1386 iectione
442 1337 649 1384 aeterna
679 1325 848 1382 futuri
887 1332 1031 1389 sunt,
1071 1325 1145 1378 ita
1181 1321 1309 1379 boni
1337 1329 1483 1387 sunt,
1520 1327 1578 1374 ut
1613 1317 1787 1374 adhuc

181 1433 236 1478 et
263 1422 390 1477 mali
423 1421 556 1475 sint.
592 1418 750 1489 Quod
779 1418 845 1474 de
881 1416 984 1472 illis
1012 1416 1193 1471 dicere
1223 1429 1330 1470 non
1358 1411 1611 1470 auderem
1643 1409 1788 1482 (quis

181 1514 326 1569 enim
367 1510 574 1567 audeat
619 1509 806 1566 dicere
844 1509 1016 1563 malos
1058 1521 1200 1574 esse,
1246 1520 1470 1576 quorum
1515 1514 1667 1575 pater
1705 1511 1789 1559 est

176 1602 372 1678 Deus),
403 1603 508 1657 nisi
542 1603 658 1673 ipse
683 1600 942 1656 Dominus
967 1598 1193 1665 diceret,
1223 1596 1286 1654 Si
1312 1613 1430 1669 ergo
1457 1612 1543 1652 vos
1577 1612 1692 1650 cum
1719 1591 1788 1650 si—

179 1695 245 1748 tis
275 1693 424 1754 mali.
458 1693 626 1746 nostis
649 1691 781 1746 bona
807 1690 928 1744 data
952 1689 1075 1743 dare
1095 1688 1216 1757 [iliis
1240 1688 1452 1752 vestris;
1475 1694 1660 1758 quanto
1685 1700 1790 1739 ma.

177 1803 256 1858 gis
291 1783 450 1838 Pater
478 1794 669 1851 vester,
698 1783 784 1852 qui
809 1783 862 1836 in
889 1781 1026 1836 cadis
1050 1788 1122 1835 est
1139 1821 1156 1847 ,
1191 1765 1328 1834 dabit
1354 1779 1485 1833 bona
1514 1775 1788 1850 petentibus

179 1895 232 1932 se
273 1877 492 1946 (Matth.
535 1892 650 1943 vn,
699 1875 829 1948 ll)?
869 1871 1000 1929 Cum
1042 1874 1116 1928 ait
1153 1873 1349 1944 utique,
1395 1869 1557 1927 Pater
1598 1879 1787 1936 vester;

183 1969 320 2024 ﬁlios
363 1967 464 2023 Dei
504 1968 624 2038 jam
673 1983 796 2022 esse
840 1966 1172 2034 monstravit,
1218 1979 1353 2035 quos
1395 1971 1572 2020 tamen
1611 1961 1788 2018 adhuc

183 2060 352 2114 malos
391 2074 518 2114 esse
558 2074 674 2114 non
717 2059 901 2113 tacuit.
933 2057 1026 2112 llle
1065 2065 1243 2112 tamen
1286 2071 1392 2110 non
1431 2055 1612 2123 solvit,
1653 2067 1788 2124 quo-

187 2151 340 2206 modo
356 2158 412 2206 et
428 2151 517 2205 isti
539 2150 674 2204 boni
691 2150 822 2211 sint,
841 2159 895 2204 et
914 2164 1056 2204 nemo
1073 2149 1142 2203 sit
1157 2148 1336 2214 bomts,
1355 2146 1453 2200 nisi
1470 2162 1600 2200 unus
1620 2143 1788 2199 Dens:

195 2243 332 2300 unde
353 2252 436 2299 est
464 2243 562 2299 ille
592 2242 924 2308 admonitus,
954 2243 1042 2313 qui
1071 2241 1492 2312 interrogaverat
1513 2237 1639 2310 quid
1664 2237 1790 2293 boni

198 2335 418 2402 taceret,
444 2345 502 2391 ut
531 2335 692 2389 illum
733 2342 1000 2405 quaereret
1025 2333 1177 2403 cujus
1199 2331 1370 2403 gratia
1407 2331 1584 2387 bonus
1613 2338 1786 2398 esset,

193 2427 280 2481 cui
306 2427 495 2480 bonum
525 2441 670 2492 esse,
703 2426 810 2480 hoc
834 2433 918 2481 est
942 2425 1117 2497 ipsum
1147 2438 1306 2489 esse;
1339 2422 1463 2494 quia
1491 2421 1791 2478 incommu-

194 2517 419 2572 tabiliter
444 2517 643 2585 bonus,
675 2525 732 2574 et
755 2532 866 2572 non
897 2523 1073 2587 potest
1099 2514 1316 2571 omnino
1341 2514 1512 2570 malus
1541 2513 1716 2569 esse‘.

261 2608 490 2665 CAPUT
523 2607 642 2664 XV.
667 2609 854 2664 —55.
903 2628 920 2659 ι
945 2605 1075 2662 ltem
1109 2606 1310 2673 dicunt,
1341 2625 1360 2658 ›
1397 2605 1585 2678 inquit,
1620 2623 1638 2656 ι
1668 2603 1794 2671 Quis

201 2699 506 2770 gloriabitur
526 2709 710 2752 castum
736 2715 792 2752 se
808 2697 994 2752 habere
1009 2695 1138 2751 cor?
1163 2715 1184 2748 ι
1211 2697 1282 2752 Ει
1313 2695 1380 2751 ad
1398 2695 1500 2751 hoc
1522 2694 1796 2766 respondit

203 2789 404 2846 multis
449 2789 771 2854 testimoniis,
819 2788 1010 2844 volens
1048 2785 1332 2843 ostendere
1377 2799 1535 2858 posse
1576 2801 1696 2842 esse
1740 2785 1793 2840 in

197 2880 439 2936 homine
468 2891 660 2936 castum
686 2896 779 2936 cor
804 2897 820 2934 :
851 2895 953 2936 nec
983 2888 1160 2936 tamen
1203 2877 1332 2935 dicit
1355 2877 1623 2949 quomodo
1651 2876 1795 2932 acci-

203 2975 470 3048 piendum
509 2975 595 3040 sit,
639 2975 778 3046 quod
826 2975 1108 3046 proposuit
1145 2981 1330 3029 contra
1377 2988 1437 3029 se
1482 2971 1619 3039 dici,
1670 2971 1797 3040 Quis

205 3068 508 3138 gloriabitur
536 3079 729 3123 castum
768 3084 824 3122 se
851 3067 1034 3124 habere
1071 3083 1180 3136 cor,
1222 3082 1290 3122 ne
1317 3063 1588 3136 Scriptura
1615 3063 1798 3120 divina

192 3161 259 3216 in
297 3163 400 3216 hoc
431 3163 756 3229 testimonio,
785 3173 838 3217 et
866 3161 920 3216 in
959 3161 1044 3218 his
1076 3175 1173 3231 per
1203 3175 1322 3231 quae
1359 3158 1660 3229 reSpondit,
1691 3159 1794 3214 sibi

187 3255 312 3324 ipsa
361 3254 668 3308 adversaria
711 3254 981 3309 videatur.
1026 3252 1136 3308 Nos
1177 3261 1358 3308 autem
1405 3251 1529 3306 huic
1574 3264 1797 3322 respon-

193 3343 394 3399 dentes
437 3345 688 3410 dicimus,
715 3345 840 3400 ideo
881 3353 1121 3400 secutum
1149 3357 1290 3408 esse,
1338 3341 1466 3407 Quis
1502 3341 1802 3416 gloriabitur

187 3447 398 3491 maturis
437 3453 498 3492 se
533 3437 718 3492 habere
751 3437 882 3492 cor?
917 3437 1166 3508 quoniam
1209 3435 1507 3506 praecessit,
1547 3432 1675 3488 Cum
1711 3449 1804 3489 rea:

185 3529 370 3592 iustus
419 3527 607 3586 sederit
655 3529 713 3582 in
764 3529 966 3583 throno.
1029 3527 1366 3596 Quantalibet
1413 3525 1555 3582 enim
1597 3524 1801 3595 justitia

175 3627 256 3680 sit
309 3624 582 3696 praeditus
625 3622 828 3692 homo,
874 3623 1111 3694 cogitare
1161 3621 1340 3688 debet,
1389 3635 1456 3675 ne
1491 3617 1699 3690 aliquid
1744 3619 1800 3673 in

179 3718 319 3782 illo,
365 3716 519 3788 quod
551 3716 670 3787 ipse
701 3731 809 3772 non
852 3715 1030 3782 videt,
1069 3713 1372 3769 inveniatur
1409 3727 1528 3767 esse
1571 3710 1798 3780 culpan-

181 3809 348 3878 dum,
380 3825 507 3866 cum
540 3825 632 3866 rex
662 3809 834 3880 justus
873 3806 1075 3864 sederit
1101 3807 1157 3861 in
1187 3805 1402 3871 throno,
1433 3802 1587 3873 cujus
1615 3799 1802 3872 cogni‘

179 3903 412 3958 tionem
435 3900 624 3974 fugere
645 3899 836 3956 delicta
859 3915 967 3956 non
992 3891 1244 3970 possunt,
1269 3910 1369 3952 nec
1394 3894 1482 3949 illa
1507 3893 1578 3949 de
1606 3892 1802 3964 quibus

180 3997 418 4052 dictum
457 4003 566 4062 est,
606 3993 802 4048 Delicta
835 3991 949 4064 quis
987 3989 1223 4062 intelligit
1261 3987 1432 4061 (Psal.
1479 4001 1632 4052 xvnl,
1675 3981 1806 4056 15)?

183 4089 328 4146 Cum
361 4104 506 4159 ergo
545 4103 638 4142 rea:
677 4087 843 4154 iustus
876 4084 1061 4140 sederit
1099 4084 1154 4138 in
1177 4081 1383 4147 throno,
1420 4081 1530 4151 quis
1569 4077 1810 4150 gloriabi-

185 4193 276 4237 tur
313 4189 532 4236 castum
557 4194 609 4232 se
637 4178 816 4233 habere
842 4175 970 4232 cor?
995 4183 1084 4230 aut
1107 4173 1216 4246 quis
1243 4170 1541 4245 gloriabitur
1564 4168 1810 4226 mundum

184 4288 243 4327 se
269 4287 404 4326 esse
433 4287 466 4324 a
489 4277 696 4342 peccato
721 4266 902 4340 (Prov.
931 4281 1030 4334 xx,
1059 4263 1112 4334 8,
1143 4263 1240 4336 9)?
1269 4262 1378 4318 Nisi
1407 4263 1545 4319 forte
1571 4260 1693 4326 isti,
1719 4259 1810 4331 qui

183 4366 404 4421 volunt
436 4364 490 4418 in
517 4377 613 4417 sua
631 4359 859 4433 justitia,
887 4374 995 4419 non
1021 4357 1078 4414 in
1105 4357 1270 4430 ipsius
1287 4353 1489 4428 judicis
1505 4351 1813 4410 misericor-

186 4459 282 4516 dia
315 4456 586 4530 gloriari.

261 4555 375 4612 '54.
413 4549 625 4606 Tamen
652 4547 811 4605 etiam
837 4545 930 4602 illa
949 4560 1074 4602 vera
1103 4551 1251 4610 sunt,
1293 4556 1412 4613 qua:
1438 4537 1814 4611 respondendo

188 4644 486 4717 subjecit,
532 4641 678 4714 quod
729 4659 755 4694 ι·
801 4639 1042 4697 Salvator
1087 4639 1159 4696 ait
1199 4637 1260 4692 in
1308 4633 1618 4705 Evangelia,
1669 4627 1816 4686 Beati

191 4735 606 4803 nundicordes,
626 4733 859 4806 quoniam
877 4732 978 4804 ipsi
995 4729 1159 4786 Deum
1174 4728 1410 4785 videbunt
1432 4725 1642 4799 (Matth.
1665 4723 1813 4794 v,.8).

189 4829 273 4887 Et
338 4826 499 4899 quod
559 4823 724 4880 David
757 4822 887 4878 dicit
940 4839 954 4876 :
1031 4820 1156 4886 Quis
1213 4817 1445 4874 ascendet
1495 4816 1548 4870 in
1602 4821 1818 4869 montem

197 4919 474 4977 Domini?
509 4926 604 4972 aut
630 4915 742 4988 quis
765 4913 916 4971 stabit
939 4913 996 4968 in
1033 4912 1142 4968 loco
1171 4918 1344 4966 sancto
1367 4907 1522 4982 ejus?
1567 4905 1820 4961 Innocens

196 5015 460 5070 mnibus
511 5019 563 5065 et
608 5009 798 5064 mundo
841 5005 993 5064 corde
1041 5003 1216 5076 (Psal.
1254 5019 1406 5070 nm,
1429 5003 1491 5070 5,
1519 5000 1596 5073 4).
1625 4999 1692 5056 Ει
1718 4998 1820 5055 ali-

192 5095 264 5163 Ιὶἰ
322 5124 340 5160 :
407 5103 657 5176 Benefac,
706 5099 956 5167 Domine,
1003 5096 1146 5153 bonis
1172 5105 1218 5151 et
1259 5094 1406 5152 rectis
1453 5091 1604 5148 corde
1648 5090 1819 5166 (Paul.

199 5211 406 5261 cun,
440 5194 522 5266 4).
551 5192 686 5248 Item
735 5190 878 5262 apud
928 5188 1270 5248 Salomonem

3359 381 3466 442 διο

1883 507 1980 564 que
2023 490 2346 562 petierimus,
2374 490 2674 563 accipiemus
2719 490 2782 549 ab
2827 505 2886 556 ea
2909 508 2943 556 ,ι
2985 489 3030 568 (Ι
3053 489 3213 552 locis.
3243 506 3334 558 .11,
3373 493 3470 559 2|,

1886 580 1999 654 22).
2051 581 2163 638 Hoc
2188 582 2328 638 enim
2369 568 2557 653 agitor
2579 584 2869 654 voluntate,
2919 581 3210 652 credendo,
3244 597 3441 658 speras

1887 672 1978 740 do,
2022 672 2313 746 diligendo,
2359 687 2552 746 corpus
2594 672 2921 746 castigando,
2969 674 3342 749 eleemosynas
3389 672 3441 730 ιε

1887 764 2098 831 cicndo,
2123 765 2342 835 injurias
2371 765 2716 837 ignoscendo,
2747 767 3006 832 instanter
3027 768 3253 839 orando,
3279 775 3336 826 et
3356 783 3474 841 pro-

1893 857 2103 915 liciendi
2122 858 2264 918 vires
2285 859 2574 931 precando,
2597 860 2962 932 veraciterque
2985 862 3233 934 dicendo,
3261 863 3472 920 Dimitte

1890 951 2051 1018 nobis,
2091 952 2216 1006 sicut
2243 959 2289 1005 et
2313 967 2407 1006 nos
2443 951 2778 1025 dimittimus;
2817 961 2900 1021 et,
2945 953 3028 1009 Ne
3065 956 3258 1028 inferas
3291 973 3381 1012 nos
3419 958 3474 1012 in

1891 1041 2210 1096 tentationem
2228 1083 2246 1110 ,
2266 1042 2354 1098 sed
2373 1042 2528 1098 libera
2553 1059 2645 1098 nos
2669 1060 2700 1097 a
2725 1045 2860 1100 malo
2885 1041 3097 1117 (Matth.
3127 1063 3176 1102 vn
3192 1089 3207 1112 ,
3239 1047 3329 1116 12,
3357 1046 3470 1121 15).

1892 1131 2004 1186 Hoc
2035 1148 2253 1202 prorsus
2287 1136 2480 1206 agitur,
2527 1142 2584 1189 ut
2617 1149 2710 1190 cor
2753 1135 3060 1206 mundetur,
3103 1144 3159 1193 et
3197 1147 3472 1207 peccatum

1891 1239 2049 1280 omne
2085 1225 2324 1292 tollatur;
2354 1235 2408 1281 et
2446 1225 2587 1296 quod
2626 1241 2718 1282 rex
2753 1227 2992 1298 justus‘,
3033 1241 3154 1284 eum
3190 1228 3244 1283 in
3283 1228 3474 1286 throno

1890 1315 2123 1384 sederit,
2173 1316 2440 1373 occultum
2483 1317 2748 1374 invenerit
2793 1319 3077 1389 minusque
3126 1319 3472 1388 mundatum,

1885 1409 2006 1480 ejus
2045 1409 2403 1465 misericordia
2429 1411 2766 1478 remittatur;
2805 1421 2864 1467 ut
2902 1412 3010 1469 Deo
3035 1412 3263 1469 videndo
3303 1422 3474 1487 totum

1890 1514 2080 1555 sanum
2108 1499 2473 1571 mundumque
2496 1501 2771 1558 reddatur.
2802 1498 3067 1558 Iudicium
3095 1504 3226 1560 enim
3248 1506 3356 1559 sine
3380 1505 3475 1558 mi-

1890 1591 2180 1658 sericordia,
2215 1591 2308 1646 sed
2335 1593 2412 1646 illi
2435 1593 2521 1664 qui
2558 1610 2659 1649 non
2680 1595 2798 1666 fecit
2828 1595 3247 1650 misericordiam.
3277 1596 3473 1668 Super-

1899 1682 2099 1737 exaltat
2140 1694 2308 1740 autent
2358 1685 2706 1740 misericordia
2755 1686 2951 1750 iudicio
2997 1685 3202 1758 (Jacobi
3247 1704 3306 1756 ιι,
3359 1690 3472 1760 15).

1890 1773 2041 1842 Quod
2075 1775 2121 1831 si
2159 1781 2275 1832 non'
2305 1785 2468 1844 esset,
2499 1793 2618 1848 qua:
2657 1792 2782 1848 spes
2824 1779 3003 1836 esset?
3037 1778 3474 1850 Quandoquidem

1889 1880 2005 1919 cum
2042 1883 2132 1922 rea:
2160 1868 2335 1939 justus
2361 1867 2542 1923 sederit
2582 1869 2635 1924 in
2665 1869 2869 1938 throno,
2907 1869 3019 1943 quis
3052 1870 3350 1943 gloriabitur
3381 1887 3475 1925 ca-

1887 1969 2023 2020 stum
2058 1976 2112 2014 se
2149 1961 2331 2017 habere
2369 1963 2501 2018 cor?
2537 1973 2624 2017 aut
2662 1964 2772 2033 quis
2807 1962 3107 2036 gloriabitur
3145 1965 3388 2018 mundum
3421 1981 3479 2020 se

1889 2067 1999 2106 esse
2040 2070 2070 2106 a
2107 2055 2352 2126 peccato?
2395 2056 2544 2111 Tunc
2587 2071 2715 2128 ergo
2757 2073 2852 2127 per
2897 2057 3012 2128 ejus
3059 2057 3478 2114 misericordiam

1887 2143 2016 2216 justi
2056 2146 2213 2216 plene
2243 2145 2584 2220 perfectoque
2620 2151 2880 2218 mundati,
2913 2149 3189 2221 fulgebunt
3225 2152 3280 2208 in
3312 2167 3480 2224 regno

1893 2237 2068 2295 Patris
2091 2241 2173 2296 sui
2203 2241 2340 2297 sicut
2365 2243 2446 2298 sol
2474 2242 2686 2314 (Matth.
2719 2259 2834 2310 xm,
2867 2243 2980 2315 45).

1965 2333 2053 2388 55.
2097 2333 2244 2390 Tunc
2271 2335 2427 2406 plene
2455 2343 2616 2408 atque
2658 2335 2930 2406 perlecte'
2969 2334 3072 2392 erit
3105 2335 3340 2392 Ecclesia
3371 2351 3479 2392 non

1895 2421 2102 2480 habens
2136 2427 2398 2483 maculam
2427 2434 2520 2481 aut
2546 2441 2728 2497 rugam
2765 2434 2857 2484 aut
2899 2425 3098 2496 aliquid
3140 2425 3478 2496 lmjusmodi,

1895 2517 2018 2588 quia
2059 2527 2184 2572 tunc
2221 2519 2380 2574 etiam
2425 2519 2528 2573 erit
2555 2533 2680 2574 vere
2712 2517 2967 2589 gloriosa.
3007 2517 3142 2572 Cum
3189 2519 3332 2575 enim
3370 2531 3476 2575 non

1899 2616 2102 2664 tantum
2139 2608 2246 2678 ait,
2278 2618 2334 2663 ut
2363 2608 2610 2664 exhiberet
2639 2608 2732 2663 sibi
2760 2607 3041 2664 Ecclesium
3079 2625 3180 2664 non
3216 2608 3480 2664 habentem

1897 2699 2150 2754 maculam
2175 2709 2260 2754 aut
2285 2716 2484 2772 rugam,
2512 2699 2602 2754 sed
2634 2698 2856 2766 addidit,
2883 2699 3156 2771 gloriosam
3182 2697 3399 2774 (Ephes.
3427 2717 3480 2769 ν,

1897 2790 2011 2864 27);
2044 2795 2170 2847 satis
2201 2792 2538 2865 signiﬁcavit,
2571 2791 2781 2864 quando
2810 2792 2913 2848 erit
2933 2793 3050 2850 sine
3077 2793 3286 2849 macula
3313 2802 3368 2849 et
3393 2809 3486 2850 ru-

1898 2901 1961 2956 ga
1992 2895 2085 2941 aut
2107 2886 2288 2956 aliquo
2319 2885 2665 2958 hujusmodi’
2699 2904 2712 2942 :
2739 2895 2869 2943 tunc
2896 2887 3100 2958 utique,
3131 2887 3344 2958 quando
3369 2888 3488 2959 glo-

1900 2978 2063 3034 riosa.
2095 2977 2212 3034 Non
2233 2979 2376 3035 enim
2402 2979 2564 3036 modo
2588 2978 2640 3034 in
2669 2979 2829 3034 tantis
2857 2979 3031 3045 malis,
3059 2979 3114 3036 in
3144 2981 3306 3036 tantis
3329 2995 3487 3036 scan-

1901 3067 2058 3137 dalis,
2105 3070 2157 3124 in
2205 3077 2350 3124 tanta
2393 3069 2745 3140 permixtione
2791 3070 3064 3126 hominum
3107 3071 3483 3142 pessimorum,

1903 3159 1956 3215 in
2005 3160 2164 3215 tantis
2211 3160 2513 3230 Opprobriis
2564 3161 2846 3232 impiorum
2897 3162 3186 3218 dicendum
3233 3172 3319 3220 est
3364 3179 3487 3221 eam

1903 3267 2022 3307 esse
2045 3251 2356 3322 gloriosam,
2386 3253 2508 3324 quia
2544 3268 2702 3326 rcges
2738 3254 2786 3309 ei
2816 3255 3074 3322 serviunt,
3107 3254 3194 3311 ubi
3223 3262 3314 3310 est
3342 3256 3487 3326 peri.

1903 3344 2140 3400 culosior
2177 3344 2455 3416 majorque
2483 3346 2708 3402 tcutatio
2735 3349 2757 3399 τ
2781 3346 2876 3402 sed
2907 3357 3036 3404 tunc
3059 3347 3232 3418 potius
3255 3347 3489 3418 gloriosa

1903 3437 2024 3504 erit,
2057 3435 2271 3506 quando
2300 3437 2390 3493 liet
2423 3437 2564 3509 quod
2595 3437 2736 3494 idem
2765 3439 2841 3494 ait
2865 3438 3161 3510 apostolus,
3188 3437 3314 3496 Cum
3341 3438 3491 3496 Chri-

1903 3538 2012 3585 stus
2039 3530 2332 3601 apparuerit
2355 3530 2457 3584 oita
2481 3541 2665 3599 uestra,
2693 3540 2812 3587 tunc
2837 3539 2883 3587 et
2907 3547 2994 3587 vos
3021 3531 3330 3604 apparebitis
3367 3549 3487 3587 cum

1903 3621 2016 3693 ipso
2043 3623 2092 3676 in
2113 3621 2279 3693 gloria
2305 3619 2523 3698 (Coloss.
2553 3640 2632 3692 ιιι,
2659 3623 2737 3699 Δ).
2765 3623 2900 3681 Cum
2925 3626 3068 3683 enim
3093 3625 3353 3690 Dominus
3376 3627 3492 3697 ipse

1906 3712 2194 3768 secundum
2225 3713 2450 3770 formam
2478 3715 2638 3783 servi,
2669 3731 2766 3786 per
2793 3731 2954 3788 quam
2981 3731 3054 3771 ses
3067 3715 3334 3772 mediator
3357 3731 3490 3772 coa-

1903 3802 2080 3874 junxit
2117 3801 2390 3874 Ecclesiae,
2434 3821 2546 3862 non
2573 3805 2734 3863 fuerit
2759 3806 3088 3879 gloriﬁcatus
3113 3807 3218 3863 nisi
3245 3822 3489 3864 resurre-

1907 3895 2101 3951 ctionis
2127 3895 2296 3968 gloria
2321 3894 2484 3968 (unde
2517 3894 2720 3952 dictum
2754 3905 2858 3962 est,
2888 3896 3116 3967 Spiritus
3133 3913 3240 3953 non
3265 3905 3378 3954 erat
3397 3898 3497 3952 da-

1912 3993 1993 4040 tus
2011 4027 2027 4054 ,
2062 3986 2182 4057 quia
2203 3984 2359 4042 Jesus
2383 3987 2609 4042 nondum
2634 3990 2803 4061 fuerat
2828 3988 3143 4062 gloriﬁcatus
3175 3986 3357 4064 [Ιοαη.
3382 4005 3490 4060 vn,

1911 4075 2052 4151 59]);
2079 4078 2346 4149 quomodo
2370 4077 2596 4136 dicenda
2623 4087 2706 4136 est
2729 4088 2858 4140 ante
2883 4081 3328 4138 resurrectionem
3341 4097 3496 4139 suam

1911 4167 2149 4224 Ecclesia
2190 4168 2306 4240 ejus
2342 4183 2462 4226 esse
2485 4169 2756 4242 gloriosa?
2789 4170 3010 4228 Mundat
3049 4187 3178 4246 ergo
3203 4189 3324 4231 eam
3349 4190 3496 4232 nunc

1911 4257 2124 4314 lavacro
2159 4275 2311 4332 aqua:
2347 4261 2401 4316 in
2429 4261 2592 4318 verbo
2623 4260 2838 4336 (Ephes.
2863 4277 2920 4334 ν,
2954 4261 3070 4340 9.6),
3107 4264 3328 4324 abluens
3363 4281 3498 4338 paco

1913 4358 2030 4408 cata
2060 4351 2348 4422 praeterita,
2375 4361 2430 4409 et
2445 4353 2662 4424 pellens
2687 4355 2757 4411 ab
2789 4369 2853 4411 ea
2879 4355 3300 4414 dominationem
3320 4358 3500 4414 malo-

1913 4458 2032 4500 rum
2057 4444 2380 4516 Angelorum
2409 4465 2422 4501 :
2450 4445 2643 4504 deinde
2671 4447 2954 4520 perlicieus
2966 4449 3091 4520 eius
3114 4451 3390 4512 sanitates,
3417 4450 3502 4504 ta-

1916 4536 1991 4591 cit
2017 4551 2133 4592 eam
2171 4551 2455 4594 occurrere
2479 4539 2531 4592 in
2557 4538 2700 4598 illam
2727 4539 3037 4610 gloriosam,
3065 4542 3184 4596 sine
3209 4541 3421 4606 macula
3440 4547 3502 4596 et

1917 4641 2066 4698 ruga.
2113 4626 2258 4698 (Quos
2305 4629 2448 4684 enim
2493 4627 2896 4700 prcedestinavit,
2939 4630 3056 4688 illos
3095 4639 3144 4686 et
3186 4632 3410 4697 uocauit,-
3449 4640 3504 4686 et

1917 4733 2043 4790 quos
2067 4719 2282 4787 vocavit,
2307 4719 2445 4791 ipsos
2469 4728 2516 4775 et
2531 4721 2869 4793 justiﬁcaoit;
2889 4737 3026 4794 quos
3047 4731 3216 4782 autem
3239 4723 3504 4795 justi/ica-

1919 4809 1990 4864 uit
2007 4850 2023 4877 ,
2051 4807 2166 4864 illos
2193 4817 2243 4866 et
2259 4809 2564 4882 gloriﬁcaut'l
2590 4809 2768 4884 (Rom.
2802 4827 2914 4880 vni,
2945 4812 3062 4884 50).
3089 4812 3150 4868 In
3170 4813 3282 4870 hoc
3307 4823 3508 4888 myste-

1921 4903 2004 4959 rio
2027 4901 2230 4958 dictum
2258 4903 2511 4969 arbitror,
2531 4901 2670 4959 Ecce
2695 4903 2844 4977 ejicio
2877 4904 3154 4975 damonia,
3183 4915 3231 4962 et
3267 4907 3509 4970 sanitates

1923 4997 2132 5068 perﬁcio
2171 4994 2324 5052 hodie
2357 5004 2406 5052 et
2439 5011 2574 5064 cras,
2610 5005 2658 5052 et
2695 4997 2840 5053 tertia
2876 4997 2962 5054 die
2996 5014 3315 5056 consummor
3351 4999 3506 5072 (Luc.

1923 5103 2036 5156 xm,
2070 5086 2187 5162 ‘52),
2228 5087 2283 5144 id
2326 5095 2430 5157 est,
2473 5087 2742 5160 perﬁcior.
2783 5089 2928 5148 Dixit
2962 5091 3106 5148 enim
3149 5091 3254 5148 hoc
3285 5109 3349 5150 ex
3384 5107 3509 5165 per-

1325 5204 1340 5242 :
1384 5184 1543 5252 ,Bona
1595 5193 1670 5239 est
1705 5183 1826 5240 sub—
1927 5195 2058 5238 sona
2099 5181 2340 5253 corporis
2368 5181 2482 5250 sui,
2511 5182 2657 5255 quod
2681 5190 2765 5244 est
2791 5183 3030 5242 Ecclesia
3063 5203 3080 5244 :
3115 5186 3238 5244 dies
3267 5185 3512 5258 ponens‘

168 5315 178 5374 ᾖ
203 5289 446 5356 unua,
461 5286 546 5341 cui
576 5301 678 5340 non
703 5291 777 5340 est
790 5291 1056 5356 peccatum
1080 5280 1134 5336 in
1161 5277 1468 5336 conscientia
1491 5273 1679 5349 (Eecli.
1707 5290 1822 5345 xui,
1927 5288 2028 5346 pro
2049 5267 2312 5330 distinctis
2333 5273 2699 5348 ordinatisque
2718 5277 3074 5350 temporibus,
3095 5278 3238 5350 quod
3253 5287 3312 5337 et
3334 5279 3388 5336 in
3413 5293 3514 5336 sita

203 5379 337 5454 50).
365 5380 507 5435 Item
532 5376 686 5434 illic:
714 5375 898 5430 Aoerte
934 5383 983 5430 te
1003 5389 1037 5427 a
1072 5371 1286 5438 delicto,
1331 5378 1378 5424 et
1421 5367 1582 5439 dirige
1624 5382 1825 5436 manus,
1930 5367 2324 5427 resurrectione
2351 5367 2668 5442 signiﬁcavit
2703 5369 2756 5424 in
2788 5369 2980 5430 triduo.
3573 5369 3576 5372 ’

159 5449 174 5476 ³
210 5482 270 5527 αι
293 5449 390 5526 ἀι
439 5470 572 5526 οιιιηί
598 5468 786 5524 delicto
810 5465 1002 5520 munda
1025 5481 1111 5520 cor
1135 5473 1274 5518 tuum
1329 5458 1438 5535 (ιιι.
1466 5465 1690 5529 xxxviii,
1712 5459 1827 5532 ιο).

201 5562 364 5623 hem
387 5564 447 5619 in
473 5562 712 5635 Epistola
741 5559 970 5616 Joannis
1017 5575 1031 5612 :
1077 5556 1138 5614 Si
1189 5571 1278 5611 cor
1326 5564 1554 5610 nostrum
1599 5570 1702 5610 non
1748 5567 1831 5610 re-
1990 5571 2015 5605 s
2033 5578 2143 5635 ω,
2165 5574 2242 5619 υ,
2265 5573 2472 5635 eius,
2494 5572 2541 5620 et
2561 5569 2688 5634 quod
2702 5566 3054 5635 judexjustus.

584 5655 844 5730 ﬁduciam
893 5649 1128 5706 habemus
1168 5649 1236 5704 ad
1285 5647 1472 5716 Deum,
1501 5656 1550 5702 et
1575 5663 1795 5720 graecum

1995 5629 2832 5758 tissimi?
2847 5630 3370 5747 fitﬁt-"demigrent
3386 5698 3479 5744 κει

303 5775 324 5808 ι
345 5779 480 5836 ωι,
511 5772 627 5840 quia
646 5762 1111 5824 Whiliter
1135 5761 1301 5825 bonus,
1323 5775 1418 5814 non
1437 5765 1590 5828 potest
1611 5773 1630 5812 :
1936 5727 2514 5830 aut
2547 5727 2656 5827 ,μ’
2673 5727 2687 5744 ⁸
2705 5727 2768 5744 w
2793 5729 2808 5744 ’
3037 5727 3058 5744 ’
3227 5727 3350 5828 δ”-³.
3501 5729 3516 5754 ’

329 5837 362 5848 _.
427 5833 442 5848 ι
583 5843 595 5848 _
680 5845 793 5848 "-e.
845 5827 1030 5848 LA...
1074 5825 1188 5848 ,λιιι
1214 5826 1376 5848 ...ιη-ι
1403 5831 1452 5848 ,ιι
1496 5830 1806 5848 κ.-...-η...ιι.
1999 5818 2155 5848 ινδ-ιι
2229 5814 2439 5848 ενι-Λικι.
2479 5824 2557 5848 ἢ..
2593 5827 2808 5848 omnem
2855 5816 3176 5848 rmnmhnluo
3200 5829 3223 5848 ιι
3249 5815 3412 5848 Μιιιιιη
3434 5825 3451 5848 ι
3470 5827 3516 5848 2-

1999 5821 2022 5854 ι
2038 5814 2178 5882 editi,
2223 5814 2439 5871 Ecclesia
2469 5814 2560 5869 Dei
2587 5827 2608 5868 :
2625 5828 2824 5883 ponens.
2855 5816 3176 5870 attenduntur
3197 5815 3414 5870 acodice
3434 5824 3518 5866 va-

845 5827 1034 5882 llis-It
1069 5825 1455 5880 mansne:
1496 5825 1795 5889 mamipt.‘

1999 5825 2112 5869 ‘Edl

1937 5883 2112 5936 uno.
