3984 6534
197 461 289 521 313
1126 462 1214 519 DE
1253 454 1726 517 PERFECTIONE
1762 451 2087 512 JUSTITM‘J
2131 454 2402 516 llOMlNlS
2438 460 2658 518 LIBER.

202 582 399 657 (“Con
437 593 513 643 Iv,
556 579 704 652 16):
756 582 1051 639 secundum
1088 593 1264 638 autem
1302 563 1442 652 quod
1484 581 1551 636 de
1593 578 1808 634 homine

205 683 299 736 illo
323 677 423 734 nati
452 691 683 741 sumus,
710 693 813 748 per
836 693 993 749 quem
1020 686 1297 748 peccatum
1329 676 1546 731 intravit
1573 677 1624 730 in
1657 691 1810 729 mun-

204 775 348 838 dum,
377 779 431 826 et
458 786 555 841 per
584 781 878 840 peccatum
902 787 1071 838 mors,
1101 780 1154 826 et
1178 772 1247 824 ita
1270 771 1321 824 in
1353 785 1538 824 omnes
1559 769 1810 825 homines

205 863 505 936 pertransiit
549 862 737 933 (Rom.
774 863 973 933 v.12),
1015 863 1132 918 sine
1168 872 1385 932 peccato
1431 877 1535 916 non
1583 877 1806 928 sumus;

199 961 323 1031 quia
359 961 473 1014 sine
500 959 651 1014 illius
682 959 992 1014 inﬁrmitate
1018 959 1250 1013 nondmn
1278 974 1482 1024 sumus,
1510 957 1683 1012 donec
1721 957 1808 1012 illa

201 1051 583 1115 renovatione,
611 1067 736 1121 qum
759 1054 817 1106 lit
844 1051 910 1106 de
939 1051 1024 1105 die
1052 1051 1104 1104 in
1127 1049 1266 1104 diem
1285 1091 1300 1114 ,
1330 1049 1581 1120 quoniam
1611 1065 1807 1103 secun-

197 1143 327 1196 dum
349 1145 522 1212 ipsam
543 1158 613 1196 ex
639 1144 753 1199 Deo
779 1144 887 1198 nati
910 1159 1110 1206 sumus,
1137 1142 1413 1196 inﬁrmitas
1437 1151 1542 1196 tota
1569 1151 1805 1209 sanetur,

199 1237 253 1290 in
283 1252 386 1306 qua
425 1254 492 1292 ex
521 1237 705 1308 primo
737 1237 953 1292 homine
980 1237 1087 1291 nati
1119 1251 1302 1292 sumus
1322 1277 1336 1299 ,
1386 1245 1436 1289 et
1464 1236 1515 1289 in
1553 1251 1655 1305 qua
1695 1235 1810 1290 sine

198 1339 424 1397 peccato
446 1344 556 1382 non
582 1343 802 1384 sumus:
823 1330 975 1400 cujus
997 1328 1232 1399 reliquiis
1255 1328 1303 1381 in
1324 1326 1535 1382 homine
1557 1327 1810 1382 interiore

199 1423 586 1488 manentibus,
628 1425 872 1494 quamvis
914 1423 981 1478 de
1022 1421 1107 1477 die
1144 1423 1195 1476 in
1225 1421 1365 1476 diem
1403 1421 1710 1474 minuantur
1754 1421 1807 1475 in

198 1513 620 1582 proﬁcientibus
640 1555 655 1580 ,
697 1515 741 1569 si
767 1515 1043 1569 dixerimus
1069 1513 1186 1584 quia
1216 1522 1476 1582 peccatum
1519 1528 1620 1565 non
1653 1510 1807 1565 habe-

197 1623 346 1671 mus,
375 1623 470 1659 nos
501 1608 644 1677 ipsos
679 1607 961 1661 seducimus
981 1649 995 1671 ,
1038 1617 1082 1661 et
1109 1607 1288 1659 veritas
1330 1606 1381 1659 in
1414 1605 1557 1658 nobis
1589 1622 1688 1659 non
1710 1613 1804 1659 est.

197 1697 490 1763 Quomodo
510 1701 662 1754 enim
688 1717 873 1755 verum
901 1710 1000 1763 est,
1028 1700 1202 1753 Omnis
1222 1701 1306 1770 qui
1335 1708 1526 1769 peccat,
1545 1686 1659 1753 non
1684 1699 1808 1752 vidit

199 1808 339 1856 eunt,
378 1808 473 1844 nec
513 1795 755 1863 cognovit
795 1811 905 1846 eum
929 1810 947 1847 :
977 1809 1096 1848 cum
1139 1792 1430 1847 secundum
1473 1793 1728 1847 visionem
1757 1803 1812 1848 et

201 1885 568 1953 cognitionem
593 1902 718 1956 qua:
743 1888 844 1941 erit
871 1888 924 1941 in
947 1887 1144 1958 specie,
1169 1903 1326 1941 nemo
1349 1902 1469 1941 eum
1500 1887 1550 1940 in
1585 1887 1683 1942 hac
1704 1889 1809 1944 vita

205 1978 384 2031 videat
422 1988 593 2049 atque
631 1990 961 2051 cognoscat;
1005 1979 1296 2035 secundum
1327 1991 1505 2035 autem
1547 1980 1808 2034 visionem

207 2078 361 2138 atque
397 2071 773 2140 cognitionem
817 2088 936 2142 qure
979 2081 1060 2126 est
1099 2072 1150 2126 in
1191 2071 1328 2138 ﬁde,
1379 2071 1528 2126 multi
1574 2071 1682 2125 sint
1720 2071 1810 2141 qui

210 2171 450 2231 peccent,
480 2172 635 2218 certe
679 2164 780 2233 ipsi
806 2173 1058 2234 apostatce
1082 2206 1097 2230 ,
1125 2165 1212 2233 qui
1239 2174 1412 2218 tamen
1451 2165 1502 2218 in
1543 2179 1665 2218 eum
1707 2163 1807 2217 ali-

219 2255 419 2324 quando
448 2256 840 2323 crediderunt,
881 2266 938 2311 ut
965 2256 1032 2312 de
1060 2257 1204 2311 nullo
1238 2272 1422 2312 eorum
1462 2257 1565 2311 dici
1619 2257 1804 2326 possit,

225 2350 497 2402 secundum
526 2351 798 2406 visionem
831 2361 882 2405 et
906 2350 1259 2421 cognitionem
1289 2366 1408 2420 qua:
1428 2350 1601 2405 adhuc
1624 2351 1674 2404 in
1708 2349 1810 2406 ﬁde

222 2451 298 2496 est
321 2487 333 2505 ,
366 2460 462 2496 non
491 2445 618 2496 vidit
648 2461 765 2497 eum
784 2485 798 2510 ,
830 2460 988 2512 neque
1016 2444 1242 2514 cognovit
1271 2443 1429 2496 eum?
1471 2442 1574 2497 Sed
1610 2442 1809 2496 intelli-

212 2534 435 2603 gendum
461 2536 726 2598 arbitror,
759 2535 882 2604 quia
917 2537 1190 2588 renovatio
1221 2535 1539 2604 perﬁcienda
1585 2534 1730 2589 videt
1756 2543 1810 2590 et

211 2627 490 2695 cognoscit
521 2645 535 2679 :
563 2626 850 2680 inﬁrmitas
873 2642 1000 2681 vero
1029 2627 1352 2682 absumenda
1381 2643 1489 2681 non
1519 2627 1682 2690 videt,
1711 2641 1809 2682 nec

215 2718 500 2786 cognoscit
521 2732 680 2782 eum;
711 2717 763 2771 in
799 2718 954 2787 cujus
980 2711 1418 2790 quantiscumque
1459 2721 1696 2790 reliquiis
1724 2721 1807 2774 in-
1857 2771 1862 2776 .

222 2809 399 2862 terius
441 2808 753 2875 constitutis,
815 2810 861 2862 si
915 2810 1192 2865 dixerimus
1233 2811 1356 2879 quia
1406 2821 1664 2881 peccatum
1707 2829 1808 2867 non

223 2897 475 2953 habemus
496 2943 511 2966 ,
538 2917 627 2954 nos
647 2902 774 2970 ipsos
803 2901 1093 2956 seducimus
1111 2944 1124 2968 ,
1152 2912 1197 2956 et
1233 2903 1415 2956 veritas
1447 2904 1500 2957 in
1539 2905 1679 2958 nobis
1709 2921 1810 2958 non

225 2999 323 3043 est.
350 2989 480 3044 Cum
501 3005 622 3060 ergo
642 3007 733 3060 per
751 2993 976 3062 gratiam
999 2994 1356 3048 renovationis
1385 2995 1481 3063 ﬁlii
1501 2993 1598 3048 Dei
1621 2995 1806 3061 simus,

223 3092 407 3138 tamen
432 3094 642 3153 prOpter
667 3085 922 3154 reliquias
964 3086 1284 3140 inﬁrmitatis
1317 3087 1541 3140 nondum
1568 3089 1809 3158 apparuit

212 3175 348 3243 quid
377 3176 603 3230 erimus:
637 3177 822 3230 scimus
857 3177 1099 3246 quoniam
1125 3193 1238 3231 cum
1265 3179 1582 3248 apparuerit,
1617 3179 1808 3233 similes

204 3268 256 3320 ei
276 3269 490 3334 aintus,
517 3270 758 3338 quoniam
778 3268 1058 3323 videbimus
1077 3286 1188 3323 eum
1214 3269 1363 3323 sicuti
1384 3260 1480 3325 est.
1510 3269 1658 3324 Tunc
1682 3285 1807 3340 pec-

199 3368 387 3412 catum
432 3359 638 3413 nullum
669 3360 804 3425 erit,
855 3361 976 3430 quia
1007 3358 1287 3414 inﬁrmitas
1324 3376 1423 3415 nec
1457 3362 1678 3416 interior
1712 3377 1812 3418 nec

195 3451 445 3505 exterior
478 3451 584 3504 ulla
610 3452 926 3507 remanebit.
962 3451 1027 3506 Et
1053 3453 1215 3507 omnis
1239 3455 1325 3524 qui
1346 3453 1489 3507 habet
1518 3455 1648 3508 hanc
1667 3472 1807 3524 spem

191 3543 245 3595 in
278 3559 428 3608 eum,
465 3545 752 3612 sanctificat
776 3561 830 3598 se
847 3587 863 3610 ,
891 3546 1019 3598 sicut
1043 3555 1089 3599 et
1113 3547 1219 3615 ipse
1243 3556 1447 3600 sanctus
1473 3557 1566 3600 est.
1596 3546 1806 3602 Sancti-

191 3632 323 3688 ﬁcat
357 3649 441 3700 se,
472 3650 579 3688 non
607 3650 704 3704 per
731 3651 788 3690 se
815 3635 1010 3706 ipsum,
1044 3636 1138 3690 sed
1164 3636 1438 3692 credendo
1464 3638 1516 3691 in
1563 3637 1712 3692 illum
1754 3647 1809 3693 et

189 3724 513 3801 invocanda
540 3725 688 3779 illum
717 3727 806 3796 qui
847 3726 1144 3782 sanctiﬁcat
1189 3737 1404 3782 sanctos
1451 3743 1576 3782 suos
1612 3746 1624 3781 :
1656 3729 1808 3798 cujus

187 3816 653 3872 sanctiﬁcationis
694 3818 982 3888 perfectio,
1013 3834 1130 3889 quae
1160 3835 1302 3874 nunc
1328 3819 1538 3891 proﬁcit
1577 3830 1631 3875 et
1655 3836 1806 3877 cres-

185 3909 257 3964 cit
285 3909 370 3964 de
401 3909 489 3964 die
517 3909 571 3965 in
596 3909 770 3977 diem,
803 3925 990 3966 omnes
1015 3911 1337 3967 inﬁrmitatis
1364 3913 1617 3983 reliquias
1658 3914 1808 3969 abla-

185 4010 313 4055 tura
347 4010 462 4056 est.

256 4133 513 4190 CAPUT
543 4133 684 4189 XIX.
713 4166 785 4176 —
806 4137 894 4193 ιο.
930 4155 953 4190 ‹
982 4136 1110 4193 ltem
1139 4137 1340 4206 dicunt,
1367 4157 1386 4192 ›
1411 4126 1599 4211 inquit,
1634 4159 1653 4192 ‹
1684 4139 1806 4196 Νοη

182 4229 423 4283 solantis
447 4245 609 4301 neque
627 4233 870 4286 currentis
889 4274 904 4296 ,
926 4232 1015 4286 sed
1042 4232 1318 4289 miserentis
1347 4245 1420 4288 est
1449 4233 1543 4289 Dei
1571 4253 1589 4286 ι
1624 4233 1801 4305 (Rom.

183 4338 264 4384 ιι,
297 4323 435 4391 16).
463 4322 671 4388 Quibus
699 4342 718 4374 ι
757 4325 1186 4394 respondendum
1215 4342 1333 4381 esse
1365 4347 1382 4376 ι
1407 4326 1570 4393 dicit,
1616 4346 1636 4379 ‹
1664 4329 1804 4398 quod

187 4415 344 4470 idem
373 4417 657 4484 apostolus
681 4417 803 4472 alibi
840 4418 909 4472 de
937 4417 1165 4488 quodam
1193 4419 1268 4472 ait
1294 4436 1307 4472 :
1341 4419 1491 4484 Quod
1520 4421 1622 4474 vult
1651 4421 1806 4490 faciat

189 4506 227 4577 (Ι
259 4508 408 4563 Cor.
441 4523 537 4572 vn,
567 4508 678 4576 56).
713 4509 862 4576 Item,
889 4530 907 4561 ι
941 4511 1141 4580 inquit,
1180 4530 1199 4562 ι
1235 4511 1300 4565 ad
1329 4511 1696 4568 Philemonem
1738 4513 1805 4568 de

183 4600 470 4656 Onesimo
493 4619 506 4653 :
543 4600 699 4668 Quem
727 4618 816 4672 ego
836 4603 1088 4656 volueram
1111 4604 1251 4674 apud
1279 4622 1354 4657 me
1377 4604 1613 4671 detinere,
1639 4615 1693 4658 ut
1714 4623 1806 4678 pro

188 4705 234 4748 te
277 4694 429 4748 mihi
469 4694 814 4760 ministraret;
855 4696 944 4748 sed
977 4698 1082 4749 sine
1118 4698 1328 4751 consilio
1376 4709 1462 4752 tuo
1501 4700 1629 4753 nihil
1668 4698 1806 4752 volui

189 4790 371 4858 facere
390 4828 412 4853 ,
459 4797 517 4841 ut
545 4805 643 4841 non
688 4789 827 4858 quasi
869 4805 932 4842 ea:
957 4793 1248 4844 necessitate
1275 4792 1459 4845 bonum
1493 4802 1630 4846 tuum
1655 4801 1799 4860 esset,

189 4885 280 4936 sed
315 4882 677 4935 voluntarium
714 4881 958 4952 (Philem.
991 4884 1080 4948 13,
1111 4884 1222 4953 1t).
1287 4885 1415 4939 Item
1456 4886 1506 4940 in
1549 4886 1806 4942 Deutero—

191 4977 388 5031 nomio
424 4993 440 5029 :
502 4971 670 5028 Vitam
709 4984 755 5029 ct
798 4986 1004 5029 mortem
1048 4976 1185 5030 dedit
1243 4987 1360 5031 ante
1417 4980 1596 5049 faciem
1642 4989 1800 5047 tuam,

191 5069 392 5121 bonum
415 5077 463 5122 et
483 5068 677 5121 malum
698 5083 718 5132 ,°
744 5067 870 5138 elige
894 5069 1073 5134 vitam,
1113 5078 1166 5122 ut
1191 5070 1326 5123 vivas
1353 5069 1527 5139 (Deut.
1553 5087 1680 5136 xxx,
1713 5073 1802 5139 15,

196 5161 308 5230 19).
359 5158 499 5214 Item
539 5159 675 5230 apud
707 5158 1045 5216 Salomonem
1073 5177 1086 5214 :
1118 5159 1252 5216 Deus
1281 5161 1342 5214 ab
1367 5163 1512 5217 initio
1550 5164 1806 5217 constituit

197 5254 483 5318 hominem,
528 5262 577 5306 et
601 5253 802 5322 reliquit
833 5270 945 5306 eum
970 5254 1018 5306 in
1062 5271 1214 5307 manu
1241 5256 1442 5308 consilii
1465 5256 1544 5310 sui
1570 5273 1588 5310 :
1617 5258 1804 5328 adjecit

193 5347 243 5398 ei
277 5347 533 5398 mndata
572 5355 619 5397 et
645 5355 940 5416 prcecepta;
982 5347 1025 5399 si
1052 5346 1184 5400 voles
1217 5356 1497 5417 prcccepta,
1541 5346 1805 5402 servabunt

199 5449 265 5502 te,
297 5440 428 5492 etin
453 5447 706 5508 posterum
743 5439 896 5507 [idem
942 5438 1177 5506 placitam
1217 5442 1400 5509 facere.
1428 5438 1678 5508 Apposuit
1718 5440 1805 5494 tibi

199 5547 392 5598 aquam
431 5540 474 5583 et
509 5532 714 5600 ignem,
758 5529 827 5582 ad
865 5530 997 5599 quod
1034 5531 1106 5584 vis
1149 5531 1350 5601 porrige
1389 5547 1600 5584 manum
1640 5541 1801 5585 tuam.

201 5625 336 5676 Ante
357 5623 607 5677 hominem
635 5623 827 5676 bonum
849 5631 896 5675 et
919 5623 1126 5688 malum,
1152 5624 1252 5676 vita
1274 5634 1320 5678 et
1347 5641 1499 5690 mors,
1529 5637 1803 5698 paupertas

202 5727 249 5768 et
285 5718 520 5770 honestas
564 5734 597 5768 a
639 5714 868 5769 Domino
910 5712 1017 5769 Deo
1063 5726 1179 5770 sunt
1225 5715 1408 5788 (Eccli.
1453 5735 1544 5783 xv,
1585 5721 1800 5792 14-18).

203 5805 340 5862 item
379 5808 514 5877 apud
557 5808 754 5863 Isaiam
802 5825 815 5860 :
865 5804 930 5858 Et
966 5807 1006 5860 si
1039 5807 1297 5864 volueritis
1327 5821 1372 5864 et
1405 5811 1668 5866 audieritis
1704 5830 1800 5879 me,

211 5915 322 5971 qu
350 5899 477 5956 bona
505 5910 625 5957 sunt
653 5909 812 5956 terra:
839 5898 1243 5968 manducabitis;
1280 5902 1324 5956 si
1346 5913 1512 5960 autem
1546 5905 1805 5964 nolueritis

3400 480 3500 540 5N

1917 591 2004 630 nec
2024 574 2349 632 obaudieritis
2385 597 2484 647 me,
2521 583 2722 653 gladius
2752 600 2839 639 vos
2860 589 3097 644 comedet.
3140 589 3211 646 0s
3237 589 3369 648 enim
3398 595 3508 653 Do-

1915 669 2037 722 mini
2059 670 2278 724 locutum
2307 682 2378 724 est
2400 673 2507 727 htec
2535 673 2713 743 »(Ιεαὶ.
2739 693 2775 741 ι,
2805 677 2891 744 19,
2915 678 3026 752 20).
3055 681 3149 737 Hic
3170 699 3316 752 vero,
3339 702 3507 756 quan-

1916 763 2158 817 tumlibet
2182 763 2267 817 isti
2297 778 2355 818 se
2380 765 2651 835 obtegant,
2679 773 3010 839 aperiuntur.
3045 775 3327 832 Declarant
3353 782 3496 838 enim

1915 867 1975 908 se
2015 862 2200 909 contra
2237 855 2329 908 Dei
2355 858 2576 925 gratiam
2621 861 2701 914 vel
2749 862 3170 921 misericordiam
3211 869 3501 942 disputare,

1914 962 2070 1016 quam
2102 948 2348 1002 volumus
2387 950 2670 1020 impetrare
2703 968 2825 1006 cum
2856 955 3101 1026 dicimus,
3134 960 3252 1014 Fiat
3275 965 3504 1023 voluntas

1879 1069 1884 1073 —
1918 1049 2006 1092 tua
2043 1040 2169 1094 sicut
2207 1042 2260 1095 in
2296 1043 2418 1096 caelo
2461 1053 2507 1096 et
2540 1045 2591 1098 in
2622 1055 2798 1111 terra;
2842 1049 2946 1111 vel,
2982 1050 3062 1104 Ne
3103 1071 3193 1108 nos
3228 1058 3420 1128 inferas
3447 1061 3500 1115 in

1915 1137 2258 1226 tentationem,
2295 1139 2383 1193 sed
2407 1141 2562 1192 libera
2583 1158 2673 1194 nos
2700 1159 2730 1195 a
2758 1144 2892 1197 malo
2917 1144 3128 1215 (Matth.
3163 1165 3232 1212 vt,
3261 1152 3348 1217 10,
3387 1153 3499 1225 15).

1916 1224 2110 1296 thuid
2158 1230 2298 1282 enim
2341 1231 2437 1284 ista
2468 1232 2669 1285 orando
2716 1243 2862 1288 tanto
2902 1238 3098 1306 gemitu
3146 1243 3401 1308 petimus,
3452 1224 3500 1300 si

1915 1319 2140 1373 volentis
2191 1319 2418 1376 hominis
2472 1333 2523 1377 et
2569 1330 2874 1393 currentis,
2925 1344 3030 1382 non
3076 1331 3379 1388 miserentis
3422 1345 3504 1390 est

1915 1411 2053 1465 Dei?
2081 1412 2194 1466 Non
2220 1415 2338 1483 quia
2367 1414 2468 1469 hoc
2493 1417 2608 1470 sine
2649 1418 2923 1473 voluntate
2965 1430 3143 1475 nostra
3181 1425 3374 1492 agitur,
3405 1427 3500 1482 sed

1915 1503 2036 1572 quia
2077 1504 2320 1559 voluntas
2358 1522 2461 1561 non
2513 1508 2695 1577 implet
2741 1511 2880 1580 quod
2914 1513 3050 1582 agit,
3101 1515 3200 1567 nisi
3250 1516 3504 1572 divinitus

1914 1595 2207 1664 adjuvetur.
2235 1598 2358 1653 Haec
2378 1609 2460 1654 est
2484 1599 2602 1655 ﬁdei
2625 1602 2840 1667 sanitas,
2865 1620 2980 1673 qu;c
3005 1622 3100 1660 nos
3122 1604 3245 1662 facit
3264 1624 3505 1678 quaerere

1915 1697 1974 1742 ut
2017 1689 2376 1757 inveniamus,
2433 1703 2616 1763 petere
2672 1705 2729 1749 ut
2775 1696 3124 1766 accipiamus,
3179 1701 3390 1769 pulsare
3449 1711 3506 1758 ιιι

1915 1783 2182 1850 aperiatur
2220 1784 2373 1838 nobis
2416 1784 2563 1854 (Luc.
2608 1803 2682 1851 XI,
2713 1787 2792 1857 9).
2846 1790 3041 1844 Contra
3078 1791 3231 1846 istam
3272 1795 3360 1862 qui
3390 1793 3505 1849 dis-

1917 1883 2096 1944 putat,
2132 1887 2315 1931 contra
2347 1894 2405 1933 se
2443 1880 2613 1949 ipsum
2661 1882 2861 1937 claudit
2904 1887 3097 1939 ostium
3124 1887 3505 1946 misericordiae

1918 1965 2034 2020 Dei.
2080 1967 2213 2022 Nolo
2261 1970 2408 2038 plura
2457 1971 2633 2028 dicere
2689 1973 2756 2029 de
2803 1990 2862 2030 re
2907 1987 3084 2041 tanta,
3137 1979 3260 2049 quia
3313 1981 3506 2038 melius

1916 2074 2030 2113 eam
2060 2062 2335 2118 committo
2363 2065 2594 2122 ﬁdelium
2621 2068 2905 2138 gemitibus
2927 2113 2940 2137 ,
2979 2088 3138 2142 quam
3169 2075 3506 2132 sermonibus

1916 2168 2067 2207 mets.

1986 2245 2074 2298 41.
2119 2245 2304 2303 Videte
2332 2256 2532 2315 tamen,
2574 2252 2817 2318 obsecro,
2849 2255 3004 2325 quale
3034 2257 3120 2322 sit,
3155 2257 3275 2313 ideo
3301 2259 3502 2315 volenti

1916 2343 1967 2389 et
1997 2339 2228 2392 currenti
2263 2342 2677 2398 misericordiam
2712 2346 2802 2400 Dei
2831 2364 2937 2401 non
2968 2363 3091 2404 esse
3120 2352 3498 2422 necessariam,

1917 2445 2036 2498 qua:
2068 2431 2214 2484 illum
2246 2433 2402 2487 etiam
2432 2439 2688 2504 pra-venit
2706 2482 2722 2504 ,
2750 2448 2806 2493 ut
2833 2452 3090 2507 curreret,
3125 2445 3245 2512 quia
3273 2444 3340 2498 de
3365 2461 3500 2514 quo-

1916 2521 2036 2574 dam
2064 2525 2137 2576 ait
2165 2525 2482 2594 Apostolus,
2517 2529 2664 2595 Quod
2689 2531 2792 2584 vult
2820 2534 2972 2603 faciat
3001 2549 3020 2587 :
3046 2534 3137 2599 ibi,
3170 2545 3226 2589 ut
3250 2536 3499 2605 arbitror,

1902 2613 2004 2694 ~ubi
2034 2617 2270 2684 sequitur
2299 2627 2351 2672 et
2381 2619 2537 2683 dicit,
2568 2619 2688 2674 Non
2715 2634 2910 2692 peccat,
2941 2625 2984 2678 si
3014 2626 3187 2678 nubat.
3216 2627 3376 2694 Quasi
3406 2644 3502 2698 pro

1916 2719 2108 2774 magno
2146 2706 2444 2762 habendum
2477 2711 2565 2776 sit,
2600 2712 2735 2766 velle
2767 2714 2990 2777 nubere,
3026 2716 3110 2769 ubi
3142 2716 3207 2772 de
3235 2717 3504 2786 adjutorio

1913 2787 2106 2844 divina.-
2137 2792 2518 2848 misericordiie
2549 2798 2828 2865 operosius
2867 2799 3188 2868 disputatur.
3233 2804 3337 2856 Aut
3377 2818 3506 2859 vero

1915 2882 2076 2937 etiam
2104 2883 2176 2938 ibi
2203 2885 2421 2954 prodest
2441 2887 2643 2958 aliquid
2673 2891 2826 2956 velle,
2857 2891 2959 2945 nisi
2986 2893 3126 2948 Deus
3151 2894 3502 2963 providentia,

1914 2989 2015 3043 qua
2043 2975 2307 3044 gubernat
2332 2979 2540 3043 omnia,
2571 2995 2772 3035 marem
2811 2981 3166 3053 feminamque
3197 2986 3501 3056 conjungat.

1914 3064 2022 3117 Aut
2062 3065 2310 3134 quoniam
2353 3068 2417 3123 ad
2447 3069 2812 3126 Philemonem
2840 3073 3052 3142 scripsit
3083 3077 3396 3146 Apostolus,
3435 3077 3504 3132 Ut

1915 3173 2014 3211 non
2041 3161 2187 3229 quasi
2215 3177 2277 3214 ea:
2301 3164 2592 3218 necessitate
2620 3165 2804 3218 bonum
2833 3167 2948 3236 ejus
2977 3179 3121 3235 esset,
3151 3170 3240 3224 sed
3268 3172 3499 3225 volunta-

1913 3252 2044 3304 rium
2073 3267 2092 3304 :
2117 3253 2267 3322 quasi
2297 3255 2452 3308 aliter
2481 3256 2549 3310 sit
2579 3257 2930 3311 voluntarium
2965 3259 3159 3314 bonum
3178 3301 3194 3326 ,
3239 3261 3338 3315 nisi
3379 3277 3499 3316 cum

1915 3343 2052 3398 Deus
2083 3356 2321 3414 operatur
2348 3348 2400 3400 in
2428 3348 2572 3402 nobis
2597 3359 2641 3403 et
2672 3351 2796 3404 velle
2825 3361 2870 3405 et
2896 3354 3115 3420 operari,
3147 3371 3239 3424 pro
3269 3355 3398 3408 bona
3425 3370 3503 3409 vo-

1915 3435 2108 3492 luntate
2137 3437 2392 3510 (Philipp.
2426 3458 2482 3506 Il,
2521 3443 2587 3498 13
2613 3445 2653 3514 ).
2688 3446 2791 3499 Aut
2821 3447 2940 3515 quia
2987 3447 3038 3501 in
3086 3447 3500 3506 Deuteronomio

1914 3529 2170 3598 scriptum
2201 3542 2304 3596 est,-
2360 3533 2526 3588 Vitam
2555 3548 2602 3590 et
2633 3547 2841 3592 mortem
2871 3539 3008 3593 dedit
3036 3552 3152 3595 ante
3189 3543 3368 3611 faciem
3400 3544 3500 3598 lio-

1913 3623 2091 3690 minis,
2117 3625 2300 3678 bonum
2321 3637 2364 3680 et
2386 3629 2599 3693 malum;
2622 3641 2674 3685 et
2695 3631 2968 3687 admonuit
2990 3641 3046 3686 ut
3065 3633 3460 3702 eligeretvitam
3484 3655 3499 3692 :

1913 3719 2062 3787 quasi
2109 3727 2163 3771 et
2194 3719 2303 3787 ipsa
2333 3719 2625 3775 admonitio
2659 3739 2760 3776 non
2795 3723 2860 3777 de
2889 3725 3251 3780 misnriCordia
3287 3728 3495 3796 veniat;

1911 3809 1993 3864 vel
2020 3810 2214 3879 aliquid
2241 3812 2515 3880 prodesset
2547 3815 2743 3882 eligere
2763 3814 2944 3880 vitam,
2971 3816 3070 3870 nisi
3113 3818 3249 3872 Deus
3269 3818 3497 3888 eligendi

1911 3905 2222 3961 charitatem
2243 3907 2542 3976 inspiraret,
2561 3908 2845 3963 etelectam
2873 3908 3069 3964 habere
3083 3920 3357 3980 praestaret
3388 3930 3400 3966 :
3431 3914 3500 3969 de

1911 4014 2017 4068 quo
2044 3997 2243 4053 dictum
2285 4007 2386 4066 est,
2431 3998 2680 4065 Quoniam
2708 4001 2788 4053 ira
2827 4001 2878 4054 in
2907 4001 3254 4073 indignatione
3290 4005 3418 4074 ejus,
3449 4013 3498 4058 et

1911 4089 2011 4142 vita
2039 4089 2092 4143 in
2122 4089 2378 4143 voluntate
2418 4091 2527 4162 ejus
2563 4089 2733 4163 (Psal.
2775 4108 2936 4160 nux,
2981 4091 3081 4163 6).
3114 4096 3218 4148 Aut
3255 4095 3376 4164 quia
3411 4095 3496 4150 di-

1911 4188 2052 4235 ctum
2079 4193 2161 4236 est
2181 4224 2196 4248 ,
2225 4181 2287 4236 Si
2315 4183 2448 4237 voles
2478 4193 2760 4254 praecepta,
2791 4185 3056 4239 servabunt
3086 4195 3133 4240 te
3158 4202 3176 4240 :
3202 4187 3351 4256 quasi
3391 4203 3496 4242 non

1910 4273 2101 4330 debeat
2141 4275 2248 4330 Deo
2288 4291 2444 4346 agere
2482 4277 2703 4347 gratias,
2745 4277 2862 4347 quia
2891 4291 3152 4348 prmeepta
3193 4279 3376 4344 voluit,
3409 4282 3496 4351 qui

1910 4366 2150 4423 desertus
2179 4369 2322 4422 omni
2361 4370 2557 4424 lumine
2582 4371 2820 4424 veritatis
2851 4369 2965 4424 base.
2990 4371 3128 4426 velle
3157 4388 3262 4425 non
3293 4381 3494 4442 posset.

1911 4459 2104 4514 Positis
2133 4471 2255 4516 ante
2286 4461 2556 4517 hominem
2585 4463 2704 4532 igne
2733 4472 2787 4518 et
2814 4478 2968 4534 aqua,
3001 4479 3106 4534 quo
3134 4465 3244 4518 vult
3282 4465 3494 4535 quidem

1911 4554 2130 4623 porrigit
2155 4569 2390 4619 manum,
2418 4553 2510 4608 scd
2537 4556 2693 4608 altior
2715 4556 2731 4586 ⁸
2756 4564 2838 4609 est
2863 4555 2951 4624 qui
2981 4564 3134 4610 vocat
3154 4555 3312 4610 altius
3337 4571 3495 4626 quam

1911 4644 2086 4698 omnis
2113 4645 2342 4699 humana
2371 4646 2621 4715 cogitatio
2651 4663 2662 4698 :
2691 4645 3118 4716 quandoquidem
3152 4646 3356 4700 initium
3387 4662 3500 4702 cor-

1911 4738 2110 4808 rigendi
2153 4754 2246 4800 cor
2275 4738 2406 4794 ﬁdes
2435 4749 2537 4806 est,
2581 4741 2720 4794 sicut
2747 4741 3004 4810 scriptum
3047 4749 3148 4805 est,
3203 4740 3402 4807 Venies,
3444 4752 3493 4797 et

1911 4831 2209 4902 perlransies
2237 4830 2298 4884 ab
2334 4831 2477 4884 initio
2515 4831 2634 4899 fidei
2679 4830 2848 4903 (Cant.
2898 4849 2982 4900 tv,
3022 4849 3124 4889 sec.
3152 4833 3295 4888 LXX
3330 4835 3384 4905 );
3443 4842 3498 4889 et

1910 4923 2133 4994 quisque
2156 4923 2225 4977 ita
2254 4924 2399 4993 eligit
2419 4923 2637 4991 bonum,
2667 4924 2798 4978 sicut
2820 4926 3087 4996 unicuique
3108 4925 3248 4980 Deus
3273 4927 3497 4996 partitus

1911 5023 1982 5069 est
2012 5030 2298 5068 mensuram
2327 5015 2446 5083 ﬁdei
2479 5013 2498 5087 (
2527 5014 2677 5070 Rom.
2723 5032 2795 5070 xu
2822 5058 2836 5082 ,
2868 5017 2902 5071 5
2931 5015 2950 5088 )
2978 5033 2993 5082 ;
3021 5024 3108 5081 et,
3141 5017 3305 5071 Nemo
3335 5027 3495 5088 potest

1910 5107 1978 5160 ad
2007 5124 2082 5161 me
2110 5108 2290 5172 venire,
2324 5109 2396 5162 ait
2434 5108 2687 5179 Princeps
2724 5109 2868 5177 fidei,
2901 5111 2999 5164 nisi
3039 5110 3194 5165 Pater
3233 5113 3318 5183 qui
3359 5112 3494 5167 misit

1910 5218 2005 5266 me,
2048 5202 2255 5256 traxerit
2294 5219 2426 5256 eum.
2466 5201 2617 5270 Quod
2656 5201 2724 5257 de
2762 5202 2867 5258 ﬁde
2903 5203 3100 5258 dictum
3143 5219 3265 5261 esse
3300 5221 3402 5276 qua
3443 5207 3497 5260 in

1911 5311 2030 5350 eum
2058 5297 2309 5362 creditur,
2338 5298 2467 5352 satis
2494 5297 2769 5354 evidenter
2796 5309 2975 5368 postea
3001 5300 3266 5368 explanat,
3299 5299 3385 5353 ubi
3413 5299 3496 5352 di-

1912 5389 1983 5442 cit
2010 5406 2025 5442 :
2071 5387 2226 5443 Verba
2255 5406 2366 5460 qua:
2396 5407 2485 5461 ego
2527 5391 2720 5444 locutus
2759 5409 2867 5445 sum
2894 5391 3043 5455 vobis,
3077 5393 3283 5461 spiritus
3320 5403 3364 5443 et
3395 5391 3494 5444 vita

1911 5493 2060 5550 sunt;
2086 5485 2173 5536 sed
2200 5485 2404 5554 quidam
2430 5495 2545 5538 sunt
2571 5501 2632 5538 ea:
2651 5485 2787 5539 vobis
2807 5487 2891 5556 qui
2911 5503 3008 5540 non
3029 5485 3257 5538 credunt.
3290 5483 3496 5538 Sciebat

1912 5578 2043 5631 enim
2073 5581 2135 5632 ab
2164 5581 2304 5634 initio
2329 5578 2511 5643 Jesus,
2557 5582 2641 5650 qui
2669 5591 2829 5635 essent
2858 5582 3139 5645 credentes,
3167 5590 3212 5632 et
3241 5581 3352 5649 quis
3381 5596 3495 5634 eum

1914 5671 2192 5726 traditurus
2220 5683 2344 5727 esset
2367 5690 2385 5739 ;
2413 5683 2456 5727 et
2483 5673 2674 5727 dicebat
2690 5715 2705 5740 ,
2743 5672 3015 5744 Pmpterea
3044 5672 3151 5726 dixi
3177 5672 3344 5736 vobis,
3374 5671 3494 5742 quia

1978 5811 1997 5844 ⁸
2023 5818 2172 5862 Vetus
2190 5811 2345 5862 codex
2362 5811 2669 5863 Corbeiensis
2691 5813 2780 5862 hoc
2799 5819 2850 5862 et
2873 5809 3025 5862 altero
3045 5808 3168 5869 loco,
3192 5807 3353 5862 altius.
3375 5816 3494 5861 00n-

1914 5874 2090 5987 ttztelii
2112 5883 2315 5939 quatuor
2331 5876 2637 5940 manuscripti
2652 5885 2861 5942 utroque
2880 5875 2984 5924 loco
3000 5880 3279 5928 constanter
3293 5872 3496 5946 habent,

1914 5949 1942 5986 a
1981 5950 2072 5987 tor.

1913 5949 2072 5988 amor.
