3984 6548
520 599 676 639 mo
692 587 864 654 potest
890 584 958 637 ad
980 578 1272 641 me'oenire,
1301 576 1399 630 nisi
1427 575 1578 653 fuerit
1604 575 1651 629 ei
1683 574 1859 629 datum
1883 589 1916 628 a
1940 570 2100 629 Patre

520 674 866 749 nullam.
894 689 968 740 Vl,
996 670 1088 737 ιι,
1113 668 1205 737 δι,
1232 669 1323 737 os,
1351 667 1423 723 ss
1446 666 1487 740 ).

596 766 689 823 42.
717 766 961 836 Magnum
990 772 1171 819 autem
1198 762 1398 834 ahquid
1436 777 1536 835 pro
1561 775 1661 819 sua
1689 775 1851 819 causa
1875 775 1935 818 se
1960 760 2110 817 inve-

526 859 673 916 nisse
684 857 973 913 arbitratus
1000 865 1083 911 est
1100 855 1242 926 apud
1263 854 1450 910 Isaiam
1472 854 1808 926 prophetam,
1826 854 1948 926 quia
1968 853 2112 908 Deus

522 948 678 1013 dixit,
701 946 761 1003 Si
783 947 1043 1002 volueritis
1063 955 1110 1001 et
1134 946 1393 1001 audieritis
1418 962 1514 1012 me,
1534 961 1647 1017 quae
1663 945 1794 1013 bona
1817 953 1934 999 sunt
1968 953 2113 999 terrae

526 1040 925 1108 manducabitis;
947 1040 992 1095 si
1026 1048 1194 1095 autem
1218 1039 1483 1094 nolueritis
1520 1048 1687 1094 etnon
1710 1038 1975 1094 audieritis
2008 1053 2108 1105 me,

525 1133 725 1204 gladius
745 1149 832 1187 nos
859 1132 1101 1188 comedet.
1140 1131 1213 1187 Os
1238 1132 1370 1187 enim
1400 1130 1609 1186 Domini
1640 1132 1862 1186 loculum
1884 1139 1954 1186 est
1980 1130 2109 1186 htec.

525 1226 688 1293 Quasi
715 1242 819 1281 non
848 1226 936 1282 lex
965 1235 1071 1281 tota
1086 1224 1401 1297 'hujusmodi
1426 1223 1815 1280 conditionibus
1844 1223 1999 1295 plena
2018 1222 2110 1278 sit:

526 1329 621 1375 aut
652 1320 723 1375 ob
756 1319 899 1374 aliud
941 1320 1185 1389 superbis
1232 1326 1492 1389 praecepta
1530 1301 1631 1372 ista
1674 1316 1795 1371 data
1844 1315 1970 1381 sint,
2012 1312 2115 1369 nisi

526 1414 650 1484 quia
675 1413 759 1468 lea:
778 1413 1202 1484 prwoaricationis
1224 1411 1388 1481 gmtia
1416 1412 1581 1481 posita
1614 1418 1708 1475 est,
1732 1407 1891 1463 donec
1931 1406 2116 1462 veniret

525 1519 695 1560 omen
720 1506 799 1559 cui
821 1505 1120 1575 promissum
1139 1513 1211 1558 est
1232 1501 1423 1578 (Galat.
1448 1517 1527 1568 ιιι,
1556 1500 1665 1572 19).
1692 1498 1844 1557 Unde
1863 1499 2117 1555 subintro-

530 1598 602 1652 oit
630 1606 683 1651 ut
717 1598 996 1652 abundaret
1036 1597 1312 1661 delictum;
1351 1605 1397 1651 et
1420 1595 1505 1650 ubi
1542 1595 1815 1650 abundavit
1842 1594 2116 1660 delictum;

526 1690 952 1762 superabundavit
976 1692 1137 1763 gratia
1164 1689 1339 1764 (Iloin.
1376 1688 1552 1758 v,20)
1578 1707 1592 1744 :
1614 1688 1667 1743 id
1690 1698 1792 1756 est,
1822 1696 1882 1742 ut
1909 1687 2119 1757 accipe-

530 1788 610 1836 ret
636 1780 799 1836 homo
824 1791 1106 1852 praecepta,
1129 1780 1360 1853 superbe
1380 1780 1452 1836 de
1473 1780 1585 1835 suis
1608 1779 1812 1834 viribus
1851 1777 2039 1844 ﬁdens,
2059 1778 2117 1833 in

531 1870 1004 1941 quibusndeﬁcieus
1028 1870 1277 1927 et‘t'actus
1302 1871 1464 1927 etiam
1501 1870 1896 1940 prtevaricator,
1923 1869 2118 1925 libera-

530 1970 699 2016 torem
727 1963 1150 2033 salvatorcmque
1172 1962 1494 2032 requireret;
1522 1970 1681 2031 atque
1699 1960 1770 2016 ita
1797 1975 1918 2016 eum
1956 1960 2118 2014 timor

527 2052 943 2124 legisrhumilem
964 2055 1184 2120 factum,
1217 2068 1468 2126 tanquam
1500 2053 1826 2125 paedagogus
1854 2053 1920 2108 ad
1955 2052 2115 2109 ﬁdem

527 2146 859 2216 gratiamque
900 2146 1341 2217 perduceret.lta
1391 2146 1755 2217 multiplicatis
1799 2146 2117 2201 inﬁrmitati-

526 2235 625 2291 bus
654 2248 837 2306 postea
862 2239 1293 2293 acceleraverunt
1321 2237 1341 2310 (
1373 2236 1520 2292 Psal.
1545 2253 1633 2304 xv,
1665 2240 1700 2293 Δ
1726 2234 1779 2310 ),
1809 2237 2000 2309 quibus
2026 2252 2115 2293 sa-

528 2325 715 2382 nandis
736 2329 1300 2397 opportunetChristus
1334 2328 1577 2385 advenit.
1603 2330 1659 2384 ln
1704 2329 1854 2400 cujus
1892 2331 2115 2402 gratiam

527 2419 687 2474 etiam
706 2419 832 2490 justi
852 2421 1055 2491 antiqui
1080 2422 1442 2489 crediderunt,
1460 2422 1647 2477 eadem
1670 2423 1783 2493 ipsa
1811 2423 1978 2494 gratia
2001 2423 2116 2493 ejus

529 2510 715 2579 adjuti,
752 2520 812 2565 ut
844 2512 1138 2581 gaudentes
1174 2528 1298 2568 eum
1339 2522 1765 2583 praenoscerent,
1797 2522 1853 2568 et
1902 2514 2114 2583 quidam

530 2601 690 2657 etiam
722 2604 1141 2672 praenuntiarent
1182 2619 1305 2660 esse
1342 2606 1767 2661 venturumzvel
1792 2606 1845 2661 in
1888 2606 1978 2660 illo
2017 2620 2117 2676 po-

529 2693 654 2762 pulo
679 2691 859 2759 Israel,
886 2694 1022 2749 sicut
1046 2695 1274 2767 Moyses,
1303 2704 1360 2752 et
1396 2695 1554 2752 Jesus
1592 2697 1752 2765 Nave,
1782 2708 1838 2754 et
1870 2697 2113 2767 Samuel,

529 2790 585 2838 ct
610 2783 791 2850 David,
825 2792 879 2838 et
901 2785 1082 2841 ueteri
1113 2787 1278 2852 tales;
1309 2787 1394 2843 vel
1428 2796 1577 2844 extra
1608 2788 1783 2858 ipsum
1833 2789 2114 2859 populum,

529 2868 668 2923 sicut
700 2868 831 2935 Job;
853 2869 936 2925 vel
974 2877 1098 2926 ante
1126 2871 1297 2941 ipsum
1336 2872 1611 2942 populum,
1643 2874 1780 2928 sicut
1813 2874 2111 2941 Abraham,

530 2960 667 3015 sicut
692 2960 826 3029 Noe,
857 2971 915 3018 et
934 2963 1263 3034 quicumque
1292 2964 1384 3019 alii
1422 2974 1566 3033 sunt,
1598 2982 1733 3037 quos
1760 2967 1844 3022 vel
1875 2982 2116 3022 comme-

530 3062 704 3108 morat
729 3054 815 3109 vel
844 3062 983 3110 tacet
1009 3054 1517 3126 Scripturadivina.
1545 3056 1693 3114 Unus
1718 3058 1858 3113 enim
1887 3059 2045 3127 Deus,
2065 3068 2119 3115 et

531 3158 668 3199 unus
694 3144 955 3200 mediator
982 3146 1077 3201 Dei
1099 3155 1156 3202 et
1179 3147 1475 3217 hominum,
1505 3148 1937 3205 homoCbristus
1961 3149 2118 3207 Jesus

530 3232 576 3309 (ι
616 3235 747 3290 Tim.
762 3252 820 3301 ιι,
849 3236 1081 3309 5),sine'
1114 3239 1267 3310 cujus
1302 3242 1475 3312 gratia
1518 3256 1681 3297 nemo
1718 3258 1750 3297 ιι
1789 3242 2116 3299 condemna-

531 3327 676 3384 tione
700 3328 956 3385 liberatur
984 3371 1001 3399 ,
1022 3332 1141 3387 sive
1181 3347 1339 3403 quam
1366 3334 1542 3390 *traxit
1565 3350 1632 3391 ex
1663 3336 1754 3390 illo
1777 3336 1829 3390 in
1859 3352 1965 3407 quo
2000 3352 2119 3390 om-

531 3433 626 3474 nes
648 3428 1001 3490 peccaverunt
1029 3423 1185 3488 ,sive
1201 3440 1360 3496 quam
1394 3434 1578 3497 postea
1610 3427 1722 3483 suis
1754 3428 2117 3499 iniquitatibus

530 3510 751 3566 addidit.

594 3602 826 3659 CAPUT
860 3602 982 3660 XI.
1000 3606 1181 3662 -ιδ.
1201 3605 1371 3676 Quale
1392 3615 1479 3665 est
1500 3617 1704 3677 autem,
1726 3608 1868 3681 quod
1899 3610 1999 3665 iste
2020 3625 2117 3680 po-

529 3692 637 3748 suit
674 3693 732 3747 in
778 3703 1019 3751 cursim
1054 3713 1070 3751 :
1100 3714 1125 3750 ι
1152 3696 1212 3752 Si
1252 3698 1376 3769 quis
1417 3699 1634 3768 dixerit,
1680 3700 1864 3756 Potest
1902 3700 2020 3756 ﬁeri
2056 3710 2116 3758 ut

528 3782 692 3839 homo
732 3784 814 3840 vel
854 3786 1021 3842 verbo
1056 3802 1163 3843 non
1199 3789 1422 3859 peccet?
1462 3790 1898 3864 respondendum
1936 3802 2053 3862 est,
2090 3813 2110 3848 ι

528 3873 699 3945 inquit
723 3894 785 3943 ,4
819 3876 879 3933 Si
897 3878 1201 3946 vultiDeus,
1230 3889 1441 3952 potest:
1475 3883 1585 3938 vult
1611 3885 1756 3939 enim
1799 3885 1960 3953 Deus,
1986 3900 2116 3956 ergo

420 3980 429 3989 ·
528 3967 944 4035 potest.»le
978 3969 1088 4027 ait:
1116 3969 1210 4027 sSi
1256 3973 1377 4044 quis
1415 3972 1635 4041 dixerit,
1664 3975 2014 4047 Fieripotest
2058 3984 2117 4031 ut

526 4055 691 4115 homo
714 4074 833 4116 non
878 4061 935 4118 in
977 4063 1295 4134 cogitatione
1325 4065 1638 4138 delinquat?
1677 4070 2108 4140 respondendum

526 4159 628 4215 est,
646 4149 703 4207 Si
720 4152 1009 4218 vultDeus.
1028 4164 1207 4225 potest
1228 4173 1244 4212 :
1266 4158 1381 4213 vult
1399 4160 1539 4214 enim
1556 4161 1717 4228 Deus,
1730 4173 2106 4233 ergo-potest»

527 4240 716 4298 Videte
748 4244 1201 4314 quemadmodum
1245 4247 1479 4305 noluerit
1497 4250 1700 4319 dicere,
1727 4252 1791 4309 Si
1834 4254 1976 4310 Deus
2018 4256 2114 4311 ad-

525 4332 697 4405 juvet,
724 4346 930 4408 potest;
962 4340 1047 4395 cui
1075 4340 1287 4407 dicitur,
1314 4342 1537 4415 Adjutor
1560 4361 1701 4401 meus
1724 4356 1848 4415 esto,
1876 4364 1941 4402 ne
1960 4348 2108 4404 dere-

527 4424 725 4497 linquas
748 4428 1024 4502 iactitat.
1046 4446 1200 4498 aut,
1228 4433 1291 4506 9)
1320 4452 1339 4489 ηε
1368 4450 1476 4491 non
1503 4436 1684 4508 utique
1720 4438 1791 4494 ad
1816 4442 2112 4509 corporalia

525 4516 664 4575 bona
700 4521 1027 4590 capessenda
1050 4532 1108 4579 et
1133 4525 1274 4580 mala
1319 4527 1577 4596 cavenda,
1602 4529 1698 4586 sed
1725 4530 1793 4587 ad
1822 4532 2112 4604 gerendam

524 4611 1005 4685 perﬁciendaqu
1026 4615 1556 4691 jutitiamppropter
1591 4623 1731 4693 quod
1757 4624 2001 4694 dicimus,
2031 4626 2116 4685 Ne

524 4715 617 4754 nos
637 4700 827 4793 interm
844 4704 899 4758 in
916 4709 1256 4777 lentam,
1268 4712 1364 4766 sed
1383 4713 1543 4769 libera
1556 4731 1655 4771 nos
1674 4718 1871 4781 a,malo
1893 4718 2106 4793 (Matth.

524 4806 600 4885 vt,
626 4791 738 4864 l3).
766 4793 877 4852 Nec
894 4797 1197 4867 adiuvatur,
1366 4806 1535 4876 qui-et
1576 4807 1691 4877 ipse
1720 4791 1925 4882 aliquid
1965 4814 2108 4885 agit:

524 4883 806 4955 adjuvatur
840 4896 1040 4957 autem,
1062 4893 1119 4949 si
1162 4893 1395 4963 invocat,
1423 4900 1469 4953 si
1506 4899 1697 4968 credit,
1732 4902 1784 4957 si
1820 4883 2111 4962 secundum

527 4976 859 5048 propositam:
881 4992 1104 5039 vocante
1122 4993 1208 5039 est
1232 5003 1245 5040 :
1273 4990 1529 5057 quoniam
1559 5006 1685 5060 quos
1705 5001 1822 5048 ante
1838 4997 2108 5067 praecinit,

526 5080 574 5126 et
598 5072 970 5145 praesumsit
986 5082 1278 5150 conformat
1298 5081 1534 5152 ἂιιῳίηἱε
1573 5084 1696 5140 Filii
1716 5088 1821 5155 sui,
1838 5099 1896 5144 nt
1918 5092 1988 5146 sit
2000 5093 2115 5163 ipse

523 5166 958 5238 primogenitum
995 5172 1170 5227 multis
1202 5176 1445 5245 fratribus
1466 5193 1487 5232 :
1503 5195 1628 5248 quos
1644 5191 1817 5237 autem
1842 5185 2111 5255 prwdesti-

520 5257 679 5325 naoit,
706 5257 823 5314 illos
841 5269 889 5316 et
912 5264 1141 5329 uocauit;
1157 5280 1284 5334 quos
1302 5276 1470 5323 atem
1494 5273 1705 5340 nocuit,
1730 5273 1848 5330 illos
1868 5286 1919 5331 et
1953 5278 2113 5349 justi-

521 5349 738 5445 ﬁcauiti
751 5362 1060 5445 quos’autem
1072 5356 1393 5428 ﬂatiﬁcaoit,
1413 5362 1531 5417 illos
1553 5374 1597 5417 et
1618 5365 1916 5437 gloriﬁeooit
1932 5367 2108 5445 (Rom.

523 5454 636 5508 vm,
675 5441 766 5509 29,
792 5442 1225 5518 30).erimus
1266 5464 1417 5522 ergo,
1440 5468 1561 5510 cum
1604 5441 1951 5528 proﬁcimus,
1981 5465 2108 5522 dum

962 467 1022 525 S.
1059 460 1425 523 AUGUSTINI
1458 459 1766 519 EPISCOPI
1810 459 1910 516 DE
1946 456 2424 518 PERFECTIONE
2462 460 2785 537 JUS’lTl’ldi
2820 462 3098 525 HOMINIS
3134 468 3365 533 llBER.
3649 494 3736 557 δίο

2215 570 2395 643 juvat.
2435 575 2503 629 Et
2548 575 2649 631 hoc
2692 576 2968 635 nobiscum
3004 580 3113 652 agit
3163 588 3323 655 gratia
3355 587 3441 647 Dei
3475 608 3561 666 per
3593 598 3739 667 Iesum

2214 662 2485 722 Christum
2510 667 3105 773 ‘Dominumnnostrum,
3121 690 3246 773 .non
3258 680 3441 773 ‘solum
3477 662 3730 773 imp“;

2214 758 2578 858 sacramentis,
2608 761 2900 858 exemplis;
2942 762 3037 818 sed
3064 764 3222 821 etiam
3251 767 3439 840 Spiritu
3462 758 3645 852 sancto,
3660 758 3737 858 pe;

2215 861 2373 917 quem
2398 849 2625 907 latenter
2652 851 2963 909 diﬂ‘unditur
2980 855 3208 914 charltas
3229 861 3279 916 in
3300 865 3532 926 cordibus
3571 849 3732 938 Itoslris

2217 936 2392 1011 (Rom.
2423 941 2584 1007 v,?.5,
2606 941 2686 1015 5),
2715 959 2833 1014 quae
2858 945 2877 977 ¹
2901 945 3201 1018 interpellat
3225 955 3499 1023 gemitibus
3521 936 3739 1027 incitat-rs.

2215 1030 2409 1088 billbus
2429 1031 2541 1105 (ιιι.
2564 1050 2680 1104 vtn,
2710 1036 2802 1092 26.
2831 1036 2876 1111 ),
2903 1038 3076 1097 donec
3111 1043 3163 1098 in
3184 1046 3336 1102 nobis
3375 1052 3648 1119 perﬁciatur
3670 1076 3739 1118 sa-

2217 1124 2376 1192 nitas,
2414 1136 2471 1182 et
2511 1128 2652 1186 Deus
2692 1130 2848 1187 sicuti
2890 1145 2992 1204 est,
3033 1134 3324 1195 videndus’I
3352 1151 3538 1202 :eterna
3554 1151 3739 1212 veritate

2216 1225 2542 1273 monstretur
2555 1260 2571 1276 .
3379 1237 3384 1243 ”

2272 1307 2510 1366 ιΟΑΡυΤ
2534 1310 2681 1368 'XXl.
2710 1344 2782 1354 —
2802 1316 2892 1372 ﬂ.
2933 1317 3181 1391 Quisquis
3209 1337 3333 1393 ergo
3360 1324 3515 1385 fuisse
3550 1333 3623 1389 vel
3647 1352 3742 1395 esse

2218 1398 2274 1454 in
2310 1399 2409 1456 hac
2436 1404 2542 1457 vita
2580 1405 2812 1476 aliquem
2842 1406 3133 1478 hominem,
3174 1412 3262 1467 vel
3301 1415 3498 1486 aliquos
3536 1420 3739 1484 homines

2219 1499 2391 1564 putat,
2414 1505 2639 1566 excepto
2664 1513 2770 1553 uno
2790 1500 3195 1559 Modiatore'Dei
3217 1514 3271 1559 et
3291 1506 3567 1579 hominum,
3592 1519 3745 1586 quibus

2220 1587 2521 1641 necessaria
2542 1604 2647 1643 non
2672 1588 2828 1646 fuerit
2848 1594 3092 1649 remissio
3115 1605 3469 1668 peccatorum,
3495 1611 3746 1673 contrarius

2220 1685 2305 1732 est
2342 1677 2536 1735 divina:
2574 1681 2891 1752 Scriptura),
2924 1685 3012 1740 ubi
3044 1687 3333 1757 Apostolus
3361 1691 3431 1747 ait
3459 1712 3472 1747 :
3500 1693 3594 1750 Per
3625 1715 3749 1756 unum

2221 1767 2475 1825 hominem
2517 1783 2773 1842 peccatum
2806 1775 3012 1831 intravit
3050 1780 3105 1833 in
3138 1781 3400 1849 mundum,
3432 1793 3477 1838 et
3504 1803 3584 1856 per
3603 1806 3752 1860 pecca-

2221 1866 2328 1913 tum
2353 1878 2506 1927 mors,
2536 1871 2584 1917 et
2617 1864 2692 1918 ita
2717 1866 2769 1919 in
2798 1883 2969 1923 omnes
2996 1869 3226 1925 homines
3264 1874 3560 1945 pertransiit,
3595 1878 3643 1933 in
3672 1897 3750 1952 quo

2221 1968 2391 2008 omnes
2416 1968 2741 2025 peccauerunt
2764 1958 2872 2031 (Id.
2900 1977 2954 2028 v,
2989 1961 3055 2016 12
3083 1961 3123 2034 ).
3161 1961 3231 2018 Et
3256 1979 3472 2021 necesse
3497 1976 3576 2024 est
3597 1979 3649 2025 ut
3669 1972 3751 2028 im-

2219 2044 2306 2114 pia
2330 2049 2671 2105 contentione
2693 2060 2922 2119 asserat,
2955 2068 3074 2108 esse
3100 2069 3259 2124 posse
3283 2054 3540 2124 homines,
3564 2061 3641 2130 qui
3662 2063 3753 2120 sine

2219 2140 2509 2197 mediatorc
2535 2141 2745 2205 Christo
2772 2144 3034 2201 liberante
3060 2154 3224 2217 atque
3254 2148 3486 2205 salvante
3511 2151 3608 2206 sint
3632 2152 3754 2211 liberi

2220 2231 2457 2303 salviquc
2478 2249 2508 2287 ιι
2536 2244 2774 2303 peccato;
2805 2251 2926 2291 cum
2955 2237 3043 2293 ille
3070 2238 3287 2307 dixerit,
3318 2239 3439 2296 Non
3464 2252 3530 2297 est
3556 2260 3666 2316 opus
3686 2262 3753 2300 sa-

2220 2322 2299 2375 nis
2318 2325 2562 2392 medicus,
2576 2326 2666 2379 sed
2676 2327 2807 2380 male
2825 2327 3136 2384 habentibus.
3162 2328 3289 2385 Non
3308 2332 3419 2386 veni
3433 2350 3595 2391 vocare
3603 2336 3753 2406 justas,

2225 2414 2315 2468 sed
2344 2426 2635 2486 peccatores
2662 2417 2872 2491 (Matth.
2903 2434 2977 2486 Ix,
2996 2419 3087 2485 12,
3116 2422 3187 2477 15
3268 2422 3513 2495 Quisquis
3530 2434 3683 2481 autem
3696 2427 3758 2482 di-

2221 2505 2313 2571 cit,
2340 2515 2461 2577 post
2486 2517 2755 2578 acceptam
2776 2511 3143 2566 remissionem
3166 2524 3505 2583 peccatorum
3526 2516 3591 2571 ita
3611 2532 3758 2587 quen-

2221 2597 2836 2676 quamhominesnjuste
2859 2602 3059 2659 vixisse
3082 2604 3134 2657 in
3162 2604 3267 2659 hac
3290 2620 3469 2672 carne,
3496 2607 3572 2662 vel
3594 2609 3754 2676 vivere,

2220 2699 2280 2745 ut
2302 2692 2503 2747 nullum
2526 2672 2720 2749 habeat
2736 2695 2958 2751 omnino
2993 2708 3308 2769 peccatum,
3333 2702 3634 2759 contradicit
3660 2672 3760 2775 apo;

2221 2784 2360 2838 stolo
2384 2784 2575 2840 Joauni
2599 2788 2689 2857 qui
2726 2789 2801 2843 ait
2829 2806 2843 2844 :
2871 2787 2930 2845 Si
2958 2790 3241 2847 dixerimus
3279 2794 3396 2865 quia
3423 2804 3662 2865 peccatum
3684 2814 3763 2853 non

2222 2873 2493 2941 habemus,
2536 2893 2627 2933 nos
2653 2878 2790 2948 ipsos
2816 2879 3128 2949 seducimus,
3162 2893 3217 2939 et
3253 2885 3434 2940 veritas
3461 2888 3509 2941 in
3537 2887 3663 2942 nobis
3686 2906 3764 2945 non

2231 2976 2304 3020 est
2345 2966 2363 3040 (
2380 2966 2397 3020 ι
2418 2968 2579 3023 Joan.
2609 2984 2648 3037 ι,
2675 2970 2766 3041 8).
2794 2971 2908 3026 Non
2940 2973 3081 3029 enim
3107 2975 3207 3044 ait,
3241 2976 3548 3046 habuimus;
3573 2979 3674 3047 sed,
3700 2981 3766 3034 ha-

2221 3057 2410 3115 bemus.
2438 3060 2597 3128 Quod
2618 3062 2672 3116 si
2702 3064 2978 3135 quisquam
3006 3067 3203 3122 asserit
3232 3067 3300 3124 de
3328 3070 3419 3125 illo
3447 3079 3647 3141 peccato
3670 3084 3766 3133 esse

2221 3149 2422 3206 dictum
2444 3194 2460 3220 ,
2491 3153 2634 3223 quod
2666 3154 2866 3211 habitat
2893 3157 2945 3211 in
2974 3172 3136 3214 carne
3164 3160 3385 3214 mortali
3415 3168 3587 3216 nostra
3610 3177 3765 3217 secun-

2221 3242 2346 3298 dum
2386 3245 2570 3300 vitium
2608 3247 2749 3315 quod
2778 3252 3048 3318 peccantis
3078 3252 3242 3321 primi
3270 3251 3502 3307 hominis
3536 3255 3766 3311 voluntate

2221 3342 2548 3389 contractum
2575 3346 2678 3402 est,
2705 3338 2857 3408 cujus
2879 3340 3079 3409 peccati
3104 3341 3395 3398 desideriis
3419 3358 3485 3399 ne
3503 3343 3768 3401 obediamus

2220 3423 2416 3479 Paulus
2436 3428 2723 3496 Apostolus
2750 3432 2991 3500 praecipit
3034 3433 3232 3502 (Rom.
3255 3451 3326 3503 Vl,
3351 3433 3477 3509 12);
3504 3450 3604 3491 non
3624 3447 3768 3493 autem

2221 3533 2472 3589 peccare,
2504 3521 2594 3591 qui
2618 3522 2793 3578 cidem
2821 3534 3041 3594 peccato
3059 3569 3075 3595 ,
3106 3531 3358 3599 quamvis
3386 3532 3439 3587 in
3468 3547 3619 3588 carne
3648 3531 3771 3587 habi-

2221 3609 2383 3676 tanti,
2426 3609 2493 3666 ad
2519 3612 2720 3667 nullum
2745 3629 2880 3685 opus
2909 3617 3107 3672 malum
3135 3620 3364 3676 omnino
3388 3623 3673 3690 consensit,
3705 3620 3771 3678 vel

2218 3698 2363 3768 facti,
2387 3702 2472 3757 vel
2490 3702 2634 3771 dicti,
2662 3706 2747 3761 vel
2767 3707 3003 3777 cogitati,
3028 3714 3281 3780 quamvis
3300 3712 3416 3786 ipsa
3438 3716 3774 3787 concupisceno

2220 3790 2294 3847 tia
2314 3802 2619 3864 moveatur,
2648 3811 2767 3868 quae
2792 3799 2899 3854 alio
2926 3801 3088 3856 modo
3114 3805 3330 3874 peccati
3358 3821 3552 3863 nomen
3580 3807 3770 3877 accepit,

2219 3884 2359 3955 quod
2394 3884 2453 3941 ei
2480 3888 2786 3945 consentire
2821 3905 3045 3961 peccare
3082 3894 3182 3963 sit,
3222 3898 3487 3969 nobisque
3530 3907 3776 3953 moveatur

2219 3977 2400 4034 invitis
2431 3996 2445 4034 :
2477 3980 2741 4037 subtiliter
2780 3983 2992 4054 quidem
3032 3985 3133 4042 ista
3168 3986 3466 4059 discernit,
3508 3989 3598 4046 sed
3632 3989 3778 4044 videat

2218 4069 2345 4140 quid
2363 4080 2549 4142 agatur
2566 4071 2636 4130 de
2657 4072 2923 4131 domitum
2942 4077 3206 4145 oratione,
3236 4080 3332 4137 ubi
3347 4080 3575 4139 dicimus
3591 4099 3606 4135 :

2220 4170 2268 4218 te
2289 4163 2429 4219 nobis
2445 4164 2615 4220 debita
2634 4177 2810 4222 nostra
2827 4183 2851 4224 :
2867 4169 3029 4241 quod,
3053 4171 3159 4228 nisi
3178 4171 3366 4242 fallor,
3388 4190 3500 4232 non
3514 4181 3780 4245 opusessst

2219 4254 2418 4324 dicere,
2445 4256 2490 4312 si
2517 4274 2807 4329 nunquam,
2832 4261 2921 4317 vel
2940 4261 2995 4317 in
3015 4263 3169 4334 lapsu
3193 4264 3417 4338 linguae,
3466 4267 3549 4323 vel
3580 4268 3633 4324 in
3649 4264 3779 4322 olde-

2218 4346 2408 4403 ctanda
2422 4348 2763 4421 cogitatione,
2781 4352 3019 4423 eiusde
3036 4358 3247 4427 peccati
3568 4360 3782 4429 aliqun-

2219 4438 2386 4495 tulum
2413 4443 2870 4513 consentirenms;
2897 4446 2992 4502 sed
3016 4452 3390 4509 tantummodo
3415 4451 3689 4513 dicendum
3704 4463 3781 4507 es-

2217 4539 2320 4598 set,
2368 4530 2454 4588 Ne
2506 4550 2598 4590 nos
2621 4536 2811 4607 inferas
2848 4538 2904 4592 in
2951 4541 3296 4612 tentationam,
3338 4545 3609 4602 δάκνω
3640 4559 3784 4600 aut

2219 4625 2354 4679 malo
2372 4624 2581 4699 (Matth.
2600 4642 2673 4693 vt,
2692 4627 2907 4703 12ν15).
2920 4630 3034 4688 Nec
3045 4631 3281 4691 Iacobus
3296 4638 3574 4708 apostolis
3584 4636 3783 4703 dicunt,

2218 4715 2286 4772 In
2314 4718 2483 4772 multis
2511 4717 2816 4787 offendimus
2841 4738 3014 4780 omnes
3055 4722 3278 4798 (Jacobi
3304 4745 3385 4798 ιιι,
3416 4730 3495 4802 2,).
3520 4730 3634 4788 Non
3661 4729 3788 4785 enim

2218 4806 2474 4876 odendit,
2505 4811 2607 4866 nisi
2632 4813 2716 4869 cui
2740 4812 2883 4869 mala
2920 4818 3358 4889 concupiscentia
3385 4820 3787 4892 conij

2217 4902 2476 4958 rationem
2502 4903 2799 4973 appetendo
2818 4920 2913 4961 seu
2933 4906 3170 4975 vitando,
3192 4907 3505 4969 faciendum
3525 4890 3609 4968 vel
3630 4911 3790 4975 dicsn-
3893 4890 3895 4901 “

2217 4994 2344 5052 dum
2379 4997 2463 5059 vel
2501 4997 2841 5069 cogitandum
2866 5000 3101 5072 aliquid,
3130 5004 3276 5075 quod
3304 5021 3421 5061 non
3444 5004 3657 5073 debuit,
3684 5003 3790 5060 sive

2216 5085 2428 5153 fallens,
2457 5088 2569 5145 sive
2590 5091 2886 5161 praevalens
2904 5093 3214 5165 persuadet.
3242 5095 3533 5155 Postremo
3552 5140 3568 5165 ,
3595 5098 3639 5153 si
3659 5111 3794 5154 exce-

2218 5188 2311 5251 pto
2331 5181 2419 5236 illo
2440 5180 2624 5253 Capite
2646 5193 2853 5252 nostro,
2876 5185 2958 5241 sui
2978 5188 3220 5260 corporis
3240 5191 3540 5261 salvatore,
3562 5206 3793 5248 asserun-

2218 5282 2306 5330 tur
2331 5275 2417 5330 vel
2444 5275 2624 5343 luisse,
2646 5278 2732 5334 vel
2753 5292 2875 5336 esse
2899 5279 2951 5334 in
2972 5278 3075 5337 hac
3094 5282 3205 5338 vita
3223 5283 3391 5356 aliqui
3408 5284 3658 5343 homines
3674 5282 3792 5356 justi

2217 5364 2333 5422 sine
2357 5366 2533 5440 aliquo
2558 5377 2797 5439 peccato,
2827 5370 2940 5427 sive
2964 5388 3233 5444 nunquam
3254 5376 3649 5434 consentiendo
3664 5373 3788 5431 desi-

2217 5456 2380 5514 deriis
2407 5460 2543 5530 ejus,
2567 5461 2679 5517 sive
2702 5461 2826 5532 quia
2844 5476 2942 5533 pro
2961 5463 3108 5519 nullo
3130 5471 3356 5535 peccato
3375 5465 3682 5525 habendum
3699 5472 3793 5532 est.

2219 5554 2361 5626 quod
2400 5563 2601 5612 tantum
2641 5567 2758 5624 est,
2789 5567 2847 5614 ut
2870 5557 2978 5615 hoc
3000 5559 3182 5632 pietati
3216 5560 3239 5595 ³
3266 5564 3643 5635 ιιοιιὶωμιιοι
3664 5560 3795 5618 Deus

2282 5690 2430 5762 £39“
2450 5690 2604 5762 δέΨο
2622 5698 2753 5754 Ῑίθνσν
2993 5757 3025 5762 -,
3060 5759 3063 5762 ,

2281 5755 2397 5804 ’διο
2426 5754 2658 5806 meliores
2847 5763 2906 5809 At
2946 5757 3102 5820 editi,
3145 5764 3195 5813 α
3238 5767 3373 5813 Deus
3406 5756 3799 5815 dat-libuit!

2217 5822 2894 5953 εῗιξοᾳὼθιθιιειεωιιοιθι
2938 5895 3067 5937 unus
3109 5882 3593 5953 assistam,
3637 5882 3800 5938 alios

2082 5961 2108 5972 -
2218 5941 2409 6008 pietate.
