3984 6508
141 338 213 399 ω
1570 336 1776 395 LIBER
1811 335 2015 396 UNUS.

139 451 253 532 quod
276 452 328 508 in
353 451 500 508 libro
526 467 636 509 suo
662 454 906 526 quodam
931 453 1146 522 scribit,
1189 471 1208 507 ι
1255 453 1370 510 Νοη
1413 468 1571 524 posse
1599 471 1717 510 esse

139 549 239 607 sine
261 553 497 617 peccato,
527 542 640 599 nisi
675 547 774 616 qui
803 546 934 618 legis
958 546 1234 601 scientiam
1266 543 1528 602 habuerit.
1562 565 1580 598 ι
1607 545 1723 613 Quo

139 643 343 700 recitato
376 637 639 709 Synodus
675 639 859 696 dixit:
889 659 906 693 ε
937 640 1016 694 Tu
1043 641 1141 695 hoc
1165 640 1413 707 edidisti,
1443 640 1659 710 Pelagi?
1700 661 1718 694 ι

136 736 197 791 At
225 734 309 788 ille
333 731 614 800 respondit
641 750 657 787 :
705 750 727 784 ι
759 733 872 804 Ego
897 732 1111 804 quidem
1149 732 1296 798 dixi,
1327 732 1424 788 sed
1454 749 1557 787 non
1589 734 1726 789 sicut

135 827 199 883 illi
230 825 534 895 intelligunt
559 841 573 876 :
603 839 715 878 non
741 824 875 891 dixi,
895 840 996 879 non
1017 840 1177 895 posse
1195 840 1416 895 peccare
1440 825 1527 895 qui
1551 826 1725 881 scien-

135 919 247 972 tiam
280 917 408 986 legis
432 915 727 982 habuerit;
758 916 875 979 sed,
900 916 1140 987 adjuvari
1167 931 1262 986 per
1285 917 1415 987 legis
1445 918 1722 971 scientiam

134 1013 188 1070 ad
213 1027 321 1066 non
348 1009 712 1080 peccandum,
747 1010 888 1066 sicut
909 1010 1163 1078 scriptum
1194 1017 1296 1072 est,
1331 1008 1515 1080 Legem
1543 1011 1596 1064 in
1626 1010 1724 1062 ad-

127 1108 366 1182 jutorium
395 1104 538 1158 dedit
567 1104 678 1160 illis
701 1125 721 1158 ι
744 1103 898 1176 (Iani.
921 1120 1034 1170 vui,
1051 1104 1142 1172 20,
1166 1120 1263 1158 sec.
1290 1103 1475 1168 LXX).
1498 1104 1610 1159 Hoc
1626 1121 1721 1160 au-

131 1200 254 1258 dito.
285 1197 544 1269 Synodus
570 1197 744 1253 dixit:
780 1215 799 1250 ‹
834 1195 950 1252 Non
985 1205 1110 1251 sunt
1138 1197 1308 1252 aliena
1347 1198 1414 1252 ab
1453 1198 1721 1267 Ecclesia,

132 1307 237 1362 qua:
281 1291 424 1344 dicta
464 1297 596 1345 sunt
638 1305 670 1342 a
712 1289 947 1360 Pelagio.
983 1308 1002 1342 ι
1038 1289 1203 1344 Plane
1230 1289 1403 1344 aliena
1431 1306 1536 1344 non
1564 1299 1721 1358 sunt,

131 1397 240 1452 qua?
286 1379 609 1450 respondit:
633 1378 766 1434 illud
791 1395 920 1434 vero
945 1380 1084 1450 quod
1126 1379 1194 1435 de
1235 1380 1370 1435 libro
1398 1381 1516 1450 ejus
1551 1383 1726 1451 prola-

132 1486 229 1528 tum
260 1481 365 1538 est,
401 1471 555 1526 aliud
584 1480 760 1526 sonat.
792 1469 898 1527 Sed
927 1475 1028 1527 hoc
1053 1471 1311 1543 episcopi,
1341 1470 1515 1528 Graeci
1547 1473 1723 1527 homi-

132 1579 233 1627 nes,
263 1574 321 1619 et
347 1576 413 1616 ea
444 1563 614 1618 verba
640 1579 737 1632 per
765 1564 1107 1634 interpretem
1137 1563 1432 1631 audientes,
1457 1564 1726 1621 discutere

133 1674 225 1712 non
259 1666 554 1722 curarunt;
591 1658 697 1712 hoc
725 1651 926 1712 tantum
955 1658 1243 1723 intuentes,
1267 1659 1391 1728 quid
1419 1659 1510 1714 ille
1533 1660 1624 1731 qui
1645 1660 1728 1714 in-

133 1749 536 1820 terrogabatur,
578 1751 819 1806 sensisse
843 1765 904 1807 se
928 1751 1156 1818 diceret,
1187 1768 1292 1806 non
1323 1753 1516 1823 quibus
1547 1753 1726 1810 verbis

131 1842 310 1898 eadem
337 1843 616 1898 sententia
650 1843 706 1898 iu
736 1842 853 1914 ejus
882 1844 1018 1900 libro
1045 1845 1241 1916 scripta
1270 1846 1560 1902 diceretur.

193 1937 249 1991 3.
284 1934 447 1989 Aliud
478 1943 568 1990 est
594 1945 776 1991 autem
801 1977 819 2003 ,
849 1935 1118 1992 hominem
1159 1954 1253 2008 per
1277 1939 1552 1994 scientiam
1593 1940 1726 2011 legis

135 2027 192 2080 ad
221 2042 324 2080 non
353 2026 697 2094 peccandum
725 2027 994 2096 adjuvari;
1023 2039 1076 2083 et
1100 2031 1240 2085 aliud
1272 2039 1384 2096 est,
1411 2047 1517 2087 non
1560 2048 1720 2103 posse

142 2134 250 2174 esse
283 2119 398 2173 sine
436 2127 671 2188 peccato
691 2161 708 2186 ,
741 2120 845 2175 nisi
870 2121 960 2191 qui
989 2122 1264 2177 scientiam
1297 2123 1436 2194 legis,
1461 2124 1724 2181 habuerit.

147 2210 268 2265 Cum
285 2210 422 2265 enim
448 2211 465 2240 ¹
489 2209 800 2278 videamus,
824 2215 1058 2283 exempli
1077 2216 1268 2286 gratia,
1297 2223 1352 2270 et
1378 2217 1492 2270 sine
1518 2218 1726 2273 tribulis

153 2316 294 2356 areas
328 2301 556 2355 triturari
579 2343 597 2366 ,
628 2303 878 2372 quamvis
907 2303 1162 2374 adjuvent
1199 2306 1243 2360 si
1287 2306 1493 2373 adsint;
1525 2315 1579 2362 et
1612 2308 1727 2364 sine

148 2393 432 2464 paedagogis
456 2409 619 2463 posse
641 2410 842 2464 pueros
869 2412 1090 2468 pergere
1121 2399 1174 2454 in
1202 2399 1460 2469 scholam,
1486 2404 1726 2472 quamvis

145 2483 206 2538 ad
228 2484 326 2539 hoc
353 2501 460 2539 non
487 2486 598 2540 sint
625 2486 836 2540 inutilia
866 2488 1272 2558 pmdagOgorum
1299 2491 1639 2559 adiumenta;
1673 2503 1729 2551 ct

143 2576 332 2632 multos
380 2577 501 2632 sine
549 2577 775 2633 medicis
824 2579 892 2634 ab
946 2581 1261 2650 aegritudine
1311 2585 1724 2652 convalescere,

141 2668 388 2738 quamvis
417 2668 687 2722 manifesta
713 2668 826 2724 sint
850 2670 1112 2740 adjutoria
1143 2673 1500 2737 medicorum;
1531 2686 1584 2731 et
1609 2677 1728 2732 aliis

145 2761 286 2816 cibis
301 2760 423 2816 sine
449 2776 581 2830 pane
597 2761 833 2818 homines
852 2763 1056 2830 vivere,
1080 2767 1318 2835 quamvis
1343 2767 1494 2837 panis
1518 2767 1729 2838 adjuto-

145 2852 293 2908 rium
321 2855 504 2911 valere
543 2856 813 2925 plurimum
853 2873 961 2912 non
1002 2869 1250 2929 negetur;
1301 2869 1356 2916 et
1393 2863 1493 2916 alia
1525 2863 1726 2932 multa,

153 2961 278 3014 qua:
306 2946 462 3000 nobis
489 2949 768 3003 tacentibus
795 2950 1050 3019 cogitanti
1081 2950 1234 3007 facile
1269 2963 1587 3009 occurrunt:
1606 2971 1729 3025 pro-

149 3037 292 3092 fecto
317 3038 652 3095 admonemur
674 3041 1062 3111 adjutoriorum
1091 3060 1286 3114 genera
1315 3061 1436 3101 ease
1460 3047 1586 3102 duo.
1611 3048 1728 3103 Alia

143 3130 348 3200 quippe
371 3142 508 3196 sunt,
539 3133 658 3188 sine
684 3133 880 3201 quibus
907 3133 1036 3189 illud
1067 3136 1132 3190 ad
1161 3137 1301 3207 quod
1328 3138 1611 3208 adjuvant,
1645 3139 1726 3195 ef-

137 3220 223 3276 fici
263 3238 376 3275 non
419 3232 624 3292 potest;
651 3225 792 3279 sicut
815 3226 933 3281 sine
958 3229 1082 3281 navi
1111 3229 1320 3299 navigat
1343 3246 1532 3295 nemo,
1570 3246 1729 3285 nemo

135 3315 247 3370 sine
274 3329 411 3370 voce
436 3316 691 3385 loquitur,
721 3334 880 3374 nemo
900 3319 1017 3374 sine
1045 3321 1266 3390 pedibus
1291 3322 1547 3392 graditur,
1573 3339 1731 3378 nemo

129 3406 245 3462 sine
292 3407 420 3464 luce
470 3409 737 3478 intuetur,
785 3421 840 3467 et
881 3413 1044 3468 multa
1090 3414 1429 3484 hnjusmodi:
1469 3417 1608 3471 unde
1649 3427 1732 3472 est

129 3498 290 3552 etiam
342 3498 476 3554 illud
501 3542 517 3567 ,
549 3502 686 3570 quod
715 3518 876 3557 nemo
903 3505 1022 3560 sine
1064 3505 1157 3560 Dei
1201 3507 1366 3576 gratia
1405 3517 1555 3563 recte
1583 3509 1726 3564 vivit.

127 3589 243 3645 Alia
275 3605 419 3646 vero
456 3601 583 3647 sunt
615 3593 878 3663 adjutoria
899 3637 915 3662 ,
947 3597 1141 3666 quibus
1185 3599 1263 3653 sic
1307 3598 1639 3669 adjuvamur,
1672 3609 1731 3656 ut

125 3684 288 3739 etim
333 3685 386 3739 si
423 3685 636 3752 desint,
669 3689 836 3757 possit
871 3689 978 3744 alio
1012 3692 1171 3746 modo
1202 3693 1315 3747 fieri
1345 3703 1559 3763 propter
1587 3696 1729 3765 quod

124 3791 182 3830 ea
219 3777 572 3847 requirimus
606 3797 620 3832 :
657 3780 791 3835 sicut
827 3780 916 3835 illa
958 3792 1084 3837 sunt
1121 3799 1240 3853 qua:
1282 3788 1727 3855 commemoravi;

124 3868 322 3922 tribui:
356 3869 430 3924 ad
457 3869 640 3940 fruges
659 3873 923 3941 terendas,
947 3877 1267 3948 pedagogos
1287 3879 1352 3933 ad
1390 3897 1607 3950 puerum
1631 3883 1730 3938 du-

121 3961 398 4028 cecidit,
427 3964 871 4021 medicamentum
898 3967 1128 4023 humana
1155 3980 1272 4028 arte
1295 3973 1594 4031 confectum
1618 3979 1638 4010 ²
1664 3979 1730 4035 ad

123 4053 510 4124 recipiendam
540 4055 781 4120 salutem,
806 4068 860 4114 et
884 4069 1081 4115 caetera
1104 4061 1245 4116 talia.
1266 4063 1622 4131 Quaerendum
1650 4081 1732 4126 est

123 4144 326 4215 igitur,
381 4161 452 4201 ex
494 4162 602 4217 quo
646 4148 870 4206 duorum
914 4152 1134 4208 istorum
1185 4171 1440 4226 generum
1485 4160 1555 4213 sit
1601 4161 1730 4232 legis

125 4239 364 4293 scientia
386 4237 434 4305 ³,
454 4238 508 4294 id
536 4249 639 4305 est,
656 4243 922 4311 quomodo
936 4245 1150 4315 adjuvet
1165 4249 1229 4303 ad
1253 4268 1355 4306 non
1379 4256 1727 4324 peccandum.

123 4328 176 4383 Si
217 4346 294 4384 eo
351 4329 562 4395 modo,
594 4341 650 4386 ut
687 4333 801 4389 sine
845 4335 931 4390 illa
971 4336 1074 4393 hoc
1097 4337 1120 4369 ⁸
1147 4356 1249 4395 non
1283 4347 1452 4414 possit
1483 4347 1728 4420 impleri;

122 4437 225 4476 non
251 4423 453 4478 solum
482 4423 728 4497 Pelagius
755 4443 939 4484 verum
973 4433 1248 4502 respondit
1285 4436 1338 4492 in
1374 4439 1606 4509 judicio,
1637 4443 1731 4498 sed

124 4514 286 4570 etiam
319 4529 530 4570 verum
570 4517 782 4588 scripsit
823 4521 877 4576 in
912 4522 1052 4579 libro
1079 4543 1093 4580 :
1120 4527 1165 4582 si
1191 4544 1322 4586 vero
1351 4547 1417 4587 eo
1443 4535 1635 4603 modo,
1677 4546 1732 4592 ut

123 4607 356 4678 adjuvet
384 4603 605 4677 quidem
626 4613 670 4665 si
689 4613 938 4682 adfuerit,
963 4621 1131 4686 possit
1152 4631 1328 4679 tamen
1352 4626 1480 4681 illud
1501 4628 1567 4684 ad
1589 4629 1744 4700 quod

121 4701 311 4770 juvat,
342 4701 465 4756 alio
490 4702 651 4759 modo
677 4705 784 4761 ﬁeri
807 4749 822 4774 ,
847 4709 1055 4766 etiamsi
1096 4713 1196 4768 ista
1239 4715 1502 4786 defuerit;
1545 4737 1732 4780 verum

125 4795 354 4864 quidem
405 4796 682 4865 respondit
721 4801 770 4854 in
807 4801 1043 4872 judicio,
1074 4809 1216 4876 quod
1245 4811 1438 4866 merito
1466 4814 1732 4885 cpisc0pis

129 4887 356 4954 placuit,
393 4907 416 4940 ι
450 4887 690 4958 adjuvari
716 4892 983 4952 hominem
1013 4899 1080 4953 ad
1109 4916 1213 4955 non
1244 4907 1570 4972 peccandum
1600 4908 1732 4979 legis

439 5001 458 5034 ι
491 4983 586 5038 scd
633 5000 736 5040 non
780 5004 963 5044 verum
1010 4992 1224 5064 scripsit
1271 4997 1322 5052 in
1372 4999 1538 5066 libro,
1574 5019 1594 5054 ι
1626 5019 1732 5060 non

129 5088 251 5131 esse
281 5075 572 5130 hominem
598 5077 713 5133 sine
743 5092 994 5150 peccato,
1025 5086 1126 5140 nisi
1167 5089 1255 5158 qui
1295 5091 1571 5147 scientiam
1601 5095 1733 5166 legis

130 5165 417 5231 habuerit,
447 5186 467 5220 ι
495 5169 636 5239 quod
662 5169 1014 5230 indiscussum
1039 5177 1247 5247 judices
1277 5182 1623 5254 reliquerunt,
1658 5165 1736 5244 la-

131 5257 231 5313 tini
255 5261 536 5316 sermonis
563 5262 752 5334 ignari,
779 5275 834 5320 et
858 5267 973 5339 ejus
991 5270 1080 5340 qui
1105 5286 1319 5329 causam
1347 5275 1579 5347 dicebat,
1606 5295 1736 5335 con-

131 5346 378 5406 Essione
408 5356 674 5421 contenti;
714 5360 1010 5427 prasertim
1053 5362 1143 5418 ubi
1182 5379 1250 5420 ex
1287 5366 1514 5424 adverso
1556 5371 1735 5428 nullus

137 5445 376 5511 astabat,
407 5447 493 5516 qni
519 5448 682 5503 verba
710 5449 830 5505 libri
859 5451 977 5522 ejus
996 5457 1312 5525 exponendo
1333 5461 1544 5530 aperire
1571 5464 1735 5519 inter-

202 5577 226 5661 ξ
250 5579 654 5661 l-tic‘Erticulam,
671 5585 830 5661 enim,
858 5601 924 5661 ex_
944 5596 1278 5659 manuscriptis
1298 5597 1576 5661 adjecimus.

202 5639 458 5714 19253.,
481 5639 782 5714 humanitate
804 5639 1084 5714 confectum.

211 5702 234 5769 ξ
259 5704 415 5769 milio
429 5702 574 5769 ειη,
593 5709 658 5759 sit
680 5709 798 5762 talis
817 5702 1030 5766 scientia.

145 5765 383 5873 Quid
408 5776 457 5819 et
477 5765 600 5835 nisi,
626 5771 758 5824 haec.
786 5778 1064 5839 Legendum
1084 5781 1294 5847 videtur,
1317 5784 1436 5852 lex;
1459 5787 1541 5840 vel
1557 5792 1734 5856 potius,

3309 358 3417 415 329

1836 464 2037 525 pretem
2063 466 2297 528 cogeret,
2320 467 2480 531 atque
2496 461 2639 519 unde
2663 462 2853 522 fratres
2877 481 2981 522 non
3012 468 3204 526 frustra
3227 488 3413 532 move-

1833 559 2034 616 rentur,
2059 550 2358 606 ostendere.
2383 552 2690 610 Paucissimi
2711 559 2903 630 quippe
2923 571 3048 616 sunt
3072 563 3202 635 legis
3223 566 3408 636 periti:

1833 639 2222 696 multitudinem
2243 650 2420 697 autem
2444 647 2803 703 membrorum
2821 651 3012 707 Christi
3033 669 3410 728 usquequaque

1831 730 2096 799 diffusam,
2127 742 2180 787 et
2209 733 2339 804 legis
2372 745 2476 788 tam
2511 737 2785 804 profunda:
2815 758 2879 797 ac
2907 745 3212 816 multiplicis
3241 749 3411 820 impe-

1831 823 2007 888 ritam,
2035 824 2292 895 simplicis
2319 826 2436 881 fidei
2467 828 2635 896 pietas
2663 839 2716 884 et
2742 847 2864 902 spes
2892 834 3192 892 firmissima
3218 841 3268 894 in
3299 840 3412 897 Deo

1831 923 1886 969 et
1909 914 2139 969 Charitas
2180 917 2385 973 sincera
2420 923 2794 992 commendat,
2829 941 2946 995 qua:
2978 928 3061 985 his
3089 931 3242 987 donis
3271 950 3412 1004 prte-

1830 1006 1938 1062 dita
1963 1050 1977 1072 ,
2011 1010 2174 1079 gratia
2203 1011 2296 1065 Dei
2327 1025 2385 1067 se
2414 1015 2634 1068 conlidit
2662 1032 2690 1069 a
2725 1021 2952 1086 peccatis
2986 1038 3139 1090 posse
3166 1027 3411 1084 mundari

1830 1114 1928 1169 per
1950 1099 2127 1154 .lcsum
2157 1101 2426 1158 Christum
2458 1105 2740 1161 Dominum
2767 1122 3030 1166 nostrum.

1900 1191 2126 1247 CAPUT
2166 1193 2228 1248 ll.
2259 1225 2330 1235 —
2357 1196 2410 1250 4.
2441 1197 2522 1250 Ad
2555 1198 2654 1252 hoc
2677 1200 2719 1254 si
2750 1201 2890 1256 forte
2916 1203 3158 1274 Pelagius
3184 1222 3412 1276 respon-

1829 1281 2000 1350 deret,
2032 1283 2166 1340 hanc
2196 1287 2362 1355 ipsam
2384 1303 2442 1342 se
2463 1289 2660 1345 dixisse
2686 1292 2962 1347 scientiam
2994 1294 3147 1364 legis,
3167 1297 3283 1352 sine
3310 1315 3414 1368 qua

1831 1391 1936 1430 non
1978 1387 2152 1446 potest
2188 1379 2348 1434 homo
2389 1380 2525 1435 liber
2549 1397 2669 1437 esse
2695 1399 2725 1437 a
2758 1387 3020 1454 peccatis,
3045 1404 3163 1456 qua:
3191 1405 3287 1457 per
3313 1391 3413 1446 do-

1829 1468 2056 1524 ctrinam
2089 1469 2208 1525 fidei
2233 1471 2516 1544 neophytis
2541 1484 2701 1546 atque
2731 1476 2781 1530 in
2812 1476 3027 1533 Christo
3053 1482 3283 1549 parvulis
3305 1491 3415 1537 tra-

1829 1561 1990 1625 ditur,
2017 1578 2118 1633 qua
2146 1563 2303 1618 etiam
2332 1564 2633 1634 baptizandi
2662 1570 3077 1639 catechizantur,
3110 1584 3166 1628 ut
3196 1575 3416 1646 Symbo-

1831 1653 1937 1707 lum
1964 1655 2238 1716 noverint;
2271 1671 2376 1710 non
2402 1657 2613 1726 quidem
2643 1659 2739 1713 ista
2767 1660 2987 1732 intelligi
3015 1664 3170 1731 solet,
3201 1665 3413 1734 quando

1831 1742 2029 1798 habere
2057 1745 2337 1815 quisquam
2364 1748 2642 1803 scientiam
2671 1749 2801 1821 legis
2827 1751 3054 1820 dicitur;
3085 1755 3178 1811 sed
3210 1756 3293 1810 illa
3323 1772 3417 1813 se-

1830 1837 2061 1894 cundum
2087 1854 2245 1908 quam
2274 1840 2405 1911 legis
2439 1843 2593 1911 periti
2615 1845 2997 1913 appellantur:
3022 1859 3411 1918 verumtamen,

1830 1928 1874 1983 si
1918 1927 2034 1984 haec
2074 1929 2232 1984 verba
2253 1972 2268 1997 ,
2303 1948 2418 2000 qum
2447 1948 2609 2002 pauca
2641 1951 2863 1990 numero
2883 1978 2898 2003 ,
2928 1938 3023 1993 sed
3065 1956 3254 2010 magna
3293 1949 3417 1997 sunt

1831 2021 2066 2090 pondere
2085 2062 2100 2085 ,
2127 2029 2181 2075 et
2218 2037 2366 2076 more
2391 2023 2628 2078 omnium
2659 2026 3020 2084 Ecclesiarum
3053 2031 3281 2086 fideliter
3316 2033 3416 2089 ha-

1831 2113 2092 2184 ptizandis
2112 2113 2441 2181 intimantur,
2463 2120 2739 2172 scientiam
2760 2119 2888 2188 legis
2904 2132 3249 2192 nuncuparet,
3270 2139 3418 2180 asse-

1831 2223 1957 2264 rens
1981 2209 2048 2264 de
2077 2209 2177 2266 hac
2201 2227 2260 2267 se
2290 2211 2306 2242 ¹
2333 2211 2551 2276 dixisse,
2581 2231 2599 2263 ι
2631 2229 2738 2268 non
2761 2229 2880 2270 esse
2901 2216 3016 2271 sine
3046 2227 3284 2286 peccato,
3314 2219 3417 2274 nisi

1831 2300 1921 2370 qui
1951 2302 2224 2356 scientiam
2251 2303 2380 2373 legis
2407 2303 2676 2369 habuerit,
2707 2323 2725 2356 ι
2748 2321 2867 2376 qua:
2889 2322 3107 2363 necesse
3134 2319 3215 2363 est
3242 2309 3417 2366 trada-

1834 2400 1918 2447 tur
1957 2394 2328 2462 crcdentibus,
2376 2405 2661 2466 antequam
2708 2397 2775 2452 ad
2826 2399 2994 2468 ipsam
3044 2401 3414 2457 remissionem

1831 2484 2046 2538 veniant
2075 2495 2446 2554 peccatorum;
2477 2487 2637 2541 etiam
2663 2489 2740 2544 sic
2767 2489 3122 2546 circumdaret
3146 2507 3288 2559 eum,
3310 2509 3418 2548 non

1831 2574 2234 2645 disputantium,
2256 2578 2350 2632 sed
2371 2579 2694 2648 vagientium
2723 2581 3110 2651 baptizatorum
3134 2585 3417 2642 multitudo

1833 2665 2238 2722 innumerabilis
2269 2671 2608 2738 parvulorum
2633 2713 2647 2736 ,
2676 2672 2767 2742 qui
2798 2689 2904 2726 non
2931 2674 3107 2729 verbis
3128 2717 3143 2743 ,
3180 2677 3274 2731 sed
3305 2677 3420 2749 ipsa

1832 2757 2150 2813 innocentia:
2199 2761 2425 2816 veritate
2471 2763 2796 2831 clamarent,
2841 2764 2978 2831 Quid
3013 2774 3129 2834 est,
3168 2767 3294 2837 quid
3337 2777 3422 2824 est

1833 2850 1975 2920 quod
2019 2852 2313 2920 scripsisti,
2350 2872 2368 2904 ε
2402 2869 2506 2908 non
2540 2870 2695 2924 posse
2725 2871 2843 2911 esse
2873 2857 2988 2912 sine
3030 2868 3279 2928 peccato,
3318 2862 3421 2918 nisi

1834 2943 1922 3012 qui
1951 2943 2225 2997 scientiam
2255 2945 2384 3014 legis
2407 2945 2684 3002 habuerit?
2713 2967 2731 3000 ι
2765 2949 2899 3003 Ecce
2926 2965 3024 3005 nos
3049 2966 3175 3020 grex
3198 2968 3421 3023 magnus

1833 3048 2090 3102 agnorum
2112 3037 2226 3089 sine
2250 3045 2464 3104 peccato
2487 3053 2690 3104 sumus,
2714 3049 2766 3094 et
2788 3040 2918 3110 legis
2942 3049 3114 3096 tamen
3142 3043 3418 3100 scientiam

1834 3140 1939 3179 non
1968 3125 2243 3182 habemus.
2269 3127 2470 3198 Nempe
2498 3130 2581 3184 isti
2610 3147 2731 3186 eum
2763 3133 2970 3194 saltem,
2992 3134 3164 3205 lingua
3187 3145 3417 3206 tacente,

1835 3225 2012 3272 tacere
2040 3219 2457 3288 compellerent,
2503 3230 2596 3276 aut
2641 3222 2776 3278 forte
2818 3225 2976 3279 etiam
3021 3226 3299 3294 confiteri,
3336 3230 3422 3285 vel

1835 3325 1976 3366 nunc
1995 3326 2052 3365 se
2073 3311 2140 3365 ab
2158 3312 2243 3365 illa
2264 3314 2608 3381 perversitate
2621 3327 2922 3385 correptum
2946 3316 3040 3389 (a),
3059 3319 3140 3374 vel
3157 3329 3304 3376 certe
3320 3321 3423 3378 hoc

1834 3419 1894 3460 se
1923 3405 2134 3474 quidem
2162 3415 2216 3460 et
2242 3415 2366 3461 ante
2396 3409 2664 3477 sensisse,
2699 3411 2840 3480 quod
2881 3428 3020 3466 nunc
3067 3414 3117 3467 in
3162 3415 3420 3471 ecclesia-

1835 3496 1970 3551 stico
1998 3496 2131 3550 dixit
2159 3499 2432 3564 examine;
2471 3501 2562 3554 sed
2594 3501 2710 3571 ejus
2752 3504 3031 3558 sententiae
3067 3521 3172 3560 non
3215 3522 3273 3561 se
3310 3507 3419 3562 cir-

1836 3598 2140 3656 cumspecta
2167 3589 2324 3643 verba
2355 3592 2626 3659 posuisse,
2654 3602 2709 3648 et
2744 3594 2864 3648 ideo
2905 3595 3060 3651 ﬁdem
3100 3613 3252 3653 suam
3299 3615 3419 3655 esse

1836 3678 2266 3747 approbaudam,
2318 3679 2512 3735 librum
2561 3685 2974 3740 emendandum.
3029 3687 3121 3741 Eat
3147 3690 3310 3758 enim,
3359 3701 3419 3746 ut

1836 3772 2092 3841 scriptum
2127 3781 2205 3828 est
2228 3815 2243 3839 ,
2285 3775 2372 3844 qui
2413 3775 2598 3828 labitur
2635 3776 2690 3830 in
2734 3776 2935 3847 lingua,
2965 3788 3011 3832 el
3050 3797 3153 3834 non
3191 3782 3244 3835 in
3271 3783 3422 3837 corde

1837 3863 2025 3936 (Eccli.
2046 3883 2158 3930 XIX,
2184 3867 2293 3936 16).
2325 3867 2475 3936 Quod
2504 3868 2546 3921 si
2575 3869 2797 3933 diceret,
2824 3871 2903 3924 vel
2933 3871 2976 3926 si
2997 3871 3156 3938 dicat,
3183 3875 3300 3944 quis
3324 3876 3423 3931 cis-

1838 3956 1959 4010 dem
1988 3956 2168 4011 vcrbis
2197 3957 2460 4013 incautius
2490 3961 2943 4032 ncgligentiusque
2969 3965 3283 4035 conscriptis
3314 3984 3420 4023 non

1837 4045 2086 4102 facillime
2112 4048 2387 4118 ignoscat,
2417 4065 2536 4105 Cum
2565 4053 2883 4106 sententiam
2905 4095 2919 4117 ,
2952 4071 3110 4124 quam
3139 4059 3300 4112 verba
3331 4059 3418 4114 illa

1837 4141 2142 4207 continent,
2173 4157 2278 4195 non
2309 4141 2578 4210 defendat,
2609 4143 2702 4199 sed
2733 4160 2850 4199 eam
2880 4145 3021 4200 dicat
3044 4163 3192 4201 suam
3215 4188 3230 4214 ,
3261 4165 3418 4219 quam

1837 4234 2032 4288 veritas
2066 4234 2286 4303 prohat?
2317 4235 2426 4289 lloc
2453 4233 2612 4290 etiam
2642 4238 2755 4307 pios
2774 4238 2980 4308 judiccs
3007 4243 3269 4312 cogitasse
3299 4260 3424 4300 cre-

1838 4323 2068 4379 dendum
2099 4335 2180 4380 est
2218 4345 2230 4380 :
2272 4328 2315 4381 si
2349 4337 2528 4383 tamen
2559 4327 2661 4384 hoc
2690 4331 2831 4400 quod
2859 4331 2911 4385 in
2943 4332 3080 4386 libro
3111 4335 3226 4405 ejus
3255 4336 3420 4395 latino

1838 4424 1920 4472 est
1958 4417 2240 4487 diligenter
2268 4419 2699 4489 interpretatum,
2757 4423 2886 4478 satis
2912 4423 3208 4496 intelligere
3236 4441 3427 4498 potue-

1839 4517 1982 4574 runt,
2001 4510 2134 4562 sicut
2158 4511 2272 4578 ejus
2293 4513 2696 4580 responsionem
2714 4530 2890 4585 graeco
2907 4518 3118 4588 eloquio
3141 4521 3420 4591 prolatam,

1839 4611 1894 4657 et
1921 4602 1990 4657 ob
2017 4602 2119 4658 hoc
2144 4603 2296 4658 facile
2321 4603 2670 4673 intellectam,
2699 4608 2925 4664 alienam
2954 4626 3057 4667 non
3085 4629 3205 4670 esse
3231 4615 3298 4671 ab
3319 4617 3423 4672 Ec-

1839 4695 1996 4750 clesia
2021 4695 2414 4762 judicaverunt.
2445 4696 2549 4751 Sed
2573 4698 2683 4766 jam
2711 4710 2901 4755 czelera
2929 4702 3220 4759 videamus.

1912 4786 2135 4842 CAPUT
2176 4785 2264 4840 ΙΙΙ.
2309 4818 2379 4828 -
2405 4788 2457 4843 5.
2499 4789 2707 4858 Adjecit
2755 4792 2896 4845 enim
2935 4794 3248 4865 episcopalis
3287 4797 3426 4870 Syn-

1841 4880 1974 4934 odus
1997 4922 2009 4944 ,
2047 4888 2099 4936 et
2126 4882 2199 4934 ait
2232 4899 2246 4936 :
2286 4899 2304 4934 ι
2338 4881 2568 4953 Legatur
2603 4892 2659 4938 et
2687 4884 2827 4939 aliud
2854 4888 3162 4957 capitulum.
3199 4911 3217 4943 ι
3255 4892 3319 4946 Et
3349 4893 3427 4948 le-

1841 4982 1983 5029 ctum
2027 4983 2110 5029 est
2157 4975 2208 5028 in
2255 4974 2444 5030 eodem
2495 4976 2635 5032 libro
2673 4971 2775 5033 'suo
2827 4981 3067 5049 posuisse
3119 4983 3422 5054 Pelagium,

1849 5085 1866 5118 ‹
1904 5066 2102 5121 Omnes
2129 5067 2406 5123 voluntate
2450 5069 2663 5138 propria
2691 5073 2821 5142 regi.
2862 5091 2880 5123 ι
2927 5072 3044 5140 Quo
3091 5074 3230 5129 lecto
3273 5075 3425 5132 Pela-

1841 5159 1959 5230 gius
1987 5159 2263 5229 respondit
2295 5177 2306 5214 :
2349 5179 2368 5214 ‹
2406 5161 2472 5216 Et
2504 5160 2603 5217 hoc
2642 5162 2750 5217 dixi
2797 5173 3014 5234 prepter
3040 5166 3259 5222 liberum
3289 5169 3429 5222 arbi-

1845 5251 2026 5317 trium,
2057 5251 2144 5306 cui
2177 5252 2313 5307 Deus
2333 5253 2545 5320 adjutor
2559 5263 2640 5309 est
2665 5255 2878 5326 cligenti
2908 5256 3044 5312 bona
3074 5274 3089 5312 :
3119 5258 3278 5314 homo
3305 5275 3431 5315 vero

1844 5357 2093 5413 peccans,
2121 5344 2234 5413 ipse
2259 5343 2310 5399 in
2341 5345 2494 5416 culpa
2525 5355 2625 5414 est,
2655 5348 2802 5418 quasi
2834 5349 2985 5404 liberi
3013 5349 3238 5406 arbitrii.
3268 5371 3286 5402 ι
3313 5351 3428 5419 Quo

1843 5436 2023 5491 audito
2066 5438 2297 5507 episcopi
2344 5439 2594 5494 dixerunt
2629 5457 2641 5494 :
2677 5459 2695 5492 ε
2731 5441 2911 5513 Neque
2943 5443 3044 5499 hoc
3087 5444 3316 5498 aliemun
3347 5456 3430 5500 est

1844 5529 1912 5583 ab
1941 5529 2302 5585 ecclesiastica
2331 5531 2593 5588 doctrina.
2632 5553 2650 5586 ι
2700 5533 2829 5601 Quis
2867 5535 3008 5590 enim
3050 5535 3432 5592 condemnaret

1845 5619 2066 5675 liberum
2096 5621 2375 5676 arbitrium
2402 5665 2417 5690 ,
2467 5624 2552 5678 vel
2585 5636 2836 5696 negaret,
2865 5641 2984 5680 cum
3013 5641 3119 5696 quo
3153 5626 3242 5682 Dei
3273 5628 3428 5698 adju-

1909 5732 2353 5808 fﬂltaColhertiuus
2373 5734 2568 5808 culex.-
2592 5743 2646 5786 At
2687 5737 2854 5801 plures
2878 5737 3134 5808 editiones,
3161 5736 3223 5808 de
3243 5736 3335 5808 hac
3357 5749 3430 5792 re.

1843 5795 1990 5846 Editio
2013 5797 2228 5854 Masiana,
2255 5797 2314 5845 de
2331 5795 2421 5846 hac
2444 5795 2702 5854 oratione,’
2949 5801 2974 5815 ‘»
3015 5814 3018 5817 -
3119 5795 3130 5826 '~
3208 5805 3210 5808 ·
3250 5807 3253 5810 ·

1909 5858 1983 5923 (a)
2015 5864 2173 5922 Forte,
2200 5864 2484 5912 correctum.
