3984 6532
538 455 736 514 torium
780 443 1135 525 prmdicatur?
1174 441 1506 511 Quapropter
1532 442 1587 490 et
1609 430 1868 489 sententia
1894 439 2115 525 respon:

539 512 719 606 dentis
747 512 936 599 merito
970 535 1232 608 episcopis
1268 526 1464 603 placuit
1492 537 1583 581 :ct
1608 535 1783 579 tamen
1812 519 1939 576 illud
1976 512 2116 588 quod

541 636 597 698 in
626 636 762 695 libro
789 633 905 705 eius
930 629 1159 703 positum
1183 633 1285 691 est,
1320 642 1339 676 ι
1370 619 1571 677 Omnes
1603 618 1877 673 voluntate
1902 610 2119 686 propria

540 730 651 802 regi
671 747 743 796 ,Α
777 724 968 781 l'mtres
1007 720 1097 791 qui
1137 721 1395 773 noverant
1425 711 1550 784 quid
1581 709 1837 766 adversus
1864 705 1956 761 Dei
2000 717 2120 775 gra-

542 796 669 877 tiam
698 815 785 873 isti
809 814 1016 871 soleant
1040 809 1312 880 diSputare
1332 848 1348 873 ,
1398 803 1580 877 procul
1609 800 1770 857 dubio
1798 796 2122 865 debuitper—

542 924 778 970 movere.
830 904 918 962 Sic
963 902 1107 960 enim
1153 899 1349 955 dictum
1394 904 1508 964 est,
1554 912 1574 946 ι
1610 892 1809 948 Omnes
1851 888 2123 944 voluntate

544 998 758 1072 propria
784 996 919 1067 regi,
957 1011 979 1047 ι
1013 1001 1262 1062 tanquam
1292 988 1431 1043 Deus
1451 985 1717 1071 neminem
1746 987 1915 1050 regat,
1943 986 1995 1034 et
2024 977 2124 1033 fru-

542 1069 661 1148 stra
685 1089 940 1161 scriptum
969 1086 1069 1153 sit,
1096 1081 1307 1139 Salvum
1329 1078 1411 1150 [ac
1438 1076 1680 1148 populum
1701 1083 1840 1127 tuum
1861 1113 1875 1139 ,
1911 1078 1956 1124 et
1980 1069 2125 1123 bene—

544 1185 627 1241 dic
644 1182 987 1239 haereditatem
1017 1187 1156 1231 tuam
1170 1190 1196 1241 ;
1220 1183 1265 1229 et
1290 1189 1404 1243 rege
1424 1186 1525 1237 eos,
1555 1178 1600 1223 et
1621 1164 1802 1222 extolle
1836 1163 1952 1218 illos
1973 1175 2128 1231 usque

544 1276 601 1331 in
642 1272 884 1331 sarculum
914 1269 1082 1345 (Psal.
1116 1282 1300 1331 xxvu,
1332 1263 1386 1335 9)
1422 1282 1434 1317 :
1465 1278 1531 1317 ne
1575 1265 1888 1316 remaneant
1921 1255 2123 1324 utique,

547 1364 605 1422 si'
620 1365 892 1423 voluntate
933 1359 1145 1433 pr0pria
1188 1357 1303 1413 sine
1333 1356 1443 1411 Deo
1480 1361 1736 1423 reguntur
1761 1392 1776 1416 ,
1820 1346 1965 1402 velut
2001 1357 2129 1399 oves

548 1472 657 1514 non
682 1455 941 1512 habentes
967 1458 1234 1524 pastorem
1264 1446 1456 1521 (Marc.
1491 1459 1575 1508 vi,
1606 1439 1726 1514 54);
1767 1437 1908 1510 quod
1934 1435 2072 1491 absit
2098 1448 2130 1489 a

551 1548 729 1605 nobis.
778 1542 910 1601 Nam
947 1542 1134 1616 procul
1175 1538 1336 1596 dubio
1383 1537 1500 1610 plus
1525 1542 1607 1591 est
1634 1533 1755 1605 agi,
1793 1546 1949 1601 quam
1980 1526 2128 1599 regi:

551 1641 642 1713 qui
669 1638 814 1696 enim
837 1635 1061 1709 regitur,
1086 1631 1283 1705 aliquid
1309 1630 1452 1702 agit;
1484 1640 1538 1684 et
1563 1642 1593 1681 a
1623 1627 1730 1681 Deo
1757 1624 1958 1695 regitur
1986 1620 2004 1652 ¹
2029 1662 2044 1686 ,
2074 1628 2133 1673 ιιι

551 1711 701 1788 recte
723 1734 882 1802 agat;
927 1727 1016 1800 qui
1045 1734 1223 1782 autem
1249 1724 1451 1794 agitur,
1493 1733 1650 1790 agere
1678 1714 1874 1786 aliquid
1902 1714 2016 1784 ipse
2047 1711 2131 1766 vix

551 1814 905 1893 intelligitur:
933 1826 987 1874 et
1035 1826 1213 1872 tamen
1269 1821 1471 1869 tantum
1521 1816 1734 1881 praestat
1773 1803 2134 1860 voluntatibus

554 1914 752 1970 nostris
779 1910 944 1986 gratia
991 1906 1279 1965 Salvatoris
1302 1949 1317 1974 ,
1366 1914 1423 1959 ut
1462 1919 1565 1958 non
1605 1900 1812 1956 dubitet
1851 1896 2134 1967 Apostolus

556 2002 768 2074 dicere,
801 2003 1056 2074 Quotquot
1081 2000 1261 2072 spiritu
1292 1997 1387 2052 Dei
1412 2003 1661 2068 aguntur,
1700 1993 1753 2045 Iti
1778 1989 1873 2060 ﬁlii
1899 1998 2014 2043 sunt
2040 1986 2137 2040 Dei

559 2096 738 2171 (Rom.
768 2113 893 2163 vm,
924 2097 1035 2167 14).
1068 2093 1175 2149 Nec
1199 2091 1393 2163 aliquid
1433 2091 1484 2144 in
1520 2088 1672 2142 nobis
1705 2085 1867 2139 libera
1894 2082 2136 2137 voluntas

557 2186 750 2247 melius
765 2203 924 2260 agere
944 2195 1140 2258 potest,
1157 2200 1312 2255 quam
1342 2181 1485 2237 utilli
1502 2195 1561 2235 se
1588 2175 1844 2248 agendam
1867 2188 2140 2228 commcn-

556 2283 646 2341 det
670 2284 714 2349 ',
743 2281 839 2353 qui
865 2281 1001 2336 male
1030 2293 1187 2349 agerc
1211 2292 1315 2331 non
1344 2281 1548 2346 potest;
1576 2279 1630 2327 et
1658 2271 1759 2325 hoc
1783 2283 1903 2323 cum
1932 2264 2134 2330 fecerit,

555 2370 625 2430 ali
652 2373 742 2430 illo
765 2388 825 2430 se
854 2381 912 2428 ut
949 2369 1186 2436 faceret,
1232 2365 1468 2434 adjutam
1492 2376 1611 2418 esse
1651 2376 1757 2415 non
1785 2358 2024 2423 dubitet,
2053 2354 2139 2411 cui

554 2463 751 2524 dicitur
777 2469 829 2521 in
857 2462 1097 2528 Psalmo,
1135 2460 1273 2515 Deus
1298 2474 1470 2525 meus,
1498 2450 1841 2510 misericordia
1866 2450 1976 2523 ejus
2004 2462 2139 2521 pra?-

556 2563 716 2619 ueniet
736 2579 815 2618 me
840 2559 1010 2635 (Psal.
1039 2573 1162 2614 LVIII
1182 2601 1197 2626 ,
1229 2555 1343 2629 il).

632 2652 687 2712 ϐ.
719 2654 955 2725 Denique
983 2652 1036 2707 in
1060 2648 1153 2706 illo
1180 2649 1318 2705 libro
1342 2691 1356 2715 ,
1387 2646 1474 2704 ubi
1520 2645 1604 2701 illa
1633 2643 1868 2716 capitula
1900 2641 2143 2714 Pelagius

560 2745 794 2820 scripsit,
826 2744 949 2800 huic
976 2742 1225 2817 positioni
1254 2739 1274 2772 ³
1296 2782 1311 2807 ,
1339 2754 1441 2810 qua
1467 2737 1619 2803 dixit,
1678 2754 1697 2789 ‹
1733 2733 1931 2791 Omnes
1957 2734 2145 2788 volun-

565 2844 674 2913 tate
718 2837 931 2911 propria
980 2835 1128 2906 regi,
1178 2841 1233 2889 et
1275 2846 1372 2887 suo
1414 2827 1680 2885 desiderio
1719 2838 2145 2896 unumquemque

565 2925 756 2986 dimitti
781 2971 797 2997 ,
827 2947 847 2982 ι
893 2925 1116 2998 subjecit
1157 2921 1356 2995 aliquid
1384 2920 1451 2976 de
1496 2918 1800 2976 testimonio
1840 2915 2142 2986 Scriptura-

564 3036 682 3078 rum
708 3063 724 3090 ,
753 3035 859 3091 quo
888 3019 1017 3074 satis
1041 3022 1294 3088 appareat
1318 3028 1420 3068 non
1450 3027 1508 3068 se
1528 3010 1629 3066 sibi
1653 3008 1922 3063 hominem
1950 3022 2146 3077 regen-

566 3115 692 3172 dum
715 3113 912 3171 debere
935 3111 1287 3168 committere.
1318 3108 1404 3162 Ait
1425 3106 1566 3161 enim
1588 3103 1655 3159 de
1676 3103 1775 3158 hoc
1799 3101 1916 3171 ipso
1936 3101 2147 3171 Sapien-

565 3210 642 3265 tia
667 3207 691 3241 ⁸
719 3205 1018 3265 Salomonis
1047 3222 1059 3257 :
1088 3201 1219 3259 Sum
1256 3199 1457 3272 quidem
1491 3207 1537 3251 et
1576 3213 1667 3268 ego
1708 3195 1936 3250 mortalis
1975 3194 2144 3263 homo,

567 3294 749 3358 similis
770 3298 1023 3362 omnium,
1048 3310 1111 3351 ea:
1127 3309 1309 3366 genere
1327 3300 1520 3347 terreno
1547 3287 1683 3342 illius
1701 3286 1791 3358 qui
1810 3288 1950 3356 prior
1966 3283 2149 3354 ﬂuctus

567 3404 640 3451 est
667 3390 724 3461 Ir;
770 3400 826 3449 et
866 3400 1058 3447 extera
1101 3402 1269 3458 usque
1304 3383 1372 3439 ad
1411 3398 1533 3439 eum
1563 3378 1776 3451 capituli
1818 3378 2015 3446 linem,
2059 3373 2151 3431 ubi

567 3487 782 3559 legitur,
818 3481 964 3540 Unus
984 3496 1102 3552 ergo
1130 3493 1361 3534 omnibus
1380 3473 1613 3529 introitus
1637 3471 1707 3525 ad
1733 3471 1907 3534 vitam,
1938 3477 1986 3522 et
2005 3464 2150 3522 simi-

570 3579 634 3636 lis
661 3578 827 3634 exitus
854 3591 873 3631 :
896 3582 1098 3646 propter
1129 3570 1225 3624 hoc
1254 3567 1446 3641 optavi,
1478 3574 1525 3621 et
1550 3562 1703 3627 datus~
1723 3572 1795 3617 est
1817 3560 1941 3616 mihi
1957 3575 2148 3627 sensus,

564 3650 617 3727 iet
644 3667 894 3733 invocavi,
927 3677 975 3721 et
1002 3664 1136 3718 venit
1169 3663 1224 3716 in
1252 3677 1331 3714 me
1353 3658 1560 3729 spiritus
1580 3654 1840 3727 sapientiae
1870 3650 2023 3723 (Sap.
2053 3665 2150 3719 vu,

570 3748 707 3831 ΐ-Ὶ).
762 3756 950 3815 Nonne
994 3752 1114 3810 luce
1159 3751 1354 3808 clarius
1399 3756 1653 3819 apparet,
1706 3742 2154 3816 quemadmodum

570 3851 672 3908 iste
696 3846 1029 3907 considerata
1061 3842 1275 3901 miseria
1302 3838 1594 3912 fragilitatis
1620 3839 1905 3903 humanm,
1934 3850 2043 3890 non
2074 3840 2158 3889 est
2192 3874 2197 3877 .

570 3957 734 4000 ausus
756 3956 816 3997 se
843 3937 1136 4012 regendum
1177 3934 1279 3991 sibi
1308 3932 1677 3996 committere;
1710 3929 1804 3984 sed
1831 3926 2074 4000 optavit,
2101 3932 2158 3980 et

571 4032 726 4094 ﬁtus
748 4041 832 4090 est
856 4032 905 4087 ei
938 4045 1127 4087 sensus
1146 4069 1162 4096 ,
1190 4026 1257 4084 de
1282 4041 1387 4098 quo
1416 4024 1547 4081 dicit
1575 4022 1862 4094 Apostolus
1878 4063 1893 4089 ,
1928 4018 2041 4083 Nos
2065 4036 2159 4073 aw-

574 4135 673 4182 tem
712 4140 914 4180 sensum
952 4118 1158 4177 Domini
1196 4119 1436 4174 habemus
1470 4115 1515 4187 (l
1542 4113 1662 4171 Cor.
1693 4130 1769 4181 ιι,
1800 4112 1925 4185 16);
1979 4120 2035 4168 et
2072 4111 2159 4168 in-

574 4218 822 4282 vocavit,
869 4223 926 4270 et
973 4214 1122 4268 venit
1168 4212 1222 4267 in
1268 4225 1387 4266 eum
1434 4207 1653 4279 Spiritus
1689 4204 2000 4279 sapientiae?
2048 4204 2161 4260 Hoc

576 4308 721 4365 enim
751 4306 940 4378 spiritu
959 4347 973 4371 ,
1002 4320 1108 4360 non
1136 4301 1336 4358 viribus
1363 4300 1595 4373 propriae
1623 4299 1938 4364 voluntatis,
1966 4312 2163 4369 regun-

575 4406 665 4458 tur
691 4409 745 4456 et
764 4406 992 4474 aguntur
1019 4394 1119 4472 qui
1140 4394 1237 4452 lilii
1257 4404 1380 4450 sunt
1400 4390 1519 4453 Dei.

648 4488 701 4551 7.
739 4488 873 4551 Nam
900 4503 954 4550 et
994 4484 1127 4548 illud
1163 4488 1306 4563 quod
1349 4488 1526 4562 posuit
1549 4485 1617 4543 de
1657 4484 1871 4543 Psalmo
1894 4484 1951 4540 in
1971 4482 2161 4543 eodem

572 4582 940 4659 Capitulorum
980 4582 1118 4641 libro
1142 4620 1169 4653 ,-
1208 4589 1269 4638 ut
1294 4580 1446 4653 quasi
1473 4579 1755 4652 probaret,
1793 4596 1813 4630 ‹
1841 4577 2039 4633 Omnes
2064 4593 2162 4634 vo-

574 4675 778 4733 hmmt‘e
792 4676 1006 4747 propria
1032 4673 1167 4746 regi,
1198 4692 1218 4727 ι
1239 4669 1432 4728 Dilexit
1452 4671 1804 4739 maledictum,
1831 4678 1879 4725 et
1903 4669 2060 4724 veniet
2081 4669 2163 4735 ei;

581 4778 630 4825 et
669 4770 832 4825 noluit
872 4768 1260 4824 benedictionem
1286 4809 1301 4833 ,
1345 4774 1393 4822 et
1430 4764 1747 4838 elongabitur
1788 4763 1850 4818 ab
1889 4778 1947 4818 eo
1991 4760 2161 4835 (Psal.

582 4877 727 4929 cvm,
752 4859 842 4935 18)
869 4879 885 4915 :
914 4861 1035 4934 quis
1066 4861 1269 4920 nesciat
1289 4861 1390 4915 hoc
1411 4859 1597 4914 vitium
1622 4872 1742 4913 esse
1761 4897 1775 4922 ,
1807 4872 1912 4911 non
1938 4866 2162 4924 naturae,

583 4955 721 5011 sicut
762 4969 881 5009 eam
929 4952 1168 5010 condidit
1204 4952 1384 5020 Deus,
1433 4949 1528 5007 sed
1564 4949 1852 5005 voluntatis
1895 4946 2163 5015 humanae,

583 5060 703 5118 quae
748 5044 971 5101 recessit
998 5059 1029 5100 a
1055 5040 1209 5100 Deo?
1256 5040 1636 5098 Verumtamen
1665 5040 1712 5095 si
1751 5054 1858 5095 non
1892 5037 2166 5095 dilexisset

584 5134 1015 5196 maledictioncm
1040 5178 1056 5205 ,
1099 5146 1155 5193 et
1193 5135 1448 5191 voluisset
1474 5133 1495 5165 °
1523 5131 1984 5200 benedictionem,
2022 5140 2076 5188 et
2112 5131 2166 5187 in

647 5314 679 5385 εί
698 5312 875 5385 [Eadem
897 5312 1046 5385 editio
1068 5315 1286 5385 pinsitam,
1309 5317 1355 5364 et
1372 5312 1481 5385 ideo
1504 5311 1707 5385 regitur.

646 5379 683 5411 ⁸·
700 5377 1117 5440 εῶὸανίειιὶαιιί,
1133 5382 1185 5427 ut
1201 5368 1349 5440 ilh‘ss
1366 5387 1383 5440 ς
1402 5368 1653 5440 «ﬁngenda
1673 5369 1985 5424 cumdel.
2004 5368 2167 5421 Meliu-

580 5438 746 5504 lectio,
784 5438 949 5504 quam‘
967 5440 1233 5504 sequimur,
1266 5438 1507 5495 editimis’
1528 5438 1761 5498 Masiante,
1784 5447 1896 5500 quae
1931 5446 1962 5485 a
1992 5439 2167 5485 vetere

580 5503 749 5554 codice
771 5499 1387 5551 colbertlno'oonﬁrmatur.

648 5565 673 5627 ἒ
700 5569 753 5613 In
768 5564 1046 5627 coliculum
1064 5571 1167 5627 M_S.,
1190 5559 1515 5627 propositioni.

647 5625 670 5657 δ
700 5624 920 5675 Nonmlli
945 5633 1070 5685 Mss,
1093 5623 1145 5675 in
1166 5623 1420 5687 Sapientia.

644 5687 669 5720 ⁸
700 5692 851 5751 suae,
876 5688 1029 5751 factus
1050 5682 1136 5739 est.
1164 5682 1292 5750 stas,
1317 5682 1458 5751 ﬁctus
1490 5692 1578 5738 est.
1625 5685 1793 5737 Prima:
1832 5683 2075 5735 editiones
2114 5687 2168 5735 et

538 5842 543 5847 η
584 5745 1125 5876 ἐθέοβιῇιέιιθιῗιεύεη
1142 5815 1189 5865 et
1208 5808 1448 5866 natm

1554 316 1643 374 DE
1680 308 1922 372 GESTIS
1960 299 2257 363 PELAGH,
2293 299 2348 352 S.
2393 297 2752 352 AUGiFSTINl

3691 298 3805 356 ’594

2228 418 2328 470 hoc
2353 417 2468 487 ipso
2489 417 2814 472 voluntatem
2843 430 2995 471 suam
3015 415 3193 472 divina
3214 415 3381 487 gratia
3406 422 3635 488 nepret
3655 413 3806 486 adju-

2224 517 2331 565 tam
2358 525 2372 576 ;
2406 509 2642 579 ingratus
2677 518 2837 579 atque
2866 508 3058 576 impius
3086 508 3187 563 sibi
3218 507 3481 579 regendus
3503 506 3803 565 dimittere-

2224 612 2338 669 tur,
2386 610 2448 657 ιιι
2485 601 2600 656 sine
2626 610 2836 657 rectore
2875 601 2984 655 Deo
3029 600 3387 670 praecipitatus
3408 640 3424 666 ,
3467 615 3574 655 non
3602 615 3666 657 se
3692 614 3723 653 a
3748 616 3807 659 se

2224 692 2340 767 ipso
2380 694 2491 765 regi
2529 695 2765 767 potuisse
2787 735 2801 761 ,
2846 694 3020 765 pinnis
3057 694 3406 766 experiretur.
3454 693 3547 749 Sic
3571 692 3805 749 etiamin

2226 786 2320 845 illo
2358 789 2698 853 testimonio,
2750 787 2889 858 quod
2935 787 2988 842 in
3026 786 3216 842 eodem
3263 786 3400 842 libro
3435 785 3614 842 eidem
3661 785 3808 844 titulo

2227 880 2496 946 subdidit,
2541 879 2788 951 Apposuit
2818 879 2905 934 tibi
2932 896 3115 950 aquam
3138 887 3184 934 et
3212 879 3421 950 ignem;
3466 877 3536 933 ad
3572 879 3709 950 quod
3740 881 3809 936 vis

2229 972 2431 1044 porrige
2465 987 2668 1025 manum
2688 979 2825 1025 tuam
2853 978 3014 1045 {ante
3040 970 3290 1025 hominem
3317 970 3502 1026 bonum
3527 979 3573 1027 et
3600 971 3809 1040 malum,

2229 1065 2332 1119 vita
2359 1074 2407 1118 et
2434 1078 2599 1130 mors;
2642 1064 2775 1136 quod
2802 1064 3048 1133 placuerit
3068 1063 3134 1131 ei,
3163 1063 3362 1118 dabitur
3384 1063 3463 1118 illi
3500 1061 3693 1134 (Eccli.
3723 1081 3809 1127 xv,

2233 1158 2299 1214 17
2350 1166 2395 1213 et
2426 1158 2512 1231 l8)
2539 1175 2552 1212 :
2583 1155 2918 1212 manifestum
2945 1167 3046 1224 est,
3071 1155 3210 1227 quod
3232 1157 3277 1210 si
3306 1154 3372 1212 ad
3402 1156 3577 1227 ignem
3600 1171 3811 1211 manum

2232 1250 2422 1319 mittit,
2463 1260 2516 1305 et
2545 1248 2743 1305 malum
2770 1263 2834 1303 ac
2861 1263 3009 1303 mors
3037 1247 3087 1302 ei
3125 1248 3332 1317 placet,
3362 1246 3415 1301 id
3438 1248 3686 1301 voluntas
3715 1246 3813 1301 bo-

2232 1340 2392 1396 minis
2417 1348 2700 1412 operatur;
2728 1340 2772 1395 si
2793 1348 2969 1395 autem
3000 1339 3200 1395 bonum
3228 1346 3284 1393 et
3301 1336 3463 1394 vitam
3490 1337 3681 1409 diligit,
3709 1353 3815 1392 non

2234 1432 2403 1486 solum
2430 1429 2673 1486 voluntas
2699 1430 2753 1485 id
2792 1428 2932 1501 agit,
2965 1428 3059 1484 sed
3087 1428 3341 1483 divinitus
3364 1428 3665 1498 adjuvatur.
3697 1427 3818 1484 Suf-

2235 1523 2346 1578 licit
2372 1523 2514 1578 enim
2543 1522 2639 1578 sibi
2669 1522 2861 1579 oculus
2884 1520 2951 1576 ad
2977 1536 3081 1576 non
3118 1518 3404 1576 videndum
3430 1562 3447 1590 ,
3474 1519 3578 1575 hoc
3601 1528 3717 1587 est,
3749 1520 3816 1576 ad

2237 1614 2486 1671 tenebras
2517 1632 2530 1668 :
2560 1614 2627 1670 ad
2675 1613 2959 1671 videndum
3006 1627 3138 1669 vero
3181 1612 3382 1668 lumine
3426 1629 3524 1669 suo
3565 1629 3672 1669 non
3718 1614 3818 1670 sibi

2236 1704 2432 1761 sufﬁcit
2451 1748 2465 1772 ,
2509 1706 2610 1761 nisi
2648 1707 2721 1761 illi
2751 1706 3080 1761 extrinsecus
3107 1704 3428 1776 adiutorium
3450 1706 3578 1762 clari
3604 1707 3819 1763 luminis

2238 1799 2556 1869 praebeatur.
2606 1799 2759 1854 Absit
2799 1807 2978 1854 autem
3019 1808 3076 1855 ut
3105 1799 3141 1854 ii
3167 1798 3257 1869 qui
3295 1798 3590 1855 secundum
3617 1816 3816 1872 propo-

2237 1892 2395 1945 situm
2434 1889 2604 1946 vocati
2633 1899 2789 1955 sunt,
2834 1905 2967 1961 quos
3004 1890 3308 1962 praescivit,
3339 1901 3394 1946 et
3421 1890 3819 1963 praedestinavit

2239 1983 2539 2038 conformes
2569 1983 2812 2051 imaginis
2844 1978 2961 2037 Filii
2986 1984 3069 2038 sui
3098 1980 3272 2055 (Rom.
3304 1999 3415 2051 vm,
3448 1982 3542 2057 29)
3565 2027 3581 2054 ,
3610 2000 3733 2053 suo,
3765 1996 3821 2042 ut

2241 2082 2493 2146 pereant,
2521 2074 2787 2131 desiderio
2813 2074 3145 2130 dimittantur
3172 2076 3211 2128 ί.
3240 2072 3353 2132 Hoc
3376 2076 3520 2132 enim
3551 2078 3820 2147 patiuntur

2240 2180 2367 2223 vasa
2388 2168 2513 2233 irae,
2546 2180 2663 2239 quze
2684 2166 2915 2237 perfecta
2943 2161 3069 2221 sunt
3092 2166 3157 2221 ad
3188 2165 3538 2238 perditionem
3571 2186 3587 2222 :
3618 2169 3670 2223 in
3700 2186 3822 2241 que-

2240 2274 2359 2316 rum
2403 2261 2561 2316 etiam
2599 2261 2709 2331 ipsa
2752 2260 3046 2331 perditione
3078 2271 3230 2315 notas
3271 2259 3397 2316 facit
3424 2262 3568 2318 Deus
3608 2263 3822 2319 divitias

2242 2353 2421 2424 gloria;
2451 2368 2559 2409 suae
2604 2354 2658 2409 in
2700 2369 2823 2409 vasa
2872 2352 3252 2409 misericordiae
3300 2368 3411 2409 sua:
3457 2352 3573 2425 (Id.
3610 2356 3819 2426 “,23,

2242 2444 2355 2516 2'5).
2402 2445 2627 2517 PrOpter
2670 2443 2770 2501 hoc
2813 2445 2995 2513 enim,
3035 2461 3155 2500 eum
3191 2445 3448 2514 dixisset,
3494 2445 3637 2503 Deus
3665 2465 3820 2515 meus,

2245 2536 2591 2591 misericordia
2637 2538 2745 2609 ejus
2794 2538 3061 2609 prwveniet
3100 2554 3229 2604 me;
3261 2538 3516 2593 continuo
3565 2540 3821 2608 subjecit,

2237 2624 2383 2684 Deus
2426 2646 2563 2684 meus
2606 2629 2969 2684 demonstravit
3000 2628 3129 2707 mihi
3160 2630 3213 2683 in
3249 2629 3467 2691 inimicis
3502 2631 3627 2685 meis
3654 2629 3821 2701 (Psal.

2247 2736 2404 2786 Lvm,
2438 2722 2498 2775 ll
2520 2764 2535 2785 ,
2567 2719 2681 2792 12).
2728 2719 2838 2776 Illis
2862 2737 2989 2792 ergo
3016 2721 3069 2775 llt
3100 2721 3245 2792 quod
3268 2722 3521 2793 scriptum
3551 2733 3671 2790 est,
3705 2723 3825 2779 Tra-

2248 2812 2376 2867 didit
2403 2813 2520 2867 illos
2546 2810 2684 2867 Deus
2709 2814 2760 2867 in
2787 2814 3035 2868 desideria
3055 2797 3221 2868 cordis
3244 2831 3417 2869 eorum
3439 2815 3615 2886 (Rom.
3649 2832 3689 2882 ι,
3711 2815 3823 2884 ειι.

2248 2906 2363 2962 Non
2390 2916 2567 2962 autem
2596 2906 2655 2961 lit
2679 2898 3094 2977 praedestinantis,
3125 2922 3260 2978 quos
3288 2909 3424 2981 regit
3446 2908 3679 2980 Spiritus
3704 2909 3824 2977 Dei;

2250 3003 2499 3073 quoniam
2548 3016 2653 3056 non
2689 3001 2862 3057 inanis
2896 3009 2978 3057 est
3009 3016 3113 3056 vox
3151 3017 3333 3057 eorum
3365 3020 3380 3058 :
3414 2999 3498 3058 Ne
3531 3003 3711 3065 tradas
3734 3021 3826 3070 me,

2250 3092 2497 3159 Domine,
2541 3111 2574 3147 a
2596 3094 2842 3148 desiderio
2882 3110 2995 3149 meo
3016 3095 3265 3165 peccatori
3291 3092 3464 3165 (Psal.
3496 3110 3726 3161 cxxxu,
3755 3096 3828 3165 9).

2251 3186 2694 3258 Quandoquidem
2739 3195 2793 3243 ct
2835 3189 3021 3243 contra
3056 3188 3169 3258 ipsa
3207 3186 3475 3244 desideria
3504 3189 3582 3243 sic
3625 3199 3832 3245 oratum

2251 3288 2361 3357 est,
2402 3291 2459 3336 ut
2485 3278 2754 3336 diceretur
2771 3280 2976 3352 ,Aufer
3002 3297 3036 3335 α
3059 3296 3137 3334 me
3165 3280 3595 3351 concupiscentias
3630 3283 3834 3347 ventris,

2253 3384 2299 3430 et
2349 3374 2650 3429 desiderium
2693 3374 2987 3429 concubitus
3025 3390 3088 3428 ne
3131 3373 3480 3443 apprehendat
3523 3391 3603 3428 me
3651 3374 3835 3445 (Eccli.

2254 3483 2402 3532 χχιιι,
2434 3464 2509 3539 6).
2540 3465 2763 3520 Prwstat
2806 3465 2908 3520 hoc
2940 3465 3077 3520 Deus
3106 3464 3207 3518 illis
3233 3480 3367 3534 quos
3393 3464 3641 3519 subditos
3666 3465 3836 3535 regit;

2255 3573 2361 3614 non
2388 3566 2567 3612 autem
2600 3556 2702 3612 illis
2731 3556 2820 3631 qui
2865 3572 2922 3610 se
2953 3555 3174 3611 idoneos
3201 3555 3266 3610 ad
3301 3571 3360 3617 se
3406 3556 3553 3625 ipsos
3578 3556 3841 3627 regendos

2257 3656 2463 3720 putant,
2494 3656 2550 3703 et
2574 3647 2867 3719 praetidenti
2890 3646 3098 3705 cervice
3116 3647 3341 3718 preprizn
3368 3647 3663 3703 voluntatis
3692 3646 3842 3703 illum

2257 3742 2613 3815 dedignantur
2632 3741 2829 3796 habere
2851 3749 3139 3796 rectorem.

2329 3858 2386 3913 8.
2409 3856 2538 3925 Qua:
2556 3872 2679 3919 cum
2706 3856 2782 3911 ita
2805 3856 2948 3923 sint,
2980 3855 3075 3911 ﬁlii
3100 3855 3193 3912 Dei
3219 3857 3308 3927 qui
3332 3855 3765 3923 hocnoverunt,
3791 3864 3846 3912 et

2261 3967 2319 4009 se
2346 3952 2441 4008 Dei
2467 3951 2669 4022 Spiritu
2691 3950 2807 4021 regi
2833 3958 2888 4006 et
2908 3951 2995 4022 agi
3015 3949 3351 4021 gratulantur
3369 3990 3386 4015 ,
3431 3949 3711 4021 quomodo
3734 3964 3849 4005 mo-

2260 4048 2373 4102 veri
2403 4053 2721 4117 potuerunt,
2767 4059 2889 4099 cum
2915 4042 3165 4099 audirent
3193 4042 3287 4099 vel
3298 4042 3546 4113 legerent
3573 4057 3605 4097 a
3631 4041 3850 4113 Pelagio

2264 4140 2519 4209 scriptum
2541 4179 2556 4204 ,
2603 4156 2623 4190 ι
2654 4134 3157 4193 Omnesvoluntate
3196 4136 3417 4206 propria
3453 4135 3570 4206 regi
3592 4176 3610 4203 ,
3653 4144 3712 4190 et
3750 4148 3852 4190 suo

2264 4230 2532 4286 desiderio
2582 4243 3011 4300 unumquemque
3048 4227 3285 4283 dimitti?
3320 4246 3340 4280 ι
3394 4227 3462 4283 Et
3502 4237 3687 4284 tamen
3730 4226 3852 4298 quis

2265 4324 2622 4393 interrogatus
2667 4321 2735 4376 ab
2781 4320 3082 4392 episcopis,
3128 4319 3263 4391 quid
3306 4318 3430 4375 mali
3470 4318 3853 4375 sonarentilla

2270 4415 2431 4471 verba
2464 4412 2747 4485 persensit,
2772 4412 3160 4483 responditque
3183 4430 3198 4467 :
3218 4429 3256 4463 ν(
3293 4411 3403 4467 bon
3419 4410 3715 4467 addixisse
3731 4426 3856 4481 po-

2267 4518 2388 4579 pter
2410 4508 2635 4564 liberum
2664 4507 2977 4573 arbitrium;
3014 4524 3034 4554 σ
3084 4505 3688 4577 ωιιίηυοαειιῑήἰάοη,
3720 4524 3744 4560 ε
3772 4507 3859 4562 ei

2269 4603 2412 4659 Deus
2455 4601 2666 4672 adjutor
2693 4610 2776 4657 est
2799 4599 3019 4672 eligenti
3039 4599 3218 4665 bona;
3261 4598 3581 4655 bomovero
3603 4614 3859 4671 peccas,

2269 4695 2384 4766 ipse
2421 4695 2472 4749 in
2498 4694 2651 4764 culpa
2680 4701 2794 4758 est,
2835 4692 2986 4763 quasi
3027 4692 3180 4749 liberi
3214 4693 3425 4747 arbitrii
3453 4710 3466 4745 :
3502 4712 3525 4745 ›
3550 4693 3704 4750 hanc
3728 4708 3863 4763 quo-

2270 4802 2373 4858 que
2399 4785 2715 4841 sententiam
2734 4784 2805 4854 pii
2827 4784 3041 4853 iudices
3057 4783 3437 4854 approbantes.
3457 4799 3627 4854 quam
3652 4785 3866 4840 incaute

2270 4877 2353 4932 vel
2380 4892 2487 4948 quo
2508 4892 2665 4931 sensu
2690 4876 2776 4929 illa
2809 4874 2865 4931 in
2890 4874 3025 4930 libro
3052 4874 3168 4946 eius
3188 4874 3352 4930 verba
3376 4874 3482 4929 sint
3504 4875 3719 4943 posita,

2272 4969 2510 5025 siderare
2537 4969 2623 5025 vel
2645 4983 2886 5040 quzerere
2908 4968 3233 5033 noluerunt;
3271 4967 3518 5023 sullicere
3544 4968 3869 5027 existinma-

2271 5071 2352 5118 tes
2396 5062 2466 5116 ita
2509 5077 2629 5117 cum
2671 5059 2975 5117 confessum
3004 5075 3131 5116 esse
3168 5059 3393 5115 liberum
3433 5059 3736 5118 arbitrium
3763 5106 3799 5133 τ
3829 5073 3874 5119 ut

2271 5150 2487 5225 eligenti
2516 5153 2654 5210 bona
2685 5153 2823 5208 Deus
2851 5158 2999 5208 esset
3022 5151 3235 5222 adiutor
3254 5191 3269 5217 ,
3300 5164 3541 5221 peccans.
3561 5161 3876 5213 vel-Gessit

2272 5246 2325 5303 in
2345 5247 2521 5318 culpa,
2553 5244 2621 5301 ad
2641 5246 2742 5302 hoc
2764 5244 2867 5301 sibi
2895 5244 3197 5300 sullieieule.
3213 5244 3425 5314 propria
3452 5243 3789 5306 vol-Maso.
3825 5251 3883 5307 tte

2272 5358 2369 5415 per
2402 5334 2505 5398 hoc
2543 5341 2687 5397 Deus
2724 5341 2897 5411 regit,
2931 5339 3123 5409 quibus
3162 5339 3374 5408 winter
3415 5346 3500 5394 est
3535 5339 3886 5412 θιίεαιιῑδα

2270 5434 2431 5492 bona.
2471 5435 2537 5490 Et
2568 5432 2685 5488 ideo
2711 5432 2853 5490 bene
2868 5438 3061 5504 regunt
3076 5428 3335 5503 quidquid
3355 5437 3548 5502 regunt
3566 5469 3591 5499 ,
3614 5437 3893 5501 quoniam

2272 5529 2374 5600 ipsi
2401 5535 2656 5598 reguntur
2680 5540 2710 5579 a
2736 5525 2899 5580 bono.

2334 5621 2395 5698 ‘9.
2427 5622 2555 5676 item
2601 5620 2880 5675 recitatum
2918 5616 3163 5689 estquod
3194 5614 3253 5674 in
3289 5614 3426 5672 libro
3462 5629 3566 5671 suo
3614 5615 3907 5693 Pelagius

2338 5800 2359 5837 ⁸
2390 5805 2544 5863 sum,
2576 5794 2925 5863 parum.
