3984 6520
161 281 243 346 κ
414 213 699 223 ⁷
1544 266 1721 326 unm

1832 266 1982 329 NUS.

159 394 333 477 μὴ,
364 409 391 445 ι
420 389 482 447 ιιι
517 389 613 447 die
631 388 823 462 judicii
860 385 1059 459 iniquis
1097 393 1153 442 et
1191 383 1565 477 peccatoribus
1603 397 1711 438 non

159 474 243 549 ἐν
264 481 617 555 parcendum,
636 480 735 537 sed
752 480 1072 535 aeterniseos
1093 477 1301 549 ignibus
1327 491 1392 531 ex
1402 474 1653 531 urendos.
1686 492 1708 528 ι

158 578 275 654 Quod
298 576 416 633 ideo
443 573 645 629 fratres
666 580 930 638 moverat,
955 580 1014 626 ut
1032 568 1387 640 obiiciendum
1411 572 1708 639 putaretur,

158 671 283 749 quod.
319 670 391 724 ita
435 666 648 721 dictum
695 672 815 730 est,
868 672 1117 732 tanquam
1167 674 1356 716 omnes
1405 668 1712 730 peccatores

157 778 335 824 am
357 766 549 817 essent
587 757 854 828 supplicio
899 753 1150 826 puniendi
1170 794 1186 821 ,
1231 769 1339 809 non
1369 753 1451 809 eis
1475 752 1711 823 exceptis

154 855 647 933 quitundameutum
684 850 885 905 habent
912 848 1221 913 Christum,
1251 847 1497 918 quamvis
1520 862 1712 918 super-

155 950 393 1011 stitiosus»
410 947 581 1017 ligna,
606 943 809 1010 fenum,
830 941 1103 1013 stipulam,
1125 941 1197 996 de
1214 940 1406 1011 quibus
1429 939 1719 1011 dicitApo-

152 1042 325 1101 stolas:
352 1038 423 1093 Si
438 1038 592 1108 cujus
618 1052 759 1106 opus.
778 1043 1008 1091 exustum
1034 1032 1221 1103 fuerit,
1244 1030 1597 1086 detrimentum
1622 1048 1716 1102 pa-

155 1138 301 1198 tiatur;
326 1133 447 1203 ipse
464 1139 640 1185 autem
661 1127 841 1184 saluus
858 1126 972 1192 erit,
997 1126 1071 1181 sic
1090 1134 1256 1179 tamen
1278 1124 1422 1194 quasi
1442 1140 1531 1194 per
1548 1124 1717 1195 ignem

154 1225 299 1300 (lt‘or.
332 1237 421 1288 ιιι,
453 1221 571 1289 i5).
611 1219 861 1276 Sedcum
881 1215 1247 1288 respondisset
1269 1215 1531 1285 Pelagius,
1568 1234 1587 1268 ‹
1614 1214 1718 1271 hoc

155 1314 414 1376 modum
443 1312 802 1381 Evangelium
825 1325 884 1365 se
907 1308 1107 1365 dixisse
1124 1349 1139 1373 ,
1164 1307 1255 1363 ubi
1276 1307 1469 1363 dicitur
1503 1308 1572 1363 de
1602 1323 1717 1377 pec-

153 1405 429 1468 .toribus,
483 1402 582 1459 ιιιί
631 1403 777 1458 ibunt
814 1402 870 1456 in
919 1399 1221 1470 supplicium
1261 1409 1542 1466 internum;
1584 1399 1717 1469 justi

153 1511 311 1564 αα,
354 1498 413 1552 in
456 1498 621 1551 vitam
659 1504 899 1550 teteruam
934 1512 954 1547 ι
987 1491 1199 1567 (Matth.
1225 1507 1331 1547 xxv
1352 1532 1368 1560 ,
1393 1489 1493 1563 46)
1523 1507 1536 1545 :
1568 1491 1716 1547 nullo

153 1592 273 1652 nodo
311 1590 503 1661 potuit
544 1587 858 1645 cbristianis
892 1586 1158 1657 iudicibus
1194 1585 1497 1655 evangelica
1536 1593 1591 1641 et
1618 1585 1716 1640 do-

152 1686 307 1744 minica
352 1682 660 1751 displicere
712 1680 1014 1745 sententia,
1075 1678 1435 1733 nescientibus
1486 1677 1610 1749 quid
1659 1677 1714 1732 in

155 1774 387 1837 verbisde
419 1773 569 1829 libro
597 1772 803 1843 Pelagii
838 1770 1061 1842 prolatis
1093 1771 1320 1825 moverit
1361 1769 1595 1837 fratres,
1623 1769 1716 1840 qui

155 1866 517 1941 disputationes
546 1863 670 1935 ejus
706 1863 792 1919 vel
818 1862 1199 1932 discipulorum
1233 1861 1350 1932 ejus
1372 1861 1557 1916 audire
1582 1875 1714 1916 con-

157 1966 437 2023 morit;
482 1954 707 2027 quando
735 1956 823 2010 bis
846 1954 1154 2017 absentibus
1194 1954 1286 2025 qui
1329 1954 1564 2009 libellum
1589 1968 1717 2010 cou-

157 2051 501 2121 tnl‘dagium
531 2058 728 2104 sancto
746 2048 998 2118 episcOpo
1026 2046 1253 2117 Eulogio
1280 2046 1559 2110 dederunt,
1590 2046 1715 2101 nul-

161 2142 499 2213 lswgebat,
547 2151 617 2195 ut:
648 2147 969 2209 peccatores
1002 2153 1099 2210 per
1135 2138 1313 2209 ignem
1358 2136 1642 2192 salvandos
1682 2151 1715 2192 a

166 2237 486 2311 pastoribus
529 2242 744 2290 artemo
781 2232 1040 2304 supplicio
1082 2229 1363 2302 puniendis
1404 2230 1581 2301 aliqua
1624 2244 1718 2284 ex-

174 2330 377 2399 ceptione
395 2325 751 2395 distingueret
773 2364 795 2389 ,
833 2332 890 2378 et
919 2321 1167 2378 eolmodo
1193 2320 1607 2391 intelligentibus
1626 2319 1717 2390 ju-

167 2420 345 2478 tﬁcibus
362 2433 449 2473 cur
471 2415 639 2472 fuerit
662 2413 793 2470 illud
804 2414 1091 2485 obiectum,
1122 2413 1169 2468 si
1188 2412 1352 2468 nollet
1371 2412 1715 2483 distinguere,

162 2513 333 2569 mrito
346 2508 672 2578 culparetur.
748 2510 753 2511 ’

222 2601 299 2657 l0.
321 2600 671 2671 Quodautem
698 2595 908 2652 addidit
936 2595 1183 2667 Pelagius
1202 2638 1219 2662 ,
1252 2613 1272 2648 ι
1304 2596 1370 2650 Ει
1398 2595 1442 2650 si
1472 2596 1590 2666 quis
1618 2593 1718 2650 ali-

158 2702 237 2750 ter
258 2691 453 2757 credit,
478 2689 773 2760 Origenista
801 2697 928 2743 est:
964 2706 985 2740 ι
1020 2687 1122 2742 hoc
1148 2694 1466 2757 acceperunt
1485 2686 1715 2757 judices,

160 2783 303 2855 quod
320 2797 501 2839 revera
534 2782 589 2837 in
607 2781 831 2850 Origene
866 2779 1175 2850 dignissime
1216 2778 1513 2835 detestatur
1536 2777 1722 2835 Eccle-

165 2876 265 2943 sia,
291 2875 463 2946 idest,
485 2874 618 2944 quod
638 2873 793 2929 etiam
822 2872 897 2927 illi
923 2886 1058 2943 quos
1086 2870 1343 2927 Dominus
1367 2871 1494 2927 dicit
1519 2879 1720 2927 interno

170 2970 418 3041 simplicia
455 2968 777 3038 puniendos,
822 2975 877 3024 et
918 2969 1039 3038 ipse
1068 2967 1309 3023 diabolus
1345 2976 1504 3039 atque
1542 2967 1718 3039 angeli

165 3062 295 3132 eius,
316 3068 427 3130 post
451 3071 653 3131 tempus
681 3061 806 3117 licet
827 3062 1093 3131 prolixum
1115 3060 1320 3133 purgati
1347 3060 1717 3118 liberabuntur

154 3155 409 3224 animis,
449 3163 502 3209 et
526 3154 730 3209 sanctis
768 3168 891 3209 cum
931 3154 1048 3209 Deo
1085 3153 1426 3224 regnantibus
1468 3153 1723 3210 societate

148 3245 477 3301 tantum:
511 3244 897 3300 adbmcbunt.
942 3244 1057 3300 Hoc
1102 3258 1232 3315 ergo
1277 3243 1524 3316 Synodus
1564 3243 1718 3313 dixit,

155 3339 423 3394 talionum
468 3353 577 3393 non
621 3352 745 3393 esse
786 3336 861 3392 ab
898 3336 1173 3405 Ecclesia,
1211 3354 1232 3390 ι
1277 3350 1393 3391 non
1428 3336 1721 3393 secundum

143 3432 399 3503 Pelagium
420 3473 441 3499 ,
480 3431 581 3487 sed
619 3431 802 3501 potius
842 3429 1133 3487 secundum
1167 3430 1549 3500 Evangelium,
1578 3430 1720 3502 quod

141 3524 258 3580 ωτι
493 3532 893 3594 etpeecatures
917 3523 1130 3580 teteruis
1154 3522 1365 3595 ignibus
1407 3533 1717 3595 exurentur,

135 3617 306 3689 quala
340 3617 436 3672 tali
480 3617 765 3687 supplicio
793 3616 984 3687 dignos
1019 3615 1223 3687 judicat
1246 3617 1623 3689 Evangelium;
1667 3623 1722 3672 et

134 3708 269 3778 quod
304 3707 714 3765 dcte-stabiliter
760 3698 887 3762 cum
927 3707 1159 3778 Origene
1203 3708 1436 3774 sentiat,
1482 3709 1722 3780 quisquis

126 3802 311 3858 dixerit
328 3800 639 3872 aliquarum
659 3815 846 3857 eorum
871 3799 1010 3856 ﬁniri
1033 3815 1187 3871 posse
1214 3800 1553 3872 supplicium,
1579 3798 1747 3873 quod

130 3893 377 3950 Dominus
400 3894 553 3949 dixit
591 3886 880 3949 aeternum.
927 3893 1003 3948 De
1045 3892 1149 3948 illis
1176 3908 1301 3948 vero
1331 3894 1717 3964 peccatoribus,

124 4001 247 4055 quos
266 3986 404 4041 dicit
438 3985 776 4057 Apostolus,
813 3992 1007 4042 exusto
1028 4000 1219 4041 eorum
1238 4002 1401 4057 opere
1420 4028 1435 4053 ,
1472 3996 1722 4059 tanquam

125 4093 211 4149 per
247 4081 441 4152 ἱρείη
472 4080 665 4136 salvos
686 4078 933 4147 futuros,
973 4079 1225 4151 quoniam
1265 4080 1392 4136 nihil
1418 4080 1631 4153 Pelagio
1656 4080 1725 4137 de

121 4172 183 4231 is
203 4175 512 4232 uideam
530 4172 807 4243 Objectum
834 4181 916 4227 est
933 4212 949 4238 ,
986 4172 1117 4229 nihil
1142 4172 1532 4243 judicaverunt.
1578 4173 1722 4240 Qua-

120 4279 355 4340 m,
386 4270 500 4340 qui
529 4267 665 4324 dicit
689 4267 903 4337 iniquos
926 4273 983 4321 et
1012 4275 1336 4337 peccatores,
1362 4281 1497 4337 quos
1521 4275 1724 4322 :etemo

117 4363 379 4433 aspicio
402 4362 627 4419 veritas
645 4360 902 4428 damnat,
932 4359 1216 4431 aliquando
1252 4359 1377 4415 inde
1404 4375 1567 4431 posse
1589 4361 1723 4416 lihe-

119 4458 217 4511 rui
237 4496 259 4525 ,
303 4472 427 4514 non
482 4454 934 4512 ineo-venientu-
957 4468 1079 4509 eunt
1101 4452 1349 4524 Pelagius
1372 4452 1724 4524 Origenistatn

117 4556 265 4604 neat
293 4566 311 4602 :
344 4548 461 4606 sed
510 4561 703 4603 rursus
724 4587 743 4613 ,
786 4545 878 4616 qui
922 4544 1122 4601 nullum
1169 4552 1501 4615 peccatorem
1524 4544 1594 4621 ,in
1634 4543 1728 4599 Dei

114 4637 310 4709 Heio
354 4635 753 4696 misericortﬁa
784 4635 1006 4707 dignum
1040 4635 1336 4701 existimat,
1379 4634 1521 4706 quod
1544 4635 1657 4691 vult
1679 4634 1729 4691 ei
1758 4660 1763 4665 ν

116 4747 311 4789 nomen
340 4733 613 4803 imponat
631 4772 649 4798 ,
695 4729 829 4785 dum
850 4738 1025 4784 tamen
1051 4736 1108 4784 et
1131 4727 1273 4784 bunc
1295 4743 1533 4784 errorem
1560 4728 1732 4785 eccle-

116 4827 329 4881 ﬁaica
351 4824 609 4881 veritate
645 4837 759 4878 non
793 4820 963 4892 recipi
989 4820 1267 4892 intelligat.
1295 4819 1559 4876 Judicium
1585 4820 1728 4876 enim

116 4919 227 4975 ile
250 4915 658 4975 misericordia
680 4914 775 4971 [iet
792 4913 892 4982 illi,
918 4912 1008 4986 qui
1032 4927 1138 4968 non
1163 4911 1288 4969 fecit
1310 4912 1730 4969 misericordiam

120 5010 319 5079 μαεοῆ
343 5028 419 5075 ιι,
456 5009 582 5081 15).

182 5104 271 5160 ii.
304 5101 621 5171 Quomodo
646 5107 827 5155 autem
862 5098 961 5154 ﬁet
986 5097 1091 5153 hoc
1117 5096 1411 5169 judicium,
1438 5096 1656 5154 dimcile
1678 5098 1732 5154 in

117 5193 422 5267 Scripturis
466 5194 677 5249 sanctis
717 5190 1100 5263 comprehendi
1145 5198 1321 5261 potest
1352 5208 1366 5245 :
1396 5191 1568 5248 modis
1589 5192 1733 5248 enim

119 5287 303 5345 mihi
320 5286 704 5358 signiﬁcatu,
734 5283 879 5354 quod
893 5299 1001 5339 uno
1016 5282 1176 5338 modo
1193 5283 1429 5339 futurum
1446 5293 1548 5339 est.
1571 5283 1735 5340 Nam-

119 5395 217 5451 φο
259 5378 587 5452 aliquando
627 5377 766 5433 dicit
806 5376 1064 5432 Dominus
1103 5375 1363 5432 adversus
1385 5391 1479 5432 eos
1517 5392 1656 5447 quos
1683 5378 1735 5433 in

121 5487 546 5548 multum
572 5489 687 5529 non
704 5471 916 5542 recipit,
945 5471 1136 5527 ostiuu
1155 5485 1213 5527 se
1233 5471 1535 5526 clausurum
1559 5471 1735 5539 *,.cla-

122 5571 533 5641 Mue
567 5567 678 5622 illis
714 5574 773 5622 et
813 5565 1137 5628 dicentibus,
1180 5562 1335 5634 Aperi
1362 5564 1540 5632 nobis;
1565 5565 1624 5619 in
1647 5582 1739 5620 no-

127 5663 253 5717 lite
298 5671 404 5716 tuo
452 5658 883 5715 manducaoimus
910 5665 959 5711 et
994 5655 1203 5710 bibimus
1225 5696 1241 5724 ,
1291 5665 1345 5711 et
1382 5665 1575 5712 caetera
1616 5671 1738 5728 qua:

182 5787 1567 5859 tumentium-MM

3300 291 3415 351 εει

1823 382 1941 438 illos
1965 384 2143 444 dicere
2168 388 2421 461 scriptum
2442 391 2628 461 est,'se
2646 408 3048 468 responsurum,
3081 401 3271 461 Nescio
3291 422 3413 477 1:03,.

1821 474 1906 548 qui
1946 481 2223 551 operamini
2263 483 2570 555 iniquitatem
2607 486 2756 561 (Luc.
2797 505 2925 559 xm,
2968 491 3078 561 26,
3125 494 3240 565 27).
3285 474 3401 552 Ali;

1821 576 2035 642 quando
2073 573 2345 645 iussurum
2385 594 2444 634 se
2483 592 2897 652 commemorat,
2926 596 2982 640 ut
3016 586 3069 641 hi
3097 588 3185 659 qui
3214 589 3374 646 noluc

1822 670 1948 717 runt
1974 678 2094 718 eum
2123 681 2374 737 regnare,
2405 668 2506 724 sibi
2531 671 2894 743 adducantur,
2936 687 2991 732 et
3017 678 3400 737 interﬁciuntur

1821 768 2002 810 coram
2032 756 2124 813 illo
2148 757 2258 830 (Id.
2288 775 2407 829 xix,
2433 760 2550 832 27).
2594 765 2891 836 Aliquando
2919 782 3199 827 venturum
3226 789 3284 829 se
3312 774 3397 829 di-

1821 848 1896 903 cit
1915 863 2036 905 cum
2066 850 2284 922 Angelis
2305 853 2415 909 suis
2442 855 2493 909 in
2523 856 2799 927 majestate
2824 876 2915 916 sua
2933 903 2947 926 ,
2982 872 3042 919 ut
3069 881 3397 938 congregen-

1822 946 1912 994 tur
1931 948 2058 996 ante
2096 957 2216 997 eum
2256 958 2444 1000 omnes
2471 954 2656 1016 gentes
2676 988 2693 1023 _,
2740 958 2794 1005 et
2817 951 3159 1025 dividateas,
3189 966 3244 1012 et
3264 958 3399 1013 alios

1821 1042 1986 1103 ponat
2006 1033 2073 1088 ad
2098 1034 2410 1105 dexteram,
2452 1054 2676 1109 quorum
2721 1042 3044 1114 bona-opera
3070 1062 3398 1106 commemo-

1821 1139 1982 1191 rans,
2034 1128 2316 1196 reportet‘
2343 1128 2395 1184 in
2446 1130 2607 1185 vitam
2636 1140 2928 1203 aeternam;
2977 1138 3110 1193 alios
3156 1139 3227 1195 ad
3266 1142 3394 1197 sini-

1820 1220 2018 1285 stram,
2062 1217 2256 1289 quibus
2292 1219 2555 1278 bonorum
2598 1226 2927 1282 sterilitatem
2976 1229 3276 1299 imputans,
3306 1248 3400 1290 eos

1821 1315 2023 1364 interno
2067 1310 2188 1380 igne
2228 1312 2550 1370 condemnet
2591 1315 2800 1390 (Matth.
2841 1335 2980 1385 xxv,
3021 1322 3237 1396 31-46).
3292 1326 3402 1380 Ali-

1821 1401 2032 1471 quando
2074 1418 2287 1459 servum
2334 1421 2558 1476 nequam
2608 1416 2663 1463 et
2706 1409 2946 1481 pigrum,
2993 1412 3082 1483 qui
3124 1416 3403 1484 pecuniam

1820 1491 1936 1561 ejus
1966 1493 2195 1562 neglexit
2220 1495 2529 1566 impendere
2554 1496 2702 1570 (Luc.
2734 1516 2852 1566 xtx,
2883 1501 3070 1573 22-24)
3090 1545 3105 1570 ,
3138 1505 3219 1560 vel
3242 1506 3402 1561 etiam

1821 1583 2088 1638 hominem
2141 1585 2409 1641 inventum
2458 1589 2511 1643 in
2554 1591 2801 1646 convivio
2842 1607 2947 1646 non
2987 1592 3266 1649 habentem
3311 1611 3403 1651 ve-

1821 1682 1955 1730 stem
1999 1677 2334 1746 nuptialem,
2379 1677 2531 1750 jubet
2577 1681 2751 1752 ligatis
2792 1685 3037 1741 manibus
3079 1694 3134 1742 et
3179 1688 3403 1756 pedibus

1820 1768 1971 1822 mitti.
2012 1769 2064 1823 in
2120 1769 2367 1828 tenebras
2423 1773 2737 1830 exteriores.
2791 1776 3094 1846 Aliquando
3141 1782 3403 1850 susceptis

1820 1861 2055 1932 quinque
2104 1862 2493 1933 prudentibus,
2547 1868 2743 1922 ostium
2797 1878 2985 1924 contra
3034 1870 3225 1928 stultas
3269 1873 3403 1931 alias

1822 1953 2058 2023 quinque
2090 1955 2320 2025 virgines
2356 1957 2552 2013 claudit
2578 1957 2791 2032 (Matth.
2819 1976 2922 2016 xxv
2946 2003 2963 2029 ,
2991 1962 3201 2036 10-12).
3254 1964 3403 2036 Haec,

1822 2052 1875 2098 et
1901 2044 1946 2099 si
1985 2044 2111 2116 quid
2142 2055 2225 2100 est
2255 2047 2399 2103 aliud
2424 2049 2567 2119 quod
2603 2050 2655 2104 in
2693 2053 2979 2122 praseutia
3015 2056 3399 2124 nonoccurrit,

1820 2135 1889 2190 de
1932 2135 2131 2207 judicio
2172 2138 2420 2195 dicuntur
2458 2140 2635 2196 futuro
2659 2184 2675 2209 ,
2725 2144 2908 2215 utique
2949 2160 3056 2200 non
3091 2146 3144 2202 in
3186 2163 3293 2204 uno
3317 2149 3405 2206 vel

1821 2231 2074 2302 quinque,
2112 2231 2208 2288 sed
2233 2233 2287 2288 in
2318 2234 2842 2292 multis-exercendo.
2870 2237 3001 2294 Nam
3030 2239 3076 2294 si
3106 2254 3242 2297 unus
3263 2250 3407 2298 esset

1826 2322 1913 2392 qui
1937 2323 2005 2378 de
2033 2323 2296 2391 convivio,
2327 2326 2468 2396 quod
2489 2342 2599 2383 non
2619 2327 2849 2386 habebat
2867 2339 3069 2386 vestem
3091 2332 3404 2403 nuptialem,

1824 2410 1877 2467 iu
1910 2414 2155 2470 tenebras
2191 2415 2373 2485 jussus
2397 2427 2479 2472 est
2518 2419 2697 2486 mitti;
2738 2435 2846 2475 non
2871 2422 3124 2476 continuo
3148 2438 3404 2492 sequere-
3462 2460 3465 2463 η

1826 2513 1926 2573 tur,
1960 2516 2010 2561 et
2037 2507 2240 2563 diceret
2272 2508 2427 2564 Multi
2449 2511 2580 2564 enim
2607 2520 2724 2565 sunt
2747 2514 2927 2580 vocati,
2952 2515 3101 2585 pauci
3127 2531 3240 2571 vero
3266 2517 3409 2572 electi

1827 2592 1936 2668 (Id.
1979 2612 2120 2665 xxn,
2168 2596 2352 2671 ll-lt)
2387 2617 2400 2653 :
2432 2614 2554 2654 cum
2599 2602 2775 2672 potius
2815 2618 2921 2658 uno
2968 2604 3206 2674 projecto
3250 2615 3409 2678 atque

1826 2684 2080 2742 damnato
2105 2728 2122 2753 ,
2169 2688 2321 2744 multi
2351 2690 2405 2744 in
2429 2689 2588 2745 domo
2612 2692 2934 2748 remansisse
2963 2694 3262 2752 videantur.
3300 2697 3410 2754 Sed

1827 2775 1998 2832 dehis
2019 2778 2266 2834 omnibus
2289 2795 2428 2836 nunc
2452 2789 2705 2851 quantum
2730 2783 2859 2837 satis
2882 2792 2964 2839 est
2994 2783 3266 2855 disputare
3290 2803 3412 2860 per-

1836 2868 2051 2939 longum
2071 2876 2172 2925 est.
2202 2869 2315 2926 Hoc
2343 2882 2518 2927 tamen
2539 2870 2773 2928 breviter
2802 2888 3014 2943 possum
3042 2874 3222 2932 dicere
3239 2918 3255 2944 ,
3294 2879 3412 2935 sine

1834 2960 2140 3030 praejudicio
2163 2960 2325 3033 (quod
2354 2961 2405 3016 in
2433 2963 2753 3033 pecuniariis
2784 2963 3076 3021 rationibus
3096 2966 3199 3021 dici
3227 2968 3409 3040 solet).

1832 3051 2071 3107 melioris
2098 3052 2472 3122 discussionis,
2504 3069 2669 3109 unum
2693 3054 2922 3128 aliquem
2959 3057 3141 3125 judicii
3170 3058 3408 3127 modum,

1830 3142 1921 3215 qui
1949 3152 2033 3199 est
2069 3144 2428 3203 inscrutabilis
2456 3147 2645 3215 nobis,
2675 3158 2885 3204 servata
2914 3148 3169 3205 duntaxat
3196 3151 3247 3205 in
3276 3167 3413 3222 pra:-

1832 3236 1955 3293 miis
1975 3245 2029 3292 et
2052 3238 2225 3308 pmnis
2251 3238 2556 3295 diversitate
2581 3239 2890 3296 meritorum
2909 3278 2925 3308 ,
2957 3241 3136 3297 multis
3156 3258 3253 3313 per
3269 3244 3413 3300 Scri-

1830 3338 2013 3399 ptnras
2049 3338 2263 3385 sanctas
2302 3329 2588 3400 signiﬁcari
2626 3330 2818 3386 modis.
2868 3331 3021 3398 Quod
3064 3342 3242 3388 autem
3286 3334 3413 3391 huic

1828 3435 2002 3475 causa:
2027 3462 2059 3493 ,
2092 3421 2160 3477 de
2202 3436 2304 3493 qua
2348 3437 2490 3477 nunc
2525 3422 2731 3493 agitur,
2780 3423 2908 3478 satis
2947 3431 3030 3480 est
3060 3441 3074 3479 :
3102 3424 3147 3479 si
3191 3424 3416 3481 dixisset

1829 3512 2095 3585 Pelagius,
2139 3528 2326 3568 omnes
2374 3514 2592 3569 omnino
2636 3523 2943 3585 peccatores
2967 3525 3168 3571 aeterno
3196 3517 3318 3588 igne
3356 3526 3411 3575 et

1829 3613 2029 3660 ueterno
2049 3605 2308 3675 supplicio
2335 3605 2630 3674 puniendos
2653 3621 2671 3670 ;
2691 3606 2928 3676 quisquis
2958 3605 3007 3660 id
3036 3607 3293 3677 judicium
3325 3609 3409 3681 (a)

1829 3696 2215 3766 approbasset,
2255 3696 2391 3751 inse
2425 3696 2597 3766 ipsum
2641 3696 2887 3764 primitus
2925 3698 3244 3753 sententiam
3286 3715 3413 3771 pro-

1833 3786 2056 3840 tulisset.
2102 3785 2226 3850 Quis
2249 3785 2392 3841 enim
2426 3785 2725 3857 gloriabitur
2748 3801 2801 3839 se
2827 3786 3070 3839 mundum
3096 3803 3203 3843 esse
3228 3806 3260 3841 a
3287 3806 3411 3862 pec-

1835 3878 1957 3933 catis
1984 3876 2167 3951 (Prov.
2192 3893 2282 3944 xx,
2312 3875 2367 3940 9,
2393 3892 2495 3931 sec.
2524 3872 2727 3950 LXX)?
2774 3876 2903 3945 Quia
2929 3892 3056 3932 vero
3086 3893 3184 3933 nec
3225 3894 3413 3937 omnes

1837 3969 2008 4037 dixit,
2039 3984 2139 4024 nec
2162 3969 2441 4040 quosdam,
2485 3967 2581 4024 sed
2620 3968 2891 4024 indeﬁnite
2930 3969 3182 4039 posuit',
3225 3979 3279 4025 et
3315 3969 3418 4027 hoc

1838 4064 2137 4123 secundum
2183 4063 2526 4133 Emugelium
2573 4077 2631 4117 se
2672 4060 2869 4117 dixisse
2916 4060 3189 4131 respondit
3228 4081 3241 4117 :
3288 4079 3415 4118 vera

1830 4154 2047 4228 quidem
2088 4153 2354 4209 sententia
2394 4150 2683 4222 episcopali
2713 4159 2794 4207 est
2836 4142 3153 4206 confirmata
3177 4152 3411 4224 judicio;

1832 4246 1927 4303 sed
1970 4247 2145 4301 adhuc
2186 4245 2315 4317 quid
2359 4242 2860 4312 sentiat'Pelagius
2902 4259 3008 4299 non
3051 4255 3312 4316 apparet,
3362 4256 3418 4304 et

1833 4350 1954 4413 post
1982 4339 2084 4393 hoc
2110 4338 2270 4393 etiam
2293 4334 2594 4408 episcopale
2626 4334 2883 4407 judicium
2906 4350 3012 4390 non
3036 4335 3370 4408 impudenter
3391 4335 3414 4371 ⁸

1833 4433 2135 4504 inquiritur.

1903 4521 2131 4580 CAPUT
2171 4516 2258 4576 IV.
2283 4550 2358 4561 —
2382 4518 2469 4575 12.
2499 4516 2776 4588 Objectum
2807 4528 2891 4575 est
2921 4527 2976 4574 et
3010 4515 3138 4575 illud
3178 4517 3416 4595 Pelagio,

1834 4624 2084 4686 tanquam
2115 4615 2171 4669 in
2195 4628 2294 4669 suo
2310 4612 2445 4668 libro
2467 4611 2757 4681 scripserit,
2795 4629 2815 4662 ι
2838 4611 3032 4667 Malum
3063 4629 3162 4669 nec
3188 4614 3239 4669 in
3267 4614 3415 4687 cogi-

1835 4710 2090 4766 tationem
2131 4706 2332 4762 venire.
2360 4725 2380 4759 )
2428 4704 2721 4781 Respondit
2764 4711 2963 4771 autem,
3010 4725 3029 4758 ι
3054 4704 3167 4762 Hoc
3202 4724 3306 4765 non
3345 4710 3419 4766 ita

1835 4801 2144 4875 posuimus;
2175 4796 2267 4854 sed
2285 4796 2536 4862 diximus,
2564 4792 2760 4851 debere
2790 4795 3005 4853 studere
3032 4794 3416 4868 Christianum,

1837 4907 1908 4951 ne
1932 4891 2068 4947 male
2093 4890 2287 4961 cogitet
2311 4907 2325 4945 :
2355 4907 2372 4941 ι
2395 4885 2560 4960 quod,
2593 4886 2731 4942 sicut
2755 4885 2948 4951 decuit,
2977 4887 3211 4959 episcopi
3233 4904 3419 4963 appre-

1838 4985 2050 5044 barunt.
2081 4980 2213 5051 Quis
2234 4980 2376 5037 enim
2407 4978 2630 5046 dubitat,
2658 4977 2854 5032 malum
2883 4978 3102 5049 cogitari
3126 4997 3230 5035 non
3257 4996 3420 5053 opor-

1840 5075 1992 5133 tere?
2030 5074 2098 5130 Et
2135 5087 2318 5129 revera
2358 5072 2410 5127 in
2447 5069 2583 5125 libro
2611 5084 2709 5124 suo
2741 5069 2880 5140 quod
2918 5071 3012 5138 ait,
3049 5089 3067 5122 ι
3092 5073 3287 5127 malum
3319 5084 3422 5133 nec

1841 5166 2083 5241 cogitari,
2112 5184 2131 5218 ι
2166 5165 2210 5221 si
2237 5165 2308 5220 ita
2337 5162 2542 5235 legitur,
2580 5175 2721 5219 «nec
2757 5162 3094 5235 cogitandum
3132 5166 3367 5239 quidem,
3394 5188 3415 5224 ι

1906 5307 1979 5372 (a)
2011 5312 2173 5367 Forte,
2185 5298 2435 5369 judicia.

1910 5413 1927 5447 ι
1964 5411 2120 5475 vign.,
2145 5412 2361 5475 reponat.
2384 5411 2523 5475 me
2543 5403 2935 5475 legendum,_eoa

1908 5476 1931 5507 ²
1964 5467 2159 5534 ιςΓΜέε.
2206 5479 2258 5534 et
2301 5472 2350 5521 in
2393 5468 2522 5519 Vols.
2562 5467 2618 5518 et
2662 5476 2794 5518 Suar.
2837 5467 2924 5534 leg

1844 5533 2092 5598 indeﬁritc
2115 5532 2284 5599 posuit.

1912 5601 1932 5633 ³
1960 5591 2124 5648 'ndem'
2158 5605 2260 5647 Mss.
2309 5599 2362 5645 et
2398 5591 2525 5659 Vols,
2568 5598 2622 5659 et
2649 5600 2782 5659 Suar.
2806 5627 2837 5659 ,_
2861 5592 2955 5659 sed
2984 5592 3206 5659 aduncae
3234 5592 3425 5659 aliqua

2394 5627 2525 5730 Ϊέὲῖῖ
2984 5627 3206 5730 Et???
3234 5627 3272 5730 ’ἶ

1912 5723 1935 5757 ι
1965 5720 2179 5776 sicvels.
2198 5716 2332 5773 Suar.
2360 5716 2532 5771 etuas.
2566 5724 2621 5771 At
2656 5716 3436 5789 mammam

3112 5446 3424 5531 ,aeam
