4042 6492
539 447 642 506 hoc
683 438 902 511 intelligi
943 429 1135 496 solet‘,
1167 423 1364 481 malum
1393 431 1494 473 nec
1522 409 1739 482 cogitari
1772 406 1966 461 debere
2006 402 2124 469 qui-

848 493 1025 584 ;utem
1053 493 1143 593 qui
1173 525 1346 588 negat,
1367 509 1492 584 quid
1519 505 1660 561 aliud
1681 501 1828 566 dicit,
1848 511 2004 568 quam
2031 493 2128 546 de-

545 633 672 688 bere
696 623 914 698 cogitari
943 613 1179 674 malum?
1204 607 1353 678 Quod
1377 605 1422 660 si
1449 615 1632 657 verum
1662 603 1824 658 esset,
1857 605 1962 645 non
1985 587 2130 642 dice-

1357 697 1364 698 η
1601 692 1611 698 _
1811 685 1822 698 _
1943 681 1981 698 η
2012 677 2110 698 n__

545 733 694 780 retur
727 677 792 772 id,
818 711 974 769 laude
1010 677 1302 766 charitatis,
1341 697 1464 752 Non
1501 692 1686 763 cogitat
1719 685 1910 740 malum
1941 681 1982 748 (ι
2009 677 2130 735 Cor.

551 759 683 780 ιω..
819 759 972 769 .-.νη
1016 759 1056 762 _,
1292 759 1301 766 ,
1564 759 1581 763 ν

551 827 683 877 xm,
725 807 796 877 5)
847 800 1043 857 (Non'
1091 794 1316 850 venire)
1361 797 1540 844 tamen
1585 801 1603 834 ι
1629 781 1681 835 in
1713 759 2156 846 cogitationemi'

551 905 816 974 iustorum
847 903 1006 963 atque
1025 895 1352 948 sanctorum,
1386 878 1504 934 ideo
1531 889 1634 929 non
1667 881 1772 924 tam
1805 865 1970 936 probe
1989 875 2137 915 asse-

1423 971 1437 974 ”
1575 967 1585 974 ·
1869 973 1876 974 κ
1894 952 2050 974 ιῖ-ηἷλ
2085 951 2135 974 ε..

553 951 706 1059 ιιίιυτ,
735 989 856 1060 quia
877 981 1126 1054 cogitatio
1154 975 1332 1031 vocari
1361 971 1499 1025 solet
1517 967 1678 1022 etiam
1708 975 1829 1016 cum
1860 952 2053 1025 aliquid
2085 951 2140 1004 in

557 1093 790 1140 mentem
813 1077 979 1143 venit,
1007 1071 1109 1128 etsi
1137 1063 1420 1124 consensio
1441 1075 1550 1116 non
1575 1062 1848 1125 sequatur.
1883 1043 2142 1114 Cogitatio

559 1193 684 1235 vero
721 1190 837 1246 qua:
877 1171 1084 1238 culpam
1129 1159 1427 1222 contrahit,
1469 1161 1526 1210 et
1566 1150 1756 1206 merito
1800 1142 2140 1216 prohibetur,

559 1269 910 1328 consensione
933 1279 1036 1318 non
1058 1266 1223 1315 caret.
1253 1252 1431 1310 Potuit
1451 1263 1578 1317 ergo
1607 1243 1720 1298 ﬁeri
1753 1247 1812 1294 ut
1831 1233 2145 1292 mendosum

561 1362 800 1419 codicem
841 1359 1093 1426 legerent,
1128 1349 1217 1419 qui
1258 1347 1358 1399 hoc
1401 1342 1471 1396 ita
1511 1331 1866 1406 obiiciendum
1907 1321 2150 1380 arbitrati

565 1461 709 1518 sunt,
736 1413 985 1518 tanquam
1015 1413 1256 1510 Pelagius
1280 1432 1494 1494 dixerit,
1537 1447 1555 1479 ι
1582 1426 1773 1480 Malum
1802 1434 1901 1474 nec
1929 1419 1981 1470 in
2008 1413 2153 1484 cogi-

569 1544 821 1600 tationem
856 1536 1036 1593 venire
1057 1577 1070 1600 ,
1098 1553 1118 1586 ι
1149 1531 1200 1586 id
1225 1535 1326 1593 est,
1349 1523 1506 1596 iustis
1534 1529 1587 1576 et
1613 1515 1810 1573 sanctis
1837 1514 1888 1567 in
1915 1517 2149 1564 mentem

570 1653 676 1692 non
707 1634 888 1690 venire
918 1629 1058 1701 quod
1087 1625 1280 1680 malum
1317 1628 1418 1675 est.
1465 1617 1594 1684 Quae
1624 1607 1886 1668 sententia
1917 1600 2156 1674 profecto

569 1725 947 1782 absurdissima
988 1727 1099 1781 est;
1151 1729 1272 1770 cum
1318 1710 1460 1766 enim
1505 1703 1640 1759 mala
1683 1694 2156 1770 reprehendimus,

572 1819 674 1873 nisi
698 1817 923 1886 cogitata
946 1809 1123 1866 verbis
1147 1803 1427 1862 enuntiare
1455 1813 1558 1852 non
1591 1804 1871 1865 possumus
1895 1805 1909 1842 :
1933 1783 2157 1847 sedilia,

575 1920 635 1967 ut
662 1878 910 1970 diximus,
943 1899 1220 1974 culpabilis
1248 1893 1548 1966 appellatur
1583 1883 1835 1957 cogitatio
1867 1878 2014 1946 mali,
2043 1889 2162 1947 quae

578 2000 986 2059 consensionem
1014 1992 1194 2048 trahit.

651 2089 874 2146 CAPUT
913 2086 978 2142 V.
1002 2083 1176 2136 -15.
1221 2077 1354 2134 Cum
1399 2087 1527 2143 ergo
1570 2077 1626 2124 et
1661 2068 1800 2121 hanc
1837 2061 2036 2132 Pelagii
2081 2073 2168 2114 re-

582 2182 924 2256 sponsionem
945 2175 1151 2246 iudices
1169 2166 1575 2240 approbassem,
1597 2157 1875 2212 recitatum
1901 2161 1984 2208 est
2002 2148 2165 2214 aliud,

581 2242 724 2346 quod
749 2271 802 2327 in
829 2285 926 2324 suo
945 2242 1131 2321 libello
1151 2257 1384 2328 scripsit,
1421 2273 1440 2308 ι
1467 2253 1706 2322 Regnum
1733 2245 1986 2301 caelorum
2011 2242 2170 2294 etiam

585 2333 640 2424 in
664 2363 842 2421 Veteri
862 2359 1201 2414 Testamento
1219 2349 1589 2422 promissum»
1622 2339 1702 2396 Ad
1727 2337 1867 2409 quod
1895 2333 2135 2402 Pelagius
2151 2347 2170 2386 :

593 2479 614 2514 ι
633 2459 744 2514 Hoc
769 2465 822 2512 et
849 2471 941 2525 per
969 2451 1267 2519 Scripturas
1289 2440 1502 2514 probari
1525 2433 1775 2508 possibile
1799 2440 1881 2486 est
1905 2447 1918 2482 :
1939 2423 2174 2482 hatretici

595 2561 772 2618 autem
817 2523 868 2603 in
895 2545 1142 2615 iniuriam
1181 2537 1387 2594 Veteris
1425 2526 1788 2590 Testamenti,
1822 2523 1923 2576 hoc
1957 2523 2174 2588 negant.

595 2647 706 2714 Ego
741 2656 870 2697 vero
918 2619 1310 2705 Scripturarum
1361 2623 1732 2681 auctoritatem
1784 2621 1997 2670 secutus
2045 2607 2177 2674 dixi,

593 2737 844 2811 quoniam
873 2734 924 2786 in
956 2727 1214 2800 propheta
1255 2719 1472 2775 Daniele
1514 2713 1770 2782 scriptum
1807 2715 1908 2770 est,
1937 2701 2002 2756 Et
2043 2699 2180 2753 acci-

598 2791 730 2899 pient
760 2823 919 2879 sancti
939 2791 1148 2890 regnum
1174 2809 1446 2867 Altissimii
1479 2805 1638 2878 (Dan.
1669 2816 1762 2864 vtt.
1787 2796 1900 2868 18).
1927 2794 2039 2860 Qua
2067 2791 2184 2861 eius

598 2882 816 2988 accepta
839 2882 1205 2980 responsione,
1233 2898 1483 2974 Synodus
1509 2895 1660 2958 dixit,
1691 2909 1709 2943 ‹
1734 2889 1917 2959 Neque
1938 2885 2040 2938 hoc
2058 2882 2185 2938 alie-

602 3023 728 3065 num
756 3016 838 3060 est
864 3019 894 3056 a
925 3001 1026 3056 ﬁde
1055 2993 1433 3053 ecclesiastica.
1459 3007 1477 3040 ι

683 3099 767 3153 ιι.
797 3090 1184 3162 Numquidnam
1209 3100 1334 3156 ergo
1357 3081 1546 3136 fratres
1571 3081 1803 3138 nostros,
1822 3078 1880 3125 ut
1905 3067 2064 3124 etiam
2085 3065 2190 3118 hoc

607 3198 744 3248 inter
775 3195 966 3243 ca‘tera
1001 3182 1294 3251 obiicerent
1313 3217 1328 3240 ,
1363 3175 1479 3228 sine
1503 3183 1663 3224 causa
1688 3163 1846 3220 verba
1876 3161 1976 3216 ista
2007 3171 2189 3214 move-

607 3278 766 3337 runt?
820 3275 938 3330 Non
991 3275 1174 3340 utique
1205 3289 1217 3323 ;
1247 3265 1344 3322 sed
1367 3260 1596 3317 'Veteris
1623 3251 1952 3312 Testamenti
1994 3263 2191 3304 nomen

611 3371 784 3428 modis
804 3367 1010 3423 duobus
1037 3363 1140 3418 dici
1167 3359 1322 3424 solet,
1353 3369 1458 3410 uno
1484 3350 1645 3406 modo
1672 3344 1964 3403 secundum
1989 3341 2194 3395 divina-

583 3475 730 3517 -rum
767 3461 1156 3529 Scriptutarum
1197 3449 1598 3511 auctoritatem,
1642 3443 1746 3496 alio
1781 3435 2071 3494 secundum
2111 3433 2194 3488 lo-

612 3554 805 3625 quem]:
829 3547 1242 3619 vulgatissimam
1261 3537 1719 3598 consuetudinem.
1751 3531 1946 3586 Paulus
1967 3541 2198 3597 namque

611 3615 884 3713 apostmus
921 3615 1054 3697 dicit
1091 3637 1158 3693 ad
1198 3635 1412 3693 Galatas
1443 3649 1456 3684 :
1484 3629 1649 3683 Dicite
1691 3625 1834 3691 mihi,
1879 3621 2068 3691 inquit,
2108 3615 2197 3672 sub

614 3751 720 3812 lege
759 3737 975 3792 volentes
1013 3749 1148 3798 esse,
1198 3730 1356 3800 legem
1398 3741 1499 3779 non
1538 3719 1787 3776 audistis?
1828 3716 2086 3786 Scriptum
2129 3719 2201 3766 est

614 3803 747 3890 enim
765 3829 900 3902 quod
915 3825 1170 3880 Abraham
1188 3822 1314 3875 duos
1339 3817 1474 3888 ﬁlios
1500 3813 1690 3876 habuit,
1717 3824 1874 3862 unum
1904 3809 1964 3859 de
1990 3803 2198 3870 ancilla,

617 3929 834 3982 alterum
871 3923 933 3976 de
971 3921 1128 3975 libera
1159 3929 1312 3984 :qua:
1346 3903 1461 3966 sunt
1499 3910 1554 3962 in
1581 3900 1883 3974 allegoria’.
1921 3897 2043 3951 Haec
2073 3897 2205 3952 enim

619 4030 738 4077 sunt
763 4019 864 4072 duo
889 4014 1244 4074 Testamenta;
1285 4019 1442 4058 unum
1481 3999 1681 4070 quidem
1710 3995 1763 4048 in
1791 3991 2078 4046 seruitutem
2115 4001 2207 4058 ge-

619 4129 824 4176 nerous.
849 4108 982 4180 quod
1021 4115 1092 4160 est
1132 4101 1287 4173 Agar.
1328 4097 1457 4152 Sina
1481 4107 1623 4146 mons
1663 4095 1732 4142 est
1773 4087 1826 4139 in
1861 4081 2066 4144 Arabia,
2097 4092 2211 4148 quae

623 4207 894 4275 conjuncta
933 4207 1004 4253 est
1042 4196 1086 4249 ei
1120 4208 1231 4264 qua:
1267 4203 1398 4243 nunc
1432 4192 1504 4240 est
1541 4178 1860 4240 Jerusalem;
1891 4172 2040 4226 seruit
2078 4169 2212 4224 enim

623 4261 738 4354 cum
763 4294 886 4366 ﬁliis
913 4290 1018 4346 suis
1043 4303 1061 4342 :
1087 4261 1200 4358 qua:
1227 4290 1392 4336 autem
1421 4289 1621 4330 sursum
1643 4279 1714 4325 est
1732 4265 2036 4326 Jerusalem,
2057 4261 2213 4315 libera

624 4400 718 4458 est,
735 4403 846 4461 qua:
861 4395 932 4441 est
953 4391 1111 4437 mater
1131 4387 1324 4433 nostra.
1341 4372 1473 4428 Cum
1488 4383 1615 4438 ergo
1633 4365 1796 4420 Vetus
1811 4360 2213 4415 Testamentum

626 4485 694 4542 ad
719 4483 1027 4540 servitutem
1061 4473 1342 4546 pertineat,
1374 4462 1699 4542 undeetiam
1721 4455 1919 4510 dictum
1940 4459 2041 4515 est,
2069 4445 2218 4518 Ejice

628 4577 867 4634 ancillam
893 4582 940 4628 et
967 4542 1130 4641 ﬁlium
1165 4566 1296 4637 ejus,
1323 4577 1425 4615 non
1459 4555 1591 4612 enim
1629 4551 1785 4604 hteres
1819 4547 1910 4600 erit
1951 4542 2090 4612 ﬁlius
2117 4554 2217 4591 an-

627 4672 762 4729 cillae
785 4684 899 4723 cum
925 4633 1032 4734 ﬁlio
1055 4677 1162 4715 meo
1183 4633 1340 4710 'lsaac
1371 4649 1579 4726 (Galat.
1609 4660 1684 4709 tv,
1713 4633 1924 4708 21-50)
1949 4649 1964 4701 ;
1995 4645 2217 4703 regnum

629 4775 806 4820 autem
846 4726 1102 4814 cce-lorum
1141 4751 1207 4806 ad
1247 4747 1543 4802 libertatem
1579 4756 1593 4791 :
1623 4729 1891 4806 quomodo
1933 4726 2092 4782 etiam
2135 4737 2222 4774 re-

631 4873 794 4934 gnum
825 4854 1083 4910 canorum
1119 4844 1184 4900 ad
1213 4841 1377 4896 Vetus
1401 4832 1632 4908 pertinet
1655 4815 2093 4882 Testamentum?
2114 4812 2222 4870 Sed

1423 4929 1432 4934 -
1571 4925 1582 4934 ·
1775 4919 1813 4934 ιθ
1977 4919 2030 4934 --ι
2081 4905 2194 4934 αρε-ι

633 4905 904 5026 quoniam,
935 4953 992 4998 ut
1033 4938 1162 5001 dixi,
1189 4934 1350 4991 etiam
1392 4929 1472 4984 sic
1505 4925 1739 4980 solemus
1775 4913 1937 4985 loqui,
1977 4919 2035 4964 ut
2081 4905 2225 4961 Scri-

700 5160 718 5191 ί
755 5163 902 5205 Locus
923 5153 1018 5200 iste
1039 5141 1404 5195 amanuensium
1425 5127 1688 5205 vitiolfaade
1708 5126 1969 5205 corruptus
1987 5117 2036 5164 in
2059 5126 2228 5184 manu-

1685 5199 1760 5205 η--
1789 5198 1830 5205 -.
1973 5190 2052 5205 υ...
2090 5187 2228 5205 κη...

701 5175 718 5191 ι
831 5175 842 5184 .
892 5175 899 5178 -
1071 5175 1114 5193 ι,
1149 5175 1403 5192 ..υνμυηηη

637 5175 844 5273 aerari;
843 5175 1180 5273 36331333.;
1206 5193 1520 5273 tit-revera?!
1537 5191 1762 5273 iung-su?

637 5235 728 5273 scr:
753 5234 828 5269 ills
850 5234 920 5264 Sit;
943 5234 1083 5259 unum
1103 5234 1151 5255 at.
1169 5243 1180 5254 .
1206 5234 1259 5253 ut
1281 5234 1400 5250 ww.
1416 5234 1447 5246 ν.
1469 5234 1518 5244 ...
1537 5234 1614 5262 τ--
1634 5234 1652 5240 ν
1681 5234 1714 5237 -.
1739 5234 1750 5256 ζ
1873 5243 1882 5253 ⁸
1923 5240 1933 5250 ι
2143 5234 2154 5248 ἶ
2196 5237 2206 5246 .

637 5283 705 5334 ita
727 5235 919 5346 Ῐεθίειιην
943 5257 1604 5346 ηεο.εοξιίξίὲῑτάξινξξς939άηῖἕέι
1617 5243 1934 5346 ’ἔέξξεῗιιξέίΐὶέέξ
1956 5234 2230 5346 ³3ξᾷιῇἱῖἷὲ

637 5297 705 5334 ua
727 5297 919 5346 tegitur,
944 5297 1030 5323 two
1055 5297 1379 5333 ιυυιιιιηωι-υι,
1396 5297 1521 5323 εμπ...
1547 5297 1593 5304 ,η
1884 5297 1906 5305 η

637 5352 870 5397 animum
893 5339 944 5388 in
963 5332 1241 5397 \‘elseriana
1261 5325 1500 5397 editione,
1508 5315 1606 5397 sed
1623 5318 1942 5397 larigna-pio.

638 5359 870 5397 nmmum
894 5359 944 5388 ιιι
969 5359 984 5380 \
1000 5359 1241 5384 υιδιῖιιαιηι
1262 5359 1606 5390 cuum—vn":
1713 5359 1727 5384 ,γ
1841 5359 1852 5369 _
1932 5359 1939 5362 ν

638 5407 808 5471 cutis:
833 5415 862 5451 τι
897 5359 2232 5471 vos”-Eussrﬁt‘.3t'332.'.li’:’.“3'?:‘:i°ki‘liiz.‘$32.33:

1786 5429 1954 5481 codice
1992 5429 2233 5487 posterio-

647 5434 806 5471 μείνω,
833 5434 862 5451 α
897 5434 1047 5462 νυν...-
1073 5434 1231 5440 -----__
1257 5434 1266 5435 ,
1293 5434 1296 5435 ,
1749 5434 1760 5443 Ι

647 5489 670 5516 «ι
701 5469 829 5518 niam
850 5478 862 5512 :
885 5479 907 5506 ι
949 5467 1094 5518 quam
1119 5450 1251 5518 nullo
1283 5442 1762 5518 suifragantejeteg

647 5489 670 5516 tt
701 5473 829 5518 niam
850 5478 862 5512 :
885 5479 907 5506 ι
983 5473 1094 5506 nam
1119 5473 1251 5500 uuuu
1283 5473 1581 5506 διιιιιαδαιηυ
1612 5473 1762 5486 μην..
1790 5473 1949 5481 νη---
1995 5473 2006 5487 _

641 5545 724 5581 res
744 5473 1106 5591 quidamltuius
1129 5513 1240 5564 libri
1270 5509 1484 5559 editores
1518 5509 1706 5552 temere
1731 5495 1782 5544 in
1805 5497 1998 5543 textum
2027 5484 2235 5534 induxe-

641 5599 771 5646 runt.

705 5609 844 5700 initio
863 5647 1054 5700 deerat,
1077 5650 1188 5688 non.
1233 5639 1286 5684 Et
1300 5632 1428 5700 intra
1451 5641 1558 5700 pro,
1580 5620 1692 5700 ideo
1710 5623 1951 5700 agnuam,
1975 5609 2238 5674 legebatur

645 5680 813 5778 prius:1
815 5680 1134 5778 32335125
1139 5680 1764 5778 rumauil‘estolpbrariorutn
1789 5680 1942 5748 lapsu.

951 5777 957 5778 '
988 5777 1003 5778 ⁷⁷
1159 5773 1257 5778 ’κ’-⁸
1280 5763 1384 5778 λη’-⁸
1407 5769 1433 5778 ’-
1474 5761 1656 5778 δίνη-οη·
1673 5754 1863 5778 Λιηιςαη-
1882 5752 1934 5778 m

1396 5739 1656 5818 allegoria;
1673 5739 1866 5802 omisso,
1882 5739 1950 5790 in.
1971 5739 2113 5788 Forte
2131 5742 2237 5802 pro,

653 5833 926 5899 allegorica.

1573 295 1662 352 DE
1700 287 1939 350 GESTIS
1975 279 2267 346 PELAGII,
2307 277 2364 334 S.
2406 269 2774 332 AUGUSTINI

2237 394 2503 450 nationem
2555 387 2762 444 Domini
2809 383 3138 444 ministram,
3194 365 3796 431 auctoritate'canoniea

2235 486 2610 546 continentur,
2668 477 2881 532 nomine
2921 468 3249 528 Testamenti
3289 462 3500 520 Veteris
3539 472 3797 529 nuncupe-

2239 595 2384 644 mus;
2425 577 2544 648 quis
2583 567 2954 628 ecclesiasticis
2991 562 3184 620 litteris
3213 559 3294 613 vel
3331 551 3665 610 mediocriter
3687 565 3795 605 eru-

2239 643 2382 726 ditus
2407 643 2648 739 ignorat,
2677 665 2744 718 ita
2769 655 3058 728 Scripturis
3083 653 3188 707 illis
3211 646 3452 721 promitti
3474 643 3702 714 potuisse
3723 657 3804 698 re-

2243 777 2404 834 gnum
2429 759 2710 820 caelorum,
2753 752 2889 806 sicut
2929 747 3088 802 etiam
3131 741 3262 798 illud
3291 739 3687 794 Testamentum
3706 731 3805 788 No-

2244 871 2390 916 vum,
2419 851 2486 906 ad
2511 847 2652 920 quod
2679 844 2908 916 pertinet
2935 852 3159 908 regnum
3183 830 3473 890 cartorum?
3501 827 3656 883 Certe
3679 825 3807 880 enim

2246 947 2300 1001 in
2341 943 2444 998 illis
2483 939 2693 996 Litteris
2737 931 3070 1004 apertissime
3108 925 3363 996 scriptum
3402 928 3484 975 est
3517 936 3530 972 :
3559 916 3687 971 Ecce
3717 915 3812 969 dies

2247 1039 2467 1099 veniunt,
2495 1033 2614 1086 dicit
2643 1027 2918 1093 Dominus,
2947 1033 2993 1077 et
3021 1013 3376 1076 consummalro
3395 1010 3568 1067 domui
3595 1006 3751 1064 Israel
3771 1017 3812 1060 et

2250 1126 2422 1182 domui
2445 1095 2604 1178 .lacob
2643 1119 3012 1173 Testamentum
3043 1110 3266 1174 Nouum,
3299 1121 3400 1158 non
3432 1100 3704 1158 secundum
3728 1095 3818 1150 Te-

2252 1226 2550 1275 stamentum
2574 1211 2707 1282 quod
2735 1206 2959 1280 disposui
2986 1203 3214 1274 patribus
3237 1213 3432 1259 eorum.
3454 1195 3508 1246 in
3528 1191 3609 1244 die
3625 1205 3720 1259 qua
3737 1204 3819 1257 ap-

2255 1308 2494 1385 prehendi
2523 1320 2724 1360 manum
2753 1315 2944 1362 eorum,
2971 1305 3026 1350 ut
3053 1293 3312 1349 educerem
3336 1303 3418 1340 eos
3437 1286 3500 1338 de
3517 1293 3650 1337 terra
3663 1278 3822 1351 Egy-

2258 1372 2329 1475 pti
2375 1399 2602 1474 (Jerem.
2630 1409 2773 1459 xxxx,
2803 1391 2892 1456 51,
2921 1389 3044 1456 52).
3090 1385 3200 1438 Hoc
3241 1379 3386 1436 enim
3429 1375 3624 1431 factum
3669 1380 3748 1426 est
3775 1372 3826 1425 in

2259 1462 2440 1550 monte
2481 1490 2630 1546 Sina.
2679 1485 2828 1540 Tunc
2865 1491 3044 1536 autem
3087 1473 3270 1531 Daniel
3310 1469 3570 1541 propheta
3607 1462 3828 1518 nondum

2261 1596 2377 1645 erat
2410 1585 2498 1656 qui
2536 1579 2795 1644 dixerat‘,
2835 1573 3090 1645 Accipient
3124 1565 3288 1623 sancti
3328 1575 3538 1634 regnum
3581 1554 3828 1610 Altissimi.

2265 1683 2359 1737 llis
2379 1679 2518 1736 enim
2557 1673 2735 1730 verbis
2756 1669 3055 1742 praemium,
3079 1653 3185 1718 non
3209 1658 3441 1724 Veteris,
3472 1653 3566 1710 sed
3591 1650 3720 1707 Novi
3737 1647 3832 1704 Te-

2265 1771 2509 1830 stamenti
2550 1761 2902 1838 pr0phetabat
2930 1777 2943 1812 :
2976 1761 3111 1812 sicut
3143 1754 3318 1824 ipsum
3355 1747 3630 1804 Christum
3667 1751 3837 1796 ventu-

2267 1879 2386 1921 rum
2423 1833 2582 1916 iidem
2621 1833 2901 1926 PrOphetaa
2939 1845 3380 1921 praenuntiarunt,
3411 1839 3565 1908 cuius
3597 1833 3838 1905 sanguine

2267 1956 2567 2014 dedicatum
2585 1958 2668 2005 est
2683 1923 3080 2004 Testamentum
3095 1938 3304 1994 Novum
3331 1953 3343 1989 :
3361 1931 3516 2001 cuius
3527 1923 3841 1984 Testamenti

2269 2048 2498 2107 ministri
2529 2041 2767 2114 Apostoli
2791 2038 2914 2093 facti
2935 2044 3079 2100 sunt,
3099 2031 3309 2086 dicente
3335 2022 3648 2081 beatissimo
3673 2017 3841 2082 Paulo,

2277 2142 2377 2210 Qui
2411 2148 2456 2192 et
2479 2110 2684 2191 idoneos
2711 2147 2800 2186 nos
2828 2129 2943 2202 fecit
2967 2124 3222 2179 ministros
3247 2116 3381 2171 Novi
3407 2110 3728 2175 Testamenti,
3757 2123 3845 2161 non

2277 2237 2462 2298 littera,
2489 2230 2576 2284 sed
2605 2226 2806 2297 spiritu.
2847 2221 3042 2275 Littera
3067 2215 3200 2271 enim
3227 2209 3433 2272 occidit,
3465 2204 3678 2274 spiritus
3699 2210 3848 2255 autem

2277 2291 2494 2396 viviﬁcat
2525 2321 2592 2392 (Il
2619 2291 2737 2374 Cor.
2761 2333 2836 2380 Ill,
2861 2315 2941 2385 6).
2987 2311 3046 2366 lu
3077 2308 3169 2363 illo
3193 2321 3322 2360 vero
3351 2303 3698 2357 Testamento
3719 2291 3846 2364 quod

2279 2385 2494 2490 proprie
2521 2385 2670 2468 vetus
2713 2409 2927 2472 dicitur,
2957 2411 3012 2459 et
3057 2401 3238 2455 datum
3279 2403 3359 2450 est
3405 2393 3459 2448 in
3495 2397 3683 2444 monte
3719 2385 3876 2450 Sina,-

2282 2527 2389 2567 non
2431 2506 2698 2564 invenitur
2738 2497 2972 2573 promitti
3007 2491 3361 2566 apertissime,
3385 2486 3486 2540 nisi
3513 2492 3727 2538 terrena
3749 2476 3854 2533 feli-

2284 2607 2437 2662 citas.
2469 2601 2618 2659 Unde
2643 2597 2729 2652 illa
2755 2606 2914 2656 terra,
2937 2603 3044 2660 quo
3073 2595 3155 2641 est
3183 2581 3406 2654 populus
3435 2575 3787 2638 introductus,
3811 2577 3854 2624 et

2288 2712 2382 2769 per
2424 2705 2663 2749 eremum
2703 2687 2912 2748 ductus,
2959 2691 3098 2736 terra
3135 2669 3506 2746 promissionis
3531 2673 3780 2729 vocatur;
3813 2661 3860 2715 in

2288 2804 2390 2860 qua
2421 2801 2520 2856 pax
2545 2791 2600 2837 et
2629 2793 2868 2849 regnum,
2892 2783 2946 2829 et
2973 2773 3039 2826 ab
3069 2765 3296 2824 inimicis
3321 2759 3672 2816 victoriarum
3700 2767 3862 2824 repor-

2291 2879 2443 2944 tatio,
2462 2887 2516 2932 et
2537 2869 2856 2928 abundantia
2883 2865 3109 2920 ﬁliorum
3136 2874 3198 2913 ac
3225 2857 3490 2912 fructuum
3519 2859 3862 2909 terrenorum,

2291 2979 2346 3027 et
2365 2971 2409 3024 si
2429 2983 2530 3039 qua
2555 2959 2876 3042 huiusmodi,
2897 2957 3011 3010 haec
3041 2961 3164 3007 sunt
3181 2947 3444 3021 promissa
3465 2941 3686 2998 Veteris
3705 2938 3867 2993 Testa-

2295 3063 2497 3120 menti:
2530 3034 2860 3130 quihus‘etsi
2897 3049 3191 3119 ﬁgurantur
3225 3041 3292 3096 ad
3335 3034 3870 3094 Novum‘Testanten-

2295 3166 2406 3212 tum
2427 3126 2746 3228 pertinentia
2769 3141 3080 3216 spiritualia,
3102 3149 3276 3193 tamen
3302 3133 3390 3204 qui
3419 3137 3649 3201 propter
3673 3126 3756 3180 illa
3782 3131 3872 3176 ter-

2297 3211 2450 3306 rena.
2464 3243 2685 3312 suscipit
2727 3211 2895 3309 legem
2925 3233 3050 3300 Dei,
3084 3233 3196 3301 ipse
3224 3235 3308 3284 est
3329 3225 3503 3279 haeres
3529 3217 3746 3275 Veteris
3781 3211 3872 3268 Te-

2293 3339 2570 3400 stamenti.
2613 3337 2691 3390 Ea
2728 3333 2924 3403 quippe
2965 3322 3261 3384 secundum
3284 3317 3448 3373 Vetus
3486 3313 3872 3370 Testamentum

2301 3435 2682 3508 promittuntur
2707 3397 2874 3494 atque
2895 3421 3215 3480 tribuuntur,
3244 3427 3363 3484 qua:
3387 3406 3690 3464 secundum
3716 3397 3870 3455 homi-

2303 3487 2354 3508 τ-
2376 3487 2413 3490 -κ
2779 3487 2794 3494 -

2303 3542 2425 3584 nem
2449 3533 2684 3579 veterem
2711 3513 3176 3584 concupiscuntur.
3211 3505 3340 3574 Quae
3367 3508 3552 3556 autem
3575 3497 3683 3552 illic
3705 3492 3766 3548 ad
3784 3487 3878 3546 No-

2303 3633 2427 3675 vum
2461 3615 2860 3669 Testamentum
2886 3581 3214 3676 pertinentia
3249 3595 3571 3666 ﬁgurantur,
3601 3601 3763 3643 novos
3789 3581 3876 3636 ho-

2311 3813 2490 3862 tantus
2528 3796 2834 3870 Apostolus,
2865 3794 2954 3862 qui
2989 3789 3094 3843 duo
3137 3785 3480 3840 Testamenta
3522 3776 3582 3830 in
3623 3769 3802 3828 ancilla
3836 3772 3884 3818 et

2311 3899 2502 3961 libera,
2535 3859 2818 3962 allegorica
2847 3859 3229 3955 signiﬁcatione
3253 3872 3500 3929 distincta
3525 3881 3653 3922 esse
3676 3859 3885 3920 dicebat,

2311 3989 2480 4047 veteri
2527 3986 2666 4040 ﬁlios
2707 3983 2912 4042 carnis,
2957 3987 3098 4029 novo
3143 3971 3282 4025 ﬁlios
3325 3958 3702 4038 promissionis
3748 3951 3886 4007 attri—

2313 4037 2483 4138 buens
2516 4037 2686 4130 τηινοῇ
2727 4071 2811 4142 qui
2851 4037 2946 4140 ﬁlii
2987 4069 3173 4127 carnis,
3207 4057 3395 4128 inquit,
3427 4053 3480 4106 hi
3523 4051 3623 4122 ﬁlii
3667 4045 3790 4109 Dei;
3817 4037 3894 4142 sed

2316 4127 2799 4244 ﬁlii-promissionis
2840 4127 3146 4229 deputantur
3183 4153 3236 4205 in
3281 4127 3674 4216 semeanom.
3712 4153 3780 4197 ix,
3811 4127 3893 4198 8).

2316 4229 2823 4332 Filii'ergocarnis
2863 4251 3132 4322 pertinent
3165 4243 3230 4298 ad
3273 4251 3541 4297 terrenam
3583 4229 3898 4292 Jerusalem,

2319 4372 2438 4428 quae
2459 4313 2628 4408 sertiit
2649 4363 2772 4402 cum
2794 4345 2914 4398 ﬁliis
2943 4329 3064 4397 suis~
3089 4355 3100 4392 :
3133 4336 3221 4391 ﬁlii
3247 4341 3424 4388 autem
3452 4320 3824 4400 promissionis
3839 4313 3898 4370 ad

2325 4408 2432 4428 Γ--

2321 4465 2438 4508 eam
2483 4461 2603 4518 qua:
2649 4455 2860 4497 sursum
2904 4443 3006 4502 est,
3045 4432 3268 4487 liberam
3305 4431 3532 4480 matrem
3581 4425 3819 4474 nostram
3853 4408 3904 4462 in

2323 4543 2475 4601 caelis
2497 4551 2772 4594 aeternam.
2822 4530 2969 4587 Unde
2995 4521 3310 4596 perspicitur
3338 4516 3428 4588 qui
3452 4514 3520 4568 ad
3551 4521 3776 4580 regnum
3805 4511 3906 4556 ter-

2323 4651 2534 4698 renum,
2566 4643 2620 4687 et
2645 4627 2734 4699 qui
2763 4624 3064 4696 pertineant
3089 4617 3152 4670 ad
3185 4624 3406 4682 regnum
3435 4605 3725 4661 cmlorum.
3759 4597 3910 4651 Istam

2325 4685 2720 4786 distinctionem
2751 4685 2838 4786 qui
2865 4713 3024 4768 etiam
3053 4710 3142 4763 illo
3171 4713 3408 4772 tempore
3439 4713 3534 4768 per
3567 4694 3666 4748 Dei
3703 4685 3913 4760 gratiam

2327 4819 2714 4886 intelligentes,
2739 4807 2834 4862 ﬁlii
2863 4797 3234 4875 promissionis
3264 4791 3436 4847 ell‘ecti
3469 4795 3597 4842 sunt
3620 4827 3635 4850 ,
3665 4779 3800 4838 Novi
3822 4774 3913 4830 Te-

2329 4862 2578 4969 διαπιεὲιί
2629 4899 2872 4956 Ιιωνθᾱεδ
2921 4894 2986 4948 iu
3019 4890 3228 4945 occulto
3281 4884 3372 4938 Dei
3419 4877 3653 4934 consilio
3693 4862 3920 4939 deputati

2331 5013 2484 5068 sunt,
2512 4993 2722 5054 etiamsi
2751 4991 2914 5046 Vetus
2933 4987 3333 5041 Testamentum
3363 4987 3456 5044 per
3483 4977 3792 5037 temporum
3817 4957 3919 5012 dis-

2333 5059 2709 5154 tribu'tionem'
2739 5080 2992 5138 divinitus
3017 5075 3200 5130 datum
3222 5065 3418 5140 populo
3435 5059 3606 5116 veteri
3634 5061 3926 5123 congruen-

2336 5201 2416 5246 ter
2439 5183 2890 5240 ministraverunt.

2409 5280 2496 5335 15.
2529 5268 2808 5342 Quomodo
2837 5278 2962 5332 ergo
2991 5274 3097 5314 non
3124 5253 3317 5310 merito
3345 5243 3826 5304 commoverentur
3849 5226 3932 5284 ﬁlii

2337 5363 2729 5446 promissionis,
2764 5359 2855 5412 ﬁlii
2883 5353 3062 5408 libera:
3087 5344 3381 5403 Jerusalem
3417 5338 3470 5392 in
3501 5332 3665 5388 cmlis
3701 5335 3930 5383 ceterum,

3117 5442 3147 5446 “
3503 5427 3579 5446 ιιμ
3605 5425 3712 5446 ιε--
3744 5411 3930 5446 πηιηηίἰ

2341 5411 2602 5523 ἕυιιιίεω
2635 5452 2887 5512 discretio
2925 5442 3216 5517 apostolica
3251 5447 3410 5506 atque
3437 5425 3717 5486 catholica
3744 5411 3938 5485 Pelagii

2341 5509 2818 5616 ver-bls'videretur
2843 5509 3061 5602 auferri,
3088 5543 3144 5590 et
3169 5533 3311 5602 Agar
3335 5523 3570 5598 quodam
3605 5515 3780 5580 modo
3800 5509 3944 5568 Sara

2411 5719 2430 5752 ι
2463 5720 2621 5766 Forte.
2640 5707 2840 5759 diceret.

2411 5749 2435 5814 λ
2463 5749 2621 5828 ἓίῖίῦ
2635 5749 2799 5830 sail;
2805 5749 2904 5832 pro
2917 5765 3184 5824 temporum
3203 5749 3551 5805 dum.
