  <div class='ocr_page' id='page_1' title='image "/cluster/home/n/w/nwhite01/storage/ocr_20150623/44-45/uva.x000217727/168.png"; bbox 0 0 3984 6498; ppageno 0'>
   <div class='ocr_carea' id='block_1_1' title="bbox 221 249 2060 313">
    <p class='ocr_par' dir='ltr' id='par_1_1' title="bbox 221 249 2060 313">
     <span class='ocr_line' id='line_1_1' title="bbox 221 249 2060 313; baseline -0.004 0"><span class='ocrx_word' id='word_1_1' title='bbox 221 255 305 313; x_wconf 67' lang='grc' dir='ltr'><strong>εει</strong></span> <span class='ocrx_word' id='word_1_2' title='bbox 1611 250 1815 306; x_wconf 71' lang='grc' dir='ltr'>ιιΒΕιι</span> <span class='ocrx_word' id='word_1_3' title='bbox 1863 249 2060 310; x_wconf 84' lang='lat' dir='ltr'><strong>UNUS.</strong></span> 
     </span>
    </p>
   </div>
   <div class='ocr_carea' id='block_1_2' title="bbox 219 359 1774 437">
    <p class='ocr_par' dir='ltr' id='par_1_2' title="bbox 219 359 1774 437">
     <span class='ocr_line' id='line_1_2' title="bbox 219 359 1774 437; baseline -0.008 -10"><span class='ocrx_word' id='word_1_4' title='bbox 219 367 495 427; x_wconf 73' lang='lat' dir='ltr'><strong>crederetur</strong></span> <span class='ocrx_word' id='word_1_5' title='bbox 518 364 761 436; x_wconf 67' lang='lat' dir='ltr'><strong>aquari?</strong></span> <span class='ocrx_word' id='word_1_6' title='bbox 791 365 888 422; x_wconf 86' lang='lat' dir='ltr'><strong>Ille</strong></span> <span class='ocrx_word' id='word_1_7' title='bbox 907 365 1062 437; x_wconf 89' lang='lat' dir='ltr'><strong>igitur</strong></span> <span class='ocrx_word' id='word_1_8' title='bbox 1081 363 1326 420; x_wconf 75' lang='lat' dir='ltr'><strong>hmretica</strong></span> <span class='ocrx_word' id='word_1_9' title='bbox 1352 363 1620 434; x_wconf 90' lang='lat' dir='ltr'><strong>impietate</strong></span> <span class='ocrx_word' id='word_1_10' title='bbox 1641 359 1774 417; x_wconf 85' lang='lat' dir='ltr'><strong>scri-</strong></span> 
     </span>
    </p>
   </div>
   <div class='ocr_carea' id='block_1_3' title="bbox 218 456 1774 532">
    <p class='ocr_par' dir='ltr' id='par_1_3' title="bbox 218 456 1774 532">
     <span class='ocr_line' id='line_1_3' title="bbox 218 456 1774 532; baseline -0.004 -18"><span class='ocrx_word' id='word_1_11' title='bbox 218 474 353 532; x_wconf 72' lang='lat' dir='ltr'><strong>pturae</strong></span> <span class='ocrx_word' id='word_1_12' title='bbox 376 457 590 513; x_wconf 83' lang='lat' dir='ltr'><strong>Veteris</strong></span> <span class='ocrx_word' id='word_1_13' title='bbox 618 457 953 513; x_wconf 87' lang='lat' dir='ltr'><strong>Testamenti</strong></span> <span class='ocrx_word' id='word_1_14' title='bbox 989 457 1112 513; x_wconf 89' lang='lat' dir='ltr'><strong>facit</strong></span> <span class='ocrx_word' id='word_1_15' title='bbox 1147 457 1410 527; x_wconf 90' lang='lat' dir='ltr'><strong>injuriam,</strong></span> <span class='ocrx_word' id='word_1_16' title='bbox 1442 456 1530 526; x_wconf 88' lang='lat' dir='ltr'><strong>qui</strong></span> <span class='ocrx_word' id='word_1_17' title='bbox 1564 471 1679 509; x_wconf 90' lang='lat' dir='ltr'><strong>eam</strong></span> <span class='ocrx_word' id='word_1_18' title='bbox 1709 469 1774 509; x_wconf 89' lang='lat' dir='ltr'><strong>ex</strong></span> 
     </span>
    </p>
   </div>
   <div class='ocr_carea' id='block_1_4' title="bbox 220 548 1776 618">
    <p class='ocr_par' dir='ltr' id='par_1_4' title="bbox 220 548 1776 618">
     <span class='ocr_line' id='line_1_4' title="bbox 220 548 1776 618; baseline -0.003 -10"><span class='ocrx_word' id='word_1_19' title='bbox 220 553 474 616; x_wconf 83' lang='lat' dir='ltr'><strong>Deohooo,</strong></span> <span class='ocrx_word' id='word_1_20' title='bbox 502 567 718 606; x_wconf 89' lang='lat' dir='ltr'><strong>summo</strong></span> <span class='ocrx_word' id='word_1_21' title='bbox 746 561 803 606; x_wconf 87' lang='lat' dir='ltr'><strong>et</strong></span> <span class='ocrx_word' id='word_1_22' title='bbox 829 567 976 614; x_wconf 87' lang='lat' dir='ltr'><strong>vero,</strong></span> <span class='ocrx_word' id='word_1_23' title='bbox 1007 551 1179 606; x_wconf 88' lang='lat' dir='ltr'><strong>fronte</strong></span> <span class='ocrx_word' id='word_1_24' title='bbox 1201 551 1470 618; x_wconf 83' lang='lat' dir='ltr'><strong>sacrilegae</strong></span> <span class='ocrx_word' id='word_1_25' title='bbox 1491 548 1776 617; x_wconf 86' lang='lat' dir='ltr'><strong>impietatis</strong></span> 
     </span>
    </p>
   </div>
   <div class='ocr_carea' id='block_1_5' title="bbox 219 630 1774 714">
    <p class='ocr_par' dir='ltr' id='par_1_5' title="bbox 219 630 1774 714">
     <span class='ocr_line' id='line_1_5' title="bbox 219 630 1774 714; baseline -0.003 -16"><span class='ocrx_word' id='word_1_26' title='bbox 219 630 375 714; x_wconf 71' lang='lat' dir='ltr'><strong>negat:</strong></span> <span class='ocrx_word' id='word_1_27' title='bbox 399 644 542 696; x_wconf 84' lang='lat' dir='ltr'><strong>sicut</strong></span> <span class='ocrx_word' id='word_1_28' title='bbox 568 642 832 709; x_wconf 75' lang='lat' dir='ltr'><strong>Marcion,</strong></span> <span class='ocrx_word' id='word_1_29' title='bbox 863 644 1001 706; x_wconf 84' lang='lat' dir='ltr'><strong>sicut</strong></span> <span class='ocrx_word' id='word_1_30' title='bbox 1027 642 1366 708; x_wconf 67' lang='lat' dir='ltr'><strong>Manichacus,</strong></span> <span class='ocrx_word' id='word_1_31' title='bbox 1389 651 1444 696; x_wconf 91' lang='lat' dir='ltr'><strong>et</strong></span> <span class='ocrx_word' id='word_1_32' title='bbox 1467 640 1514 696; x_wconf 89' lang='lat' dir='ltr'><strong>si</strong></span> <span class='ocrx_word' id='word_1_33' title='bbox 1535 655 1651 709; x_wconf 65' lang='lat' dir='ltr'><strong>qua:</strong></span> <span class='ocrx_word' id='word_1_34' title='bbox 1673 640 1774 693; x_wconf 89' lang='lat' dir='ltr'><strong>alia</strong></span> 
     </span>
    </p>
   </div>
   <div class='ocr_carea' id='block_1_6' title="bbox 218 730 1776 804">
    <p class='ocr_par' dir='ltr' id='par_1_6' title="bbox 218 730 1776 804">
     <span class='ocr_line' id='line_1_6' title="bbox 218 730 1776 804; baseline -0.001 -18"><span class='ocrx_word' id='word_1_35' title='bbox 218 736 352 804; x_wconf 82' lang='lat' dir='ltr'><strong>pestis</strong></span> <span class='ocrx_word' id='word_1_36' title='bbox 376 731 481 786; x_wconf 87' lang='lat' dir='ltr'><strong>hoc</strong></span> <span class='ocrx_word' id='word_1_37' title='bbox 507 733 691 787; x_wconf 88' lang='lat' dir='ltr'><strong>sentit.</strong></span> <span class='ocrx_word' id='word_1_38' title='bbox 723 733 1079 804; x_wconf 77' lang='lat' dir='ltr'><strong>Quapropter,</strong></span> <span class='ocrx_word' id='word_1_39' title='bbox 1109 742 1166 786; x_wconf 87' lang='lat' dir='ltr'><strong>ut</strong></span> <span class='ocrx_word' id='word_1_40' title='bbox 1188 732 1255 786; x_wconf 90' lang='lat' dir='ltr'><strong>de</strong></span> <span class='ocrx_word' id='word_1_41' title='bbox 1282 733 1382 787; x_wconf 88' lang='lat' dir='ltr'><strong>hac</strong></span> <span class='ocrx_word' id='word_1_42' title='bbox 1407 747 1465 786; x_wconf 88' lang='lat' dir='ltr'><strong>re</strong></span> <span class='ocrx_word' id='word_1_43' title='bbox 1487 730 1623 801; x_wconf 90' lang='lat' dir='ltr'><strong>quod</strong></span> <span class='ocrx_word' id='word_1_44' title='bbox 1649 745 1776 784; x_wconf 89' lang='lat' dir='ltr'><strong>sen-</strong></span> 
     </span>
    </p>
   </div>
   <div class='ocr_carea' id='block_1_7' title="bbox 216 824 1774 894">
    <p class='ocr_par' dir='ltr' id='par_1_7' title="bbox 216 824 1774 894">
     <span class='ocr_line' id='line_1_7' title="bbox 216 824 1774 894; baseline 0 -16"><span class='ocrx_word' id='word_1_45' title='bbox 216 827 290 890; x_wconf 85' lang='lat' dir='ltr'><strong>tio,</strong></span> <span class='ocrx_word' id='word_1_46' title='bbox 320 840 416 894; x_wconf 86' lang='lat' dir='ltr'><strong>qua</strong></span> <span class='ocrx_word' id='word_1_47' title='bbox 459 840 684 892; x_wconf 84' lang='lat' dir='ltr'><strong>possum</strong></span> <span class='ocrx_word' id='word_1_48' title='bbox 729 825 994 880; x_wconf 75' lang='lat' dir='ltr'><strong>brevitate</strong></span> <span class='ocrx_word' id='word_1_49' title='bbox 1033 827 1356 894; x_wconf 87' lang='lat' dir='ltr'><strong>complectar</strong></span> <span class='ocrx_word' id='word_1_50' title='bbox 1387 843 1400 878; x_wconf 92' lang='lat'><strong>:</strong></span> <span class='ocrx_word' id='word_1_51' title='bbox 1433 825 1570 879; x_wconf 89' lang='lat' dir='ltr'><strong>sicut</strong></span> <span class='ocrx_word' id='word_1_52' title='bbox 1600 824 1774 878; x_wconf 80' lang='lat' dir='ltr'><strong>Veteri</strong></span> 
     </span>
    </p>
   </div>
   <div class='ocr_carea' id='block_1_8' title="bbox 212 918 1772 986">
    <p class='ocr_par' dir='ltr' id='par_1_8' title="bbox 212 918 1772 986">
     <span class='ocr_line' id='line_1_8' title="bbox 212 918 1772 986; baseline -0.003 -13"><span class='ocrx_word' id='word_1_53' title='bbox 212 918 552 983; x_wconf 82' lang='lat' dir='ltr'><strong>Testamento,</strong></span> <span class='ocrx_word' id='word_1_54' title='bbox 585 918 630 971; x_wconf 92' lang='lat' dir='ltr'><strong>si</strong></span> <span class='ocrx_word' id='word_1_55' title='bbox 661 933 783 972; x_wconf 90' lang='lat' dir='ltr'><strong>esse</strong></span> <span class='ocrx_word' id='word_1_56' title='bbox 817 935 882 972; x_wconf 87' lang='lat' dir='ltr'><strong>ex</strong></span> <span class='ocrx_word' id='word_1_57' title='bbox 922 919 1028 972; x_wconf 90' lang='lat' dir='ltr'><strong>Deo</strong></span> <span class='ocrx_word' id='word_1_58' title='bbox 1053 919 1192 973; x_wconf 86' lang='lat' dir='ltr'><strong>bono</strong></span> <span class='ocrx_word' id='word_1_59' title='bbox 1215 925 1268 971; x_wconf 89' lang='lat' dir='ltr'><strong>et</strong></span> <span class='ocrx_word' id='word_1_60' title='bbox 1286 931 1495 971; x_wconf 89' lang='lat' dir='ltr'><strong>summo</strong></span> <span class='ocrx_word' id='word_1_61' title='bbox 1519 926 1772 986; x_wconf 77' lang='lat' dir='ltr'><strong>negetur;</strong></span> 
     </span>
    </p>
   </div>
   <div class='ocr_carea' id='block_1_9' title="bbox 213 1009 1778 1080">
    <p class='ocr_par' dir='ltr' id='par_1_9' title="bbox 213 1009 1778 1080">
     <span class='ocr_line' id='line_1_9' title="bbox 213 1009 1778 1080; baseline -0.002 -15"><span class='ocrx_word' id='word_1_62' title='bbox 213 1014 267 1065; x_wconf 85' lang='lat' dir='ltr'><strong>ita</strong></span> <span class='ocrx_word' id='word_1_63' title='bbox 292 1021 338 1064; x_wconf 85' lang='lat' dir='ltr'><strong>et</strong></span> <span class='ocrx_word' id='word_1_64' title='bbox 356 1009 512 1064; x_wconf 80' lang='lat' dir='ltr'><strong>Novo</strong></span> <span class='ocrx_word' id='word_1_65' title='bbox 539 1011 597 1063; x_wconf 90' lang='lat' dir='ltr'><strong>ﬁt</strong></span> <span class='ocrx_word' id='word_1_66' title='bbox 619 1011 834 1080; x_wconf 84' lang='lat' dir='ltr'><strong>injuria,</strong></span> <span class='ocrx_word' id='word_1_67' title='bbox 858 1012 900 1062; x_wconf 93' lang='lat' dir='ltr'><strong>si</strong></span> <span class='ocrx_word' id='word_1_68' title='bbox 923 1011 1084 1064; x_wconf 87' lang='lat' dir='ltr'><strong>veteri</strong></span> <span class='ocrx_word' id='word_1_69' title='bbox 1108 1019 1364 1079; x_wconf 59' lang='lat' dir='ltr'><strong>avquetur.</strong></span> <span class='ocrx_word' id='word_1_70' title='bbox 1395 1009 1498 1063; x_wconf 89' lang='lat' dir='ltr'><strong>Sed</strong></span> <span class='ocrx_word' id='word_1_71' title='bbox 1529 1025 1649 1062; x_wconf 91' lang='lat' dir='ltr'><strong>cum</strong></span> <span class='ocrx_word' id='word_1_72' title='bbox 1680 1009 1778 1062; x_wconf 90' lang='lat' dir='ltr'><strong>Pe-</strong></span> 
     </span>
    </p>
   </div>
   <div class='ocr_carea' id='block_1_10' title="bbox 209 1099 1774 1171">
    <p class='ocr_par' dir='ltr' id='par_1_10' title="bbox 209 1099 1774 1171">
     <span class='ocr_line' id='line_1_10' title="bbox 209 1099 1774 1171; baseline -0.001 -19"><span class='ocrx_word' id='word_1_73' title='bbox 209 1101 349 1171; x_wconf 72' lang='lat' dir='ltr'><strong>lagius</strong></span> <span class='ocrx_word' id='word_1_74' title='bbox 370 1101 768 1168; x_wconf 62' lang='lat' dir='ltr'><strong>respondisset,</strong></span> <span class='ocrx_word' id='word_1_75' title='bbox 787 1117 888 1156; x_wconf 91' lang='lat' dir='ltr'><strong>cur</strong></span> <span class='ocrx_word' id='word_1_76' title='bbox 906 1103 1063 1156; x_wconf 89' lang='lat' dir='ltr'><strong>etiam</strong></span> <span class='ocrx_word' id='word_1_77' title='bbox 1087 1101 1279 1155; x_wconf 76' lang='lat' dir='ltr'><strong>dixerit</strong></span> <span class='ocrx_word' id='word_1_78' title='bbox 1303 1100 1354 1154; x_wconf 94' lang='lat' dir='ltr'><strong>in</strong></span> <span class='ocrx_word' id='word_1_79' title='bbox 1383 1101 1570 1154; x_wconf 86' lang='lat' dir='ltr'><strong>Vetere</strong></span> <span class='ocrx_word' id='word_1_80' title='bbox 1590 1099 1774 1153; x_wconf 33' lang='lat' dir='ltr'><strong>Testa.-</strong></span> 
     </span>
    </p>
   </div>
   <div class='ocr_carea' id='block_1_11' title="bbox 207 1190 1777 1262">
    <p class='ocr_par' dir='ltr' id='par_1_11' title="bbox 207 1190 1777 1262">
     <span class='ocr_line' id='line_1_11' title="bbox 207 1190 1777 1262; baseline -0.002 -15"><span class='ocrx_word' id='word_1_81' title='bbox 207 1204 362 1247; x_wconf 84' lang='lat' dir='ltr'><strong>meuto</strong></span> <span class='ocrx_word' id='word_1_82' title='bbox 388 1192 636 1262; x_wconf 89' lang='lat' dir='ltr'><strong>promitti</strong></span> <span class='ocrx_word' id='word_1_83' title='bbox 667 1208 893 1262; x_wconf 84' lang='lat' dir='ltr'><strong>regnum</strong></span> <span class='ocrx_word' id='word_1_84' title='bbox 918 1194 1170 1248; x_wconf 78' lang='lat' dir='ltr'><strong>cmlorum</strong></span> <span class='ocrx_word' id='word_1_85' title='bbox 1195 1232 1210 1255; x_wconf 92' lang='lat'><strong>,</strong></span> <span class='ocrx_word' id='word_1_86' title='bbox 1245 1191 1472 1244; x_wconf 84' lang='lat' dir='ltr'><strong>Danielis</strong></span> <span class='ocrx_word' id='word_1_87' title='bbox 1505 1190 1777 1259; x_wconf 70' lang='lat' dir='ltr'><strong>prephette</strong></span> 
     </span>
    </p>
   </div>
   <div class='ocr_carea' id='block_1_12' title="bbox 205 1285 1777 1352">
    <p class='ocr_par' dir='ltr' id='par_1_12' title="bbox 205 1285 1777 1352">
     <span class='ocr_line' id='line_1_12' title="bbox 205 1285 1777 1352; baseline -0.001 -14"><span class='ocrx_word' id='word_1_88' title='bbox 205 1299 620 1338; x_wconf 72' lang='lat' dir='ltr'><strong>minimetnorans</strong></span> <span class='ocrx_word' id='word_1_89' title='bbox 660 1286 1048 1348; x_wconf 87' lang='lat' dir='ltr'><strong>testimonium,</strong></span> <span class='ocrx_word' id='word_1_90' title='bbox 1082 1285 1167 1352; x_wconf 89' lang='lat' dir='ltr'><strong>qui</strong></span> <span class='ocrx_word' id='word_1_91' title='bbox 1211 1292 1424 1336; x_wconf 87' lang='lat' dir='ltr'><strong>sanctos</strong></span> <span class='ocrx_word' id='word_1_92' title='bbox 1460 1294 1777 1352; x_wconf 89' lang='lat' dir='ltr'><strong>accepturos</strong></span> 
     </span>
    </p>
   </div>
   <div class='ocr_carea' id='block_1_13' title="bbox 205 1371 1779 1442">
    <p class='ocr_par' dir='ltr' id='par_1_13' title="bbox 205 1371 1779 1442">
     <span class='ocr_line' id='line_1_13' title="bbox 205 1371 1779 1442; baseline 0 -16"><span class='ocrx_word' id='word_1_93' title='bbox 205 1389 402 1442; x_wconf 78' lang='lat' dir='ltr'><strong>regnum</strong></span> <span class='ocrx_word' id='word_1_94' title='bbox 439 1373 732 1438; x_wconf 84' lang='lat' dir='ltr'><strong>Altissimi,</strong></span> <span class='ocrx_word' id='word_1_95' title='bbox 760 1374 1096 1442; x_wconf 83' lang='lat' dir='ltr'><strong>apertissime</strong></span> <span class='ocrx_word' id='word_1_96' title='bbox 1133 1371 1484 1441; x_wconf 84' lang='lat' dir='ltr'><strong>prophetavit,</strong></span> <span class='ocrx_word' id='word_1_97' title='bbox 1517 1387 1622 1425; x_wconf 89' lang='lat' dir='ltr'><strong>non</strong></span> <span class='ocrx_word' id='word_1_98' title='bbox 1659 1388 1779 1426; x_wconf 90' lang='lat' dir='ltr'><strong>esse</strong></span> 
     </span>
    </p>
   </div>
   <div class='ocr_carea' id='block_1_14' title="bbox 200 1462 1774 1532">
    <p class='ocr_par' dir='ltr' id='par_1_14' title="bbox 200 1462 1774 1532">
     <span class='ocr_line' id='line_1_14' title="bbox 200 1462 1774 1532; baseline -0.002 -13"><span class='ocrx_word' id='word_1_99' title='bbox 200 1466 289 1519; x_wconf 83' lang='lat' dir='ltr'><strong>huc</strong></span> <span class='ocrx_word' id='word_1_100' title='bbox 323 1463 570 1517; x_wconf 88' lang='lat' dir='ltr'><strong>alienum</strong></span> <span class='ocrx_word' id='word_1_101' title='bbox 593 1479 624 1516; x_wconf 86' lang='lat' dir='ltr'><strong>a</strong></span> <span class='ocrx_word' id='word_1_102' title='bbox 658 1463 765 1518; x_wconf 96' lang='lat' dir='ltr'><strong>ﬁde</strong></span> <span class='ocrx_word' id='word_1_103' title='bbox 795 1464 1077 1527; x_wconf 87' lang='lat' dir='ltr'><strong>catholica,</strong></span> <span class='ocrx_word' id='word_1_104' title='bbox 1109 1463 1295 1517; x_wconf 81' lang='lat' dir='ltr'><strong>merito</strong></span> <span class='ocrx_word' id='word_1_105' title='bbox 1324 1462 1616 1532; x_wconf 78' lang='lat' dir='ltr'><strong>judiCatum</strong></span> <span class='ocrx_word' id='word_1_106' title='bbox 1650 1474 1730 1518; x_wconf 84' lang='lat' dir='ltr'><strong>eSt</strong></span> <span class='ocrx_word' id='word_1_107' title='bbox 1761 1481 1774 1516; x_wconf 89' lang='lat'><strong>:</strong></span> 
     </span>
    </p>
   </div>
   <div class='ocr_carea' id='block_1_15' title="bbox 203 1554 1777 1621">
    <p class='ocr_par' dir='ltr' id='par_1_15' title="bbox 203 1554 1777 1621">
     <span class='ocr_line' id='line_1_15' title="bbox 203 1554 1777 1621; baseline -0.001 -12"><span class='ocrx_word' id='word_1_108' title='bbox 203 1571 296 1610; x_wconf 88' lang='lat' dir='ltr'><strong>non</strong></span> <span class='ocrx_word' id='word_1_109' title='bbox 345 1555 652 1608; x_wconf 87' lang='lat' dir='ltr'><strong>secundum</strong></span> <span class='ocrx_word' id='word_1_110' title='bbox 695 1554 840 1608; x_wconf 84' lang='lat' dir='ltr'><strong>illam</strong></span> <span class='ocrx_word' id='word_1_111' title='bbox 884 1554 1314 1619; x_wconf 87' lang='lat' dir='ltr'><strong>distinctionem,</strong></span> <span class='ocrx_word' id='word_1_112' title='bbox 1355 1567 1456 1621; x_wconf 88' lang='lat' dir='ltr'><strong>qua</strong></span> <span class='ocrx_word' id='word_1_113' title='bbox 1502 1554 1553 1606; x_wconf 90' lang='lat' dir='ltr'><strong>in</strong></span> <span class='ocrx_word' id='word_1_114' title='bbox 1598 1562 1777 1612; x_wconf 89' lang='lat' dir='ltr'><strong>monte</strong></span> 
     </span>
    </p>
   </div>
   <div class='ocr_carea' id='block_1_16' title="bbox 197 1645 1778 1716">
    <p class='ocr_par' dir='ltr' id='par_1_16' title="bbox 197 1645 1778 1716">
     <span class='ocr_line' id='line_1_16' title="bbox 197 1645 1778 1716; baseline -0.001 -15"><span class='ocrx_word' id='word_1_115' title='bbox 197 1648 309 1702; x_wconf 85' lang='lat' dir='ltr'><strong>Sina</strong></span> <span class='ocrx_word' id='word_1_116' title='bbox 333 1648 606 1716; x_wconf 84' lang='lat' dir='ltr'><strong>promissa</strong></span> <span class='ocrx_word' id='word_1_117' title='bbox 632 1655 845 1700; x_wconf 88' lang='lat' dir='ltr'><strong>terrena</strong></span> <span class='ocrx_word' id='word_1_118' title='bbox 872 1646 938 1700; x_wconf 90' lang='lat' dir='ltr'><strong>ad</strong></span> <span class='ocrx_word' id='word_1_119' title='bbox 965 1645 1124 1701; x_wconf 83' lang='lat' dir='ltr'><strong>Vetus</strong></span> <span class='ocrx_word' id='word_1_120' title='bbox 1145 1645 1544 1700; x_wconf 83' lang='lat' dir='ltr'><strong>Testamentum</strong></span> <span class='ocrx_word' id='word_1_121' title='bbox 1567 1646 1778 1716; x_wconf 78' lang='lat' dir='ltr'><strong>proprie</strong></span> 
     </span>
    </p>
   </div>
   <div class='ocr_carea' id='block_1_17' title="bbox 195 1738 1778 1809">
    <p class='ocr_par' dir='ltr' id='par_1_17' title="bbox 195 1738 1778 1809">
     <span class='ocr_line' id='line_1_17' title="bbox 195 1738 1778 1809; baseline 0.003 -19"><span class='ocrx_word' id='word_1_122' title='bbox 195 1741 450 1809; x_wconf 83' lang='lat' dir='ltr'><strong>pertinere</strong></span> <span class='ocrx_word' id='word_1_123' title='bbox 490 1749 901 1804; x_wconf 82' lang='lat' dir='ltr'><strong>monstrantur;</strong></span> <span class='ocrx_word' id='word_1_124' title='bbox 946 1754 1044 1794; x_wconf 88' lang='lat' dir='ltr'><strong>nec</strong></span> <span class='ocrx_word' id='word_1_125' title='bbox 1079 1749 1252 1793; x_wconf 89' lang='lat' dir='ltr'><strong>tamen</strong></span> <span class='ocrx_word' id='word_1_126' title='bbox 1292 1738 1552 1807; x_wconf 85' lang='lat' dir='ltr'><strong>improbe,</strong></span> <span class='ocrx_word' id='word_1_127' title='bbox 1583 1753 1778 1794; x_wconf 85' lang='lat' dir='ltr'><strong>secun-</strong></span> 
     </span>
    </p>
   </div>
   <div class='ocr_carea' id='block_1_18' title="bbox 193 1830 1780 1902">
    <p class='ocr_par' dir='ltr' id='par_1_18' title="bbox 193 1830 1780 1902">
     <span class='ocr_line' id='line_1_18' title="bbox 193 1830 1780 1902; baseline 0.001 -17"><span class='ocrx_word' id='word_1_128' title='bbox 193 1833 307 1885; x_wconf 88' lang='lat' dir='ltr'><strong>dum</strong></span> <span class='ocrx_word' id='word_1_129' title='bbox 358 1835 500 1884; x_wconf 83' lang='lat' dir='ltr'><strong>hanc</strong></span> <span class='ocrx_word' id='word_1_130' title='bbox 559 1831 815 1902; x_wconf 82' lang='lat' dir='ltr'><strong>loquendi</strong></span> <span class='ocrx_word' id='word_1_131' title='bbox 861 1830 1316 1896; x_wconf 85' lang='lat' dir='ltr'><strong>consuetudinem,</strong></span> <span class='ocrx_word' id='word_1_132' title='bbox 1363 1845 1466 1900; x_wconf 90' lang='lat' dir='ltr'><strong>qua</strong></span> <span class='ocrx_word' id='word_1_133' title='bbox 1519 1830 1780 1886; x_wconf 73' lang='lat' dir='ltr'><strong>universa:</strong></span> 
     </span>
    </p>
   </div>
   <div class='ocr_carea' id='block_1_19' title="bbox 193 1921 1780 1990">
    <p class='ocr_par' dir='ltr' id='par_1_19' title="bbox 193 1921 1780 1990">
     <span class='ocr_line' id='line_1_19' title="bbox 193 1921 1780 1990; baseline -0.001 -14"><span class='ocrx_word' id='word_1_134' title='bbox 193 1923 470 1990; x_wconf 67' lang='lat' dir='ltr'><strong>Scriptura:</strong></span> <span class='ocrx_word' id='word_1_135' title='bbox 499 1923 788 1977; x_wconf 64' lang='lat' dir='ltr'><strong>canonica:</strong></span> <span class='ocrx_word' id='word_1_136' title='bbox 825 1931 949 1977; x_wconf 87' lang='lat' dir='ltr'><strong>ante</strong></span> <span class='ocrx_word' id='word_1_137' title='bbox 984 1922 1399 1975; x_wconf 80' lang='lat' dir='ltr'><strong>incarnationem</strong></span> <span class='ocrx_word' id='word_1_138' title='bbox 1439 1921 1646 1976; x_wconf 90' lang='lat' dir='ltr'><strong>Domini</strong></span> <span class='ocrx_word' id='word_1_139' title='bbox 1679 1921 1780 1975; x_wconf 86' lang='lat' dir='ltr'><strong>mi-</strong></span> 
     </span>
    </p>
   </div>
   <div class='ocr_carea' id='block_1_20' title="bbox 199 2012 1777 2081">
    <p class='ocr_par' dir='ltr' id='par_1_20' title="bbox 199 2012 1777 2081">
     <span class='ocr_line' id='line_1_20' title="bbox 199 2012 1777 2081; baseline 0.001 -16"><span class='ocrx_word' id='word_1_140' title='bbox 199 2014 420 2066; x_wconf 70' lang='lat' dir='ltr'><strong>nistrata:</strong></span> <span class='ocrx_word' id='word_1_141' title='bbox 465 2012 686 2067; x_wconf 77' lang='lat' dir='ltr'><strong>Veteris</strong></span> <span class='ocrx_word' id='word_1_142' title='bbox 725 2013 1049 2067; x_wconf 86' lang='lat' dir='ltr'><strong>Tcstamenti</strong></span> <span class='ocrx_word' id='word_1_143' title='bbox 1078 2012 1433 2081; x_wconf 81' lang='lat' dir='ltr'><strong>appellatione</strong></span> <span class='ocrx_word' id='word_1_144' title='bbox 1475 2023 1777 2068; x_wconf 85' lang='lat' dir='ltr'><strong>censentur.</strong></span> 
     </span>
    </p>
   </div>
   <div class='ocr_carea' id='block_1_21' title="bbox 197 2103 1780 2174">
    <p class='ocr_par' dir='ltr' id='par_1_21' title="bbox 197 2103 1780 2174">
     <span class='ocr_line' id='line_1_21' title="bbox 197 2103 1780 2174; baseline -0.003 -12"><span class='ocrx_word' id='word_1_145' title='bbox 197 2105 302 2162; x_wconf 64' lang='lat' dir='ltr'><strong>Non</strong></span> <span class='ocrx_word' id='word_1_146' title='bbox 327 2105 469 2158; x_wconf 88' lang='lat' dir='ltr'><strong>enim</strong></span> <span class='ocrx_word' id='word_1_147' title='bbox 499 2105 652 2158; x_wconf 89' lang='lat' dir='ltr'><strong>aliud</strong></span> <span class='ocrx_word' id='word_1_148' title='bbox 683 2114 768 2159; x_wconf 90' lang='lat' dir='ltr'><strong>est</strong></span> <span class='ocrx_word' id='word_1_149' title='bbox 795 2121 1012 2174; x_wconf 82' lang='lat' dir='ltr'><strong>regnum</strong></span> <span class='ocrx_word' id='word_1_150' title='bbox 1039 2103 1296 2158; x_wconf 75' lang='lat' dir='ltr'><strong>AllisSitni</strong></span> <span class='ocrx_word' id='word_1_151' title='bbox 1315 2145 1332 2170; x_wconf 94' lang='lat'><strong>,</strong></span> <span class='ocrx_word' id='word_1_152' title='bbox 1363 2119 1520 2172; x_wconf 85' lang='lat' dir='ltr'><strong>quam</strong></span> <span class='ocrx_word' id='word_1_153' title='bbox 1565 2103 1655 2157; x_wconf 85' lang='lat' dir='ltr'><strong>Dei</strong></span> <span class='ocrx_word' id='word_1_154' title='bbox 1693 2119 1780 2158; x_wconf 84' lang='lat' dir='ltr'><strong>re-</strong></span> 
     </span>
    </p>
   </div>
   <div class='ocr_carea' id='block_1_22' title="bbox 203 2195 1782 2268">
    <p class='ocr_par' dir='ltr' id='par_1_22' title="bbox 203 2195 1782 2268">
     <span class='ocr_line' id='line_1_22' title="bbox 203 2195 1782 2268; baseline 0.001 -19"><span class='ocrx_word' id='word_1_155' title='bbox 203 2212 375 2268; x_wconf 84' lang='lat' dir='ltr'><strong>gnum;</strong></span> <span class='ocrx_word' id='word_1_156' title='bbox 400 2206 490 2249; x_wconf 87' lang='lat' dir='ltr'><strong>aut</strong></span> <span class='ocrx_word' id='word_1_157' title='bbox 516 2197 814 2265; x_wconf 84' lang='lat' dir='ltr'><strong>quisquam</strong></span> <span class='ocrx_word' id='word_1_158' title='bbox 845 2195 1168 2250; x_wconf 89' lang='lat' dir='ltr'><strong>contendere</strong></span> <span class='ocrx_word' id='word_1_159' title='bbox 1203 2195 1449 2262; x_wconf 85' lang='lat' dir='ltr'><strong>audebit,</strong></span> <span class='ocrx_word' id='word_1_160' title='bbox 1490 2195 1633 2249; x_wconf 87' lang='lat' dir='ltr'><strong>aliud</strong></span> <span class='ocrx_word' id='word_1_161' title='bbox 1663 2210 1782 2250; x_wconf 87' lang='lat' dir='ltr'><strong>esse</strong></span> 
     </span>
    </p>
   </div>
   <div class='ocr_carea' id='block_1_23' title="bbox 213 2288 1287 2358">
    <p class='ocr_par' dir='ltr' id='par_1_23' title="bbox 213 2288 1287 2358">
     <span class='ocr_line' id='line_1_23' title="bbox 213 2288 1287 2358; baseline -0.005 -13"><span class='ocrx_word' id='word_1_162' title='bbox 213 2292 298 2345; x_wconf 84' lang='lat' dir='ltr'><strong>Dei</strong></span> <span class='ocrx_word' id='word_1_163' title='bbox 323 2305 554 2358; x_wconf 81' lang='lat' dir='ltr'><strong>regnum,</strong></span> <span class='ocrx_word' id='word_1_164' title='bbox 581 2288 735 2344; x_wconf 87' lang='lat' dir='ltr'><strong>aliud</strong></span> <span class='ocrx_word' id='word_1_165' title='bbox 768 2304 994 2358; x_wconf 80' lang='lat' dir='ltr'><strong>regnum</strong></span> <span class='ocrx_word' id='word_1_166' title='bbox 1009 2290 1287 2344; x_wconf 64' lang='lat' dir='ltr'><strong>canorum.</strong></span> 
     </span>
    </p>
   </div>
   <div class='ocr_carea' id='block_1_24' title="bbox 273 2379 1782 2449">
    <p class='ocr_par' dir='ltr' id='par_1_24' title="bbox 273 2379 1782 2449">
     <span class='ocr_line' id='line_1_24' title="bbox 273 2379 1782 2449; baseline -0.002 -12"><span class='ocrx_word' id='word_1_167' title='bbox 273 2381 477 2437; x_wconf 75' lang='lat' dir='ltr'><strong>CAPUT</strong></span> <span class='ocrx_word' id='word_1_168' title='bbox 507 2379 700 2434; x_wconf 80' lang='lat' dir='ltr'><strong>Vl.—-</strong></span> <span class='ocrx_word' id='word_1_169' title='bbox 726 2379 816 2434; x_wconf 75' lang='grc'><strong>16.</strong></span> <span class='ocrx_word' id='word_1_170' title='bbox 852 2380 976 2435; x_wconf 85' lang='lat' dir='ltr'><strong>Post</strong></span> <span class='ocrx_word' id='word_1_171' title='bbox 1016 2379 1130 2434; x_wconf 85' lang='lat' dir='ltr'><strong>haec</strong></span> <span class='ocrx_word' id='word_1_172' title='bbox 1177 2379 1440 2448; x_wconf 90' lang='lat' dir='ltr'><strong>objectum</strong></span> <span class='ocrx_word' id='word_1_173' title='bbox 1481 2388 1591 2443; x_wconf 87' lang='lat' dir='ltr'><strong>est,</strong></span> <span class='ocrx_word' id='word_1_174' title='bbox 1638 2379 1782 2449; x_wconf 91' lang='lat' dir='ltr'><strong>quod</strong></span> 
     </span>
    </p>
   </div>
   <div class='ocr_carea' id='block_1_25' title="bbox 197 2469 1782 2541">
    <p class='ocr_par' dir='ltr' id='par_1_25' title="bbox 197 2469 1782 2541">
     <span class='ocr_line' id='line_1_25' title="bbox 197 2469 1782 2541; baseline -0.001 -15"><span class='ocrx_word' id='word_1_175' title='bbox 197 2471 428 2541; x_wconf 82' lang='lat' dir='ltr'><strong>Pelagius</strong></span> <span class='ocrx_word' id='word_1_176' title='bbox 457 2472 510 2524; x_wconf 91' lang='lat' dir='ltr'><strong>iu</strong></span> <span class='ocrx_word' id='word_1_177' title='bbox 537 2471 736 2526; x_wconf 88' lang='lat' dir='ltr'><strong>eodem</strong></span> <span class='ocrx_word' id='word_1_178' title='bbox 764 2470 899 2524; x_wconf 88' lang='lat' dir='ltr'><strong>libro</strong></span> <span class='ocrx_word' id='word_1_179' title='bbox 919 2470 1190 2539; x_wconf 85' lang='lat' dir='ltr'><strong>scripserit</strong></span> <span class='ocrx_word' id='word_1_180' title='bbox 1214 2485 1332 2538; x_wconf 77' lang='lat' dir='ltr'><strong>suo,</strong></span> <span class='ocrx_word' id='word_1_181' title='bbox 1367 2487 1387 2521; x_wconf 80' lang='grc' dir='ltr'><strong>ι</strong></span> <span class='ocrx_word' id='word_1_182' title='bbox 1419 2470 1581 2524; x_wconf 85' lang='lat' dir='ltr'><strong>Posse</strong></span> <span class='ocrx_word' id='word_1_183' title='bbox 1605 2469 1782 2526; x_wconf 85' lang='lat' dir='ltr'><strong>homi-</strong></span> 
     </span>
    </p>
   </div>
   <div class='ocr_carea' id='block_1_26' title="bbox 193 2559 1782 2630">
    <p class='ocr_par' dir='ltr' id='par_1_26' title="bbox 193 2559 1782 2630">
     <span class='ocr_line' id='line_1_26' title="bbox 193 2559 1782 2630; baseline 0.001 -14"><span class='ocrx_word' id='word_1_184' title='bbox 193 2577 342 2626; x_wconf 86' lang='lat' dir='ltr'><strong>nem,</strong></span> <span class='ocrx_word' id='word_1_185' title='bbox 367 2561 418 2616; x_wconf 93' lang='lat' dir='ltr'><strong>si</strong></span> <span class='ocrx_word' id='word_1_186' title='bbox 449 2562 615 2624; x_wconf 87' lang='lat' dir='ltr'><strong>velit,</strong></span> <span class='ocrx_word' id='word_1_187' title='bbox 647 2575 774 2623; x_wconf 86' lang='lat' dir='ltr'><strong>esse</strong></span> <span class='ocrx_word' id='word_1_188' title='bbox 803 2561 920 2616; x_wconf 90' lang='lat' dir='ltr'><strong>sine</strong></span> <span class='ocrx_word' id='word_1_189' title='bbox 948 2568 1164 2630; x_wconf 87' lang='lat' dir='ltr'><strong>peccato</strong></span> <span class='ocrx_word' id='word_1_190' title='bbox 1188 2577 1201 2612; x_wconf 89' lang='lat'><strong>:</strong></span> <span class='ocrx_word' id='word_1_191' title='bbox 1233 2579 1252 2612; x_wconf 75' lang='grc' dir='ltr'><strong>ι</strong></span> <span class='ocrx_word' id='word_1_192' title='bbox 1284 2568 1341 2614; x_wconf 88' lang='lat' dir='ltr'><strong>et</strong></span> <span class='ocrx_word' id='word_1_193' title='bbox 1369 2559 1509 2630; x_wconf 89' lang='lat' dir='ltr'><strong>quod</strong></span> <span class='ocrx_word' id='word_1_194' title='bbox 1538 2561 1782 2617; x_wconf 75' lang='lat' dir='ltr'><strong>scribens</strong></span> 
     </span>
    </p>
   </div>
   <div class='ocr_carea' id='block_1_27' title="bbox 193 2651 1783 2724">
    <p class='ocr_par' dir='ltr' id='par_1_27' title="bbox 193 2651 1783 2724">
     <span class='ocr_line' id='line_1_27' title="bbox 193 2651 1783 2724; baseline 0.003 -18"><span class='ocrx_word' id='word_1_195' title='bbox 193 2654 264 2708; x_wconf 86' lang='lat' dir='ltr'><strong>ad</strong></span> <span class='ocrx_word' id='word_1_196' title='bbox 293 2655 508 2708; x_wconf 85' lang='lat' dir='ltr'><strong>viduam</strong></span> <span class='ocrx_word' id='word_1_197' title='bbox 534 2653 834 2707; x_wconf 84' lang='lat' dir='ltr'><strong>adulatorie</strong></span> <span class='ocrx_word' id='word_1_198' title='bbox 861 2651 1077 2717; x_wconf 76' lang='lat' dir='ltr'><strong>dixerit,</strong></span> <span class='ocrx_word' id='word_1_199' title='bbox 1109 2670 1128 2705; x_wconf 80' lang='grc' dir='ltr'><strong>ι</strong></span> <span class='ocrx_word' id='word_1_200' title='bbox 1160 2651 1402 2708; x_wconf 89' lang='lat' dir='ltr'><strong>Inveniat</strong></span> <span class='ocrx_word' id='word_1_201' title='bbox 1428 2654 1568 2722; x_wconf 84' lang='lat' dir='ltr'><strong>apud</strong></span> <span class='ocrx_word' id='word_1_202' title='bbox 1591 2663 1642 2709; x_wconf 90' lang='lat' dir='ltr'><strong>te</strong></span> <span class='ocrx_word' id='word_1_203' title='bbox 1671 2654 1783 2724; x_wconf 88' lang='lat' dir='ltr'><strong>pie-</strong></span> 
     </span>
    </p>
   </div>
   <div class='ocr_carea' id='block_1_28' title="bbox 200 2743 1782 2815">
    <p class='ocr_par' dir='ltr' id='par_1_28' title="bbox 200 2743 1782 2815">
     <span class='ocr_line' id='line_1_28' title="bbox 200 2743 1782 2815; baseline 0.001 -15"><span class='ocrx_word' id='word_1_204' title='bbox 200 2755 321 2807; x_wconf 86' lang='lat' dir='ltr'><strong>tas,</strong></span> <span class='ocrx_word' id='word_1_205' title='bbox 352 2760 475 2813; x_wconf 65' lang='lat' dir='ltr'><strong>qua:</strong></span> <span class='ocrx_word' id='word_1_206' title='bbox 501 2759 747 2812; x_wconf 77' lang='lat' dir='ltr'><strong>nusquam</strong></span> <span class='ocrx_word' id='word_1_207' title='bbox 789 2744 1030 2805; x_wconf 75' lang='lat' dir='ltr'><strong>invenit,</strong></span> <span class='ocrx_word' id='word_1_208' title='bbox 1061 2743 1235 2798; x_wconf 89' lang='lat' dir='ltr'><strong>locum</strong></span> <span class='ocrx_word' id='word_1_209' title='bbox 1261 2761 1276 2798; x_wconf 90' lang='lat'><strong>:</strong></span> <span class='ocrx_word' id='word_1_210' title='bbox 1304 2744 1542 2798; x_wconf 82' lang='lat' dir='ltr'><strong>inveniat</strong></span> <span class='ocrx_word' id='word_1_211' title='bbox 1586 2745 1782 2815; x_wconf 86' lang='lat' dir='ltr'><strong>ubique</strong></span> 
     </span>
    </p>
   </div>
   <div class='ocr_carea' id='block_1_29' title="bbox 205 2835 1782 2908">
    <p class='ocr_par' dir='ltr' id='par_1_29' title="bbox 205 2835 1782 2908">
     <span class='ocr_line' id='line_1_29' title="bbox 205 2835 1782 2908; baseline 0.001 -17"><span class='ocrx_word' id='word_1_212' title='bbox 205 2838 489 2908; x_wconf 83' lang='lat' dir='ltr'><strong>peregrina</strong></span> <span class='ocrx_word' id='word_1_213' title='bbox 511 2838 562 2890; x_wconf 89' lang='lat' dir='ltr'><strong>in</strong></span> <span class='ocrx_word' id='word_1_214' title='bbox 592 2846 640 2890; x_wconf 88' lang='lat' dir='ltr'><strong>te</strong></span> <span class='ocrx_word' id='word_1_215' title='bbox 660 2836 840 2892; x_wconf 86' lang='lat' dir='ltr'><strong>sedem</strong></span> <span class='ocrx_word' id='word_1_216' title='bbox 859 2836 1062 2904; x_wconf 89' lang='lat' dir='ltr'><strong>justitia</strong></span> <span class='ocrx_word' id='word_1_217' title='bbox 1090 2851 1104 2888; x_wconf 87' lang='lat'><strong>:</strong></span> <span class='ocrx_word' id='word_1_218' title='bbox 1133 2835 1333 2890; x_wconf 86' lang='lat' dir='ltr'><strong>veritas</strong></span> <span class='ocrx_word' id='word_1_219' title='bbox 1363 2851 1520 2905; x_wconf 89' lang='lat' dir='ltr'><strong>quam</strong></span> <span class='ocrx_word' id='word_1_220' title='bbox 1543 2836 1655 2905; x_wconf 90' lang='lat' dir='ltr'><strong>jam</strong></span> <span class='ocrx_word' id='word_1_221' title='bbox 1687 2852 1782 2892; x_wconf 88' lang='lat' dir='ltr'><strong>ne-</strong></span> 
     </span>
    </p>
   </div>
   <div class='ocr_carea' id='block_1_30' title="bbox 209 2926 1784 2997">
    <p class='ocr_par' dir='ltr' id='par_1_30' title="bbox 209 2926 1784 2997">
     <span class='ocr_line' id='line_1_30' title="bbox 209 2926 1784 2997; baseline 0 -15"><span class='ocrx_word' id='word_1_222' title='bbox 209 2945 306 2982; x_wconf 83' lang='lat' dir='ltr'><strong>mo</strong></span> <span class='ocrx_word' id='word_1_223' title='bbox 321 2929 597 2997; x_wconf 69' lang='lat' dir='ltr'><strong>cognoscit,</strong></span> <span class='ocrx_word' id='word_1_224' title='bbox 626 2928 922 2982; x_wconf 87' lang='lat' dir='ltr'><strong>domestica</strong></span> <span class='ocrx_word' id='word_1_225' title='bbox 948 2927 1039 2982; x_wconf 87' lang='lat' dir='ltr'><strong>tibi</strong></span> <span class='ocrx_word' id='word_1_226' title='bbox 1067 2935 1122 2982; x_wconf 88' lang='lat' dir='ltr'><strong>et</strong></span> <span class='ocrx_word' id='word_1_227' title='bbox 1146 2927 1316 2982; x_wconf 85' lang='lat' dir='ltr'><strong>amica</strong></span> <span class='ocrx_word' id='word_1_228' title='bbox 1342 2926 1432 2984; x_wconf 85' lang='lat' dir='ltr'><strong>ﬁat</strong></span> <span class='ocrx_word' id='word_1_229' title='bbox 1459 2945 1473 2982; x_wconf 88' lang='lat'><strong>:</strong></span> <span class='ocrx_word' id='word_1_230' title='bbox 1505 2937 1558 2982; x_wconf 90' lang='lat' dir='ltr'><strong>et</strong></span> <span class='ocrx_word' id='word_1_231' title='bbox 1583 2928 1667 2984; x_wconf 90' lang='lat' dir='ltr'><strong>lex</strong></span> <span class='ocrx_word' id='word_1_232' title='bbox 1689 2928 1784 2983; x_wconf 88' lang='lat' dir='ltr'><strong>Dei</strong></span> 
     </span>
    </p>
   </div>
   <div class='ocr_carea' id='block_1_31' title="bbox 213 3017 1785 3088">
    <p class='ocr_par' dir='ltr' id='par_1_31' title="bbox 213 3017 1785 3088">
     <span class='ocr_line' id='line_1_31' title="bbox 213 3017 1785 3088; baseline 0.001 -15"><span class='ocrx_word' id='word_1_233' title='bbox 213 3034 330 3088; x_wconf 77' lang='lat' dir='ltr'><strong>qua:</strong></span> <span class='ocrx_word' id='word_1_234' title='bbox 361 3019 426 3072; x_wconf 89' lang='lat' dir='ltr'><strong>ab</strong></span> <span class='ocrx_word' id='word_1_235' title='bbox 463 3019 706 3073; x_wconf 89' lang='lat' dir='ltr'><strong>omnibus</strong></span> <span class='ocrx_word' id='word_1_236' title='bbox 735 3033 902 3088; x_wconf 92' lang='lat' dir='ltr'><strong>prope</strong></span> <span class='ocrx_word' id='word_1_237' title='bbox 930 3017 1233 3074; x_wconf 86' lang='lat' dir='ltr'><strong>hominibus</strong></span> <span class='ocrx_word' id='word_1_238' title='bbox 1259 3020 1636 3078; x_wconf 85' lang='lat' dir='ltr'><strong>contemnitur.</strong></span> <span class='ocrx_word' id='word_1_239' title='bbox 1670 3034 1698 3072; x_wconf 89' lang='lat' dir='ltr'><strong>a</strong></span> <span class='ocrx_word' id='word_1_240' title='bbox 1732 3029 1785 3075; x_wconf 87' lang='lat' dir='ltr'><strong>te</strong></span> 
     </span>
    </p>
   </div>
   <div class='ocr_carea' id='block_1_32' title="bbox 203 3108 1783 3182">
    <p class='ocr_par' dir='ltr' id='par_1_32' title="bbox 203 3108 1783 3182">
     <span class='ocr_line' id='line_1_32' title="bbox 203 3108 1783 3182; baseline 0.001 -18"><span class='ocrx_word' id='word_1_241' title='bbox 203 3111 317 3164; x_wconf 85' lang='lat' dir='ltr'><strong>sola</strong></span> <span class='ocrx_word' id='word_1_242' title='bbox 347 3109 645 3164; x_wconf 64' lang='lat' dir='ltr'><strong>honor-tatur.</strong></span> <span class='ocrx_word' id='word_1_243' title='bbox 684 3129 706 3162; x_wconf 77' lang='grc' dir='ltr'><strong>ι</strong></span> <span class='ocrx_word' id='word_1_244' title='bbox 741 3110 808 3164; x_wconf 83' lang='grc' dir='ltr'>Ει</span> <span class='ocrx_word' id='word_1_245' title='bbox 832 3111 1024 3165; x_wconf 90' lang='lat' dir='ltr'><strong>iterum</strong></span> <span class='ocrx_word' id='word_1_246' title='bbox 1047 3108 1114 3162; x_wconf 89' lang='lat' dir='ltr'><strong>ad</strong></span> <span class='ocrx_word' id='word_1_247' title='bbox 1143 3109 1309 3182; x_wconf 78' lang='lat' dir='ltr'><strong>ipsam</strong></span> <span class='ocrx_word' id='word_1_248' title='bbox 1335 3126 1348 3162; x_wconf 91' lang='lat'><strong>:</strong></span> <span class='ocrx_word' id='word_1_249' title='bbox 1377 3127 1396 3160; x_wconf 73' lang='grc' dir='ltr'><strong>ι</strong></span> <span class='ocrx_word' id='word_1_250' title='bbox 1425 3108 1469 3164; x_wconf 90' lang='grc' dir='ltr'>Ο</span> <span class='ocrx_word' id='word_1_251' title='bbox 1501 3118 1551 3164; x_wconf 88' lang='lat' dir='ltr'><strong>te</strong></span> <span class='ocrx_word' id='word_1_252' title='bbox 1574 3109 1783 3166; x_wconf 78' lang='lat' dir='ltr'><strong>felicem</strong></span> 
     </span>
    </p>
   </div>
   <div class='ocr_carea' id='block_1_33' title="bbox 197 3199 1784 3270">
    <p class='ocr_par' dir='ltr' id='par_1_33' title="bbox 197 3199 1784 3270">
     <span class='ocr_line' id='line_1_33' title="bbox 197 3199 1784 3270; baseline 0.001 -16"><span class='ocrx_word' id='word_1_253' title='bbox 197 3209 256 3254; x_wconf 82' lang='lat' dir='ltr'><strong>et</strong></span> <span class='ocrx_word' id='word_1_254' title='bbox 293 3200 497 3254; x_wconf 79' lang='lat' dir='ltr'><strong>beatam</strong></span> <span class='ocrx_word' id='word_1_255' title='bbox 517 3240 534 3262; x_wconf 87' lang='lat'><strong>.</strong></span> <span class='ocrx_word' id='word_1_256' title='bbox 565 3201 610 3253; x_wconf 87' lang='lat' dir='ltr'><strong>si</strong></span> <span class='ocrx_word' id='word_1_257' title='bbox 638 3200 869 3270; x_wconf 87' lang='lat' dir='ltr'><strong>justitia,</strong></span> <span class='ocrx_word' id='word_1_258' title='bbox 899 3215 1016 3270; x_wconf 74' lang='lat' dir='ltr'><strong>qua:</strong></span> <span class='ocrx_word' id='word_1_259' title='bbox 1043 3199 1095 3253; x_wconf 91' lang='lat' dir='ltr'><strong>in</strong></span> <span class='ocrx_word' id='word_1_260' title='bbox 1125 3199 1261 3255; x_wconf 78' lang='lat' dir='ltr'><strong>cmlo</strong></span> <span class='ocrx_word' id='word_1_261' title='bbox 1291 3209 1492 3254; x_wconf 91' lang='lat' dir='ltr'><strong>tantum</strong></span> <span class='ocrx_word' id='word_1_262' title='bbox 1518 3214 1638 3256; x_wconf 88' lang='lat' dir='ltr'><strong>esse</strong></span> <span class='ocrx_word' id='word_1_263' title='bbox 1666 3216 1784 3256; x_wconf 89' lang='lat' dir='ltr'><strong>cre-</strong></span> 
     </span>
    </p>
   </div>
   <div class='ocr_carea' id='block_1_34' title="bbox 194 3291 1784 3362">
    <p class='ocr_par' dir='ltr' id='par_1_34' title="bbox 194 3291 1784 3362">
     <span class='ocr_line' id='line_1_34' title="bbox 194 3291 1784 3362; baseline 0.001 -15"><span class='ocrx_word' id='word_1_264' title='bbox 194 3292 362 3347; x_wconf 81' lang='lat' dir='ltr'><strong>denda</strong></span> <span class='ocrx_word' id='word_1_265' title='bbox 387 3304 490 3355; x_wconf 90' lang='lat' dir='ltr'><strong>est,</strong></span> <span class='ocrx_word' id='word_1_266' title='bbox 511 3292 660 3362; x_wconf 89' lang='lat' dir='ltr'><strong>apud</strong></span> <span class='ocrx_word' id='word_1_267' title='bbox 691 3301 743 3346; x_wconf 91' lang='lat' dir='ltr'><strong>te</strong></span> <span class='ocrx_word' id='word_1_268' title='bbox 767 3292 938 3350; x_wconf 89' lang='lat' dir='ltr'><strong>solam</strong></span> <span class='ocrx_word' id='word_1_269' title='bbox 967 3291 1266 3346; x_wconf 85' lang='lat' dir='ltr'><strong>inveniatur</strong></span> <span class='ocrx_word' id='word_1_270' title='bbox 1293 3291 1344 3345; x_wconf 91' lang='lat' dir='ltr'><strong>in</strong></span> <span class='ocrx_word' id='word_1_271' title='bbox 1375 3291 1560 3347; x_wconf 80' lang='lat' dir='ltr'><strong>terris!</strong></span> <span class='ocrx_word' id='word_1_272' title='bbox 1595 3311 1613 3344; x_wconf 74' lang='grc' dir='ltr'><strong>ι</strong></span> <span class='ocrx_word' id='word_1_273' title='bbox 1642 3292 1708 3346; x_wconf 84' lang='grc' dir='ltr'>Ει</span> <span class='ocrx_word' id='word_1_274' title='bbox 1731 3294 1784 3348; x_wconf 90' lang='lat' dir='ltr'><strong>in</strong></span> 
     </span>
    </p>
   </div>
   <div class='ocr_carea' id='block_1_35' title="bbox 193 3384 1783 3455">
    <p class='ocr_par' dir='ltr' id='par_1_35' title="bbox 193 3384 1783 3455">
     <span class='ocr_line' id='line_1_35' title="bbox 193 3384 1783 3455; baseline 0.001 -16"><span class='ocrx_word' id='word_1_275' title='bbox 193 3385 298 3440; x_wconf 87' lang='lat' dir='ltr'><strong>alio</strong></span> <span class='ocrx_word' id='word_1_276' title='bbox 317 3385 382 3438; x_wconf 85' lang='lat' dir='ltr'><strong>ad</strong></span> <span class='ocrx_word' id='word_1_277' title='bbox 405 3385 578 3452; x_wconf 81' lang='lat' dir='ltr'><strong>ipsam</strong></span> <span class='ocrx_word' id='word_1_278' title='bbox 605 3385 770 3450; x_wconf 86' lang='lat' dir='ltr'><strong>libro,</strong></span> <span class='ocrx_word' id='word_1_279' title='bbox 801 3395 922 3455; x_wconf 91' lang='lat' dir='ltr'><strong>post</strong></span> <span class='ocrx_word' id='word_1_280' title='bbox 948 3386 1242 3440; x_wconf 89' lang='lat' dir='ltr'><strong>orationem</strong></span> <span class='ocrx_word' id='word_1_281' title='bbox 1271 3385 1479 3440; x_wconf 91' lang='lat' dir='ltr'><strong>Domini</strong></span> <span class='ocrx_word' id='word_1_282' title='bbox 1513 3396 1568 3442; x_wconf 90' lang='lat' dir='ltr'><strong>et</strong></span> <span class='ocrx_word' id='word_1_283' title='bbox 1596 3384 1783 3442; x_wconf 89' lang='lat' dir='ltr'><strong>Salva-</strong></span> 
     </span>
    </p>
   </div>
   <div class='ocr_carea' id='block_1_36' title="bbox 197 3474 1784 3545">
    <p class='ocr_par' dir='ltr' id='par_1_36' title="bbox 197 3474 1784 3545">
     <span class='ocr_line' id='line_1_36' title="bbox 197 3474 1784 3545; baseline 0.002 -16"><span class='ocrx_word' id='word_1_284' title='bbox 197 3476 322 3529; x_wconf 85' lang='lat' dir='ltr'><strong>toris</strong></span> <span class='ocrx_word' id='word_1_285' title='bbox 368 3477 572 3540; x_wconf 88' lang='lat' dir='ltr'><strong>nostri,</strong></span> <span class='ocrx_word' id='word_1_286' title='bbox 619 3475 826 3530; x_wconf 88' lang='lat' dir='ltr'><strong>docens</strong></span> <span class='ocrx_word' id='word_1_287' title='bbox 865 3474 1314 3545; x_wconf 84' lang='lat' dir='ltr'><strong>quemadmodum</strong></span> <span class='ocrx_word' id='word_1_288' title='bbox 1351 3475 1578 3531; x_wconf 76' lang='lat' dir='ltr'><strong>debeant</strong></span> <span class='ocrx_word' id='word_1_289' title='bbox 1615 3478 1784 3532; x_wconf 89' lang='lat' dir='ltr'><strong>sancti</strong></span> 
     </span>
    </p>
   </div>
   <div class='ocr_carea' id='block_1_37' title="bbox 198 3565 1784 3635">
    <p class='ocr_par' dir='ltr' id='par_1_37' title="bbox 198 3565 1784 3635">
     <span class='ocr_line' id='line_1_37' title="bbox 198 3565 1784 3635; baseline 0.003 -17"><span class='ocrx_word' id='word_1_290' title='bbox 198 3581 375 3625; x_wconf 82' lang='lat' dir='ltr'><strong>orare,</strong></span> <span class='ocrx_word' id='word_1_291' title='bbox 401 3567 478 3619; x_wconf 87' lang='lat' dir='ltr'><strong>ait</strong></span> <span class='ocrx_word' id='word_1_292' title='bbox 506 3583 519 3618; x_wconf 92' lang='lat'><strong>:</strong></span> <span class='ocrx_word' id='word_1_293' title='bbox 557 3585 576 3617; x_wconf 76' lang='grc' dir='ltr'><strong>ι</strong></span> <span class='ocrx_word' id='word_1_294' title='bbox 612 3565 712 3620; x_wconf 90' lang='lat' dir='ltr'><strong>Ille</strong></span> <span class='ocrx_word' id='word_1_295' title='bbox 741 3565 808 3620; x_wconf 91' lang='lat' dir='ltr'><strong>ad</strong></span> <span class='ocrx_word' id='word_1_296' title='bbox 841 3567 1002 3620; x_wconf 87' lang='lat' dir='ltr'><strong>Deum</strong></span> <span class='ocrx_word' id='word_1_297' title='bbox 1043 3566 1204 3635; x_wconf 88' lang='lat' dir='ltr'><strong>digne</strong></span> <span class='ocrx_word' id='word_1_298' title='bbox 1234 3567 1408 3621; x_wconf 82' lang='lat' dir='ltr'><strong>elevat</strong></span> <span class='ocrx_word' id='word_1_299' title='bbox 1436 3582 1625 3621; x_wconf 87' lang='lat' dir='ltr'><strong>manus</strong></span> <span class='ocrx_word' id='word_1_300' title='bbox 1645 3609 1660 3634; x_wconf 96' lang='lat'><strong>,</strong></span> <span class='ocrx_word' id='word_1_301' title='bbox 1693 3569 1784 3624; x_wconf 87' lang='lat' dir='ltr'><strong>ille</strong></span> 
     </span>
    </p>
   </div>
   <div class='ocr_carea' id='block_1_38' title="bbox 201 3657 1782 3727">
    <p class='ocr_par' dir='ltr' id='par_1_38' title="bbox 201 3657 1782 3727">
     <span class='ocr_line' id='line_1_38' title="bbox 201 3657 1782 3727; baseline 0.003 -17"><span class='ocrx_word' id='word_1_302' title='bbox 201 3657 487 3712; x_wconf 81' lang='lat' dir='ltr'><strong>orationem</strong></span> <span class='ocrx_word' id='word_1_303' title='bbox 511 3658 654 3711; x_wconf 86' lang='lat' dir='ltr'><strong>bona</strong></span> <span class='ocrx_word' id='word_1_304' title='bbox 671 3658 994 3712; x_wconf 87' lang='lat' dir='ltr'><strong>conscientia</strong></span> <span class='ocrx_word' id='word_1_305' title='bbox 1013 3657 1254 3723; x_wconf 82' lang='lat' dir='ltr'><strong>ell&#39;undit,</strong></span> <span class='ocrx_word' id='word_1_306' title='bbox 1277 3657 1365 3726; x_wconf 90' lang='lat' dir='ltr'><strong>qui</strong></span> <span class='ocrx_word' id='word_1_307' title='bbox 1389 3665 1564 3727; x_wconf 85' lang='lat' dir='ltr'><strong>potest</strong></span> <span class='ocrx_word' id='word_1_308' title='bbox 1582 3659 1782 3726; x_wconf 85' lang='lat' dir='ltr'><strong>dicere,</strong></span> 
     </span>
    </p>
   </div>
   <div class='ocr_carea' id='block_1_39' title="bbox 203 3747 1788 3818">
    <p class='ocr_par' dir='ltr' id='par_1_39' title="bbox 203 3747 1788 3818">
     <span class='ocr_line' id='line_1_39' title="bbox 203 3747 1788 3818; baseline 0.001 -16"><span class='ocrx_word' id='word_1_309' title='bbox 203 3747 279 3802; x_wconf 87' lang='lat' dir='ltr'><strong>Tu</strong></span> <span class='ocrx_word' id='word_1_310' title='bbox 304 3750 476 3812; x_wconf 87' lang='lat' dir='ltr'><strong>nosti,</strong></span> <span class='ocrx_word' id='word_1_311' title='bbox 504 3750 765 3812; x_wconf 89' lang='lat' dir='ltr'><strong>Domine,</strong></span> <span class='ocrx_word' id='word_1_312' title='bbox 799 3764 957 3818; x_wconf 89' lang='lat' dir='ltr'><strong>quam</strong></span> <span class='ocrx_word' id='word_1_313' title='bbox 994 3757 1221 3814; x_wconf 63' lang='lat' dir='ltr'><strong>sancta},</strong></span> <span class='ocrx_word' id='word_1_314' title='bbox 1260 3758 1316 3802; x_wconf 90' lang='lat' dir='ltr'><strong>et</strong></span> <span class='ocrx_word' id='word_1_315' title='bbox 1359 3748 1695 3815; x_wconf 86' lang='lat' dir='ltr'><strong>innocentes,</strong></span> <span class='ocrx_word' id='word_1_316' title='bbox 1733 3757 1788 3804; x_wconf 91' lang='lat' dir='ltr'><strong>et</strong></span> 
     </span>
    </p>
   </div>
   <div class='ocr_carea' id='block_1_40' title="bbox 206 3839 1784 3910">
    <p class='ocr_par' dir='ltr' id='par_1_40' title="bbox 206 3839 1784 3910">
     <span class='ocr_line' id='line_1_40' title="bbox 206 3839 1784 3910; baseline 0.001 -18"><span class='ocrx_word' id='word_1_317' title='bbox 206 3839 408 3893; x_wconf 75' lang='lat' dir='ltr'><strong>munda:</strong></span> <span class='ocrx_word' id='word_1_318' title='bbox 433 3849 564 3894; x_wconf 91' lang='lat' dir='ltr'><strong>sunt</strong></span> <span class='ocrx_word' id='word_1_319' title='bbox 590 3841 659 3894; x_wconf 89' lang='lat' dir='ltr'><strong>ab</strong></span> <span class='ocrx_word' id='word_1_320' title='bbox 687 3839 836 3893; x_wconf 91' lang='lat' dir='ltr'><strong>omni</strong></span> <span class='ocrx_word' id='word_1_321' title='bbox 867 3839 1108 3894; x_wconf 85' lang='lat' dir='ltr'><strong>molestia</strong></span> <span class='ocrx_word' id='word_1_322' title='bbox 1133 3841 1148 3870; x_wconf 74' lang='grc'>³</span> <span class='ocrx_word' id='word_1_323' title='bbox 1178 3848 1232 3893; x_wconf 90' lang='lat' dir='ltr'><strong>et</strong></span> <span class='ocrx_word' id='word_1_324' title='bbox 1261 3839 1540 3910; x_wconf 88' lang='lat' dir='ltr'><strong>iniquitate</strong></span> <span class='ocrx_word' id='word_1_325' title='bbox 1563 3850 1620 3894; x_wconf 89' lang='lat' dir='ltr'><strong>et</strong></span> <span class='ocrx_word' id='word_1_326' title='bbox 1640 3841 1784 3910; x_wconf 88' lang='lat' dir='ltr'><strong>rapi-</strong></span> 
     </span>
    </p>
   </div>
   <div class='ocr_carea' id='block_1_41' title="bbox 211 3930 1783 4001">
    <p class='ocr_par' dir='ltr' id='par_1_41' title="bbox 211 3930 1783 4001">
     <span class='ocr_line' id='line_1_41' title="bbox 211 3930 1783 4001; baseline 0.003 -20"><span class='ocrx_word' id='word_1_327' title='bbox 211 3944 290 3994; x_wconf 85' lang='lat' dir='ltr'><strong>ua,</strong></span> <span class='ocrx_word' id='word_1_328' title='bbox 315 3945 444 4000; x_wconf 84' lang='lat' dir='ltr'><strong>quas</strong></span> <span class='ocrx_word' id='word_1_329' title='bbox 473 3930 540 3984; x_wconf 89' lang='lat' dir='ltr'><strong>ad</strong></span> <span class='ocrx_word' id='word_1_330' title='bbox 574 3940 628 3984; x_wconf 87' lang='lat' dir='ltr'><strong>te</strong></span> <span class='ocrx_word' id='word_1_331' title='bbox 656 3930 887 3985; x_wconf 76' lang='lat' dir='ltr'><strong>extendo</strong></span> <span class='ocrx_word' id='word_1_332' title='bbox 927 3945 1142 3995; x_wconf 88' lang='lat' dir='ltr'><strong>manus;</strong></span> <span class='ocrx_word' id='word_1_333' title='bbox 1171 3931 1616 4000; x_wconf 85' lang='lat' dir='ltr'><strong>quemadmodum</strong></span> <span class='ocrx_word' id='word_1_334' title='bbox 1639 3931 1783 4001; x_wconf 88' lang='lat' dir='ltr'><strong>justa</strong></span> 
     </span>
    </p>
   </div>
   <div class='ocr_carea' id='block_1_42' title="bbox 211 4021 1787 4091">
    <p class='ocr_par' dir='ltr' id='par_1_42' title="bbox 211 4021 1787 4091">
     <span class='ocr_line' id='line_1_42' title="bbox 211 4021 1787 4091; baseline 0.001 -16"><span class='ocrx_word' id='word_1_335' title='bbox 211 4032 259 4074; x_wconf 82' lang='lat' dir='ltr'><strong>et</strong></span> <span class='ocrx_word' id='word_1_336' title='bbox 280 4021 470 4075; x_wconf 88' lang='lat' dir='ltr'><strong>munda</strong></span> <span class='ocrx_word' id='word_1_337' title='bbox 502 4021 666 4084; x_wconf 82' lang='lat' dir='ltr'><strong>labia,</strong></span> <span class='ocrx_word' id='word_1_338' title='bbox 696 4031 754 4076; x_wconf 92' lang='lat' dir='ltr'><strong>et</strong></span> <span class='ocrx_word' id='word_1_339' title='bbox 780 4021 848 4074; x_wconf 87' lang='lat' dir='ltr'><strong>ab</strong></span> <span class='ocrx_word' id='word_1_340' title='bbox 872 4021 1016 4075; x_wconf 92' lang='lat' dir='ltr'><strong>omni</strong></span> <span class='ocrx_word' id='word_1_341' title='bbox 1046 4021 1329 4076; x_wconf 87' lang='lat' dir='ltr'><strong>mendacio</strong></span> <span class='ocrx_word' id='word_1_342' title='bbox 1357 4021 1524 4076; x_wconf 88' lang='lat' dir='ltr'><strong>libera</strong></span> <span class='ocrx_word' id='word_1_343' title='bbox 1545 4061 1562 4088; x_wconf 95' lang='lat'><strong>,</strong></span> <span class='ocrx_word' id='word_1_344' title='bbox 1592 4023 1787 4091; x_wconf 87' lang='lat' dir='ltr'><strong>quibus</strong></span> 
     </span>
    </p>
   </div>
   <div class='ocr_carea' id='block_1_43' title="bbox 211 4112 1784 4181">
    <p class='ocr_par' dir='ltr' id='par_1_43' title="bbox 211 4112 1784 4181">
     <span class='ocr_line' id='line_1_43' title="bbox 211 4112 1784 4181; baseline 0.003 -16"><span class='ocrx_word' id='word_1_345' title='bbox 211 4112 367 4166; x_wconf 74' lang='lat' dir='ltr'><strong>oﬂ’ero</strong></span> <span class='ocrx_word' id='word_1_346' title='bbox 411 4113 506 4167; x_wconf 90' lang='lat' dir='ltr'><strong>tibi</strong></span> <span class='ocrx_word' id='word_1_347' title='bbox 547 4113 980 4181; x_wconf 78' lang='lat' dir='ltr'><strong>deprecationem</strong></span> <span class='ocrx_word' id='word_1_348' title='bbox 1001 4153 1018 4179; x_wconf 91' lang='lat'><strong>,</strong></span> <span class='ocrx_word' id='word_1_349' title='bbox 1051 4122 1107 4166; x_wconf 92' lang='lat' dir='ltr'><strong>ut</strong></span> <span class='ocrx_word' id='word_1_350' title='bbox 1135 4113 1264 4167; x_wconf 91' lang='lat' dir='ltr'><strong>mihi</strong></span> <span class='ocrx_word' id='word_1_351' title='bbox 1293 4114 1612 4168; x_wconf 85' lang='lat' dir='ltr'><strong>miserearis.</strong></span> <span class='ocrx_word' id='word_1_352' title='bbox 1649 4132 1669 4166; x_wconf 72' lang='grc' dir='ltr'><strong>ι</strong></span> <span class='ocrx_word' id='word_1_353' title='bbox 1704 4115 1784 4169; x_wconf 76' lang='lat' dir='ltr'><strong>Ad</strong></span> 
     </span>
    </p>
   </div>
   <div class='ocr_carea' id='block_1_44' title="bbox 214 4202 1788 4275">
    <p class='ocr_par' dir='ltr' id='par_1_44' title="bbox 214 4202 1788 4275">
     <span class='ocr_line' id='line_1_44' title="bbox 214 4202 1788 4275; baseline 0.001 -17"><span class='ocrx_word' id='word_1_354' title='bbox 214 4203 308 4258; x_wconf 82' lang='lat' dir='ltr'><strong>hoc</strong></span> <span class='ocrx_word' id='word_1_355' title='bbox 331 4215 506 4258; x_wconf 88' lang='lat' dir='ltr'><strong>autem</strong></span> <span class='ocrx_word' id='word_1_356' title='bbox 529 4204 776 4274; x_wconf 88' lang='lat' dir='ltr'><strong>Pelagius</strong></span> <span class='ocrx_word' id='word_1_357' title='bbox 800 4202 1125 4275; x_wconf 89' lang='lat' dir='ltr'><strong>respondens</strong></span> <span class='ocrx_word' id='word_1_358' title='bbox 1144 4204 1218 4259; x_wconf 82' lang='lat' dir='ltr'><strong>ait</strong></span> <span class='ocrx_word' id='word_1_359' title='bbox 1240 4222 1254 4259; x_wconf 91' lang='lat'><strong>:</strong></span> <span class='ocrx_word' id='word_1_360' title='bbox 1276 4204 1440 4260; x_wconf 86' lang='lat' dir='ltr'><strong>Posse</strong></span> <span class='ocrx_word' id='word_1_361' title='bbox 1459 4205 1672 4274; x_wconf 87' lang='lat' dir='ltr'><strong>quidem</strong></span> <span class='ocrx_word' id='word_1_362' title='bbox 1694 4206 1788 4260; x_wconf 88' lang='lat' dir='ltr'><strong>ho-</strong></span> 
     </span>
    </p>
   </div>
   <div class='ocr_carea' id='block_1_45' title="bbox 214 4296 1782 4364">
    <p class='ocr_par' dir='ltr' id='par_1_45' title="bbox 214 4296 1782 4364">
     <span class='ocr_line' id='line_1_45' title="bbox 214 4296 1782 4364; baseline 0.003 -16"><span class='ocrx_word' id='word_1_363' title='bbox 214 4296 400 4350; x_wconf 82' lang='lat' dir='ltr'><strong>minem</strong></span> <span class='ocrx_word' id='word_1_364' title='bbox 426 4297 544 4350; x_wconf 90' lang='lat' dir='ltr'><strong>sine</strong></span> <span class='ocrx_word' id='word_1_365' title='bbox 569 4305 795 4364; x_wconf 85' lang='lat' dir='ltr'><strong>peccato</strong></span> <span class='ocrx_word' id='word_1_366' title='bbox 822 4310 944 4350; x_wconf 88' lang='lat' dir='ltr'><strong>esse</strong></span> <span class='ocrx_word' id='word_1_367' title='bbox 961 4337 978 4363; x_wconf 91' lang='lat'><strong>,</strong></span> <span class='ocrx_word' id='word_1_368' title='bbox 1007 4304 1062 4355; x_wconf 88' lang='lat' dir='ltr'><strong>et</strong></span> <span class='ocrx_word' id='word_1_369' title='bbox 1088 4297 1181 4350; x_wconf 89' lang='lat' dir='ltr'><strong>Dei</strong></span> <span class='ocrx_word' id='word_1_370' title='bbox 1211 4296 1457 4352; x_wconf 80' lang='lat' dir='ltr'><strong>mamlata</strong></span> <span class='ocrx_word' id='word_1_371' title='bbox 1483 4297 1782 4362; x_wconf 89' lang='lat' dir='ltr'><strong>custodire,</strong></span> 
     </span>
    </p>
   </div>
   <div class='ocr_carea' id='block_1_46' title="bbox 217 4385 1782 4454">
    <p class='ocr_par' dir='ltr' id='par_1_46' title="bbox 217 4385 1782 4454">
     <span class='ocr_line' id='line_1_46' title="bbox 217 4385 1782 4454; baseline 0 -14"><span class='ocrx_word' id='word_1_372' title='bbox 217 4387 254 4440; x_wconf 82' lang='lat' dir='ltr'><strong>si</strong></span> <span class='ocrx_word' id='word_1_373' title='bbox 281 4387 433 4452; x_wconf 82' lang='lat' dir='ltr'><strong>velit,</strong></span> <span class='ocrx_word' id='word_1_374' title='bbox 464 4385 700 4441; x_wconf 77' lang='lat' dir='ltr'><strong>diximus</strong></span> <span class='ocrx_word' id='word_1_375' title='bbox 725 4403 739 4440; x_wconf 90' lang='lat'><strong>:</strong></span> <span class='ocrx_word' id='word_1_376' title='bbox 773 4385 911 4438; x_wconf 90' lang='lat' dir='ltr'><strong>hanc</strong></span> <span class='ocrx_word' id='word_1_377' title='bbox 937 4385 1079 4440; x_wconf 91' lang='lat' dir='ltr'><strong>enim</strong></span> <span class='ocrx_word' id='word_1_378' title='bbox 1112 4386 1516 4454; x_wconf 85' lang='lat' dir='ltr'><strong>possibilitatem</strong></span> <span class='ocrx_word' id='word_1_379' title='bbox 1548 4387 1685 4440; x_wconf 89' lang='lat' dir='ltr'><strong>Deus</strong></span> <span class='ocrx_word' id='word_1_380' title='bbox 1708 4387 1782 4440; x_wconf 89' lang='lat' dir='ltr'><strong>illi</strong></span> 
     </span>
    </p>
   </div>
   <div class='ocr_carea' id='block_1_47' title="bbox 215 4473 1787 4546">
    <p class='ocr_par' dir='ltr' id='par_1_47' title="bbox 215 4473 1787 4546">
     <span class='ocr_line' id='line_1_47' title="bbox 215 4473 1787 4546; baseline 0.003 -18"><span class='ocrx_word' id='word_1_381' title='bbox 215 4473 369 4529; x_wconf 82' lang='lat' dir='ltr'><strong>dedit.</strong></span> <span class='ocrx_word' id='word_1_382' title='bbox 400 4476 515 4530; x_wconf 82' lang='lat' dir='ltr'><strong>Non</strong></span> <span class='ocrx_word' id='word_1_383' title='bbox 539 4486 718 4531; x_wconf 89' lang='lat' dir='ltr'><strong>autem</strong></span> <span class='ocrx_word' id='word_1_384' title='bbox 748 4475 980 4530; x_wconf 81' lang='lat' dir='ltr'><strong>diximus</strong></span> <span class='ocrx_word' id='word_1_385' title='bbox 1005 4475 1144 4546; x_wconf 90' lang='lat' dir='ltr'><strong>quod</strong></span> <span class='ocrx_word' id='word_1_386' title='bbox 1171 4475 1465 4531; x_wconf 82' lang='lat' dir='ltr'><strong>inveniatur</strong></span> <span class='ocrx_word' id='word_1_387' title='bbox 1485 4475 1694 4546; x_wconf 86' lang='lat' dir='ltr'><strong>aliquis,</strong></span> <span class='ocrx_word' id='word_1_388' title='bbox 1719 4478 1787 4532; x_wconf 91' lang='lat' dir='ltr'><strong>ab</strong></span> 
     </span>
    </p>
   </div>
   <div class='ocr_carea' id='block_1_48' title="bbox 216 4565 1782 4638">
    <p class='ocr_par' dir='ltr' id='par_1_48' title="bbox 216 4565 1782 4638">
     <span class='ocr_line' id='line_1_48' title="bbox 216 4565 1782 4638; baseline 0.001 -19"><span class='ocrx_word' id='word_1_389' title='bbox 216 4567 422 4621; x_wconf 74' lang='lat' dir='ltr'><strong>infantia</strong></span> <span class='ocrx_word' id='word_1_390' title='bbox 448 4582 620 4638; x_wconf 87' lang='lat' dir='ltr'><strong>usque</strong></span> <span class='ocrx_word' id='word_1_391' title='bbox 639 4565 708 4621; x_wconf 91' lang='lat' dir='ltr'><strong>ad</strong></span> <span class='ocrx_word' id='word_1_392' title='bbox 729 4575 1021 4633; x_wconf 80' lang='lat' dir='ltr'><strong>senectam,</strong></span> <span class='ocrx_word' id='word_1_393' title='bbox 1045 4567 1134 4634; x_wconf 90' lang='lat' dir='ltr'><strong>qui</strong></span> <span class='ocrx_word' id='word_1_394' title='bbox 1159 4581 1426 4636; x_wconf 86' lang='lat' dir='ltr'><strong>nunquam</strong></span> <span class='ocrx_word' id='word_1_395' title='bbox 1452 4569 1782 4636; x_wconf 79' lang='lat' dir='ltr'><strong>peccaverit:</strong></span> 
     </span>
    </p>
   </div>
   <div class='ocr_carea' id='block_1_49' title="bbox 212 4657 1787 4730">
    <p class='ocr_par' dir='ltr' id='par_1_49' title="bbox 212 4657 1787 4730">
     <span class='ocr_line' id='line_1_49' title="bbox 212 4657 1787 4730; baseline 0.001 -17"><span class='ocrx_word' id='word_1_396' title='bbox 212 4661 301 4713; x_wconf 85' lang='lat' dir='ltr'><strong>sed</strong></span> <span class='ocrx_word' id='word_1_397' title='bbox 329 4660 583 4730; x_wconf 90' lang='lat' dir='ltr'><strong>quoniam</strong></span> <span class='ocrx_word' id='word_1_398' title='bbox 610 4675 641 4712; x_wconf 87' lang='lat' dir='ltr'><strong>a</strong></span> <span class='ocrx_word' id='word_1_399' title='bbox 674 4659 909 4727; x_wconf 83' lang='lat' dir='ltr'><strong>peccatis</strong></span> <span class='ocrx_word' id='word_1_400' title='bbox 935 4673 1255 4725; x_wconf 89' lang='lat' dir='ltr'><strong>conversus,</strong></span> <span class='ocrx_word' id='word_1_401' title='bbox 1285 4657 1500 4728; x_wconf 90' lang='lat' dir='ltr'><strong>proprio</strong></span> <span class='ocrx_word' id='word_1_402' title='bbox 1526 4659 1706 4714; x_wconf 89' lang='lat' dir='ltr'><strong>labore</strong></span> <span class='ocrx_word' id='word_1_403' title='bbox 1731 4669 1787 4715; x_wconf 83' lang='lat' dir='ltr'><strong>et</strong></span> 
     </span>
    </p>
   </div>
   <div class='ocr_carea' id='block_1_50' title="bbox 215 4750 1786 4822">
    <p class='ocr_par' dir='ltr' id='par_1_50' title="bbox 215 4750 1786 4822">
     <span class='ocr_line' id='line_1_50' title="bbox 215 4750 1786 4822; baseline 0.001 -16"><span class='ocrx_word' id='word_1_404' title='bbox 215 4751 298 4806; x_wconf 86' lang='lat' dir='ltr'><strong>Dei</strong></span> <span class='ocrx_word' id='word_1_405' title='bbox 327 4753 498 4822; x_wconf 84' lang='lat' dir='ltr'><strong>gratia</strong></span> <span class='ocrx_word' id='word_1_406' title='bbox 526 4752 697 4821; x_wconf 90' lang='lat' dir='ltr'><strong>possit</strong></span> <span class='ocrx_word' id='word_1_407' title='bbox 720 4765 844 4806; x_wconf 90' lang='lat' dir='ltr'><strong>esse</strong></span> <span class='ocrx_word' id='word_1_408' title='bbox 872 4751 986 4808; x_wconf 89' lang='lat' dir='ltr'><strong>sine</strong></span> <span class='ocrx_word' id='word_1_409' title='bbox 1014 4759 1257 4820; x_wconf 86' lang='lat' dir='ltr'><strong>peccato;</strong></span> <span class='ocrx_word' id='word_1_410' title='bbox 1291 4765 1392 4807; x_wconf 89' lang='lat' dir='ltr'><strong>nec</strong></span> <span class='ocrx_word' id='word_1_411' title='bbox 1431 4766 1523 4821; x_wconf 90' lang='lat' dir='ltr'><strong>per</strong></span> <span class='ocrx_word' id='word_1_412' title='bbox 1565 4750 1666 4806; x_wconf 91' lang='lat' dir='ltr'><strong>hoc</strong></span> <span class='ocrx_word' id='word_1_413' title='bbox 1711 4762 1786 4807; x_wconf 84' lang='lat' dir='ltr'><strong>ta-</strong></span> 
     </span>
    </p>
   </div>
   <div class='ocr_carea' id='block_1_51' title="bbox 207 4841 1788 4912">
    <p class='ocr_par' dir='ltr' id='par_1_51' title="bbox 207 4841 1788 4912">
     <span class='ocr_line' id='line_1_51' title="bbox 207 4841 1788 4912; baseline 0.002 -17"><span class='ocrx_word' id='word_1_414' title='bbox 207 4857 326 4896; x_wconf 83' lang='lat' dir='ltr'><strong>men</strong></span> <span class='ocrx_word' id='word_1_415' title='bbox 377 4843 427 4896; x_wconf 90' lang='lat' dir='ltr'><strong>in</strong></span> <span class='ocrx_word' id='word_1_416' title='bbox 480 4852 755 4912; x_wconf 85' lang='lat' dir='ltr'><strong>posterum</strong></span> <span class='ocrx_word' id='word_1_417' title='bbox 800 4841 1240 4896; x_wconf 88' lang='lat' dir='ltr'><strong>inconversibilis.</strong></span> <span class='ocrx_word' id='word_1_418' title='bbox 1266 4841 1485 4910; x_wconf 80' lang='lat' dir='ltr'><strong>Reliqua</strong></span> <span class='ocrx_word' id='word_1_419' title='bbox 1517 4857 1643 4896; x_wconf 90' lang='lat' dir='ltr'><strong>vero</strong></span> <span class='ocrx_word' id='word_1_420' title='bbox 1671 4858 1788 4911; x_wconf 69' lang='lat' dir='ltr'><strong>quae</strong></span> 
     </span>
    </p>
   </div>
   <div class='ocr_carea' id='block_1_52' title="bbox 207 4931 1785 5002">
    <p class='ocr_par' dir='ltr' id='par_1_52' title="bbox 207 4931 1785 5002">
     <span class='ocr_line' id='line_1_52' title="bbox 207 4931 1785 5002; baseline 0 -16"><span class='ocrx_word' id='word_1_421' title='bbox 207 4934 577 5002; x_wconf 81' lang='lat' dir='ltr'><strong>subjecerunt,</strong></span> <span class='ocrx_word' id='word_1_422' title='bbox 607 4948 784 5002; x_wconf 88' lang='lat' dir='ltr'><strong>neque</strong></span> <span class='ocrx_word' id='word_1_423' title='bbox 811 4931 866 4986; x_wconf 93' lang='lat' dir='ltr'><strong>in</strong></span> <span class='ocrx_word' id='word_1_424' title='bbox 898 4932 1043 4986; x_wconf 87' lang='lat' dir='ltr'><strong>libris</strong></span> <span class='ocrx_word' id='word_1_425' title='bbox 1063 4933 1259 4986; x_wconf 87' lang='lat' dir='ltr'><strong>nostris</strong></span> <span class='ocrx_word' id='word_1_426' title='bbox 1282 4941 1434 4997; x_wconf 89' lang='lat' dir='ltr'><strong>sunt,</strong></span> <span class='ocrx_word' id='word_1_427' title='bbox 1463 4947 1636 5002; x_wconf 85' lang='lat' dir='ltr'><strong>neque</strong></span> <span class='ocrx_word' id='word_1_428' title='bbox 1665 4933 1785 4987; x_wconf 89' lang='lat' dir='ltr'><strong>talia</strong></span> 
     </span>
    </p>
   </div>
   <div class='ocr_carea' id='block_1_53' title="bbox 207 5023 1789 5095">
    <p class='ocr_par' dir='ltr' id='par_1_53' title="bbox 207 5023 1789 5095">
     <span class='ocr_line' id='line_1_53' title="bbox 207 5023 1789 5095; baseline 0.002 -20"><span class='ocrx_word' id='word_1_429' title='bbox 207 5038 436 5093; x_wconf 83' lang='lat' dir='ltr'><strong>unquam</strong></span> <span class='ocrx_word' id='word_1_430' title='bbox 462 5024 720 5078; x_wconf 85' lang='lat' dir='ltr'><strong>diximus.</strong></span> <span class='ocrx_word' id='word_1_431' title='bbox 749 5043 769 5075; x_wconf 76' lang='grc' dir='ltr'><strong>ι</strong></span> <span class='ocrx_word' id='word_1_432' title='bbox 805 5024 896 5077; x_wconf 85' lang='lat' dir='ltr'><strong>llis</strong></span> <span class='ocrx_word' id='word_1_433' title='bbox 921 5023 1111 5078; x_wconf 88' lang='lat' dir='ltr'><strong>auditis</strong></span> <span class='ocrx_word' id='word_1_434' title='bbox 1131 5023 1378 5095; x_wconf 83' lang='lat' dir='ltr'><strong>Synodus</strong></span> <span class='ocrx_word' id='word_1_435' title='bbox 1397 5023 1528 5079; x_wconf 82' lang='lat' dir='ltr'><strong>dixit</strong></span> <span class='ocrx_word' id='word_1_436' title='bbox 1553 5041 1564 5076; x_wconf 92' lang='lat'>:</span> <span class='ocrx_word' id='word_1_437' title='bbox 1599 5042 1616 5076; x_wconf 85' lang='grc' dir='ltr'><strong>ι</strong></span> <span class='ocrx_word' id='word_1_438' title='bbox 1646 5024 1789 5091; x_wconf 88' lang='lat' dir='ltr'><strong>Quo-</strong></span> 
     </span>
    </p>
   </div>
   <div class='ocr_carea' id='block_1_54' title="bbox 205 5114 1789 5187">
    <p class='ocr_par' dir='ltr' id='par_1_54' title="bbox 205 5114 1789 5187">
     <span class='ocr_line' id='line_1_54' title="bbox 205 5114 1789 5187; baseline 0.001 -20"><span class='ocrx_word' id='word_1_439' title='bbox 205 5116 347 5169; x_wconf 81' lang='lat' dir='ltr'><strong>niam</strong></span> <span class='ocrx_word' id='word_1_440' title='bbox 386 5130 549 5187; x_wconf 84' lang='lat' dir='ltr'><strong>negas</strong></span> <span class='ocrx_word' id='word_1_441' title='bbox 591 5124 644 5169; x_wconf 91' lang='lat' dir='ltr'><strong>te</strong></span> <span class='ocrx_word' id='word_1_442' title='bbox 695 5114 824 5168; x_wconf 88' lang='lat' dir='ltr'><strong>talia</strong></span> <span class='ocrx_word' id='word_1_443' title='bbox 867 5114 1172 5183; x_wconf 86' lang='lat' dir='ltr'><strong>scripsisse,</strong></span> <span class='ocrx_word' id='word_1_444' title='bbox 1215 5114 1630 5168; x_wconf 85' lang='lat' dir='ltr'><strong>anathematizas</strong></span> <span class='ocrx_word' id='word_1_445' title='bbox 1669 5114 1789 5168; x_wconf 92' lang='lat' dir='ltr'><strong>illos</strong></span> 
     </span>
    </p>
   </div>
   <div class='ocr_carea' id='block_1_55' title="bbox 205 5205 1790 5276">
    <p class='ocr_par' dir='ltr' id='par_1_55' title="bbox 205 5205 1790 5276">
     <span class='ocr_line' id='line_1_55' title="bbox 205 5205 1790 5276; baseline -0.003 -15"><span class='ocrx_word' id='word_1_446' title='bbox 205 5208 290 5276; x_wconf 87' lang='lat' dir='ltr'><strong>qui</strong></span> <span class='ocrx_word' id='word_1_447' title='bbox 317 5207 398 5262; x_wconf 88' lang='lat' dir='ltr'><strong>sic</strong></span> <span class='ocrx_word' id='word_1_448' title='bbox 424 5207 642 5263; x_wconf 82' lang='lat' dir='ltr'><strong>tenent?</strong></span> <span class='ocrx_word' id='word_1_449' title='bbox 675 5226 694 5260; x_wconf 80' lang='grc' dir='ltr'><strong>ι</strong></span> <span class='ocrx_word' id='word_1_450' title='bbox 723 5205 966 5275; x_wconf 83' lang='lat' dir='ltr'><strong>Pelagius</strong></span> <span class='ocrx_word' id='word_1_451' title='bbox 998 5205 1267 5275; x_wconf 90' lang='lat' dir='ltr'><strong>respondit</strong></span> <span class='ocrx_word' id='word_1_452' title='bbox 1291 5223 1304 5260; x_wconf 90' lang='lat'><strong>:</strong></span> <span class='ocrx_word' id='word_1_453' title='bbox 1339 5222 1358 5257; x_wconf 75' lang='grc' dir='ltr'><strong>ι</strong></span> <span class='ocrx_word' id='word_1_454' title='bbox 1386 5205 1790 5260; x_wconf 84' lang='lat' dir='ltr'><strong>Anathematizo</strong></span> 
     </span>
    </p>
   </div>
   <div class='ocr_carea' id='block_1_56' title="bbox 202 5295 1789 5367">
    <p class='ocr_par' dir='ltr' id='par_1_56' title="bbox 202 5295 1789 5367">
     <span class='ocr_line' id='line_1_56' title="bbox 202 5295 1789 5367; baseline -0.003 -13"><span class='ocrx_word' id='word_1_455' title='bbox 202 5298 356 5367; x_wconf 78' lang='lat' dir='ltr'><strong>quasi</strong></span> <span class='ocrx_word' id='word_1_456' title='bbox 385 5298 601 5366; x_wconf 89' lang='lat' dir='ltr'><strong>stultos,</strong></span> <span class='ocrx_word' id='word_1_457' title='bbox 631 5313 742 5352; x_wconf 89' lang='lat' dir='ltr'><strong>non</strong></span> <span class='ocrx_word' id='word_1_458' title='bbox 771 5296 922 5367; x_wconf 89' lang='lat' dir='ltr'><strong>quasi</strong></span> <span class='ocrx_word' id='word_1_459' title='bbox 951 5295 1259 5362; x_wconf 61' lang='lat' dir='ltr'><strong>hereticos;</strong></span> <span class='ocrx_word' id='word_1_460' title='bbox 1285 5296 1544 5365; x_wconf 88' lang='lat' dir='ltr'><strong>siquidem</strong></span> <span class='ocrx_word' id='word_1_461' title='bbox 1576 5312 1679 5349; x_wconf 90' lang='lat' dir='ltr'><strong>non</strong></span> <span class='ocrx_word' id='word_1_462' title='bbox 1707 5305 1789 5351; x_wconf 91' lang='lat' dir='ltr'><strong>est</strong></span> 
     </span>
    </p>
   </div>
   <div class='ocr_carea' id='block_1_57' title="bbox 202 5387 1784 5459">
    <p class='ocr_par' dir='ltr' id='par_1_57' title="bbox 202 5387 1784 5459">
     <span class='ocr_line' id='line_1_57' title="bbox 202 5387 1784 5459; baseline -0.001 -15"><span class='ocrx_word' id='word_1_463' title='bbox 202 5390 417 5459; x_wconf 79' lang='lat' dir='ltr'><strong>dogma.</strong></span> <span class='ocrx_word' id='word_1_464' title='bbox 465 5411 485 5443; x_wconf 79' lang='grc' dir='ltr'><strong>ι</strong></span> <span class='ocrx_word' id='word_1_465' title='bbox 533 5389 742 5446; x_wconf 87' lang='lat' dir='ltr'><strong>Deinde</strong></span> <span class='ocrx_word' id='word_1_466' title='bbox 791 5389 1164 5457; x_wconf 88' lang='lat' dir='ltr'><strong>judicaverunt</strong></span> <span class='ocrx_word' id='word_1_467' title='bbox 1215 5387 1449 5458; x_wconf 89' lang='lat' dir='ltr'><strong>episcopi</strong></span> <span class='ocrx_word' id='word_1_468' title='bbox 1501 5387 1784 5442; x_wconf 88' lang='lat' dir='ltr'><strong>dicentes:</strong></span> 
     </span>
    </p>
   </div>
   <div class='ocr_carea' id='block_1_58' title="bbox 208 5477 1788 5551">
    <p class='ocr_par' dir='ltr' id='par_1_58' title="bbox 208 5477 1788 5551">
     <span class='ocr_line' id='line_1_58' title="bbox 208 5477 1788 5551; baseline 0 -19"><span class='ocrx_word' id='word_1_469' title='bbox 208 5497 228 5532; x_wconf 76' lang='grc' dir='ltr'><strong>ι</strong></span> <span class='ocrx_word' id='word_1_470' title='bbox 258 5481 413 5536; x_wconf 68' lang='lat' dir='ltr'><strong>Nune</strong></span> <span class='ocrx_word' id='word_1_471' title='bbox 439 5482 697 5551; x_wconf 90' lang='lat' dir='ltr'><strong>quoniam</strong></span> <span class='ocrx_word' id='word_1_472' title='bbox 745 5479 958 5549; x_wconf 87' lang='lat' dir='ltr'><strong>propria</strong></span> <span class='ocrx_word' id='word_1_473' title='bbox 988 5494 1116 5534; x_wconf 89' lang='lat' dir='ltr'><strong>voce</strong></span> <span class='ocrx_word' id='word_1_474' title='bbox 1142 5477 1606 5534; x_wconf 85' lang='lat' dir='ltr'><strong>anathematizavit</strong></span> <span class='ocrx_word' id='word_1_475' title='bbox 1634 5479 1788 5533; x_wconf 79' lang='lat' dir='ltr'><strong>Pela-</strong></span> 
     </span>
    </p>
   </div>
   <div class='ocr_carea' id='block_1_59' title="bbox 263 5611 1783 5676">
    <p class='ocr_par' dir='ltr' id='par_1_59' title="bbox 263 5611 1783 5676">
     <span class='ocr_line' id='line_1_59' title="bbox 263 5611 1783 5676; baseline -0.004 -9"><span class='ocrx_word' id='word_1_476' title='bbox 263 5620 280 5649; x_wconf 85' lang='grc'>¹</span> <span class='ocrx_word' id='word_1_477' title='bbox 322 5618 625 5667; x_wconf 82' lang='lat' dir='ltr'><strong>Posteriores</strong></span> <span class='ocrx_word' id='word_1_478' title='bbox 657 5615 912 5676; x_wconf 22' lang='lat' dir='ltr'><strong>editiones,</strong></span> <span class='ocrx_word' id='word_1_479' title='bbox 926 5626 989 5663; x_wconf 88' lang='lat' dir='ltr'><strong>ex</strong></span> <span class='ocrx_word' id='word_1_480' title='bbox 1020 5615 1205 5665; x_wconf 75' lang='lat' dir='ltr'><strong>Antonii</strong></span> <span class='ocrx_word' id='word_1_481' title='bbox 1228 5611 1430 5676; x_wconf 75' lang='lat' dir='ltr'><strong>Velseri,</strong></span> <span class='ocrx_word' id='word_1_482' title='bbox 1457 5620 1510 5664; x_wconf 88' lang='lat' dir='ltr'><strong>ut.</strong></span> <span class='ocrx_word' id='word_1_483' title='bbox 1548 5621 1783 5676; x_wconf 81' lang='lat' dir='ltr'><strong>putamus,</strong></span> 
     </span>
    </p>
   </div>
   <div class='ocr_carea' id='block_1_60' title="bbox 203 5674 961 5742">
    <p class='ocr_par' dir='ltr' id='par_1_60' title="bbox 203 5674 961 5742">
     <span class='ocr_line' id='line_1_60' title="bbox 203 5674 961 5742; baseline -0.009 -11"><span class='ocrx_word' id='word_1_484' title='bbox 203 5681 496 5742; x_wconf 64' lang='grc' dir='ltr'>αωξεαιιη,</span> <span class='ocrx_word' id='word_1_485' title='bbox 519 5677 582 5727; x_wconf 85' lang='lat' dir='ltr'><strong>ab</strong></span> <span class='ocrx_word' id='word_1_486' title='bbox 603 5676 738 5727; x_wconf 83' lang='lat' dir='ltr'><strong>omni</strong></span> <span class='ocrx_word' id='word_1_487' title='bbox 759 5674 961 5724; x_wconf 75' lang='lat' dir='ltr'><strong>malitia.</strong></span> 
     </span>
    </p>
   </div>
   <div class='ocr_carea' id='block_1_61' title="bbox 486 5758 1172 5822">
    <p class='ocr_par' dir='ltr' id='par_1_61' title="bbox 486 5758 1172 5822">
     <span class='ocr_line' id='line_1_61' title="bbox 486 5758 1172 5822; baseline -0.007 0"><span class='ocrx_word' id='word_1_488' title='bbox 486 5763 724 5822; x_wconf 74' lang='lat' dir='ltr'><strong>SANCT.</strong></span> <span class='ocrx_word' id='word_1_489' title='bbox 780 5761 1053 5819; x_wconf 73' lang='lat' dir='ltr'><strong>Anons&#39;r.</strong></span> <span class='ocrx_word' id='word_1_490' title='bbox 1088 5758 1172 5818; x_wconf 75' lang='grc' dir='ltr'><strong>Χ.</strong></span> 
     </span>
    </p>
   </div>
   <div class='ocr_carea' id='block_1_62' title="bbox 1880 362 3456 443">
    <p class='ocr_par' dir='ltr' id='par_1_62' title="bbox 1880 362 3456 443">
     <span class='ocr_line' id='line_1_62' title="bbox 1880 362 3456 443; baseline 0.014 -28"><span class='ocrx_word' id='word_1_491' title='bbox 1880 362 1998 432; x_wconf 87' lang='lat' dir='ltr'><strong>gius</strong></span> <span class='ocrx_word' id='word_1_492' title='bbox 2023 363 2282 421; x_wconf 84' lang='lat' dir='ltr'><strong>incertum</strong></span> <span class='ocrx_word' id='word_1_493' title='bbox 2305 367 2706 437; x_wconf 86' lang='lat' dir='ltr'><strong>stultiloquium,</strong></span> <span class='ocrx_word' id='word_1_494' title='bbox 2731 380 2876 426; x_wconf 87' lang='lat' dir='ltr'><strong>recte</strong></span> <span class='ocrx_word' id='word_1_495' title='bbox 2900 375 3244 443; x_wconf 87' lang='lat' dir='ltr'><strong>respondens,</strong></span> <span class='ocrx_word' id='word_1_496' title='bbox 3263 379 3456 436; x_wconf 81' lang='lat' dir='ltr'><strong>horni-</strong></span> 
     </span>
    </p>
   </div>
   <div class='ocr_carea' id='block_1_63' title="bbox 1880 457 3452 542">
    <p class='ocr_par' dir='ltr' id='par_1_63' title="bbox 1880 457 3452 542">
     <span class='ocr_line' id='line_1_63' title="bbox 1880 457 3452 542; baseline 0.013 -34"><span class='ocrx_word' id='word_1_497' title='bbox 1880 470 2001 509; x_wconf 91' lang='lat' dir='ltr'><strong>nem</strong></span> <span class='ocrx_word' id='word_1_498' title='bbox 2027 471 2147 510; x_wconf 91' lang='lat' dir='ltr'><strong>eum</strong></span> <span class='ocrx_word' id='word_1_499' title='bbox 2176 457 2441 527; x_wconf 90' lang='lat' dir='ltr'><strong>adjutorio</strong></span> <span class='ocrx_word' id='word_1_500' title='bbox 2473 460 2562 514; x_wconf 86' lang='lat' dir='ltr'><strong>Dei</strong></span> <span class='ocrx_word' id='word_1_501' title='bbox 2589 469 2641 515; x_wconf 88' lang='lat' dir='ltr'><strong>et</strong></span> <span class='ocrx_word' id='word_1_502' title='bbox 2664 462 2830 532; x_wconf 82' lang='lat' dir='ltr'><strong>gratia</strong></span> <span class='ocrx_word' id='word_1_503' title='bbox 2857 478 3012 534; x_wconf 88' lang='lat' dir='ltr'><strong>posse</strong></span> <span class='ocrx_word' id='word_1_504' title='bbox 3030 480 3152 524; x_wconf 86' lang='lat' dir='ltr'><strong>esse</strong></span> <span class='ocrx_word' id='word_1_505' title='bbox 3178 469 3293 526; x_wconf 88' lang='lat' dir='ltr'><strong>sine</strong></span> <span class='ocrx_word' id='word_1_506' title='bbox 3317 486 3452 542; x_wconf 87' lang='lat' dir='ltr'><strong>pec-</strong></span> 
     </span>
    </p>
   </div>
   <div class='ocr_carea' id='block_1_64' title="bbox 1879 551 2985 624">
    <p class='ocr_par' dir='ltr' id='par_1_64' title="bbox 1879 551 2985 624">
     <span class='ocr_line' id='line_1_64' title="bbox 1879 551 2985 624; baseline 0.006 -21"><span class='ocrx_word' id='word_1_507' title='bbox 1879 556 2017 616; x_wconf 86' lang='lat' dir='ltr'><strong>cato,</strong></span> <span class='ocrx_word' id='word_1_508' title='bbox 2045 551 2364 620; x_wconf 86' lang='lat' dir='ltr'><strong>respondeat</strong></span> <span class='ocrx_word' id='word_1_509' title='bbox 2389 563 2446 607; x_wconf 88' lang='lat' dir='ltr'><strong>et</strong></span> <span class='ocrx_word' id='word_1_510' title='bbox 2466 552 2531 607; x_wconf 91' lang='lat' dir='ltr'><strong>ad</strong></span> <span class='ocrx_word' id='word_1_511' title='bbox 2562 553 2662 608; x_wconf 89' lang='lat' dir='ltr'><strong>alia</strong></span> <span class='ocrx_word' id='word_1_512' title='bbox 2677 556 2932 624; x_wconf 88' lang='lat' dir='ltr'><strong>.eapitula.</strong></span> <span class='ocrx_word' id='word_1_513' title='bbox 2963 575 2985 610; x_wconf 71' lang='grc' dir='ltr'><strong>ι</strong></span> 
     </span>
    </p>
   </div>
   <div class='ocr_carea' id='block_1_65' title="bbox 1954 641 3451 716">
    <p class='ocr_par' dir='ltr' id='par_1_65' title="bbox 1954 641 3451 716">
     <span class='ocr_line' id='line_1_65' title="bbox 1954 641 3451 716; baseline 0.011 -21"><span class='ocrx_word' id='word_1_514' title='bbox 1954 641 2041 696; x_wconf 79' lang='grc'><strong>17.</strong></span> <span class='ocrx_word' id='word_1_515' title='bbox 2072 641 2335 712; x_wconf 86' lang='lat' dir='ltr'><strong>Numquid</strong></span> <span class='ocrx_word' id='word_1_516' title='bbox 2366 643 2452 698; x_wconf 88' lang='lat' dir='ltr'><strong>hic</strong></span> <span class='ocrx_word' id='word_1_517' title='bbox 2480 654 2723 714; x_wconf 87' lang='lat' dir='ltr'><strong>poterant</strong></span> <span class='ocrx_word' id='word_1_518' title='bbox 2745 647 2984 715; x_wconf 89' lang='lat' dir='ltr'><strong>judiees,</strong></span> <span class='ocrx_word' id='word_1_519' title='bbox 3026 651 3111 707; x_wconf 87' lang='lat' dir='ltr'><strong>vel</strong></span> <span class='ocrx_word' id='word_1_520' title='bbox 3150 653 3416 710; x_wconf 86' lang='lat' dir='ltr'><strong>debebant</strong></span> <span class='ocrx_word' id='word_1_521' title='bbox 3435 697 3451 716; x_wconf 84' lang='lat'><strong>.</strong></span> 
     </span>
    </p>
   </div>
   <div class='ocr_carea' id='block_1_66' title="bbox 1881 732 3450 807">
    <p class='ocr_par' dir='ltr' id='par_1_66' title="bbox 1881 732 3450 807">
     <span class='ocr_line' id='line_1_66' title="bbox 1881 732 3450 807; baseline 0.008 -21"><span class='ocrx_word' id='word_1_522' title='bbox 1881 732 2144 802; x_wconf 86' lang='lat' dir='ltr'><strong>incognita</strong></span> <span class='ocrx_word' id='word_1_523' title='bbox 2181 745 2235 788; x_wconf 86' lang='lat' dir='ltr'><strong>et</strong></span> <span class='ocrx_word' id='word_1_524' title='bbox 2277 734 2474 788; x_wconf 88' lang='lat' dir='ltr'><strong>incerta</strong></span> <span class='ocrx_word' id='word_1_525' title='bbox 2512 734 2792 802; x_wconf 87' lang='lat' dir='ltr'><strong>damnare,</strong></span> <span class='ocrx_word' id='word_1_526' title='bbox 2832 739 3043 807; x_wconf 89' lang='lat' dir='ltr'><strong>quando</strong></span> <span class='ocrx_word' id='word_1_527' title='bbox 3075 757 3230 798; x_wconf 91' lang='lat' dir='ltr'><strong>nemo</strong></span> <span class='ocrx_word' id='word_1_528' title='bbox 3267 754 3450 800; x_wconf 84' lang='lat' dir='ltr'><strong>contra</strong></span> 
     </span>
    </p>
   </div>
   <div class='ocr_carea' id='block_1_67' title="bbox 1881 825 3450 906">
    <p class='ocr_par' dir='ltr' id='par_1_67' title="bbox 1881 825 3450 906">
     <span class='ocr_line' id='line_1_67' title="bbox 1881 825 3450 906; baseline 0.011 -30"><span class='ocrx_word' id='word_1_529' title='bbox 1881 825 2082 890; x_wconf 88' lang='lat' dir='ltr'><strong>aderat,</strong></span> <span class='ocrx_word' id='word_1_530' title='bbox 2114 825 2202 895; x_wconf 89' lang='lat' dir='ltr'><strong>qui</strong></span> <span class='ocrx_word' id='word_1_531' title='bbox 2228 840 2288 879; x_wconf 86' lang='lat' dir='ltr'><strong>ea</strong></span> <span class='ocrx_word' id='word_1_532' title='bbox 2314 840 2432 894; x_wconf 67' lang='lat' dir='ltr'><strong>qua:</strong></span> <span class='ocrx_word' id='word_1_533' title='bbox 2457 825 2523 878; x_wconf 86' lang='lat' dir='ltr'><strong>ad</strong></span> <span class='ocrx_word' id='word_1_534' title='bbox 2554 827 2762 881; x_wconf 88' lang='lat' dir='ltr'><strong>viduam</strong></span> <span class='ocrx_word' id='word_1_535' title='bbox 2790 831 3222 898; x_wconf 86' lang='lat' dir='ltr'><strong>reprehensibilia</strong></span> <span class='ocrx_word' id='word_1_536' title='bbox 3252 837 3450 906; x_wconf 88' lang='lat' dir='ltr'><strong>scripta</strong></span> 
     </span>
    </p>
   </div>
   <div class='ocr_carea' id='block_1_68' title="bbox 1881 915 3453 1000">
    <p class='ocr_par' dir='ltr' id='par_1_68' title="bbox 1881 915 3453 1000">
     <span class='ocr_line' id='line_1_68' title="bbox 1881 915 3453 1000; baseline 0.01 -30"><span class='ocrx_word' id='word_1_537' title='bbox 1881 915 2212 983; x_wconf 88' lang='lat' dir='ltr'><strong>dicebantur,</strong></span> <span class='ocrx_word' id='word_1_538' title='bbox 2237 918 2503 988; x_wconf 81' lang='lat' dir='ltr'><strong>Pelagium</strong></span> <span class='ocrx_word' id='word_1_539' title='bbox 2525 920 2802 988; x_wconf 88' lang='lat' dir='ltr'><strong>scripsisse</strong></span> <span class='ocrx_word' id='word_1_540' title='bbox 2821 925 3191 981; x_wconf 84' lang='lat' dir='ltr'><strong>convinceret?</strong></span> <span class='ocrx_word' id='word_1_541' title='bbox 3207 928 3304 984; x_wconf 88' lang='lat' dir='ltr'><strong>Ubi</strong></span> <span class='ocrx_word' id='word_1_542' title='bbox 3324 945 3420 1000; x_wconf 91' lang='lat' dir='ltr'><strong>pro</strong></span> <span class='ocrx_word' id='word_1_543' title='bbox 3432 959 3453 973; x_wconf 79' lang='grc' dir='ltr'><strong><em>ο</em></strong></span> 
     </span>
    </p>
   </div>
   <div class='ocr_carea' id='block_1_69' title="bbox 1881 1006 3455 1092">
    <p class='ocr_par' dir='ltr' id='par_1_69' title="bbox 1881 1006 3455 1092">
     <span class='ocr_line' id='line_1_69' title="bbox 1881 1006 3455 1092; baseline 0.01 -31"><span class='ocrx_word' id='word_1_544' title='bbox 1881 1006 2021 1062; x_wconf 88' lang='lat' dir='ltr'><strong>fecto</strong></span> <span class='ocrx_word' id='word_1_545' title='bbox 2053 1024 2234 1077; x_wconf 87' lang='lat' dir='ltr'><strong>parum</strong></span> <span class='ocrx_word' id='word_1_546' title='bbox 2264 1021 2405 1065; x_wconf 87' lang='lat' dir='ltr'><strong>esset</strong></span> <span class='ocrx_word' id='word_1_547' title='bbox 2446 1009 2682 1065; x_wconf 89' lang='lat' dir='ltr'><strong>codicem</strong></span> <span class='ocrx_word' id='word_1_548' title='bbox 2726 1011 2898 1079; x_wconf 90' lang='lat' dir='ltr'><strong>ferre,</strong></span> <span class='ocrx_word' id='word_1_549' title='bbox 2927 1023 2984 1068; x_wconf 90' lang='lat' dir='ltr'><strong>et</strong></span> <span class='ocrx_word' id='word_1_550' title='bbox 3007 1015 3074 1070; x_wconf 89' lang='lat' dir='ltr'><strong>de</strong></span> <span class='ocrx_word' id='word_1_551' title='bbox 3097 1020 3308 1087; x_wconf 90' lang='lat' dir='ltr'><strong>scriptis</strong></span> <span class='ocrx_word' id='word_1_552' title='bbox 3337 1021 3455 1092; x_wconf 79' lang='lat' dir='ltr'><strong>ejus</strong></span> 
     </span>
    </p>
   </div>
   <div class='ocr_carea' id='block_1_70' title="bbox 1884 1098 3451 1183">
    <p class='ocr_par' dir='ltr' id='par_1_70' title="bbox 1884 1098 3451 1183">
     <span class='ocr_line' id='line_1_70' title="bbox 1884 1098 3451 1183; baseline 0.01 -31"><span class='ocrx_word' id='word_1_553' title='bbox 1884 1099 1997 1153; x_wconf 71' lang='lat' dir='ltr'><strong>lta&#39;c</strong></span> <span class='ocrx_word' id='word_1_554' title='bbox 2022 1098 2218 1168; x_wconf 82' lang='lat' dir='ltr'><strong>legere,</strong></span> <span class='ocrx_word' id='word_1_555' title='bbox 2248 1101 2345 1154; x_wconf 92' lang='lat' dir='ltr'><strong>nisi</strong></span> <span class='ocrx_word' id='word_1_556' title='bbox 2377 1110 2433 1155; x_wconf 91' lang='lat' dir='ltr'><strong>et</strong></span> <span class='ocrx_word' id='word_1_557' title='bbox 2459 1108 2622 1155; x_wconf 81' lang='lat' dir='ltr'><strong>testes</strong></span> <span class='ocrx_word' id='word_1_558' title='bbox 2646 1101 3044 1171; x_wconf 82' lang='lat' dir='ltr'><strong>adhiberentur,</strong></span> <span class='ocrx_word' id='word_1_559' title='bbox 3071 1107 3116 1160; x_wconf 88' lang='lat' dir='ltr'><strong>si</strong></span> <span class='ocrx_word' id='word_1_560' title='bbox 3147 1109 3232 1163; x_wconf 88' lang='lat' dir='ltr'><strong>illa</strong></span> <span class='ocrx_word' id='word_1_561' title='bbox 3255 1113 3451 1183; x_wconf 87' lang='lat' dir='ltr'><strong>scripta</strong></span> 
     </span>
    </p>
   </div>
   <div class='ocr_carea' id='block_1_71' title="bbox 1882 1191 3453 1266">
    <p class='ocr_par' dir='ltr' id='par_1_71' title="bbox 1882 1191 3453 1266">
     <span class='ocr_line' id='line_1_71' title="bbox 1882 1191 3453 1266; baseline 0.002 -22"><span class='ocrx_word' id='word_1_562' title='bbox 1882 1205 1977 1245; x_wconf 90' lang='lat' dir='ltr'><strong>sua</strong></span> <span class='ocrx_word' id='word_1_563' title='bbox 2013 1205 2164 1254; x_wconf 90' lang='lat' dir='ltr'><strong>esse,</strong></span> <span class='ocrx_word' id='word_1_564' title='bbox 2197 1191 2356 1245; x_wconf 90' lang='lat' dir='ltr'><strong>etiam</strong></span> <span class='ocrx_word' id='word_1_565' title='bbox 2393 1207 2514 1246; x_wconf 90' lang='lat' dir='ltr'><strong>cum</strong></span> <span class='ocrx_word' id='word_1_566' title='bbox 2545 1193 2916 1262; x_wconf 81' lang='lat' dir='ltr'><strong>recitarentur,</strong></span> <span class='ocrx_word' id='word_1_567' title='bbox 2959 1208 3194 1266; x_wconf 84' lang='lat' dir='ltr'><strong>negaret.</strong></span> <span class='ocrx_word' id='word_1_568' title='bbox 3223 1199 3453 1260; x_wconf 77' lang='lat' dir='ltr'><strong>Verum-</strong></span> 
     </span>
    </p>
   </div>
   <div class='ocr_carea' id='block_1_72' title="bbox 1883 1278 3455 1362">
    <p class='ocr_par' dir='ltr' id='par_1_72' title="bbox 1883 1278 3455 1362">
     <span class='ocr_line' id='line_1_72' title="bbox 1883 1278 3455 1362; baseline 0.006 -26"><span class='ocrx_word' id='word_1_569' title='bbox 1883 1292 2058 1336; x_wconf 90' lang='lat' dir='ltr'><strong>tamen</strong></span> <span class='ocrx_word' id='word_1_570' title='bbox 2084 1283 2136 1337; x_wconf 90' lang='lat' dir='ltr'><strong>in</strong></span> <span class='ocrx_word' id='word_1_571' title='bbox 2165 1281 2245 1335; x_wconf 92' lang='lat' dir='ltr'><strong>his</strong></span> <span class='ocrx_word' id='word_1_572' title='bbox 2267 1298 2476 1352; x_wconf 86' lang='lat' dir='ltr'><strong>quoque</strong></span> <span class='ocrx_word' id='word_1_573' title='bbox 2492 1278 2730 1338; x_wconf 80' lang='lat' dir='ltr'><strong>feeerurit</strong></span> <span class='ocrx_word' id='word_1_574' title='bbox 2745 1284 2973 1353; x_wconf 89' lang='lat' dir='ltr'><strong>judices,</strong></span> <span class='ocrx_word' id='word_1_575' title='bbox 2996 1288 3135 1357; x_wconf 88' lang='lat' dir='ltr'><strong>quod</strong></span> <span class='ocrx_word' id='word_1_576' title='bbox 3157 1288 3332 1346; x_wconf 85' lang='lat' dir='ltr'><strong>facere</strong></span> <span class='ocrx_word' id='word_1_577' title='bbox 3357 1306 3455 1362; x_wconf 82' lang='lat' dir='ltr'><strong>po-</strong></span> 
     </span>
    </p>
   </div>
   <div class='ocr_carea' id='block_1_73' title="bbox 1885 1375 3452 1446">
    <p class='ocr_par' dir='ltr' id='par_1_73' title="bbox 1885 1375 3452 1446">
     <span class='ocr_line' id='line_1_73' title="bbox 1885 1375 3452 1446; baseline 0.004 -16"><span class='ocrx_word' id='word_1_578' title='bbox 1885 1384 2116 1441; x_wconf 81' lang='lat' dir='ltr'><strong>tuerunt,</strong></span> <span class='ocrx_word' id='word_1_579' title='bbox 2147 1376 2535 1445; x_wconf 86' lang='lat' dir='ltr'><strong>interrogantes</strong></span> <span class='ocrx_word' id='word_1_580' title='bbox 2560 1375 2830 1446; x_wconf 77' lang='lat' dir='ltr'><strong>Pelagium</strong></span> <span class='ocrx_word' id='word_1_581' title='bbox 2850 1417 2866 1443; x_wconf 92' lang='lat'><strong>,</strong></span> <span class='ocrx_word' id='word_1_582' title='bbox 2897 1387 3071 1442; x_wconf 87' lang='lat' dir='ltr'><strong>utrum</strong></span> <span class='ocrx_word' id='word_1_583' title='bbox 3096 1380 3452 1438; x_wconf 84' lang='lat' dir='ltr'><strong>anathemati-</strong></span> 
     </span>
    </p>
   </div>
   <div class='ocr_carea' id='block_1_74' title="bbox 1883 1467 3460 1544">
    <p class='ocr_par' dir='ltr' id='par_1_74' title="bbox 1883 1467 3460 1544">
     <span class='ocr_line' id='line_1_74' title="bbox 1883 1467 3460 1544; baseline 0.006 -24"><span class='ocrx_word' id='word_1_584' title='bbox 1883 1476 2028 1521; x_wconf 86' lang='lat' dir='ltr'><strong>zaret</strong></span> <span class='ocrx_word' id='word_1_585' title='bbox 2084 1467 2204 1522; x_wconf 89' lang='lat' dir='ltr'><strong>illos</strong></span> <span class='ocrx_word' id='word_1_586' title='bbox 2251 1467 2340 1536; x_wconf 90' lang='lat' dir='ltr'><strong>qui</strong></span> <span class='ocrx_word' id='word_1_587' title='bbox 2390 1467 2512 1522; x_wconf 89' lang='lat' dir='ltr'><strong>talia</strong></span> <span class='ocrx_word' id='word_1_588' title='bbox 2567 1467 2840 1529; x_wconf 87' lang='lat' dir='ltr'><strong>sentiunt,</strong></span> <span class='ocrx_word' id='word_1_589' title='bbox 2903 1469 3078 1538; x_wconf 88' lang='lat' dir='ltr'><strong>qualia</strong></span> <span class='ocrx_word' id='word_1_590' title='bbox 3130 1485 3190 1527; x_wconf 87' lang='lat' dir='ltr'><strong>se</strong></span> <span class='ocrx_word' id='word_1_591' title='bbox 3244 1475 3460 1544; x_wconf 83' lang='lat' dir='ltr'><strong>negavit</strong></span> 
     </span>
    </p>
   </div>
   <div class='ocr_carea' id='block_1_75' title="bbox 1883 1556 3457 1632">
    <p class='ocr_par' dir='ltr' id='par_1_75' title="bbox 1883 1556 3457 1632">
     <span class='ocr_line' id='line_1_75' title="bbox 1883 1556 3457 1632; baseline 0.006 -22"><span class='ocrx_word' id='word_1_592' title='bbox 1883 1556 2159 1626; x_wconf 84' lang='lat' dir='ltr'><strong>scripsisse</strong></span> <span class='ocrx_word' id='word_1_593' title='bbox 2177 1598 2192 1622; x_wconf 90' lang='lat'><strong>,</strong></span> <span class='ocrx_word' id='word_1_594' title='bbox 2219 1558 2336 1612; x_wconf 92' lang='lat' dir='ltr'><strong>sive</strong></span> <span class='ocrx_word' id='word_1_595' title='bbox 2365 1557 2564 1613; x_wconf 83' lang='lat' dir='ltr'><strong>dixisse</strong></span> <span class='ocrx_word' id='word_1_596' title='bbox 2593 1576 2606 1611; x_wconf 94' lang='lat'><strong>:</strong></span> <span class='ocrx_word' id='word_1_597' title='bbox 2637 1574 2770 1629; x_wconf 90' lang='lat' dir='ltr'><strong>quos</strong></span> <span class='ocrx_word' id='word_1_598' title='bbox 2801 1559 2888 1614; x_wconf 91' lang='lat' dir='ltr'><strong>ubi</strong></span> <span class='ocrx_word' id='word_1_599' title='bbox 2913 1561 2929 1591; x_wconf 79' lang='grc'>⁸</span> <span class='ocrx_word' id='word_1_600' title='bbox 2956 1575 3016 1615; x_wconf 89' lang='lat' dir='ltr'><strong>se</strong></span> <span class='ocrx_word' id='word_1_601' title='bbox 3047 1571 3292 1632; x_wconf 86' lang='lat' dir='ltr'><strong>tanquam</strong></span> <span class='ocrx_word' id='word_1_602' title='bbox 3319 1565 3457 1620; x_wconf 89' lang='lat' dir='ltr'><strong>stul-</strong></span> 
     </span>
    </p>
   </div>
   <div class='ocr_carea' id='block_1_76' title="bbox 1886 1649 3456 1723">
    <p class='ocr_par' dir='ltr' id='par_1_76' title="bbox 1886 1649 3456 1723">
     <span class='ocr_line' id='line_1_76' title="bbox 1886 1649 3456 1723; baseline 0.006 -21"><span class='ocrx_word' id='word_1_603' title='bbox 1886 1659 1967 1703; x_wconf 92' lang='lat' dir='ltr'><strong>tos</strong></span> <span class='ocrx_word' id='word_1_604' title='bbox 1992 1649 2437 1705; x_wconf 82' lang='lat' dir='ltr'><strong>anathematizare</strong></span> <span class='ocrx_word' id='word_1_605' title='bbox 2465 1651 2756 1721; x_wconf 86' lang='lat' dir='ltr'><strong>respondit,</strong></span> <span class='ocrx_word' id='word_1_606' title='bbox 2783 1652 2910 1723; x_wconf 89' lang='lat' dir='ltr'><strong>quid</strong></span> <span class='ocrx_word' id='word_1_607' title='bbox 2935 1653 3162 1722; x_wconf 75' lang='lat' dir='ltr'><strong>amplius</strong></span> <span class='ocrx_word' id='word_1_608' title='bbox 3183 1654 3253 1710; x_wconf 91' lang='lat' dir='ltr'><strong>de</strong></span> <span class='ocrx_word' id='word_1_609' title='bbox 3274 1656 3373 1711; x_wconf 90' lang='lat' dir='ltr'><strong>hac</strong></span> <span class='ocrx_word' id='word_1_610' title='bbox 3395 1671 3456 1712; x_wconf 82' lang='lat' dir='ltr'><strong>re</strong></span> 
     </span>
    </p>
   </div>
   <div class='ocr_carea' id='block_1_77' title="bbox 1880 1741 3458 1815">
    <p class='ocr_par' dir='ltr' id='par_1_77' title="bbox 1880 1741 3458 1815">
     <span class='ocr_line' id='line_1_77' title="bbox 1880 1741 3458 1815; baseline 0.005 -21"><span class='ocrx_word' id='word_1_611' title='bbox 1880 1741 2086 1810; x_wconf 89' lang='lat' dir='ltr'><strong>judices</strong></span> <span class='ocrx_word' id='word_1_612' title='bbox 2102 1783 2117 1807; x_wconf 95' lang='lat'><strong>,</strong></span> <span class='ocrx_word' id='word_1_613' title='bbox 2149 1743 2469 1797; x_wconf 84' lang='lat' dir='ltr'><strong>adversariis</strong></span> <span class='ocrx_word' id='word_1_614' title='bbox 2494 1743 2830 1810; x_wconf 85' lang='lat' dir='ltr'><strong>absentibus,</strong></span> <span class='ocrx_word' id='word_1_615' title='bbox 2857 1761 3096 1815; x_wconf 70' lang='lat' dir='ltr'><strong>quairere</strong></span> <span class='ocrx_word' id='word_1_616' title='bbox 3119 1746 3458 1804; x_wconf 69' lang='lat' dir='ltr'><strong>debuerunt!</strong></span> 
     </span>
    </p>
   </div>
   <div class='ocr_carea' id='block_1_78' title="bbox 1957 1831 3455 1906">
    <p class='ocr_par' dir='ltr' id='par_1_78' title="bbox 1957 1831 3455 1906">
     <span class='ocr_line' id='line_1_78' title="bbox 1957 1831 3455 1906; baseline 0.005 -21"><span class='ocrx_word' id='word_1_617' title='bbox 1957 1831 2042 1886; x_wconf 80' lang='lat' dir='ltr'><strong>l8.</strong></span> <span class='ocrx_word' id='word_1_618' title='bbox 2082 1834 2163 1886; x_wconf 84' lang='lat' dir='ltr'><strong>An</strong></span> <span class='ocrx_word' id='word_1_619' title='bbox 2207 1842 2262 1887; x_wconf 89' lang='lat' dir='ltr'><strong>et</strong></span> <span class='ocrx_word' id='word_1_620' title='bbox 2304 1833 2432 1888; x_wconf 87' lang='lat' dir='ltr'><strong>illud</strong></span> <span class='ocrx_word' id='word_1_621' title='bbox 2479 1833 2704 1890; x_wconf 87' lang='lat' dir='ltr'><strong>fortasse</strong></span> <span class='ocrx_word' id='word_1_622' title='bbox 2745 1835 3074 1891; x_wconf 89' lang='lat' dir='ltr'><strong>tractandum</strong></span> <span class='ocrx_word' id='word_1_623' title='bbox 3119 1847 3235 1906; x_wconf 89' lang='lat' dir='ltr'><strong>est,</strong></span> <span class='ocrx_word' id='word_1_624' title='bbox 3276 1849 3455 1894; x_wconf 90' lang='lat' dir='ltr'><strong>utrum</strong></span> 
     </span>
    </p>
   </div>
   <div class='ocr_carea' id='block_1_79' title="bbox 1883 1923 3455 1997">
    <p class='ocr_par' dir='ltr' id='par_1_79' title="bbox 1883 1923 3455 1997">
     <span class='ocr_line' id='line_1_79' title="bbox 1883 1923 3455 1997; baseline 0.005 -21"><span class='ocrx_word' id='word_1_625' title='bbox 1883 1932 2030 1978; x_wconf 88' lang='lat' dir='ltr'><strong>recte</strong></span> <span class='ocrx_word' id='word_1_626' title='bbox 2059 1923 2256 1978; x_wconf 90' lang='lat' dir='ltr'><strong>dictum</strong></span> <span class='ocrx_word' id='word_1_627' title='bbox 2285 1924 2354 1979; x_wconf 92' lang='lat' dir='ltr'><strong>sit</strong></span> <span class='ocrx_word' id='word_1_628' title='bbox 2381 1943 2400 1976; x_wconf 78' lang='grc' dir='ltr'><strong>ι</strong></span> <span class='ocrx_word' id='word_1_629' title='bbox 2431 1941 2536 1980; x_wconf 89' lang='lat' dir='ltr'><strong>non</strong></span> <span class='ocrx_word' id='word_1_630' title='bbox 2574 1935 2822 1995; x_wconf 88' lang='lat' dir='ltr'><strong>tanquam</strong></span> <span class='ocrx_word' id='word_1_631' title='bbox 2864 1926 3174 1997; x_wconf 68' lang='lat' dir='ltr'><strong>haereticos,</strong></span> <span class='ocrx_word' id='word_1_632' title='bbox 3206 1929 3302 1986; x_wconf 85' lang='lat' dir='ltr'><strong>sed</strong></span> <span class='ocrx_word' id='word_1_633' title='bbox 3334 1938 3455 1984; x_wconf 77' lang='lat' dir='ltr'><strong>tau-</strong></span> 
     </span>
    </p>
   </div>
   <div class='ocr_carea' id='block_1_80' title="bbox 1883 2001 3453 2086">
    <p class='ocr_par' dir='ltr' id='par_1_80' title="bbox 1883 2001 3453 2086">
     <span class='ocr_line' id='line_1_80' title="bbox 1883 2001 3453 2086; baseline 0.006 -20"><span class='ocrx_word' id='word_1_634' title='bbox 1883 2027 2042 2082; x_wconf 89' lang='lat' dir='ltr'><strong>quam</strong></span> <span class='ocrx_word' id='word_1_635' title='bbox 2087 2013 2280 2068; x_wconf 87' lang='lat' dir='ltr'><strong>stultos</strong></span> <span class='ocrx_word' id='word_1_636' title='bbox 2326 2013 2850 2070; x_wconf 87' lang='lat' dir='ltr'><strong>anathematizandos</strong></span> <span class='ocrx_word' id='word_1_637' title='bbox 2899 2017 2986 2085; x_wconf 90' lang='lat' dir='ltr'><strong>qui</strong></span> <span class='ocrx_word' id='word_1_638' title='bbox 3036 2001 3109 2072; x_wconf 75' lang='lat' dir='ltr'><strong>ita</strong></span> <span class='ocrx_word' id='word_1_639' title='bbox 3154 2019 3453 2086; x_wconf 89' lang='lat' dir='ltr'><strong>sentirent,</strong></span> 
     </span>
    </p>
   </div>
   <div class='ocr_carea' id='block_1_81' title="bbox 1884 2105 3457 2178">
    <p class='ocr_par' dir='ltr' id='par_1_81' title="bbox 1884 2105 3457 2178">
     <span class='ocr_line' id='line_1_81' title="bbox 1884 2105 3457 2178; baseline 0.005 -20"><span class='ocrx_word' id='word_1_640' title='bbox 1884 2105 2131 2176; x_wconf 89' lang='lat' dir='ltr'><strong>quoniam</strong></span> <span class='ocrx_word' id='word_1_641' title='bbox 2171 2105 2360 2175; x_wconf 83' lang='lat' dir='ltr'><strong>dogma</strong></span> <span class='ocrx_word' id='word_1_642' title='bbox 2403 2121 2509 2160; x_wconf 91' lang='lat' dir='ltr'><strong>non</strong></span> <span class='ocrx_word' id='word_1_643' title='bbox 2551 2106 2731 2162; x_wconf 83' lang='lat' dir='ltr'><strong>esset?</strong></span> <span class='ocrx_word' id='word_1_644' title='bbox 2763 2125 2784 2159; x_wconf 75' lang='grc' dir='ltr'><strong>ι</strong></span> <span class='ocrx_word' id='word_1_645' title='bbox 2817 2107 2921 2164; x_wconf 84' lang='lat' dir='ltr'><strong>Sed</strong></span> <span class='ocrx_word' id='word_1_646' title='bbox 2948 2107 3015 2162; x_wconf 88' lang='lat' dir='ltr'><strong>ab</strong></span> <span class='ocrx_word' id='word_1_647' title='bbox 3044 2107 3142 2163; x_wconf 88' lang='lat' dir='ltr'><strong>hac</strong></span> <span class='ocrx_word' id='word_1_648' title='bbox 3163 2109 3457 2178; x_wconf 71' lang='lat' dir='ltr'><strong>quazstiune</strong></span> 
     </span>
    </p>
   </div>
   <div class='ocr_carea' id='block_1_82' title="bbox 1885 2196 3456 2266">
    <p class='ocr_par' dir='ltr' id='par_1_82' title="bbox 1885 2196 3456 2266">
     <span class='ocr_line' id='line_1_82' title="bbox 1885 2196 3456 2266; baseline 0.003 -16"><span class='ocrx_word' id='word_1_649' title='bbox 1885 2211 1992 2252; x_wconf 91' lang='lat' dir='ltr'><strong>non</strong></span> <span class='ocrx_word' id='word_1_650' title='bbox 2017 2196 2142 2263; x_wconf 88' lang='lat' dir='ltr'><strong>levi,</strong></span> <span class='ocrx_word' id='word_1_651' title='bbox 2175 2196 2261 2250; x_wconf 92' lang='lat' dir='ltr'><strong>ubi</strong></span> <span class='ocrx_word' id='word_1_652' title='bbox 2290 2197 2564 2266; x_wconf 85' lang='lat' dir='ltr'><strong>quaeritur,</strong></span> <span class='ocrx_word' id='word_1_653' title='bbox 2597 2207 2857 2265; x_wconf 87' lang='lat' dir='ltr'><strong>quatenus</strong></span> <span class='ocrx_word' id='word_1_654' title='bbox 2884 2198 2955 2252; x_wconf 88' lang='lat' dir='ltr'><strong>sit</strong></span> <span class='ocrx_word' id='word_1_655' title='bbox 2979 2196 3313 2255; x_wconf 83' lang='lat' dir='ltr'><strong>deﬁniendus</strong></span> <span class='ocrx_word' id='word_1_656' title='bbox 3344 2201 3456 2254; x_wconf 75' lang='lat' dir='ltr'><strong>hm-</strong></span> 
     </span>
    </p>
   </div>
   <div class='ocr_carea' id='block_1_83' title="bbox 1886 2288 3456 2358">
    <p class='ocr_par' dir='ltr' id='par_1_83' title="bbox 1886 2288 3456 2358">
     <span class='ocr_line' id='line_1_83' title="bbox 1886 2288 3456 2358; baseline 0.001 -14"><span class='ocrx_word' id='word_1_657' title='bbox 1886 2289 2109 2354; x_wconf 89' lang='lat' dir='ltr'><strong>reticus,</strong></span> <span class='ocrx_word' id='word_1_658' title='bbox 2135 2298 2280 2344; x_wconf 90' lang='lat' dir='ltr'><strong>recte</strong></span> <span class='ocrx_word' id='word_1_659' title='bbox 2307 2303 2367 2343; x_wconf 90' lang='lat' dir='ltr'><strong>se</strong></span> <span class='ocrx_word' id='word_1_660' title='bbox 2392 2288 2442 2342; x_wconf 89' lang='lat' dir='ltr'><strong>in</strong></span> <span class='ocrx_word' id='word_1_661' title='bbox 2473 2289 2753 2358; x_wconf 68' lang='lat' dir='ltr'><strong>prtesentia</strong></span> <span class='ocrx_word' id='word_1_662' title='bbox 2786 2288 2998 2358; x_wconf 87' lang='lat' dir='ltr'><strong>judices</strong></span> <span class='ocrx_word' id='word_1_663' title='bbox 3021 2289 3393 2346; x_wconf 87' lang='lat' dir='ltr'><strong>abstinuerunt</strong></span> <span class='ocrx_word' id='word_1_664' title='bbox 3411 2293 3456 2345; x_wconf 80' lang='grc'><strong>³.</strong></span> 
     </span>
    </p>
   </div>
   <div class='ocr_carea' id='block_1_84' title="bbox 1885 2380 3462 2452">
    <p class='ocr_par' dir='ltr' id='par_1_84' title="bbox 1885 2380 3462 2452">
     <span class='ocr_line' id='line_1_84' title="bbox 1885 2380 3462 2452; baseline 0.002 -17"><span class='ocrx_word' id='word_1_665' title='bbox 1885 2380 2000 2436; x_wconf 83' lang='grc' dir='ltr'>Νοιι</span> <span class='ocrx_word' id='word_1_666' title='bbox 2029 2381 2168 2435; x_wconf 88' lang='lat' dir='ltr'><strong>enim</strong></span> <span class='ocrx_word' id='word_1_667' title='bbox 2187 2419 2204 2446; x_wconf 93' lang='lat'><strong>,</strong></span> <span class='ocrx_word' id='word_1_668' title='bbox 2226 2380 2270 2435; x_wconf 88' lang='lat' dir='ltr'><strong>si</strong></span> <span class='ocrx_word' id='word_1_669' title='bbox 2300 2381 2608 2450; x_wconf 87' lang='lat' dir='ltr'><strong>quisquam,</strong></span> <span class='ocrx_word' id='word_1_670' title='bbox 2637 2381 2778 2435; x_wconf 86' lang='lat' dir='ltr'><strong>verbi</strong></span> <span class='ocrx_word' id='word_1_671' title='bbox 2803 2382 2971 2450; x_wconf 85' lang='lat' dir='ltr'><strong>gratia</strong></span> <span class='ocrx_word' id='word_1_672' title='bbox 2993 2420 3010 2446; x_wconf 91' lang='lat'><strong>,</strong></span> <span class='ocrx_word' id='word_1_673' title='bbox 3042 2382 3233 2437; x_wconf 89' lang='lat' dir='ltr'><strong>dixerit</strong></span> <span class='ocrx_word' id='word_1_674' title='bbox 3254 2384 3462 2452; x_wconf 88' lang='lat' dir='ltr'><strong>aquila-</strong></span> 
     </span>
    </p>
   </div>
   <div class='ocr_carea' id='block_1_85' title="bbox 1886 2471 3461 2542">
    <p class='ocr_par' dir='ltr' id='par_1_85' title="bbox 1886 2471 3461 2542">
     <span class='ocr_line' id='line_1_85' title="bbox 1886 2471 3461 2542; baseline 0.001 -14"><span class='ocrx_word' id='word_1_675' title='bbox 1886 2488 2002 2528; x_wconf 91' lang='lat' dir='ltr'><strong>rum</strong></span> <span class='ocrx_word' id='word_1_676' title='bbox 2032 2472 2205 2542; x_wconf 90' lang='lat' dir='ltr'><strong>pullos</strong></span> <span class='ocrx_word' id='word_1_677' title='bbox 2245 2481 2465 2541; x_wconf 85' lang='lat' dir='ltr'><strong>paterno</strong></span> <span class='ocrx_word' id='word_1_678' title='bbox 2505 2486 2675 2541; x_wconf 88' lang='lat' dir='ltr'><strong>ungue</strong></span> <span class='ocrx_word' id='word_1_679' title='bbox 2711 2485 2998 2540; x_wconf 87' lang='lat' dir='ltr'><strong>suspensos</strong></span> <span class='ocrx_word' id='word_1_680' title='bbox 3037 2480 3092 2526; x_wconf 89' lang='lat' dir='ltr'><strong>et</strong></span> <span class='ocrx_word' id='word_1_681' title='bbox 3128 2471 3290 2527; x_wconf 89' lang='lat' dir='ltr'><strong>radiis</strong></span> <span class='ocrx_word' id='word_1_682' title='bbox 3328 2473 3461 2530; x_wconf 87' lang='lat' dir='ltr'><strong>solis</strong></span> 
     </span>
    </p>
   </div>
   <div class='ocr_carea' id='block_1_86' title="bbox 1886 2561 3461 2632">
    <p class='ocr_par' dir='ltr' id='par_1_86' title="bbox 1886 2561 3461 2632">
     <span class='ocr_line' id='line_1_86' title="bbox 1886 2561 3461 2632; baseline 0.001 -14"><span class='ocrx_word' id='word_1_683' title='bbox 1886 2564 2092 2618; x_wconf 88' lang='lat' dir='ltr'><strong>oblatos</strong></span> <span class='ocrx_word' id='word_1_684' title='bbox 2110 2605 2125 2629; x_wconf 92' lang='lat'><strong>,</strong></span> <span class='ocrx_word' id='word_1_685' title='bbox 2156 2563 2200 2617; x_wconf 90' lang='lat' dir='ltr'><strong>si</strong></span> <span class='ocrx_word' id='word_1_686' title='bbox 2229 2563 2398 2618; x_wconf 86' lang='lat' dir='ltr'><strong>oculis</strong></span> <span class='ocrx_word' id='word_1_687' title='bbox 2425 2563 2825 2632; x_wconf 88' lang='lat' dir='ltr'><strong>palpitaverint,</strong></span> <span class='ocrx_word' id='word_1_688' title='bbox 2854 2570 3102 2630; x_wconf 88' lang='lat' dir='ltr'><strong>tanquam</strong></span> <span class='ocrx_word' id='word_1_689' title='bbox 3133 2561 3461 2619; x_wconf 86' lang='lat' dir='ltr'><strong>adulterinos</strong></span> 
     </span>
    </p>
   </div>
   <div class='ocr_carea' id='block_1_87' title="bbox 1887 2654 3464 2724">
    <p class='ocr_par' dir='ltr' id='par_1_87' title="bbox 1887 2654 3464 2724">
     <span class='ocr_line' id='line_1_87' title="bbox 1887 2654 3464 2724; baseline 0.001 -14"><span class='ocrx_word' id='word_1_690' title='bbox 1887 2655 1940 2710; x_wconf 89' lang='lat' dir='ltr'><strong>in</strong></span> <span class='ocrx_word' id='word_1_691' title='bbox 1967 2664 2182 2721; x_wconf 87' lang='lat' dir='ltr'><strong>terram,</strong></span> <span class='ocrx_word' id='word_1_692' title='bbox 2209 2655 2324 2710; x_wconf 89' lang='lat' dir='ltr'><strong>luce</strong></span> <span class='ocrx_word' id='word_1_693' title='bbox 2347 2654 2574 2724; x_wconf 89' lang='lat' dir='ltr'><strong>quodam</strong></span> <span class='ocrx_word' id='word_1_694' title='bbox 2596 2654 2754 2708; x_wconf 86' lang='lat' dir='ltr'><strong>modo</strong></span> <span class='ocrx_word' id='word_1_695' title='bbox 2776 2655 3142 2720; x_wconf 86' lang='lat' dir='ltr'><strong>convincente,</strong></span> <span class='ocrx_word' id='word_1_696' title='bbox 3173 2655 3386 2720; x_wconf 89' lang='lat' dir='ltr'><strong>dimitti,</strong></span> <span class='ocrx_word' id='word_1_697' title='bbox 3415 2657 3464 2712; x_wconf 81' lang='lat' dir='ltr'><strong>si</strong></span> 
     </span>
    </p>
   </div>
   <div class='ocr_carea' id='block_1_88' title="bbox 1887 2731 3466 2817">
    <p class='ocr_par' dir='ltr' id='par_1_88' title="bbox 1887 2731 3466 2817">
     <span class='ocr_line' id='line_1_88' title="bbox 1887 2731 3466 2817; baseline 0.001 -14"><span class='ocrx_word' id='word_1_698' title='bbox 1887 2747 2022 2804; x_wconf 89' lang='lat' dir='ltr'><strong>forte</strong></span> <span class='ocrx_word' id='word_1_699' title='bbox 2051 2747 2152 2802; x_wconf 91' lang='lat' dir='ltr'><strong>hoc</strong></span> <span class='ocrx_word' id='word_1_700' title='bbox 2180 2747 2370 2801; x_wconf 88' lang='lat' dir='ltr'><strong>falsum</strong></span> <span class='ocrx_word' id='word_1_701' title='bbox 2408 2755 2525 2812; x_wconf 88' lang='lat' dir='ltr'><strong>est,</strong></span> <span class='ocrx_word' id='word_1_702' title='bbox 2571 2747 2853 2801; x_wconf 73' lang='lat' dir='ltr'><strong>hazreticus</strong></span> <span class='ocrx_word' id='word_1_703' title='bbox 2894 2747 3210 2817; x_wconf 88' lang='lat' dir='ltr'><strong>judicandus</strong></span> <span class='ocrx_word' id='word_1_704' title='bbox 3251 2731 3353 2803; x_wconf 82' lang='lat' dir='ltr'><strong>est.</strong></span> <span class='ocrx_word' id='word_1_705' title='bbox 3395 2748 3466 2804; x_wconf 82' lang='lat' dir='ltr'><strong>Et</strong></span> 
     </span>
    </p>
   </div>
   <div class='ocr_carea' id='block_1_89' title="bbox 1887 2836 3462 2910">
    <p class='ocr_par' dir='ltr' id='par_1_89' title="bbox 1887 2836 3462 2910">
     <span class='ocr_line' id='line_1_89' title="bbox 1887 2836 3462 2910; baseline -0.002 -15"><span class='ocrx_word' id='word_1_706' title='bbox 1887 2839 2018 2906; x_wconf 82' lang='lat' dir='ltr'><strong>hoc,</strong></span> <span class='ocrx_word' id='word_1_707' title='bbox 2059 2839 2178 2910; x_wconf 89' lang='lat' dir='ltr'><strong>quia</strong></span> <span class='ocrx_word' id='word_1_708' title='bbox 2221 2838 2272 2892; x_wconf 89' lang='lat' dir='ltr'><strong>in</strong></span> <span class='ocrx_word' id='word_1_709' title='bbox 2301 2838 2578 2893; x_wconf 89' lang='lat' dir='ltr'><strong>hominum</strong></span> <span class='ocrx_word' id='word_1_710' title='bbox 2614 2836 2892 2893; x_wconf 90' lang='lat' dir='ltr'><strong>doctorum</strong></span> <span class='ocrx_word' id='word_1_711' title='bbox 2940 2837 3132 2894; x_wconf 88' lang='lat' dir='ltr'><strong>litteris</strong></span> <span class='ocrx_word' id='word_1_712' title='bbox 3177 2839 3462 2906; x_wconf 84' lang='lat' dir='ltr'><strong>invenitur,</strong></span> 
     </span>
    </p>
   </div>
   <div class='ocr_carea' id='block_1_90' title="bbox 1888 2929 3459 3000">
    <p class='ocr_par' dir='ltr' id='par_1_90' title="bbox 1888 2929 3459 3000">
     <span class='ocr_line' id='line_1_90' title="bbox 1888 2929 3459 3000; baseline -0.001 -14"><span class='ocrx_word' id='word_1_713' title='bbox 1888 2932 2128 3000; x_wconf 86' lang='lat' dir='ltr'><strong>famaque</strong></span> <span class='ocrx_word' id='word_1_714' title='bbox 2152 2929 2419 3000; x_wconf 86' lang='lat' dir='ltr'><strong>vulgatum</strong></span> <span class='ocrx_word' id='word_1_715' title='bbox 2442 2939 2558 2994; x_wconf 87' lang='lat' dir='ltr'><strong>est,</strong></span> <span class='ocrx_word' id='word_1_716' title='bbox 2586 2945 2685 2984; x_wconf 90' lang='lat' dir='ltr'><strong>nec</strong></span> <span class='ocrx_word' id='word_1_717' title='bbox 2708 2931 2868 2984; x_wconf 90' lang='lat' dir='ltr'><strong>stulte</strong></span> <span class='ocrx_word' id='word_1_718' title='bbox 2893 2929 2995 2985; x_wconf 89' lang='lat' dir='ltr'><strong>diei</strong></span> <span class='ocrx_word' id='word_1_719' title='bbox 3025 2929 3312 3000; x_wconf 86' lang='lat' dir='ltr'><strong>putandum</strong></span> <span class='ocrx_word' id='word_1_720' title='bbox 3342 2939 3459 2996; x_wconf 91' lang='lat' dir='ltr'><strong>est,</strong></span> 
     </span>
    </p>
   </div>
   <div class='ocr_carea' id='block_1_91' title="bbox 1887 3018 3464 3088">
    <p class='ocr_par' dir='ltr' id='par_1_91' title="bbox 1887 3018 3464 3088">
     <span class='ocr_line' id='line_1_91' title="bbox 1887 3018 3464 3088; baseline -0.001 -12"><span class='ocrx_word' id='word_1_721' title='bbox 1887 3020 2045 3076; x_wconf 87' lang='lat' dir='ltr'><strong>etiam</strong></span> <span class='ocrx_word' id='word_1_722' title='bbox 2075 3021 2120 3074; x_wconf 91' lang='lat' dir='ltr'><strong>si</strong></span> <span class='ocrx_word' id='word_1_723' title='bbox 2147 3035 2329 3075; x_wconf 90' lang='lat' dir='ltr'><strong>verum</strong></span> <span class='ocrx_word' id='word_1_724' title='bbox 2354 3035 2458 3074; x_wconf 86' lang='lat' dir='ltr'><strong>non</strong></span> <span class='ocrx_word' id='word_1_725' title='bbox 2485 3028 2598 3084; x_wconf 91' lang='lat' dir='ltr'><strong>est;</strong></span> <span class='ocrx_word' id='word_1_726' title='bbox 2632 3034 2730 3074; x_wconf 92' lang='lat' dir='ltr'><strong>nec</strong></span> <span class='ocrx_word' id='word_1_727' title='bbox 2756 3018 2910 3073; x_wconf 88' lang='lat' dir='ltr'><strong>ﬁdem</strong></span> <span class='ocrx_word' id='word_1_728' title='bbox 2941 3028 3174 3073; x_wconf 82' lang='lat' dir='ltr'><strong>nostram</strong></span> <span class='ocrx_word' id='word_1_729' title='bbox 3199 3060 3212 3084; x_wconf 98' lang='lat'><strong>,</strong></span> <span class='ocrx_word' id='word_1_730' title='bbox 3242 3027 3464 3088; x_wconf 84' lang='lat' dir='ltr'><strong>prapter</strong></span> 
     </span>
    </p>
   </div>
   <div class='ocr_carea' id='block_1_92' title="bbox 1887 3109 3464 3184">
    <p class='ocr_par' dir='ltr' id='par_1_92' title="bbox 1887 3109 3464 3184">
     <span class='ocr_line' id='line_1_92' title="bbox 1887 3109 3464 3184; baseline -0.001 -19"><span class='ocrx_word' id='word_1_731' title='bbox 1887 3127 2044 3184; x_wconf 90' lang='lat' dir='ltr'><strong>quam</strong></span> <span class='ocrx_word' id='word_1_732' title='bbox 2072 3110 2258 3166; x_wconf 84' lang='lat' dir='ltr'><strong>fideles</strong></span> <span class='ocrx_word' id='word_1_733' title='bbox 2285 3125 2557 3177; x_wconf 88' lang='lat' dir='ltr'><strong>vocamur,</strong></span> <span class='ocrx_word' id='word_1_734' title='bbox 2587 3119 2679 3167; x_wconf 79' lang='lat' dir='ltr'><strong>aut</strong></span> <span class='ocrx_word' id='word_1_735' title='bbox 2702 3109 2958 3164; x_wconf 89' lang='lat' dir='ltr'><strong>creditum</strong></span> <span class='ocrx_word' id='word_1_736' title='bbox 2981 3109 3001 3140; x_wconf 88' lang='grc'>⁸</span> <span class='ocrx_word' id='word_1_737' title='bbox 3029 3109 3201 3176; x_wconf 65' lang='lat' dir='ltr'><strong>laedit,</strong></span> <span class='ocrx_word' id='word_1_738' title='bbox 3228 3119 3317 3162; x_wconf 86' lang='lat' dir='ltr'><strong>aut</strong></span> <span class='ocrx_word' id='word_1_739' title='bbox 3344 3124 3464 3164; x_wconf 83' lang='lat' dir='ltr'><strong>cre-</strong></span> 
     </span>
    </p>
   </div>
   <div class='ocr_carea' id='block_1_93' title="bbox 1887 3201 3460 3274">
    <p class='ocr_par' dir='ltr' id='par_1_93' title="bbox 1887 3201 3460 3274">
     <span class='ocr_line' id='line_1_93' title="bbox 1887 3201 3460 3274; baseline -0.002 -15"><span class='ocrx_word' id='word_1_740' title='bbox 1887 3205 2052 3260; x_wconf 90' lang='lat' dir='ltr'><strong>ditum</strong></span> <span class='ocrx_word' id='word_1_741' title='bbox 2070 3204 2238 3274; x_wconf 88' lang='lat' dir='ltr'><strong>juvat.</strong></span> <span class='ocrx_word' id='word_1_742' title='bbox 2267 3204 2452 3268; x_wconf 88' lang='lat' dir='ltr'><strong>Porro,</strong></span> <span class='ocrx_word' id='word_1_743' title='bbox 2474 3202 2520 3258; x_wconf 89' lang='lat' dir='ltr'><strong>si</strong></span> <span class='ocrx_word' id='word_1_744' title='bbox 2536 3218 2599 3258; x_wconf 89' lang='lat' dir='ltr'><strong>ex</strong></span> <span class='ocrx_word' id='word_1_745' title='bbox 2625 3203 2724 3258; x_wconf 91' lang='lat' dir='ltr'><strong>hoc</strong></span> <span class='ocrx_word' id='word_1_746' title='bbox 2749 3217 2909 3260; x_wconf 85' lang='lat' dir='ltr'><strong>sensu</strong></span> <span class='ocrx_word' id='word_1_747' title='bbox 2932 3201 3086 3272; x_wconf 69' lang='lat' dir='ltr'><strong>quis‘</strong></span> <span class='ocrx_word' id='word_1_748' title='bbox 3105 3202 3460 3268; x_wconf 87' lang='lat' dir='ltr'><strong>contenderit,</strong></span> 
     </span>
    </p>
   </div>
   <div class='ocr_carea' id='block_1_94' title="bbox 1887 3295 3462 3364">
    <p class='ocr_par' dir='ltr' id='par_1_94' title="bbox 1887 3295 3462 3364">
     <span class='ocr_line' id='line_1_94' title="bbox 1887 3295 3462 3364; baseline 0.001 -12"><span class='ocrx_word' id='word_1_749' title='bbox 1887 3297 2093 3354; x_wconf 88' lang='lat' dir='ltr'><strong>animas</strong></span> <span class='ocrx_word' id='word_1_750' title='bbox 2121 3297 2462 3352; x_wconf 87' lang='lat' dir='ltr'><strong>rationabiles</strong></span> <span class='ocrx_word' id='word_1_751' title='bbox 2490 3295 2668 3351; x_wconf 90' lang='lat' dir='ltr'><strong>inesse</strong></span> <span class='ocrx_word' id='word_1_752' title='bbox 2693 3295 3026 3362; x_wconf 88' lang='lat' dir='ltr'><strong>volucribus,</strong></span> <span class='ocrx_word' id='word_1_753' title='bbox 3053 3310 3119 3349; x_wconf 89' lang='lat' dir='ltr'><strong>ex</strong></span> <span class='ocrx_word' id='word_1_754' title='bbox 3147 3310 3212 3349; x_wconf 90' lang='lat' dir='ltr'><strong>eo</strong></span> <span class='ocrx_word' id='word_1_755' title='bbox 3237 3295 3375 3364; x_wconf 85' lang='lat' dir='ltr'><strong>quod</strong></span> <span class='ocrx_word' id='word_1_756' title='bbox 3407 3295 3462 3354; x_wconf 93' lang='lat' dir='ltr'><strong>in</strong></span> 
     </span>
    </p>
   </div>
   <div class='ocr_carea' id='block_1_95' title="bbox 1888 3385 3464 3455">
    <p class='ocr_par' dir='ltr' id='par_1_95' title="bbox 1888 3385 3464 3455">
     <span class='ocr_line' id='line_1_95' title="bbox 1888 3385 3464 3455; baseline -0.004 -11"><span class='ocrx_word' id='word_1_757' title='bbox 1888 3403 1980 3444; x_wconf 84' lang='lat' dir='ltr'><strong>cas</strong></span> <span class='ocrx_word' id='word_1_758' title='bbox 2007 3388 2341 3442; x_wconf 88' lang='lat' dir='ltr'><strong>revolvantur</strong></span> <span class='ocrx_word' id='word_1_759' title='bbox 2368 3385 2615 3440; x_wconf 74' lang='lat' dir='ltr'><strong>humana:</strong></span> <span class='ocrx_word' id='word_1_760' title='bbox 2639 3402 2652 3438; x_wconf 90' lang='lat'><strong>:</strong></span> <span class='ocrx_word' id='word_1_761' title='bbox 2677 3394 2785 3440; x_wconf 92' lang='lat' dir='ltr'><strong>tum</strong></span> <span class='ocrx_word' id='word_1_762' title='bbox 2813 3399 2939 3440; x_wconf 88' lang='lat' dir='ltr'><strong>vero</strong></span> <span class='ocrx_word' id='word_1_763' title='bbox 2970 3393 3218 3455; x_wconf 85' lang='lat' dir='ltr'><strong>tanquam</strong></span> <span class='ocrx_word' id='word_1_764' title='bbox 3251 3385 3464 3439; x_wconf 76' lang='lat' dir='ltr'><strong>hat-reti-</strong></span> 
     </span>
    </p>
   </div>
   <div class='ocr_carea' id='block_1_96' title="bbox 1887 3475 3464 3550">
    <p class='ocr_par' dir='ltr' id='par_1_96' title="bbox 1887 3475 3464 3550">
     <span class='ocr_line' id='line_1_96' title="bbox 1887 3475 3464 3550; baseline -0.004 -16"><span class='ocrx_word' id='word_1_765' title='bbox 1887 3493 1947 3534; x_wconf 87' lang='lat' dir='ltr'><strong>ca</strong></span> <span class='ocrx_word' id='word_1_766' title='bbox 1976 3477 2172 3550; x_wconf 90' lang='lat' dir='ltr'><strong>pestis,</strong></span> <span class='ocrx_word' id='word_1_767' title='bbox 2203 3479 2270 3532; x_wconf 85' lang='lat' dir='ltr'><strong>ab</strong></span> <span class='ocrx_word' id='word_1_768' title='bbox 2295 3477 2512 3532; x_wconf 88' lang='lat' dir='ltr'><strong>auribus</strong></span> <span class='ocrx_word' id='word_1_769' title='bbox 2544 3477 2830 3546; x_wconf 88' lang='lat' dir='ltr'><strong>animoque</strong></span> <span class='ocrx_word' id='word_1_770' title='bbox 2875 3475 3112 3546; x_wconf 88' lang='lat' dir='ltr'><strong>pellenda</strong></span> <span class='ocrx_word' id='word_1_771' title='bbox 3149 3487 3263 3541; x_wconf 90' lang='lat' dir='ltr'><strong>est;</strong></span> <span class='ocrx_word' id='word_1_772' title='bbox 3301 3491 3464 3545; x_wconf 86' lang='lat' dir='ltr'><strong>agen-</strong></span> 
     </span>
    </p>
   </div>
   <div class='ocr_carea' id='block_1_97' title="bbox 1888 3566 3464 3641">
    <p class='ocr_par' dir='ltr' id='par_1_97' title="bbox 1888 3566 3464 3641">
     <span class='ocr_line' id='line_1_97' title="bbox 1888 3566 3464 3641; baseline -0.003 -16"><span class='ocrx_word' id='word_1_773' title='bbox 1888 3569 2119 3641; x_wconf 91' lang='lat' dir='ltr'><strong>dumque</strong></span> <span class='ocrx_word' id='word_1_774' title='bbox 2146 3578 2200 3624; x_wconf 93' lang='lat' dir='ltr'><strong>et</strong></span> <span class='ocrx_word' id='word_1_775' title='bbox 2226 3567 2695 3624; x_wconf 89' lang='lat' dir='ltr'><strong>demonstrandum</strong></span> <span class='ocrx_word' id='word_1_776' title='bbox 2720 3607 2737 3633; x_wconf 93' lang='lat'><strong>,</strong></span> <span class='ocrx_word' id='word_1_777' title='bbox 2769 3567 2926 3622; x_wconf 91' lang='lat' dir='ltr'><strong>etiam</strong></span> <span class='ocrx_word' id='word_1_778' title='bbox 2965 3567 3011 3621; x_wconf 91' lang='lat' dir='ltr'><strong>si</strong></span> <span class='ocrx_word' id='word_1_779' title='bbox 3054 3567 3152 3620; x_wconf 86' lang='lat' dir='ltr'><strong>hoc</strong></span> <span class='ocrx_word' id='word_1_780' title='bbox 3177 3566 3243 3621; x_wconf 90' lang='lat' dir='ltr'><strong>de</strong></span> <span class='ocrx_word' id='word_1_781' title='bbox 3271 3566 3464 3636; x_wconf 81' lang='lat' dir='ltr'><strong>aquilis</strong></span> 
     </span>
    </p>
   </div>
   <div class='ocr_carea' id='block_1_98' title="bbox 1888 3655 3464 3726">
    <p class='ocr_par' dir='ltr' id='par_1_98' title="bbox 1888 3655 3464 3726">
     <span class='ocr_line' id='line_1_98' title="bbox 1888 3655 3464 3726; baseline -0.003 -10"><span class='ocrx_word' id='word_1_782' title='bbox 1888 3677 2070 3716; x_wconf 91' lang='lat' dir='ltr'><strong>verum</strong></span> <span class='ocrx_word' id='word_1_783' title='bbox 2100 3670 2218 3726; x_wconf 88' lang='lat' dir='ltr'><strong>est,</strong></span> <span class='ocrx_word' id='word_1_784' title='bbox 2249 3659 2385 3713; x_wconf 89' lang='lat' dir='ltr'><strong>sicut</strong></span> <span class='ocrx_word' id='word_1_785' title='bbox 2412 3659 2576 3712; x_wconf 88' lang='lat' dir='ltr'><strong>multa</strong></span> <span class='ocrx_word' id='word_1_786' title='bbox 2610 3658 2740 3711; x_wconf 88' lang='lat' dir='ltr'><strong>mira</strong></span> <span class='ocrx_word' id='word_1_787' title='bbox 2776 3666 2898 3711; x_wconf 91' lang='lat' dir='ltr'><strong>ante</strong></span> <span class='ocrx_word' id='word_1_788' title='bbox 2936 3656 3117 3711; x_wconf 89' lang='lat' dir='ltr'><strong>oculos</strong></span> <span class='ocrx_word' id='word_1_789' title='bbox 3147 3665 3360 3710; x_wconf 90' lang='lat' dir='ltr'><strong>nostros</strong></span> <span class='ocrx_word' id='word_1_790' title='bbox 3395 3655 3464 3711; x_wconf 86' lang='lat' dir='ltr'><strong>de</strong></span> 
     </span>
    </p>
   </div>
   <div class='ocr_carea' id='block_1_99' title="bbox 1889 3745 3464 3822">
    <p class='ocr_par' dir='ltr' id='par_1_99' title="bbox 1889 3745 3464 3822">
     <span class='ocr_line' id='line_1_99' title="bbox 1889 3745 3464 3822; baseline -0.003 -17"><span class='ocrx_word' id='word_1_791' title='bbox 1889 3751 2074 3822; x_wconf 90' lang='lat' dir='ltr'><strong>apibus</strong></span> <span class='ocrx_word' id='word_1_792' title='bbox 2101 3765 2224 3804; x_wconf 89' lang='lat' dir='ltr'><strong>vera</strong></span> <span class='ocrx_word' id='word_1_793' title='bbox 2255 3758 2412 3814; x_wconf 90' lang='lat' dir='ltr'><strong>sunt,</strong></span> <span class='ocrx_word' id='word_1_794' title='bbox 2441 3749 2595 3818; x_wconf 88' lang='lat' dir='ltr'><strong>longe</strong></span> <span class='ocrx_word' id='word_1_795' title='bbox 2626 3756 2802 3801; x_wconf 69' lang='lat' dir='ltr'><strong>tamen</strong></span> <span class='ocrx_word' id='word_1_796' title='bbox 2829 3748 2896 3802; x_wconf 91' lang='lat' dir='ltr'><strong>ab</strong></span> <span class='ocrx_word' id='word_1_797' title='bbox 2922 3745 3222 3814; x_wconf 83' lang='lat' dir='ltr'><strong>hujuSmodi</strong></span> <span class='ocrx_word' id='word_1_798' title='bbox 3254 3747 3464 3800; x_wconf 85' lang='lat' dir='ltr'><strong>irratio—</strong></span> 
     </span>
    </p>
   </div>
   <div class='ocr_carea' id='block_1_100' title="bbox 1889 3837 3464 3908">
    <p class='ocr_par' dir='ltr' id='par_1_100' title="bbox 1889 3837 3464 3908">
     <span class='ocr_line' id='line_1_100' title="bbox 1889 3837 3464 3908; baseline -0.003 -12"><span class='ocrx_word' id='word_1_799' title='bbox 1889 3842 2141 3896; x_wconf 87' lang='lat' dir='ltr'><strong>nabilium</strong></span> <span class='ocrx_word' id='word_1_800' title='bbox 2163 3841 2526 3902; x_wconf 89' lang='lat' dir='ltr'><strong>animantium,</strong></span> <span class='ocrx_word' id='word_1_801' title='bbox 2551 3838 2789 3908; x_wconf 89' lang='lat' dir='ltr'><strong>quamvis</strong></span> <span class='ocrx_word' id='word_1_802' title='bbox 2815 3837 3039 3890; x_wconf 86' lang='lat' dir='ltr'><strong>mirabili</strong></span> <span class='ocrx_word' id='word_1_803' title='bbox 3063 3851 3240 3900; x_wconf 90' lang='lat' dir='ltr'><strong>sensu,</strong></span> <span class='ocrx_word' id='word_1_804' title='bbox 3265 3837 3464 3892; x_wconf 82' lang='lat' dir='ltr'><strong>distare</strong></span> 
     </span>
    </p>
   </div>
   <div class='ocr_carea' id='block_1_101' title="bbox 1889 3926 3464 4000">
    <p class='ocr_par' dir='ltr' id='par_1_101' title="bbox 1889 3926 3464 4000">
     <span class='ocr_line' id='line_1_101' title="bbox 1889 3926 3464 4000; baseline -0.003 -15"><span class='ocrx_word' id='word_1_805' title='bbox 1889 3932 2170 3997; x_wconf 87' lang='lat' dir='ltr'><strong>rationem,</strong></span> <span class='ocrx_word' id='word_1_806' title='bbox 2194 3945 2311 4000; x_wconf 62' lang='lat' dir='ltr'><strong>quae</strong></span> <span class='ocrx_word' id='word_1_807' title='bbox 2337 3945 2440 3982; x_wconf 88' lang='lat' dir='ltr'><strong>non</strong></span> <span class='ocrx_word' id='word_1_808' title='bbox 2469 3927 2768 4000; x_wconf 86' lang='lat' dir='ltr'><strong>hominibus</strong></span> <span class='ocrx_word' id='word_1_809' title='bbox 2787 3936 2840 3982; x_wconf 92' lang='lat' dir='ltr'><strong>et</strong></span> <span class='ocrx_word' id='word_1_810' title='bbox 2861 3927 3155 3996; x_wconf 88' lang='lat' dir='ltr'><strong>pecoribus,</strong></span> <span class='ocrx_word' id='word_1_811' title='bbox 3179 3926 3270 3981; x_wconf 91' lang='lat' dir='ltr'><strong>sed</strong></span> <span class='ocrx_word' id='word_1_812' title='bbox 3293 3926 3464 3980; x_wconf 82' lang='grc' dir='ltr'>ιιοιιιί-</span> 
     </span>
    </p>
   </div>
   <div class='ocr_carea' id='block_1_102' title="bbox 1892 4017 3463 4092">
    <p class='ocr_par' dir='ltr' id='par_1_102' title="bbox 1892 4017 3463 4092">
     <span class='ocr_line' id='line_1_102' title="bbox 1892 4017 3463 4092; baseline -0.003 -15"><span class='ocrx_word' id='word_1_813' title='bbox 1892 4025 2045 4078; x_wconf 92' lang='lat' dir='ltr'><strong>nibus</strong></span> <span class='ocrx_word' id='word_1_814' title='bbox 2088 4021 2405 4092; x_wconf 87' lang='lat' dir='ltr'><strong>Angelisque</strong></span> <span class='ocrx_word' id='word_1_815' title='bbox 2447 4018 2742 4074; x_wconf 91' lang='lat' dir='ltr'><strong>communis</strong></span> <span class='ocrx_word' id='word_1_816' title='bbox 2785 4027 2886 4073; x_wconf 90' lang='lat' dir='ltr'><strong>est.</strong></span> <span class='ocrx_word' id='word_1_817' title='bbox 2926 4017 3086 4071; x_wconf 80' lang='lat' dir='ltr'><strong>Multa</strong></span> <span class='ocrx_word' id='word_1_818' title='bbox 3130 4032 3257 4071; x_wconf 90' lang='lat' dir='ltr'><strong>vero</strong></span> <span class='ocrx_word' id='word_1_819' title='bbox 3301 4018 3463 4072; x_wconf 89' lang='lat' dir='ltr'><strong>etiam</strong></span> 
     </span>
    </p>
   </div>
   <div class='ocr_carea' id='block_1_103' title="bbox 1890 4107 3463 4178">
    <p class='ocr_par' dir='ltr' id='par_1_103' title="bbox 1890 4107 3463 4178">
     <span class='ocr_line' id='line_1_103' title="bbox 1890 4107 3463 4178; baseline -0.006 -8"><span class='ocrx_word' id='word_1_820' title='bbox 1890 4115 2047 4170; x_wconf 90' lang='lat' dir='ltr'><strong>stulta</strong></span> <span class='ocrx_word' id='word_1_821' title='bbox 2077 4112 2321 4167; x_wconf 85' lang='lat' dir='ltr'><strong>dicuntur</strong></span> <span class='ocrx_word' id='word_1_822' title='bbox 2345 4111 2410 4165; x_wconf 89' lang='lat' dir='ltr'><strong>ab</strong></span> <span class='ocrx_word' id='word_1_823' title='bbox 2439 4109 2696 4178; x_wconf 90' lang='lat' dir='ltr'><strong>imperitis</strong></span> <span class='ocrx_word' id='word_1_824' title='bbox 2721 4117 2774 4162; x_wconf 91' lang='lat' dir='ltr'><strong>et</strong></span> <span class='ocrx_word' id='word_1_825' title='bbox 2806 4109 2954 4162; x_wconf 87' lang='lat' dir='ltr'><strong>vanis</strong></span> <span class='ocrx_word' id='word_1_826' title='bbox 2979 4148 2992 4172; x_wconf 92' lang='lat'><strong>,</strong></span> <span class='ocrx_word' id='word_1_827' title='bbox 3022 4123 3119 4163; x_wconf 90' lang='lat' dir='ltr'><strong>nec</strong></span> <span class='ocrx_word' id='word_1_828' title='bbox 3145 4116 3321 4161; x_wconf 88' lang='lat' dir='ltr'><strong>tamen</strong></span> <span class='ocrx_word' id='word_1_829' title='bbox 3353 4107 3463 4160; x_wconf 76' lang='lat' dir='ltr'><strong>lue-</strong></span> 
     </span>
    </p>
   </div>
   <div class='ocr_carea' id='block_1_104' title="bbox 1891 4198 3462 4273">
    <p class='ocr_par' dir='ltr' id='par_1_104' title="bbox 1891 4198 3462 4273">
     <span class='ocr_line' id='line_1_104' title="bbox 1891 4198 3462 4273; baseline -0.006 -12"><span class='ocrx_word' id='word_1_830' title='bbox 1891 4205 2100 4270; x_wconf 89' lang='lat' dir='ltr'><strong>reticis;</strong></span> <span class='ocrx_word' id='word_1_831' title='bbox 2148 4203 2320 4273; x_wconf 91' lang='lat' dir='ltr'><strong>qualia</strong></span> <span class='ocrx_word' id='word_1_832' title='bbox 2365 4209 2488 4254; x_wconf 86' lang='lat' dir='ltr'><strong>sunt</strong></span> <span class='ocrx_word' id='word_1_833' title='bbox 2534 4215 2714 4254; x_wconf 87' lang='lat' dir='ltr'><strong>eorum</strong></span> <span class='ocrx_word' id='word_1_834' title='bbox 2760 4199 2845 4268; x_wconf 92' lang='lat' dir='ltr'><strong>qui</strong></span> <span class='ocrx_word' id='word_1_835' title='bbox 2892 4199 2958 4253; x_wconf 90' lang='lat' dir='ltr'><strong>de</strong></span> <span class='ocrx_word' id='word_1_836' title='bbox 3004 4199 3188 4253; x_wconf 86' lang='lat' dir='ltr'><strong>alienis</strong></span> <span class='ocrx_word' id='word_1_837' title='bbox 3229 4198 3462 4266; x_wconf 87' lang='lat' dir='ltr'><strong>artibus,</strong></span> 
     </span>
    </p>
   </div>
   <div class='ocr_carea' id='block_1_105' title="bbox 1891 4288 3466 4370">
    <p class='ocr_par' dir='ltr' id='par_1_105' title="bbox 1891 4288 3466 4370">
     <span class='ocr_line' id='line_1_105' title="bbox 1891 4288 3466 4370; baseline -0.007 -17"><span class='ocrx_word' id='word_1_838' title='bbox 1891 4313 2023 4370; x_wconf 87' lang='lat' dir='ltr'><strong>quas</strong></span> <span class='ocrx_word' id='word_1_839' title='bbox 2049 4313 2152 4350; x_wconf 92' lang='lat' dir='ltr'><strong>non</strong></span> <span class='ocrx_word' id='word_1_840' title='bbox 2182 4295 2510 4355; x_wconf 86' lang='lat' dir='ltr'><strong>didicerunt,</strong></span> <span class='ocrx_word' id='word_1_841' title='bbox 2545 4302 2739 4344; x_wconf 90' lang='lat' dir='ltr'><strong>temere</strong></span> <span class='ocrx_word' id='word_1_842' title='bbox 2762 4288 3000 4358; x_wconf 89' lang='lat' dir='ltr'><strong>judicant</strong></span> <span class='ocrx_word' id='word_1_843' title='bbox 3021 4331 3035 4356; x_wconf 93' lang='lat'><strong>,</strong></span> <span class='ocrx_word' id='word_1_844' title='bbox 3079 4299 3170 4342; x_wconf 90' lang='lat' dir='ltr'><strong>aut</strong></span> <span class='ocrx_word' id='word_1_845' title='bbox 3207 4289 3466 4344; x_wconf 76' lang='lat' dir='ltr'><strong>immode-</strong></span> 
     </span>
    </p>
   </div>
   <div class='ocr_carea' id='block_1_106' title="bbox 1891 4381 3460 4453">
    <p class='ocr_par' dir='ltr' id='par_1_106' title="bbox 1891 4381 3460 4453">
     <span class='ocr_line' id='line_1_106' title="bbox 1891 4381 3460 4453; baseline -0.009 -4"><span class='ocrx_word' id='word_1_846' title='bbox 1891 4403 2010 4448; x_wconf 86' lang='lat' dir='ltr'><strong>rato</strong></span> <span class='ocrx_word' id='word_1_847' title='bbox 2038 4402 2091 4447; x_wconf 89' lang='lat' dir='ltr'><strong>et</strong></span> <span class='ocrx_word' id='word_1_848' title='bbox 2118 4405 2261 4446; x_wconf 70' lang='lat' dir='ltr'><strong>carro</strong></span> <span class='ocrx_word' id='word_1_849' title='bbox 2299 4387 2486 4442; x_wconf 81' lang='lat' dir='ltr'><strong>aﬂ’ectu</strong></span> <span class='ocrx_word' id='word_1_850' title='bbox 2531 4386 2609 4440; x_wconf 88' lang='lat' dir='ltr'><strong>vel</strong></span> <span class='ocrx_word' id='word_1_851' title='bbox 2659 4383 2874 4438; x_wconf 89' lang='lat' dir='ltr'><strong>laudant</strong></span> <span class='ocrx_word' id='word_1_852' title='bbox 2917 4399 3048 4453; x_wconf 91' lang='lat' dir='ltr'><strong>quos</strong></span> <span class='ocrx_word' id='word_1_853' title='bbox 3087 4383 3344 4452; x_wconf 86' lang='lat' dir='ltr'><strong>diligunt,</strong></span> <span class='ocrx_word' id='word_1_854' title='bbox 3372 4381 3460 4436; x_wconf 85' lang='lat' dir='ltr'><strong>vel</strong></span> 
     </span>
    </p>
   </div>
   <div class='ocr_carea' id='block_1_107' title="bbox 1890 4472 3462 4552">
    <p class='ocr_par' dir='ltr' id='par_1_107' title="bbox 1890 4472 3462 4552">
     <span class='ocr_line' id='line_1_107' title="bbox 1890 4472 3462 4552; baseline -0.009 -13"><span class='ocrx_word' id='word_1_855' title='bbox 1890 4485 2188 4552; x_wconf 86' lang='lat' dir='ltr'><strong>vituperant</strong></span> <span class='ocrx_word' id='word_1_856' title='bbox 2209 4493 2344 4548; x_wconf 85' lang='lat' dir='ltr'><strong>quos</strong></span> <span class='ocrx_word' id='word_1_857' title='bbox 2363 4476 2622 4540; x_wconf 88' lang='lat' dir='ltr'><strong>oderunt;</strong></span> <span class='ocrx_word' id='word_1_858' title='bbox 2647 4485 2698 4528; x_wconf 90' lang='lat' dir='ltr'><strong>et</strong></span> <span class='ocrx_word' id='word_1_859' title='bbox 2723 4472 2971 4542; x_wconf 87' lang='lat' dir='ltr'><strong>quidquid</strong></span> <span class='ocrx_word' id='word_1_860' title='bbox 3000 4472 3138 4526; x_wconf 88' lang='lat' dir='ltr'><strong>aliud</strong></span> <span class='ocrx_word' id='word_1_861' title='bbox 3166 4473 3214 4525; x_wconf 91' lang='lat' dir='ltr'><strong>in</strong></span> <span class='ocrx_word' id='word_1_862' title='bbox 3237 4485 3462 4526; x_wconf 86' lang='lat' dir='ltr'><strong>consue-</strong></span> 
     </span>
    </p>
   </div>
   <div class='ocr_carea' id='block_1_108' title="bbox 1891 4562 3460 4632">
    <p class='ocr_par' dir='ltr' id='par_1_108' title="bbox 1891 4562 3460 4632">
     <span class='ocr_line' id='line_1_108' title="bbox 1891 4562 3460 4632; baseline -0.011 0"><span class='ocrx_word' id='word_1_863' title='bbox 1891 4577 2074 4632; x_wconf 90' lang='lat' dir='ltr'><strong>tudine</strong></span> <span class='ocrx_word' id='word_1_864' title='bbox 2103 4572 2364 4628; x_wconf 86' lang='lat' dir='ltr'><strong>sermonis</strong></span> <span class='ocrx_word' id='word_1_865' title='bbox 2393 4568 2606 4622; x_wconf 89' lang='lat' dir='ltr'><strong>humani</strong></span> <span class='ocrx_word' id='word_1_866' title='bbox 2626 4607 2641 4631; x_wconf 95' lang='lat'><strong>,</strong></span> <span class='ocrx_word' id='word_1_867' title='bbox 2678 4580 2779 4619; x_wconf 92' lang='lat' dir='ltr'><strong>non</strong></span> <span class='ocrx_word' id='word_1_868' title='bbox 2818 4573 3015 4618; x_wconf 84' lang='lat' dir='ltr'><strong>statuto</strong></span> <span class='ocrx_word' id='word_1_869' title='bbox 3055 4563 3302 4632; x_wconf 84' lang='lat' dir='ltr'><strong>dogmate</strong></span> <span class='ocrx_word' id='word_1_870' title='bbox 3321 4603 3336 4627; x_wconf 89' lang='lat'><strong>,</strong></span> <span class='ocrx_word' id='word_1_871' title='bbox 3364 4562 3460 4616; x_wconf 87' lang='lat' dir='ltr'><strong>sed</strong></span> 
     </span>
    </p>
   </div>
   <div class='ocr_carea' id='block_1_109' title="bbox 1892 4654 3457 4739">
    <p class='ocr_par' dir='ltr' id='par_1_109' title="bbox 1892 4654 3457 4739">
     <span class='ocr_line' id='line_1_109' title="bbox 1892 4654 3457 4739; baseline -0.011 -16"><span class='ocrx_word' id='word_1_872' title='bbox 1892 4667 2109 4739; x_wconf 86' lang='lat' dir='ltr'><strong>passim,</strong></span> <span class='ocrx_word' id='word_1_873' title='bbox 2141 4673 2196 4717; x_wconf 88' lang='lat' dir='ltr'><strong>ut</strong></span> <span class='ocrx_word' id='word_1_874' title='bbox 2221 4663 2285 4717; x_wconf 89' lang='lat' dir='ltr'><strong>ad</strong></span> <span class='ocrx_word' id='word_1_875' title='bbox 2318 4671 2524 4730; x_wconf 88' lang='lat' dir='ltr'><strong>tempus</strong></span> <span class='ocrx_word' id='word_1_876' title='bbox 2551 4656 2858 4719; x_wconf 89' lang='lat' dir='ltr'><strong>occurrerit,</strong></span> <span class='ocrx_word' id='word_1_877' title='bbox 2894 4671 2990 4724; x_wconf 78' lang='lat' dir='ltr'><strong>per</strong></span> <span class='ocrx_word' id='word_1_878' title='bbox 3013 4654 3246 4708; x_wconf 66' lang='lat' dir='ltr'><strong>stultitim</strong></span> <span class='ocrx_word' id='word_1_879' title='bbox 3267 4654 3457 4708; x_wconf 86' lang='lat' dir='ltr'><strong>levita-</strong></span> 
     </span>
    </p>
   </div>
   <div class='ocr_carea' id='block_1_110' title="bbox 1895 4745 3459 4824">
    <p class='ocr_par' dir='ltr' id='par_1_110' title="bbox 1895 4745 3459 4824">
     <span class='ocr_line' id='line_1_110' title="bbox 1895 4745 3459 4824; baseline -0.012 -9"><span class='ocrx_word' id='word_1_880' title='bbox 1895 4771 2022 4824; x_wconf 89' lang='lat' dir='ltr'><strong>tem,</strong></span> <span class='ocrx_word' id='word_1_881' title='bbox 2044 4757 2128 4811; x_wconf 91' lang='lat' dir='ltr'><strong>vel</strong></span> <span class='ocrx_word' id='word_1_882' title='bbox 2153 4769 2246 4808; x_wconf 89' lang='lat' dir='ltr'><strong>ore</strong></span> <span class='ocrx_word' id='word_1_883' title='bbox 2268 4752 2547 4821; x_wconf 72' lang='lat' dir='ltr'><strong>prof-rtur,</strong></span> <span class='ocrx_word' id='word_1_884' title='bbox 2574 4749 2651 4800; x_wconf 81' lang='lat' dir='ltr'><strong>vel</strong></span> <span class='ocrx_word' id='word_1_885' title='bbox 2678 4747 2801 4800; x_wconf 90' lang='lat' dir='ltr'><strong>stilo</strong></span> <span class='ocrx_word' id='word_1_886' title='bbox 2817 4747 2974 4800; x_wconf 86' lang='lat' dir='ltr'><strong>etiam</strong></span> <span class='ocrx_word' id='word_1_887' title='bbox 3003 4745 3292 4812; x_wconf 84' lang='lat' dir='ltr'><strong>litterisque</strong></span> <span class='ocrx_word' id='word_1_888' title='bbox 3307 4758 3459 4798; x_wconf 89' lang='lat' dir='ltr'><strong>com-</strong></span> 
     </span>
    </p>
   </div>
   <div class='ocr_carea' id='block_1_111' title="bbox 1894 4834 3462 4909">
    <p class='ocr_par' dir='ltr' id='par_1_111' title="bbox 1894 4834 3462 4909">
     <span class='ocr_line' id='line_1_111' title="bbox 1894 4834 3462 4909; baseline -0.011 -5"><span class='ocrx_word' id='word_1_889' title='bbox 1894 4849 2133 4904; x_wconf 84' lang='lat' dir='ltr'><strong>mittitur.</strong></span> <span class='ocrx_word' id='word_1_890' title='bbox 2164 4845 2350 4898; x_wconf 75' lang='lat' dir='ltr'><strong>Multos</strong></span> <span class='ocrx_word' id='word_1_891' title='bbox 2378 4841 2607 4909; x_wconf 80' lang='lat' dir='ltr'><strong>denique</strong></span> <span class='ocrx_word' id='word_1_892' title='bbox 2632 4837 2699 4892; x_wconf 93' lang='lat' dir='ltr'><strong>dc</strong></span> <span class='ocrx_word' id='word_1_893' title='bbox 2731 4837 2812 4890; x_wconf 89' lang='lat' dir='ltr'><strong>his</strong></span> <span class='ocrx_word' id='word_1_894' title='bbox 2844 4835 3106 4905; x_wconf 83' lang='lat' dir='ltr'><strong>paululum</strong></span> <span class='ocrx_word' id='word_1_895' title='bbox 3137 4834 3462 4899; x_wconf 87' lang='lat' dir='ltr'><strong>admonitos,</strong></span> 
     </span>
    </p>
   </div>
   <div class='ocr_carea' id='block_1_112' title="bbox 1893 4925 3464 5002">
    <p class='ocr_par' dir='ltr' id='par_1_112' title="bbox 1893 4925 3464 5002">
     <span class='ocr_line' id='line_1_112' title="bbox 1893 4925 3464 5002; baseline -0.014 -3"><span class='ocrx_word' id='word_1_896' title='bbox 1893 4943 2017 4998; x_wconf 86' lang='lat' dir='ltr'><strong>talia</strong></span> <span class='ocrx_word' id='word_1_897' title='bbox 2045 4941 2240 4996; x_wconf 79' lang='lat' dir='ltr'><strong>dixisse</strong></span> <span class='ocrx_word' id='word_1_898' title='bbox 2263 4951 2382 4988; x_wconf 89' lang='lat' dir='ltr'><strong>mox</strong></span> <span class='ocrx_word' id='word_1_899' title='bbox 2411 4932 2630 5002; x_wconf 78' lang='lat' dir='ltr'><strong>pmnitet</strong></span> <span class='ocrx_word' id='word_1_900' title='bbox 2655 4949 2667 4984; x_wconf 89' lang='lat'><strong>:</strong></span> <span class='ocrx_word' id='word_1_901' title='bbox 2693 4931 2760 4984; x_wconf 89' lang='lat' dir='ltr'><strong>ita</strong></span> <span class='ocrx_word' id='word_1_902' title='bbox 2791 4944 2852 4983; x_wconf 84' lang='lat' dir='ltr'><strong>ea</strong></span> <span class='ocrx_word' id='word_1_903' title='bbox 2885 4944 2986 4982; x_wconf 90' lang='lat' dir='ltr'><strong>non</strong></span> <span class='ocrx_word' id='word_1_904' title='bbox 3021 4927 3209 4996; x_wconf 84' lang='lat' dir='ltr'><strong>placito</strong></span> <span class='ocrx_word' id='word_1_905' title='bbox 3233 4925 3464 4997; x_wconf 85' lang='lat' dir='ltr'><strong>quodam</strong></span> 
     </span>
    </p>
   </div>
   <div class='ocr_carea' id='block_1_113' title="bbox 1896 5022 3460 5094">
    <p class='ocr_par' dir='ltr' id='par_1_113' title="bbox 1896 5022 3460 5094">
     <span class='ocr_line' id='line_1_113' title="bbox 1896 5022 3460 5094; baseline -0.012 -3"><span class='ocrx_word' id='word_1_906' title='bbox 1896 5035 1996 5091; x_wconf 80' lang='lat' dir='ltr'><strong>ﬁxa</strong></span> <span class='ocrx_word' id='word_1_907' title='bbox 2019 5031 2336 5092; x_wconf 86' lang='lat' dir='ltr'><strong>retinebant,</strong></span> <span class='ocrx_word' id='word_1_908' title='bbox 2368 5026 2460 5080; x_wconf 90' lang='lat' dir='ltr'><strong>sed</strong></span> <span class='ocrx_word' id='word_1_909' title='bbox 2488 5024 2636 5094; x_wconf 89' lang='lat' dir='ltr'><strong>quasi</strong></span> <span class='ocrx_word' id='word_1_910' title='bbox 2668 5022 3032 5090; x_wconf 88' lang='lat' dir='ltr'><strong>undecumque</strong></span> <span class='ocrx_word' id='word_1_911' title='bbox 3060 5028 3205 5088; x_wconf 87' lang='lat' dir='ltr'><strong>rapta</strong></span> <span class='ocrx_word' id='word_1_912' title='bbox 3224 5059 3240 5083; x_wconf 90' lang='lat'><strong>,</strong></span> <span class='ocrx_word' id='word_1_913' title='bbox 3271 5027 3324 5074; x_wconf 89' lang='lat' dir='ltr'><strong>et</strong></span> <span class='ocrx_word' id='word_1_914' title='bbox 3353 5033 3460 5072; x_wconf 93' lang='lat' dir='ltr'><strong>non</strong></span> 
     </span>
    </p>
   </div>
   <div class='ocr_carea' id='block_1_114' title="bbox 1894 5111 3462 5189">
    <p class='ocr_par' dir='ltr' id='par_1_114' title="bbox 1894 5111 3462 5189">
     <span class='ocr_line' id='line_1_114' title="bbox 1894 5111 3462 5189; baseline -0.012 -6"><span class='ocrx_word' id='word_1_915' title='bbox 1894 5124 2224 5183; x_wconf 87' lang='lat' dir='ltr'><strong>considerata</strong></span> <span class='ocrx_word' id='word_1_916' title='bbox 2245 5160 2258 5184; x_wconf 97' lang='lat'><strong>,</strong></span> <span class='ocrx_word' id='word_1_917' title='bbox 2291 5116 2651 5189; x_wconf 84' lang='lat' dir='ltr'><strong>profuderant.</strong></span> <span class='ocrx_word' id='word_1_918' title='bbox 2680 5113 2776 5167; x_wconf 82' lang='lat' dir='ltr'><strong>Vix</strong></span> <span class='ocrx_word' id='word_1_919' title='bbox 2820 5121 2901 5166; x_wconf 88' lang='lat' dir='ltr'><strong>est</strong></span> <span class='ocrx_word' id='word_1_920' title='bbox 2928 5123 3103 5165; x_wconf 85' lang='lat' dir='ltr'><strong>autem</strong></span> <span class='ocrx_word' id='word_1_921' title='bbox 3131 5124 3313 5166; x_wconf 88' lang='lat' dir='ltr'><strong>carere</strong></span> <span class='ocrx_word' id='word_1_922' title='bbox 3342 5111 3462 5165; x_wconf 90' lang='lat' dir='ltr'><strong>istis</strong></span> 
     </span>
    </p>
   </div>
   <div class='ocr_carea' id='block_1_115' title="bbox 1957 5285 3469 5376">
    <p class='ocr_par' dir='ltr' id='par_1_115' title="bbox 1957 5285 3469 5376">
     <span class='ocr_line' id='line_1_115' title="bbox 1957 5285 3469 5376; baseline -0.012 -25"><span class='ocrx_word' id='word_1_923' title='bbox 1957 5304 1974 5376; x_wconf 67' lang='grc' dir='ltr'><strong>ξ</strong></span> <span class='ocrx_word' id='word_1_924' title='bbox 2000 5303 2132 5361; x_wconf 68' lang='lat' dir='ltr'><strong>aliti,</strong></span> <span class='ocrx_word' id='word_1_925' title='bbox 2156 5311 2270 5362; x_wconf 85' lang='lat' dir='ltr'><strong>quos</strong></span> <span class='ocrx_word' id='word_1_926' title='bbox 2291 5294 2362 5347; x_wconf 78' lang='lat' dir='ltr'><strong>ibi</strong></span> <span class='ocrx_word' id='word_1_927' title='bbox 2384 5308 2400 5357; x_wconf 91' lang='lat'><strong>;</strong></span> <span class='ocrx_word' id='word_1_928' title='bbox 2422 5292 2521 5353; x_wconf 85' lang='lat' dir='ltr'><strong>vel,</strong></span> <span class='ocrx_word' id='word_1_929' title='bbox 2546 5305 2660 5356; x_wconf 83' lang='lat' dir='ltr'><strong>quos</strong></span> <span class='ocrx_word' id='word_1_930' title='bbox 2682 5290 2782 5342; x_wconf 78' lang='lat' dir='ltr'><strong>ille.</strong></span> <span class='ocrx_word' id='word_1_931' title='bbox 2816 5289 3121 5338; x_wconf 88' lang='lat' dir='ltr'><strong>Colhertinus</strong></span> <span class='ocrx_word' id='word_1_932' title='bbox 3150 5285 3324 5346; x_wconf 82' lang='lat' dir='ltr'><strong>codex,</strong></span> <span class='ocrx_word' id='word_1_933' title='bbox 3349 5297 3469 5347; x_wconf 74' lang='lat' dir='ltr'><strong>quos</strong></span> 
     </span>
    </p>
   </div>
   <div class='ocr_carea' id='block_1_116' title="bbox 1894 5364 3397 5482">
    <p class='ocr_par' dir='ltr' id='par_1_116' title="bbox 1894 5364 3397 5482">
     <span class='ocr_line' id='line_1_116' title="bbox 1894 5364 2526 5426; baseline -0.013 -12"><span class='ocrx_word' id='word_1_934' title='bbox 1894 5364 1990 5414; x_wconf 73' lang='lat' dir='ltr'><strong>ubi.</strong></span> <span class='ocrx_word' id='word_1_935' title='bbox 2518 5417 2526 5426; x_wconf 39' lang='lat'>.</span> 
     </span>
     <span class='ocr_line' id='line_1_117' title="bbox 1959 5405 3397 5482; baseline -0.015 -8"><span class='ocrx_word' id='word_1_936' title='bbox 1959 5429 1977 5458; x_wconf 79' lang='grc'><strong>²</strong></span> <span class='ocrx_word' id='word_1_937' title='bbox 2003 5433 2052 5474; x_wconf 86' lang='grc' dir='ltr'><strong>ιιι</strong></span> <span class='ocrx_word' id='word_1_938' title='bbox 2085 5432 2187 5473; x_wconf 74' lang='lat' dir='ltr'><strong>Mss.</strong></span> <span class='ocrx_word' id='word_1_939' title='bbox 2209 5429 2261 5470; x_wconf 88' lang='lat' dir='ltr'><strong>et</strong></span> <span class='ocrx_word' id='word_1_940' title='bbox 2282 5421 2429 5482; x_wconf 90' lang='lat' dir='ltr'><strong>prima</strong></span> <span class='ocrx_word' id='word_1_941' title='bbox 2453 5417 2663 5466; x_wconf 83' lang='lat' dir='ltr'><strong>editione</strong></span> <span class='ocrx_word' id='word_1_942' title='bbox 2686 5410 2812 5482; x_wconf 76' lang='lat' dir='ltr'><strong>Vols.</strong></span> <span class='ocrx_word' id='word_1_943' title='bbox 2835 5411 2890 5460; x_wconf 68' lang='lat' dir='ltr'><strong>ac</strong></span> <span class='ocrx_word' id='word_1_944' title='bbox 2911 5420 3061 5471; x_wconf 55' lang='lat' dir='ltr'><strong>suae,</strong></span> <span class='ocrx_word' id='word_1_945' title='bbox 3085 5405 3397 5459; x_wconf 78' lang='lat' dir='ltr'><strong>abstulerunt.</strong></span> 
     </span>
    </p>
   </div>
   <div class='ocr_carea' id='block_1_117' title="bbox 1957 5472 3427 5540">
    <p class='ocr_par' dir='ltr' id='par_1_117' title="bbox 1957 5472 3427 5540">
     <span class='ocr_line' id='line_1_118' title="bbox 1957 5472 3427 5540; baseline -0.007 -6"><span class='ocrx_word' id='word_1_946' title='bbox 1957 5488 1978 5520; x_wconf 84' lang='grc'>³</span> <span class='ocrx_word' id='word_1_947' title='bbox 2003 5472 2158 5534; x_wconf 67' lang='lat' dir='ltr'><strong>t-‘rlitio</strong></span> <span class='ocrx_word' id='word_1_948' title='bbox 2179 5472 2424 5535; x_wconf 46' lang='lat' dir='ltr'><strong>sola&#39;atasq</strong></span> <span class='ocrx_word' id='word_1_949' title='bbox 2448 5485 2528 5527; x_wconf 80' lang='lat' dir='ltr'><strong>aut</strong></span> <span class='ocrx_word' id='word_1_950' title='bbox 2544 5489 2636 5526; x_wconf 86' lang='lat' dir='ltr'><strong>non</strong></span> <span class='ocrx_word' id='word_1_951' title='bbox 2658 5472 2914 5538; x_wconf 51' lang='lat' dir='ltr'><strong>creditum.</strong></span> <span class='ocrx_word' id='word_1_952' title='bbox 2987 5535 2994 5540; x_wconf 91' lang='lat'>_</span> <span class='ocrx_word' id='word_1_953' title='bbox 3377 5536 3386 5540; x_wconf 29' lang='grc' dir='ltr'><strong>Α</strong></span> <span class='ocrx_word' id='word_1_954' title='bbox 3419 5529 3427 5538; x_wconf 52' lang='grc'>,</span> 
     </span>
    </p>
   </div>
   <div class='ocr_carea' id='block_1_118' title="bbox 1956 5530 3467 5602">
    <p class='ocr_par' dir='ltr' id='par_1_118' title="bbox 1956 5530 3467 5602">
     <span class='ocr_line' id='line_1_119' title="bbox 1956 5530 3467 5602; baseline -0.014 -5"><span class='ocrx_word' id='word_1_955' title='bbox 1956 5550 1978 5581; x_wconf 68' lang='grc'>⁸</span> <span class='ocrx_word' id='word_1_956' title='bbox 2008 5530 2155 5596; x_wconf 47' lang='lat' dir='ltr'><strong>inde;</strong></span> <span class='ocrx_word' id='word_1_957' title='bbox 2177 5530 2238 5594; x_wconf 75' lang='lat' dir='ltr'><strong>ex</strong></span> <span class='ocrx_word' id='word_1_958' title='bbox 2263 5530 2534 5602; x_wconf 80' lang='lat' dir='ltr'><strong>conjectura</strong></span> <span class='ocrx_word' id='word_1_959' title='bbox 2557 5530 2832 5602; x_wconf 46' lang='lat' dir='ltr'><strong>correctus:</strong></span> <span class='ocrx_word' id='word_1_960' title='bbox 2856 5542 2903 5602; x_wconf 79' lang='lat' dir='ltr'><strong>In</strong></span> <span class='ocrx_word' id='word_1_961' title='bbox 2929 5535 3082 5601; x_wconf 77' lang='lat' dir='ltr'><strong>prima</strong></span> <span class='ocrx_word' id='word_1_962' title='bbox 3099 5530 3310 5602; x_wconf 75' lang='lat' dir='ltr'><strong>editione</strong></span> <span class='ocrx_word' id='word_1_963' title='bbox 3342 5536 3394 5602; x_wconf 82' lang='lat' dir='ltr'><strong>et</strong></span> <span class='ocrx_word' id='word_1_964' title='bbox 3418 5530 3467 5602; x_wconf 72' lang='lat' dir='ltr'><strong>in</strong></span> 
     </span>
    </p>
   </div>
   <div class='ocr_carea' id='block_1_119' title="bbox 1894 5589 3466 5672">
    <p class='ocr_par' dir='ltr' id='par_1_119' title="bbox 1894 5589 3466 5672">
     <span class='ocr_line' id='line_1_120' title="bbox 1894 5589 3466 5672; baseline -0.014 -12"><span class='ocrx_word' id='word_1_965' title='bbox 1894 5589 2430 5672; x_wconf 56' lang='lat' dir='ltr'><strong>anqiiiii‘iiiasnséiiﬁiis</strong></span> <span class='ocrx_word' id='word_1_966' title='bbox 2469 5600 2740 5662; x_wconf 64' lang='lat' dir='ltr'><strong>Isgeliatur,</strong></span> <span class='ocrx_word' id='word_1_967' title='bbox 2773 5610 2838 5649; x_wconf 73' lang='lat' dir='ltr'><strong>ex</strong></span> <span class='ocrx_word' id='word_1_968' title='bbox 2873 5589 2959 5645; x_wconf 65' lang='lat' dir='ltr'><strong>Ito&#39;c</strong></span> <span class='ocrx_word' id='word_1_969' title='bbox 2983 5592 3107 5644; x_wconf 75' lang='lat' dir='ltr'><strong>scitis</strong></span> <span class='ocrx_word' id='word_1_970' title='bbox 3143 5589 3264 5652; x_wconf 88' lang='lat' dir='ltr'><strong>(vel,</strong></span> <span class='ocrx_word' id='word_1_971' title='bbox 3297 5590 3466 5653; x_wconf 65' lang='lat' dir='ltr'><strong>scruta)</strong></span> 
     </span>
    </p>
   </div>
   <div class='ocr_carea' id='block_1_120' title="bbox 1897 5672 2040 5736">
    <p class='ocr_par' dir='ltr' id='par_1_120' title="bbox 1897 5672 2040 5736">
     <span class='ocr_line' id='line_1_121' title="bbox 1897 5672 2040 5736; baseline -0.007 -15"><span class='ocrx_word' id='word_1_972' title='bbox 1897 5672 2022 5736; x_wconf 74' lang='lat' dir='ltr'><strong>quod</strong></span> <span class='ocrx_word' id='word_1_973' title='bbox 2030 5709 2040 5720; x_wconf 93' lang='lat'><strong>.</strong></span> 
     </span>
    </p>
   </div>
   <div class='ocr_carea' id='block_1_121' title="bbox 2917 5737 3180 5815">
    <p class='ocr_par' dir='ltr' id='par_1_121' title="bbox 2917 5737 3180 5815">
     <span class='ocr_line' id='line_1_122' title="bbox 2917 5737 3180 5815; baseline -0.019 -18"><span class='ocrx_word' id='word_1_974' title='bbox 2917 5737 3180 5815; x_wconf 65' lang='lat' dir='ltr'><strong>{On-ae.)</strong></span> 
     </span>
    </p>
   </div>
  </div>
