3984 6546
490 294 588 350 531

493 406 646 460 malis
675 421 689 460 :
713 413 766 460 et
791 403 909 476 quis
938 412 1020 458 est
1044 401 1131 470 qui
1161 413 1271 454 non
1295 397 1488 452 labitur
1523 397 1698 465 lingua
1720 437 1734 460 ,
1763 403 1819 449 et
1846 391 2065 448 ollendit

490 499 543 552 in
575 496 738 552 verbo
766 494 931 567 (Eccli
961 509 1073 557 xix,
1106 491 1193 556 16,
1221 499 1267 543 et
1296 488 1474 542 Jacobi
1501 504 1581 553 ιιι,
1601 486 1694 559 2)?
1720 487 1824 542 Sed
1849 486 2069 540 interest

489 595 766 655 quantum,
791 585 1012 640 interest
1040 581 1201 647 unde,
1230 580 1446 634 interest
1477 587 1748 648 postremo
1771 585 1947 630 utrum
1973 573 2070 628 ad-

491 679 722 733 monitus
765 675 1021 744 corrigat,
1061 687 1128 726 an
1172 670 1510 742 pertinaciter
1539 667 1875 724 defendendo
1908 668 2068 721 etiam

489 771 680 838 dogma
696 765 871 830 faciat,
890 762 1028 833 quod
1045 763 1276 830 levitate,
1296 778 1401 816 non
1421 761 1666 832 dogmate
1687 760 1914 814 dixerat.
1936 759 2069 813 Cum

491 861 650 932 igitur
667 858 840 914 omnis
857 856 1140 913 htcrcticus
1159 862 1545 926 consequenter
1563 863 1616 909 et
1639 853 1834 907 stultus
1852 851 1939 917 sit,
1963 865 2067 905 non

488 963 664 1009 autem
690 952 864 1006 omnis
887 950 1078 1006 stultus
1105 949 1357 1004 continuo
1385 948 1454 1003 sit
1478 945 1825 1017 appellandus
1851 943 2068 998 haereti-

488 1063 612 1112 cus;
642 1055 788 1103 recte
804 1045 1008 1116 judices
1025 1043 1284 1098 incertum
1305 1040 1688 1110 stultiloquium
1710 1037 1922 1109 propria
1941 1049 2070 1089 voce

490 1138 760 1208 Pelagium
787 1135 1261 1190 anathematizasse
1287 1132 1536 1186 dixerunt
1560 1147 1574 1184 :
1597 1130 1719 1200 quia
1749 1137 1803 1182 et
1825 1128 1871 1182 si
1896 1127 2068 1180 barre-

490 1229 565 1284 sis
599 1237 772 1294 esset,
818 1225 1002 1297 procul
1041 1224 1204 1280 dubio
1239 1221 1621 1292 stultiloquium
1649 1229 1809 1274 esset.
1841 1215 2071 1272 Proinde

492 1319 744 1392 quidquid
783 1319 910 1374 illud
948 1319 1053 1385 sit,
1083 1315 1344 1388 generalis
1370 1313 1483 1368 vitii
1521 1312 1736 1367 nomine
1762 1308 2070 1380 appellave-

493 1422 635 1468 runt.
668 1411 852 1470 Utrum
876 1421 1053 1466 autem
1081 1425 1149 1466 ex
1173 1409 1352 1479 aliquo
1377 1407 1624 1476 dogmate
1649 1405 1747 1459 ista
1775 1403 1884 1458 sint
1906 1403 2067 1469 dicta,

494 1522 564 1560 an
590 1520 718 1562 vero
735 1519 839 1560 non
858 1504 959 1559 fisa
982 1503 1276 1573 placitoque
1293 1498 1576 1562 sententia,
1599 1495 1692 1551 sed
1712 1494 1866 1550 facile
1884 1507 2070 1548 emen-

497 1595 660 1650 dabili
690 1594 919 1648 vanitate
940 1631 954 1656 ,
983 1591 1230 1662 quoniam
1269 1589 1356 1644 ille
1380 1587 1467 1658 qui
1496 1585 1829 1650 audiebatur,
1860 1596 2073 1654 quoquo

495 1689 654 1744 modo
679 1688 816 1744 dicta
841 1695 1041 1752 essent,
1073 1699 1168 1740 sua
1197 1698 1316 1740 esse
1345 1687 1646 1753 negaverat,
1677 1675 2070 1734 discutiendum

495 1782 548 1834 in
575 1779 858 1850 prmsentia
887 1793 994 1834 non
1025 1785 1296 1847 putarunt.

566 1873 654 1929 l9.
677 1871 786 1927 Nos
807 1887 937 1926 sane
955 1885 1076 1925 cum
1099 1870 1234 1924 hanc
1247 1866 1443 1938 Pelagii
1460 1864 1826 1921 defensionem
1845 1865 1862 1895 ³
1886 1862 1938 1916 in
1960 1860 2066 1928 illa,

494 1982 651 2038 quam
683 1965 829 2035 prius
855 1963 1192 2034 accepimus,
1234 1959 1475 2015 chartula
1517 1959 1813 2028 legeremus
1843 1952 1942 2026 (α),
1974 1951 2072 2008 ad-

494 2065 646 2112 erant
668 2055 881 2126 quidam
908 2054 1074 2109 sancti
1106 2052 1298 2107 fratres
1318 2093 1332 2116 ,
1359 2050 1448 2121 qui
1477 2065 1536 2105 se
1563 2047 1756 2118 Pelagii
1789 2046 1952 2101 libros
1980 2060 2074 2100 ex-

495 2147 817 2202 hortatorios
863 2145 944 2200 vel
982 2144 1370 2199 consolatorios
1417 2140 1483 2195 ad
1526 2138 1810 2210 quamdam
1862 2136 2072 2191 viduam

492 2236 855 2306 conscriptos,
886 2234 1039 2304 cujus
1080 2248 1273 2287 nomen
1302 2247 1405 2286 non
1433 2239 1516 2286 est
1543 2242 1853 2298 expressum
1886 2225 1983 2300 (ὁ),
2015 2240 2075 2280 se

495 2328 693 2384 habere
709 2328 950 2382 dixerunt
972 2342 986 2392 ;
1005 2335 1058 2380 et
1073 2325 1464 2378 admonuerunt
1480 2318 1879 2390 requirendum,
1895 2326 2072 2372 utrum

496 2422 608 2478 illic
637 2421 736 2476 ista
773 2435 892 2490 qua:
935 2433 1028 2473 sua
1058 2417 1302 2487 negavit,
1346 2421 1527 2469 essent
1567 2413 1703 2467 forte
1745 2410 2072 2479 conscripta;

495 2515 742 2583 quoniam
767 2513 868 2568 hoc
891 2520 944 2565 ct
970 2511 1066 2580 ipsi
1088 2525 1146 2564 se
1166 2508 1409 2578 ignorare
1434 2506 1762 2562 asserebant.
1789 2503 1926 2559 Tum
1947 2516 2076 2556 vero

495 2620 618 2659 eum
642 2603 801 2659 iidem
831 2603 947 2656 libri
973 2601 1040 2655 ah
1063 2599 1283 2655 exordio
1310 2599 1630 2668 legerentur,
1661 2595 1879 2665 quaesita
1910 2600 1963 2648 et
1992 2592 2074 2646 in-

495 2707 650 2753 venta
697 2706 842 2751 sunt.
890 2693 1241 2749 Affirmabant
1285 2700 1460 2747 autem
1503 2689 1579 2744 illi
1623 2688 1710 2756 qui
1743 2686 2073 2756 protulerant

495 2790 753 2854 codicem,
783 2798 907 2842 ante
934 2794 1160 2856 quatuor
1189 2783 1356 2838 ferme
1383 2795 1552 2836 annos
1579 2795 1637 2835 se
1666 2780 1796 2833 istos
1823 2785 2072 2846 tanquam

497 2881 692 2951 Pelagii
712 2879 877 2934 libros
896 2878 1091 2932 habere
1113 2875 1362 2944 cmpisse,
1389 2886 1486 2926 nec
1508 2885 1738 2940 unquam
1763 2877 1938 2924 utrum
1961 2867 2078 2937 ejus

497 2979 710 3038 essent,
751 2970 819 3024 ab
858 2969 1038 3039 aliquo
1065 2982 1124 3022 se
1155 2966 1367 3021 audisse
1394 2963 1643 3018 dubitari.
1664 2959 2076 3017 Considerantes

497 3065 672 3136 itaque
699 3065 896 3134 optime
924 3063 1075 3118 nobis
1102 3075 1380 3118 servorum
1407 3059 1503 3114 Dei
1527 3059 1792 3128 cognitam
1823 3055 1982 3110 fidem
2007 3054 2076 3110 de

489 3157 599 3212 hac
625 3172 682 3212 re
710 3173 814 3212 non
841 3171 997 3226 posse
1026 3154 1257 3222 mentiri,
1283 3163 1486 3210 restare
1509 3151 1806 3218 videbatur,
1831 3158 1890 3205 ut
1916 3148 2073 3203 Pela-

487 3250 640 3316 gium
681 3248 857 3318 potius
900 3248 953 3302 in
983 3246 1270 3316 episcopali
1294 3244 1496 3316 judicio
1533 3242 1875 3300 crederemus
1915 3239 2080 3296 fuisse

488 3339 799 3404 ιιιιριιῑὶιιιιιι,
823 3338 923 3394 nisi
953 3339 1065 3394 fieri
1099 3336 1334 3408 potuisse
1356 3336 1738 3406 cogitaremus,
1767 3333 1924 3393 etiam
1954 3340 2080 3388 ante

492 3445 668 3485 annos
691 3439 797 3484 tam
817 3431 1011 3485 multos
1030 3428 1230 3500 aliquid
1252 3429 1350 3484 sub
1371 3428 1486 3498 ejus
1510 3427 1746 3492 nomine,
1773 3439 1876 3480 non
1899 3433 2076 3479 tamen

500 3522 570 3575 ab
597 3521 688 3575 illo
728 3520 889 3577 fuisse
919 3521 1315 3590 conscriptum:
1343 3532 1519 3590 neque
1543 3517 1687 3574 enim
1730 3517 1818 3572 isti
1859 3513 2076 3572 eosdem

505 3614 667 3667 libros
691 3612 758 3667 ab
780 3613 893 3682 ipso
920 3626 979 3668 se
997 3611 1287 3682 accepisse,
1315 3610 1397 3666 vel
1421 3609 1563 3681 quod
1591 3609 1756 3680 ipsius
1789 3616 1989 3671 essent.
2011 3607 2080 3663 ab

503 3702 692 3758 eodem
721 3701 932 3758 audisse
960 3701 1223 3758 dicebant.
1248 3701 1378 3756 Nam
1407 3710 1462 3756 et
1487 3700 1620 3755 mihi
1640 3699 1854 3771 quidam
1885 3698 2080 3756 fratres

505 3795 671 3849 nostri
698 3793 951 3849 nonnulla
976 3793 1234 3864 opuscula
1275 3792 1377 3848 sub
1413 3807 1539 3848 meo
1566 3792 1780 3847 nomine
1813 3791 1866 3846 in
1895 3791 2082 3860 Ilispa-

507 3889 646 3941 niam
675 3887 885 3941 venisse
921 3885 1210 3952 dixerunt,
1252 3899 1371 3956 qute
1406 3884 1620 3956 quidem
1659 3883 1726 3939 ab
1755 3883 1820 3938 iis
1860 3883 1948 3954 qui
1977 3883 2080 3938 alia

508 3991 684 4034 nostra
715 3981 998 4050 legissent,
1031 3993 1136 4034 non
1162 3981 1616 4049 agnoscerentur;
1646 3977 1714 4033 ab
1741 3977 1862 4033 aliis
1901 3985 2081 4032 tamen

510 4081 687 4126 nostra
718 4085 836 4126 esse
861 4069 1231 4126 crederentur.

575 4163 669 4217 20.
697 4162 828 4217 Illud
865 4176 994 4217 sane
1022 4160 1162 4231 quod
1199 4159 1447 4231 Pelagius
1473 4175 1626 4215 suum
1662 4175 1784 4216 esse
1808 4159 2084 4216 confessus

509 4265 611 4318 est,
638 4253 810 4308 adhuc
835 4253 1156 4308 latebrosum
1191 4261 1313 4307 est:
1343 4252 1434 4307 sed
1466 4262 1592 4322 puto
1615 4252 1754 4323 quod
1781 4252 1833 4307 in
1863 4252 2083 4307 istorum

509 4354 776 4415 gestorum
798 4341 1245 4413 consequentibus
1268 4341 1505 4412 partibus
1530 4342 1777 4398 elucebit.
1795 4342 1885 4398 Ait
1907 4343 2082 4398 enim:

518 4456 536 4488 ‹
569 4437 731 4492 Posse
766 4434 978 4506 quidem
1015 4433 1286 4489 hominem
1313 4448 1433 4489 esse
1470 4432 1587 4490 sine
1625 4443 1878 4503 peccato,
1909 4443 1966 4489 et
1993 4433 2085 4489 Dei

513 4526 757 4580 mandata
784 4524 1071 4590 custodire,
1094 4524 1138 4578 si
1167 4524 1313 4589 velit,
1341 4522 1570 4578 diximus
1595 4541 1608 4577 :
1634 4523 1770 4578 hanc
1797 4524 1936 4579 enim
1964 4539 2088 4594 pos-

514 4617 814 4670 sibilitatcm
847 4617 986 4670 Deus
1017 4615 1088 4669 illi
1116 4613 1284 4670 dedit.
1306 4613 1427 4669 Non
1464 4623 1640 4669 autem
1681 4613 1910 4669 diximus
1945 4613 2086 4685 quod

518 4707 815 4760 inveniatur
841 4706 1062 4777 aliquis,
1103 4705 1170 4760 ab
1211 4704 1429 4760 infantia
1473 4719 1639 4775 usque
1677 4703 1742 4758 ad
1786 4714 2086 4770 senectam,

514 4797 607 4866 qui
638 4809 900 4864 nunquam
927 4795 1220 4864 peccaverit
1244 4813 1258 4850 :
1281 4793 1376 4850 sed
1399 4795 1648 4864 quoniam
1672 4809 1700 4848 a
1723 4796 1949 4864 peccatis
1964 4810 2094 4850 con-

519 4901 709 4942 versus
729 4928 742 4952 ,
773 4887 986 4955 preprio
1014 4885 1192 4939 labore
1217 4893 1272 4938 et
1305 4885 1392 4938 Dei
1422 4887 1594 4954 gratia
1635 4886 1802 4954 possit
1827 4901 1944 4940 esse
1973 4885 2091 4940 sine

521 4989 770 5050 peccato;
800 4991 898 5032 nec
923 4992 1018 5047 per
1047 4976 1149 5031 hoc
1176 4985 1348 5031 tamen
1377 4977 1428 5029 in
1455 4986 1725 5045 posterum
1762 4977 2092 5032 inconvcrsi-

523 5071 663 5126 bilis.
694 5089 714 5124 ι
739 5069 797 5124 In
825 5069 907 5123 his
925 5069 1119 5136 verbis,
1143 5081 1300 5137 quam
1326 5067 1466 5121 dicat
1494 5067 1584 5122 Dei
1605 5067 1847 5137 gratiam,
1873 5083 2094 5137 prorsus

525 5164 686 5217 latet:
715 5170 769 5218 et
791 5159 998 5231 iudices
1016 5158 1227 5230 quidem
1251 5155 1497 5212 Catholici
1527 5157 1726 5212 nullam
1753 5159 1911 5213 aliain
1941 5159 2092 5214 intel-

521 5254 689 5324 ligere
717 5259 1030 5324 potuerunt,
1059 5250 1160 5305 nisi
1188 5265 1346 5320 quam
1374 5250 1526 5304 nobis
1552 5250 1836 5320 plurimum
1874 5263 2092 5322 aposto-

526 5344 624 5400 lica
654 5343 895 5400 doctrina
936 5341 1293 5398 commendat.
1337 5339 1464 5397 "£130
1507 5350 1590 5396 est
1634 5341 1808 5411 enim,
1851 5358 1956 5415 qua
1996 5359 2095 5400 nos

590 5524 604 5586 ε
641 5531 770 5586 ξιιειη.
781 5558 794 5578 ,
818 5520 1154 5586 αι’]ἰνίιὶοηςγῃ.

589 5583 662 5691 (αξ
699 5585 742 5631 \i
765 5586 808 5630 le
833 5583 970 5640 inira,
997 5597 1044 5632 tt.
1069 5583 1147 5631 57.

589 5643 641 5686 Ην
691 5647 926 5691 1,ἱι·τιιιίτιιιι
949 5645 1161 5691 nominat
1185 5651 1410 5691 \tercator
1435 5646 1480 5691 in
1504 5647 1736 5691 Cetnznoui

535 5643 660 5752 hihi
691 5647 926 5694 titaniam
949 5645 1161 5694 nominat
1185 5651 1410 5693 \tercator
1435 5646 1480 5692 in
1504 5646 1866 5694 Catmnouitorio
1899 5646 1962 5696 de
1992 5653 2095 5696 Co:-

567 5718 690 5753 "LIIL

1515 282 1600 337 DF.
1639 277 1878 338 GESTIS
1915 269 2214 338 PELAGII,
2255 269 2312 326 S.
2355 272 2720 330 AUGUSTINI

3652 275 3763 334 532

2182 384 2390 442 liberari
2419 403 2572 458 posse
2608 405 2885 461 speramus
2909 391 2976 447 de
3004 404 3228 462 corpore
3255 392 3444 450 mortis
3471 391 3634 462 hujus
3661 406 3758 464 per

2173 479 2354 534 .lesum
2375 482 2643 537 Christum
2673 484 2953 539 Domimun
2985 494 3223 540 nostrum
3251 503 3265 540 :

2244 571 2470 627 CAPUT
2499 572 2604 628 \‘II.
2631 603 2703 614 —
2729 574 2829 628 Et‘
2868 589 2966 644 pro
3003 589 3105 642 qua
3147 574 3473 644 impetranda
3503 589 3756 642 oramus,

2136 665 2139 670 “
2174 677 2242 716 ne
2285 663 2540 718 intremus
2587 665 2640 718 in
2691 667 3034 721 tentationem
3079 667 3306 736 (Matth.
3349 684 3430 732 Vl,
3459 668 3582 738 15).
3632 667 3758 724 Ilaec

2173 753 2338 820 gratia
2371 769 2473 808 non
2501 763 2584 808 est
2608 763 2830 810 natura:
2860 756 2954 810 sed
2993 771 3095 825 qua
3127 757 3439 811 subvenitur
3465 757 3641 827 fragili
3670 758 3754 811 vi-

2177 841 2418 912 tiatazque
2454 853 2673 898 naturze.
2704 845 2828 900 Hmc
2850 846 3019 916 gratia
3050 860 3154 900 non
3195 855 3279 902 est
3317 848 3452 916 legis
3480 849 3705 902 scientia
3737 867 3753 902 :

2173 933 2267 988 sed
2293 950 2356 988 ea
2381 944 2482 1000 est,
2512 935 2579 991 de
2598 952 2699 1006 qua
2721 937 2848 992 dicit
2874 938 3178 1006 Apostolus,
3209 937 3328 992 Non
3348 939 3547 992 irritam
3568 940 3756 1004 faciant

2172 1027 2386 1096 gratiam
2419 1026 2553 1081 Dei:
2573 1045 2691 1082 nam
2725 1029 2769 1083 si
2807 1046 2894 1100 per
2930 1029 3086 1100 legem
3107 1031 3341 1102 justitia,
3371 1048 3492 1102 ergo
3526 1031 3759 1084 Christus

2172 1117 2330 1185 gratis
2355 1127 2580 1171 mortuus
2603 1127 2674 1172 cst
2700 1117 2906 1190 (Galat.
2937 1136 2994 1184 ιι,
3017 1119 3080 1173 :ll
3105 1121 3124 1191 )
3150 1137 3162 1172 :
3190 1128 3243 1174 et
3268 1121 3390 1174 ideo
3418 1136 3528 1174 non
3553 1133 3636 1175 est
3667 1121 3756 1174 lit-

2175 1214 2287 1259 tera
2311 1206 2579 1274 occidens,
2607 1208 2699 1262 sed
2727 1208 2943 1278 spiritus
2967 1209 3260 1264 vivificaris.
3291 1209 3520 1265 Scientia
3553 1211 3756 1280 quippe

2175 1298 2304 1368 legis
2324 1300 2440 1355 sine
2463 1301 2630 1371 gratia
2655 1301 2872 1370 spiritus
2889 1342 2903 1365 ,
2933 1311 3187 1371 operatur
3215 1303 3269 1356 in
3295 1302 3509 1356 homine
3534 1317 3754 1358 omnem

2173 1391 2676 1460 concupiscentiam.
2705 1390 2992 1456 Peccatum,
3025 1393 3190 1458 enim,
3223 1392 3412 1462 inquit,
3439 1408 3542 1446 non
3566 1407 3760 1462 cogno-

2174 1484 2241 1548 ui,
2265 1484 2363 1537 nisi
2387 1501 2475 1554 per
2495 1484 2652 1553 legem
2675 1500 2694 1538 :
2713 1501 2833 1538 nam
2857 1484 3308 1556 concupiscentiam
3337 1485 3641 1550 nesciebam,
3659 1483 3761 1538 nisi

2176 1571 2258 1628 lex
2275 1575 2478 1640 diceret,
2503 1573 2623 1628 Non
2647 1577 2985 1645 concupisces.
3017 1573 3297 1630 Occasione
3319 1585 3487 1629 autem
3508 1585 3719 1646 accepta
3737 1617 3757 1640 ,

2176 1674 2434 1736 peccatum
2477 1681 2564 1733 per
2591 1665 2884 1718 ntandatum
2923 1675 3184 1737 apemtum
3226 1673 3300 1719 est
3340 1666 3394 1718 in
3439 1681 3521 1718 me
3557 1681 3761 1718 omnem

2174 1755 2644 1827 concupiscentiam.
2681 1757 2790 1812 Nec
2828 1757 2928 1811 ista
2974 1757 3202 1812 dicendo
3244 1757 3413 1828 legem
3443 1758 3756 1827 vituperat,

2176 1848 2284 1902 imo
2329 1849 2487 1903 etiam
2541 1848 2747 1914 laudat,
2791 1864 2911 1903 cum
2951 1849 3113 1903 dicit:
3142 1847 3251 1902 Lex
3290 1849 3490 1917 quidem
3544 1858 3759 1914 sancta,

2175 1950 2226 1995 ct
2259 1941 2552 1996 mandatum
2590 1951 2851 2009 sanctum,
2892 1950 2937 1996 et
2968 1942 3200 2013 justum,
3250 1949 3296 1994 et
3341 1940 3555 2006 bonum,
3609 1939 3760 2006 Quae

2177 2049 2294 2104 ergo
2353 2033 2539 2088 bonum
2601 2042 2706 2100 est,
2763 2033 2966 2103 inquit,
3021 2033 3146 2086 mihi
3201 2037 3388 2104 factum
3451 2040 3523 2085 est
3581 2030 3765 2085 mors!

2177 2126 2317 2181 Absit
2344 2142 2363 2181 :
2387 2125 2476 2181 sed
2502 2135 2777 2196 peccatum,
2806 2135 2860 2179 ut
2884 2134 3130 2194 appareat
3153 2133 3430 2195 peccatum,
3455 2139 3550 2188 per
3571 2121 3761 2175 bonum

2176 2218 2300 2272 mihi
2335 2227 2596 2290 operatum
2623 2227 2695 2271 est
2724 2225 2953 2270 mortem.
2983 2215 3050 2270 Et
3093 2216 3282 2270 iterum
3323 2213 3492 2284 legem
3539 2213 3761 2279 laudat,

2177 2309 2437 2364 dicendo:
2464 2308 2667 2363 Scimus
2692 2308 2826 2361 enim
2851 2307 2985 2374 quod
3007 2309 3088 2361 lex
3113 2307 3392 2375 spiritualis
3413 2315 3524 2369 est;
3547 2322 3641 2375 ego
3662 2322 3760 2357 an-

2179 2411 2276 2456 tem
2295 2401 2514 2456 carnalis
2542 2416 2684 2466 sum,
2713 2399 3046 2454 venumdatus
3071 2400 3161 2453 sub
3190 2409 3411 2470 peccato.
3444 2398 3596 2466 Quod
3623 2400 3761 2451 enim

2177 2507 2358 2563 operor
2382 2493 2578 2563 ignoro.
2605 2490 2724 2550 Non
2749 2493 2884 2546 enim
2911 2491 3047 2562 quod
3067 2491 3196 2556 volo,
3227 2491 3321 2544 hoc
3341 2507 3438 2561 ago
3462 2505 3482 2544 :
3504 2490 3596 2543 sed
3620 2490 3763 2555 quod

2178 2584 2284 2648 odi,
2311 2582 2444 2638 illud
2472 2584 2626 2656 facio.
2661 2583 2724 2639 Si
2746 2591 2916 2637 autent
2953 2583 3088 2652 quod
3116 2581 3264 2647 nolo,
3296 2583 3390 2636 hoc
3417 2583 3593 2651 facio;
3633 2597 3763 2636 con-

2178 2676 2336 2730 sentio
2366 2675 2498 2746 legi,
2534 2674 2775 2746 quoniam
2809 2673 2936 2728 bona
2963 2684 3053 2728 est.
3082 2674 3221 2729 Ecce
3240 2672 3350 2744 jam
3380 2673 3550 2744 legem
3581 2673 3760 2736 novit,

2180 2765 2379 2832 laudat,
2401 2765 2555 2835 eique
2573 2763 2856 2831 consentit,
2882 2764 2982 2819 hoc
3000 2772 3103 2828 est,
3120 2779 3238 2820 eam
3268 2764 3460 2819 bonam
3477 2778 3600 2819 esse
3624 2777 3762 2818 cou-

2178 2856 2342 2910 seutit
2370 2872 2383 2909 :
2412 2857 2662 2927 quoniam
2688 2856 2830 2926 quod
2858 2856 2944 2909 illa
2975 2855 3154 2924 jubet,
3187 2854 3288 2910 hoc
3315 2864 3367 2909 et
3397 2855 3510 2924 ipse
3535 2855 3680 2918 vult;
3706 2863 3763 2909 et

2178 2947 2318 3018 quod
2348 2947 2432 3002 illa
2464 2956 2605 3003 vetat
2629 2957 2682 3003 et
2705 2948 2942 3015 damnat,
2972 2947 3073 3002 hoc
3097 2957 3151 3002 et
3176 2947 3290 3013 ipse
3316 2945 3470 3000 odit:
3495 2957 3550 3001 et
3581 2955 3763 3000 tamen

2179 3037 2318 3109 quod
2343 3039 2477 3105 odit,
2511 3039 2610 3093 hoc
2635 3037 2779 3093 facit.
2809 3038 2950 3094 Inest
2975 3054 3101 3109 ergo
3126 3038 3258 3108 legis
3285 3047 3486 3092 sanctze
3505 3037 3758 3103 scientia,

2179 3143 2280 3185 nec
2307 3139 2483 3184 tamen
2524 3138 2742 3190 sanatur
2769 3130 2957 3184 vitiosa
2995 3127 3420 3198 concupiscentia
3445 3144 3462 3182 :
3491 3125 3632 3182 inest
3658 3141 3758 3181 vo-

2181 3220 2354 3275 luntas
2400 3220 2535 3275 bona
2555 3260 2572 3286 ,
2605 3228 2661 3276 et
2699 3220 2841 3275 valet
2875 3219 3116 3290 Operatio
3143 3219 3301 3272 mala.
3333 3217 3470 3273 IIinc
3504 3226 3591 3273 est
3617 3217 3765 3286 quod

2179 3309 2383 3364 duabus
2410 3310 2610 3380 legibus
2635 3309 2773 3365 inter
2798 3323 2859 3367 se
2885 3308 3310 3373 colluctanlibus,
3335 3307 3462 3362 dum
3485 3307 3588 3378 legi
3609 3321 3766 3362 men-

2181 3403 2250 3457 tis
2273 3402 2358 3457 lex
2386 3409 2644 3472 repugnat
2663 3401 2715 3455 in
2736 3401 3011 3466 membris;
3037 3409 3092 3455 et
3116 3400 3346 3470 captivat
3369 3399 3469 3454 sub
3493 3397 3612 3468 lege
3637 3411 3770 3466 pee-

2184 3494 2308 3557 cati,
2339 3508 2370 3548 a
2399 3491 2685 3548 conﬁtente
2712 3492 3058 3557 exclamatur,
3079 3501 3134 3548 et
3160 3491 3355 3546 dicitur
3381 3508 3396 3544 :
3432 3489 3627 3560 Infelix
3672 3505 3771 3560 ego

2182 3588 2350 3651 homo,
2378 3586 2490 3656 quis
2515 3601 2596 3641 me
2624 3585 2851 3640 liberabit
2875 3584 2939 3638 de
2963 3599 3174 3654 corpore
3197 3583 3372 3638 mortis
3403 3583 3603 3651 hujus?
3621 3580 3762 3637 Gm-

2183 3681 2254 3733 u'a
2279 3677 2372 3732 Dei
2393 3693 2483 3748 per
2503 3676 2680 3732 Iesum
2701 3676 2957 3732 Christum
2981 3675 3256 3730 Dominum
3279 3686 3531 3729 nostrum.

2253 3770 2478 3827 CAPUT
2506 3770 2644 3826 VIII.
2671 3799 2746 3812 —-
2783 3770 2874 3826 2L
2901 3770 3016 3825 Non
3067 3783 3197 3840 ergo
3243 3777 3470 3832 natura,
3504 3783 3626 3839 qua:
3661 3769 3770 3823 sub

2184 3872 2403 3932 peccato
2439 3860 2760 3917 venumdata
2808 3869 2864 3916 et
2909 3860 3039 3916 vitio
3083 3860 3317 3916 sauciata
3365 3858 3770 3928 redemptorem

2185 3955 2608 4025 salvatoremque
2631 3952 2922 4020 desiderat,
2953 3966 3052 4008 nec
3076 3951 3207 4022 legis
3231 3951 3450 4005 scientia
3470 3966 3566 4021 per
3593 3967 3766 4022 quam
3855 4006 3858 4010 ,

2185 4045 2248 4100 ιιι
2282 4045 2728 4116 concupiscentia
2778 4043 3032 4114 cognitio,
3086 4058 3190 4097 non
3221 4041 3411 4097 evictio
3433 4042 3479 4106 ί,
3516 4041 3712 4096 liberat
3736 4058 3768 4095 τι

2185 4150 2412 4206 corpore
2439 4136 2626 4191 mortis
2652 4135 2811 4206 hujus
2837 4151 2854 4188 :
2885 4133 2980 4191 sed
3002 4135 3166 4206 gratia
3199 4132 3408 4188 Domini
3462 4150 3554 4203 per
3587 4132 3773 4188 Iesum

2189 4227 2439 4282 Christum
2457 4226 2736 4280 Dominum
2754 4235 3000 4280 nostrum.

2265 4315 2492 4373 CAPUT
2519 4315 2611 4371 IX.
2642 4345 2714 4358 -—
2764 4315 2866 4371 Ista
2886 4323 2969 4372 est
2995 4329 3102 4370 non
3126 4323 3313 4369 natura
3351 4314 3622 4379 moriens,
3670 4329 3776 4369 nec

2197 4407 2371 4463 littera
2399 4407 2669 4472 occidens,
2699 4405 2793 4461 sed
2810 4406 3028 4476 spiritus
3042 4405 3335 4461 vivificaris.
3363 4405 3480 4460 Jam
3505 4407 3653 4460 enim
3673 4405 3777 4460 ha-

2189 4500 2348 4556 bebat
2393 4500 2493 4555 iste
2535 4508 2776 4554 naturam
2829 4513 2950 4553 cum
3001 4497 3287 4552 voluntatis
3332 4496 3588 4562 arbitrio;
3645 4512 3777 4551 nam

2190 4593 2400 4649 dicebat
2430 4634 2450 4659 ,
2508 4590 2648 4646 Velle
2711 4591 2908 4660 adjaret
2965 4589 3090 4642 mihi
3141 4603 3161 4643 :
3213 4588 3308 4644 sed
3367 4603 3473 4642 non
3539 4588 3784 4642 habebat

2194 4697 2432 4742 natumut
2482 4701 2601 4740 cum
2649 4685 2896 4747 sanitate,
2950 4683 3066 4737 sine
3117 4682 3282 4747 vitio;
3338 4696 3459 4736 nam
3506 4680 3730 4736 dicebat
3763 4723 3780 4743 .

2196 4779 2315 4836 Scio
2367 4779 2502 4850 quod
2549 4793 2649 4831 non
2694 4776 2884 4829 habitat
2929 4791 2984 4828 in
3026 4790 3105 4828 me
3131 4815 3146 4838 ,
3203 4773 3296 4828 hoc
3347 4785 3464 4838 cst,
3512 4773 3568 4826 in
3621 4789 3790 4826 carne

2195 4887 2326 4938 mea,
2351 4870 2551 4924 bonum.
2572 4867 2688 4923 lam
2721 4865 2946 4922 habebat
2971 4865 3328 4934 cognitionem
3361 4863 3493 4933 legis
3529 4873 3790 4927 sanctae;

2197 4979 2318 5019 nam
2344 4962 2571 5025 diccbat,
2615 4959 2882 5014 Peccatum
2925 4975 3027 5012 non
3055 4957 3288 5028 cognovi,
3323 4957 3420 5010 nisi
3445 4972 3532 5025 per
3561 4955 3736 5024 legem
3775 4971 3798 5008 :

2197 5055 2289 5112 sed
2308 5071 2411 5109 non
2440 5053 2665 5107 habebat
2694 5051 2833 5106 vires
2875 5050 3092 5120 agenda:
3124 5048 3564 5119 pet-ﬁciendaeque
3613 5050 3760 5118 justi
3778 5081 3796 5090 -

2199 5149 2321 5213 tite;
2350 5161 2469 5200 nam
2497 5141 2862 5207 diccbat,Non
2890 5141 3024 5214 quod
3050 5141 3187 5207 volo,
3213 5143 3308 5195 hoc
3333 5157 3462 5212 ago;
3498 5140 3590 5193 sed
3640 5140 3804 5208 quod

2199 5236 2304 5303 odi,
2332 5236 2426 5289 hoc
2451 5235 2613 5307 facio;
2638 5243 2714 5300 et,
2739 5231 2995 5302 Perﬁcere
3022 5231 3206 5286 bonum
3231 5245 3332 5286 non
3361 5231 3596 5295 inuenio(
3621 5229 3799 5284 Rom.

2201 5343 2308 5394 vn,
2335 5327 2516 5397 7—25).
2541 5323 2665 5380 Ideo
2706 5339 2806 5380 nec
2832 5323 3118 5378 voluntatis
3141 5323 3420 5378 arbitrium
3445 5362 3460 5385 ,
3493 5335 3596 5375 nec
3650 5321 3811 5392 legis

2202 5429 2542 5490 prmeeptum,
2575 5417 2716 5472 unde
2742 5417 3060 5471 liberaretur
3087 5413 3158 5470 de
3186 5429 3410 5483 corpore
3455 5414 3651 5467 mortis
3683 5417 3810 5469 Im-

2198 5509 2315 5579 jus;
2343 5508 2461 5576 quia
2489 5517 2770 5576 utrmnque
2795 5505 2902 5576 jam
2926 5505 3187 5571 habebat,
3240 5503 3380 5559 aliud
3431 5503 3482 5557 in
3536 5516 3748 5558 natura
3787 5549 3812 5573 ,

2265 5645 2280 5676 ί
2319 5650 2381 5692 Ita
2403 5641 2704 5691 Colbertiuus
2720 5649 2798 5690 Ms.
2826 5641 2939 5690 Fditi
2968 5655 3100 5699 vero,
3124 5641 3224 5690 sed.

2265 5707 2284 5736 ¹
2317 5712 2426 5754 ωε.
2455 5706 2587 5768 sign.
2615 5714 2665 5755 et
2687 5704 2838 5753 codex
2866 5712 3096 5752 ltotnazius
3119 5737 3134 5762 ,
3168 5718 3193 5751 e
3218 5701 3338 5753 tilio.
