3984 6514
211 300 292 359 ηδ
1603 279 1802 337 LIBER
1842 279 2039 337 usus.

212 414 321 476 aliud
343 414 391 470 in
417 407 670 468 doctrina
699 404 832 462 :sed
860 403 1042 476 gratim
1071 399 1164 457 Dei
1196 397 1446 471 poscebat
1481 397 1758 464 auxilium,

209 507 470 583 perlesum
494 500 775 558 Christum
808 497 1093 553 Dominum
1126 502 1388 549 nostrum.

266 594 466 655 CAPUT
497 592 566 649 Χ.
594 621 671 634 -—
693 591 789 646 22.
821 589 968 644 [lane
995 588 1172 656 itaque
1212 584 1434 655 gratiam
1457 622 1471 644 ,
1498 594 1656 651 quam
1710 578 1765 634 in

210 689 426 748 catholica
451 683 700 741 Ecclesia
727 681 1059 737 notissimam
1080 683 1363 739 noverant,
1392 671 1626 742 episcopi
1648 685 1766 725 cre-

207 785 414 840 diderunt
441 777 724 847 Pelagium
749 772 1014 837 confiteri,
1042 785 1164 824 cum
1191 765 1438 823 audirent
1462 779 1587 820 eum
1619 763 1768 818 dice-

207 891 275 938 re,
304 891 319 924 ι
344 871 623 925 hominem
646 883 674 921 a
697 865 928 936 peccatis
953 872 1272 917 conversum
1295 898 1309 922 ,
1337 855 1556 927 proprio
1585 853 1769 909 labore

208 976 248 1020 et
265 963 342 1018 Dei
360 960 536 1032 gratia
583 971 748 1027 posse
797 968 918 1027 esse
970 953 1087 1007 sine
1125 957 1357 1020 peccato.
1398 965 1416 999 ο
1450 946 1563 1017 Ego
1591 954 1767 999 autem

206 1064 382 1128 propter
407 1052 563 1106 illum
588 1049 804 1110 librum,
847 1059 1004 1116 quem
1049 1041 1180 1096 mihi
1231 1037 1581 1095 refellendum
1628 1034 1769 1090 servi

205 1147 276 1205 Dei
300 1143 565 1199 dederunt
595 1138 694 1209 (α),
716 1139 805 1209 qui
831 1135 1079 1205 discipuli
1128 1133 1245 1204 ejus
1275 1132 1515 1198 fuerunt,
1547 1138 1601 1185 et
1645 1143 1770 1184 cum

202 1237 413 1295 eumdem
445 1233 728 1303 Pelagium
757 1229 915 1284 valde
938 1227 1261 1297 diligerent,
1293 1223 1409 1293 ejus
1456 1236 1579 1277 esse
1617 1219 1771 1274 dixe-

200 1335 316 1390 runt,
342 1324 429 1378 ubi
460 1323 570 1377 hac
609 1321 908 1391 qu:estione
955 1317 1057 1372 sibi
1099 1313 1367 1386 proposita
1390 1353 1404 1376 ,
1433 1312 1555 1383 quia
1586 1310 1688 1366 hoc
1719 1310 1772 1364 in

198 1432 252 1472 co
272 1417 374 1485 jam
394 1413 668 1480 plurimos
695 1409 1012 1474 offenderat,
1041 1406 1182 1477 quod
1212 1405 1468 1459 adversus
1503 1403 1597 1458 Dei
1651 1416 1775 1473 gra-

196 1509 299 1562 tiam
324 1506 669 1574 loqueretur,
697 1501 1030 1570 apertissime
1054 1496 1350 1567 expressit,
1384 1515 1402 1547 t
1441 1493 1579 1548 hanc
1608 1507 1667 1548 se
1695 1493 1777 1548 di-

193 1614 299 1654 cere
322 1597 412 1651 Dei
444 1596 706 1666 gratiam,
735 1591 878 1663 quod
907 1589 1310 1660 possibilitatem
1366 1602 1469 1642 non
1516 1584 1775 1657 peccandi

191 1698 359 1745 natura
391 1695 585 1740 nostra
609 1698 734 1738 cum
765 1681 1106 1745 conderetur,
1135 1677 1359 1749 accepit,
1390 1678 1638 1748 quoniam
1656 1691 1780 1730 con-

188 1779 282 1834 dita
309 1788 389 1831 est
415 1791 546 1830 cum
578 1774 754 1829 libero
784 1773 1005 1826 arbitrio
1036 1787 1050 1826 :
1093 1790 1111 1823 ι
1135 1778 1358 1841 prepter
1389 1769 1529 1822 hunc
1557 1781 1684 1838 ergo
1712 1765 1778 1821 li-

187 1870 326 1924 brum
345 1881 469 1936 ego,
502 1863 728 1935 plurimi
757 1870 934 1916 autem
959 1861 1148 1916 fratres
1169 1867 1387 1930 propter
1408 1857 1524 1927 ejus
1540 1856 1782 1926 disputa-

187 1960 366 2021 tiones,
394 1970 543 2025 quas
575 1954 764 2008 dicunt
816 1952 916 2007 sibi
957 1964 1078 2006 esse
1119 1948 1458 2013 notissimas,
1494 1947 1667 2001 adhuc
1691 1960 1781 2000 su-

188 2065 294 2104 mus
322 2048 385 2102 de
403 2048 643 2101 istorum
677 2044 968 2100 verborum
996 2042 1114 2112 ejus
1157 2039 1501 2110 ambiguitate
1520 2036 1734 2092 solliciti
1760 2077 1777 2104 ,

193 2156 256 2195 ne
278 2138 411 2193 forte
435 2135 575 2206 quid
603 2136 660 2189 in
695 2149 756 2188 ea
783 2133 963 2198 lateat,
991 2140 1151 2200 atque
1201 2145 1262 2186 se
1309 2129 1413 2184 hoc
1439 2128 1639 2184 dixisse
1664 2127 1782 2182 sine

201 2229 487 2302 praejudicio
550 2227 641 2282 sui
699 2225 965 2296 dogmatis
1007 2229 1240 2292 exponat
1287 2231 1471 2292 postea
1511 2217 1784 2288 discipulis

207 2323 328 2388 suis,
355 2323 421 2374 ita
439 2319 723 2374 disserens
748 2334 762 2371 :
795 2335 812 2369 ι
843 2315 963 2370 Dixi
995 2314 1234 2386 quidem,
1261 2314 1478 2383 proprio
1521 2312 1708 2368 labore
1730 2319 1786 2367 et

204 2413 292 2468 Dei
324 2411 484 2481 gratia
529 2423 699 2479 posse
752 2407 1026 2464 hominem
1054 2421 1174 2462 esse
1225 2406 1340 2460 sine
1379 2413 1632 2475 peccato;
1689 2401 1786 2459 sed

192 2517 344 2572 quam
360 2500 538 2555 dicam
569 2499 802 2571 gratiam
833 2498 1035 2567 Optime
1062 2497 1252 2558 nostis.
1281 2506 1336 2551 et
1361 2494 1589 2566 legendo
1630 2507 1786 2549 reco-

190 2595 302 2649 lere
321 2594 574 2664 putastis.
601 2591 746 2662 quod
775 2606 838 2646 ea
865 2591 955 2652 sit,
982 2591 1034 2644 in
1057 2603 1160 2659 qua
1189 2589 1356 2671 creati
1402 2602 1587 2643 sumus
1617 2602 1646 2640 a
1675 2587 1788 2642 Deo

193 2687 516 2741 cumlibcro
541 2685 786 2740 arbitrio.
829 2701 854 2736 ι
882 2683 1058 2753 Atque
1103 2683 1174 2737 ita
1219 2681 1345 2736 dum
1393 2696 1515 2754 eum
1566 2679 1792 2736 credunt

201 2777 452 2848 episcopi
513 2791 630 2829 eam
675 2775 872 2829 dixisse
915 2774 1171 2844 gratiam,
1226 2787 1333 2827 non
1387 2786 1489 2842 qua
1548 2771 1792 2826 homines

204 2868 383 2922 creati
412 2880 616 2932 sumus,
654 2864 739 2919 sed
766 2880 872 2935 qua
919 2865 974 2918 in
1020 2878 1209 2918 novam
1231 2872 1529 2918 creaturam
1556 2861 1792 2932 adoptati

215 2958 383 3030 (hanc
435 2957 574 3012 enim
624 2956 960 3025 apertissime
1011 2955 1234 3026 gratiam
1285 2953 1463 3008 divina
1520 2953 1792 3024 Scriptura

214 3049 590 3117 commendat),
621 3047 931 3117 ignorantes
955 3045 1261 3100 haereticum
1279 3085 1297 3111 ,
1325 3051 1575 3114 tanquam
1605 3042 1796 3098 catho-

205 3142 750 3200 licnmabsolverunt.
784 3141 1103 3211 Suspectum
1129 3139 1274 3194 enim
1324 3153 1412 3192 me
1467 3137 1590 3192 facit
1634 3136 1796 3192 etiam

201 3235 353 3303 illud,
381 3233 524 3305 quod
552 3248 680 3289 cum
703 3233 756 3287 in
783 3232 973 3287 eodem
996 3230 1157 3296 libro,
1184 3229 1272 3285 cui
1321 3227 1596 3299 respondi,
1637 3242 1797 3298 aper-

203 3328 403 3382 tissime
429 3325 652 3388 dixerit,
682 3343 704 3377 ι
731 3323 1081 3392 Abeljustum
1103 3335 1376 3391 nunquam
1403 3321 1626 3376 omnino
1665 3335 1797 3390 pec-

203 3432 387 3484 casse;
424 3436 444 3470 ι
479 3415 646 3471 modo
671 3415 768 3480 ait,
807 3433 828 3466 ι
863 3413 978 3468 Non
1005 3423 1182 3468 autem
1210 3411 1444 3467 diximus
1480 3410 1620 3481 quod
1644 3411 1798 3466 inve-

206 3511 379 3565 niatur
403 3509 625 3579 aliquis,
651 3508 724 3562 ab
751 3505 972 3561 infantia
1025 3517 1194 3576 usque
1221 3502 1288 3558 ad
1339 3511 1611 3559 senectam
1635 3542 1654 3569 ,
1709 3499 1802 3573 qui

210 3619 470 3674 nunquam
487 3603 822 3674 peccaverit;
855 3600 948 3656 sed
973 3601 1226 3671 quoniam
1255 3613 1284 3653 a
1312 3598 1548 3669 peccatis
1570 3612 1800 3653 conver-

214 3709 322 3758 sus,
348 3695 567 3765 proprio
601 3693 787 3748 labore
803 3700 860 3747 et
887 3691 981 3746 Dei
1011 3691 1180 3762 gratia
1206 3690 1376 3760 possit
1403 3703 1524 3745 esse
1549 3690 1664 3744 sine
1681 3703 1804 3758 pec-

218 3796 351 3842 cato.
384 3805 404 3837 s
438 3786 575 3841 Abel
601 3786 802 3856 quippe
824 3784 1048 3855 justum,
1080 3799 1186 3838 non
1228 3798 1259 3838 a
1298 3783 1531 3853 peccatis
1575 3797 1803 3837 conver-

221 3891 332 3932 sum
361 3877 413 3932 in
437 3887 638 3932 cmtcra
670 3877 780 3930 vita
805 3875 939 3930 dixit
984 3873 1179 3930 factum
1216 3888 1335 3930 esse
1377 3873 1496 3929 sine
1545 3879 1763 3944 peccato
1785 3913 1802 3938 ,

225 3970 311 4025 sed
344 3988 366 4023 ι
393 3969 534 4040 quod
562 3978 846 4040 peccatum
881 3968 1081 4022 nullum
1111 3981 1340 4036 unquam
1367 3965 1572 4020 fecerit.
1602 3982 1621 4014 ι
1652 3963 1805 4021 Unde

228 4060 268 4113 si
295 4061 381 4115 ille
403 4061 568 4129 ipsius
590 4059 733 4115 liber
779 4067 882 4125 est,
914 4056 1153 4128 profecto
1200 4072 1267 4112 ex
1299 4057 1411 4127 ipsa
1456 4057 1807 4126 responsione

230 4151 580 4207 emendandus
606 4161 711 4207 est.
735 4151 868 4206 Nolo
889 4151 1034 4206 enim
1055 4164 1175 4206 eum
1192 4149 1372 4204 dicere
1425 4148 1584 4204 modo
1638 4146 1807 4204 fuisse

237 4246 532 4310 mentitum,
565 4261 634 4300 ne
672 4245 810 4300 forte
841 4243 984 4315 quod
1003 4243 1021 4276 ί
1051 4244 1104 4299 in
1131 4243 1268 4298 libro
1296 4243 1387 4297 illo
1422 4242 1716 4311 scripserit,
1748 4257 1807 4298 se

230 4337 365 4392 dicat
388 4338 611 4391 oblitum
634 4355 650 4392 :
675 4336 902 4407 proinde
942 4345 1136 4391 caetera
1179 4335 1477 4391 videamus.
1509 4333 1587 4389 Ea
1615 4335 1809 4405 quippe

230 4438 620 4500 consumuntur
661 4429 715 4484 in
747 4427 1125 4484 ecclesiasticis
1172 4427 1358 4498 gestis,
1412 4426 1624 4497 quibus,
1653 4426 1807 4496 adju-

227 4531 378 4578 vante
399 4524 645 4589 Domino,
672 4535 960 4592 possumus
997 4520 1303 4587 ostendere,
1351 4518 1511 4575 etiam
1557 4519 1805 4590 Pelagio,

225 4614 354 4669 sicut
373 4616 640 4670 nonnullis
660 4615 890 4678 videtur,
911 4615 962 4668 in
981 4612 1068 4668 illa
1082 4613 1472 4668 examinatione
1491 4623 1732 4684 purgato,
1758 4622 1812 4668 et

224 4716 366 4761 certe
395 4705 534 4777 apud
559 4706 769 4775 judices
793 4705 1050 4759 duntaxat
1090 4703 1336 4759 homines
1361 4704 1605 4758 absoluto
1629 4746 1643 4768 ,
1675 4704 1813 4762 hanc

226 4799 382 4853 talem
409 4799 682 4860 haeresim,
714 4805 952 4867 quamet
979 4797 1204 4852 ulterius
1251 4796 1498 4867 progredi
1543 4807 1598 4852 et
1636 4796 1687 4852 in
1716 4811 1811 4867 pe-

217 4890 302 4960 jus
326 4891 594 4962 proficere
619 4891 874 4955 nolimus,
905 4890 1021 4946 sine
1039 4889 1200 4944 dubio
1219 4903 1337 4944 esse
1362 4889 1688 4945 damnatam.

287 4981 519 5039 CAPUT
540 4982 799 5038 Xl.—23.
822 4982 949 5036 ilch
972 4981 1114 5038 enim
1127 4988 1421 5052 sequuntur
1439 4980 1640 5051 objecta
1657 4981 1812 5036 Pela-

220 5073 322 5143 gio,
355 5090 477 5144 qua:
503 5074 556 5129 in
583 5073 830 5129 doctrina
853 5072 1088 5128 Caelestii
1117 5072 1363 5143 discipuli
1409 5073 1527 5141 ejus
1571 5073 1816 5128 referun-

219 5173 304 5220 tur
327 5169 567 5221 inventa.
601 5184 624 5218 ι
659 5165 832 5220 Adam
865 5165 1142 5220 mortalem
1175 5164 1393 5230 factum,
1423 5166 1512 5235 qui
1539 5165 1653 5221 sive
1689 5181 1814 5236 pce-

219 5266 384 5321 ειη-ει,
407 5259 520 5313 sive
543 5273 653 5312 non
696 5265 967 5326 peccaret,
1022 5257 1310 5311 moriturus
1349 5265 1510 5312 esset.
1554 5256 1814 5325 Quoniam

218 5361 490 5414 peccamm
520 5347 654 5403 Ada:
679 5349 860 5418 ipsum
890 5347 1064 5402 solum
1114 5347 1344 5411 lzeserit,
1391 5356 1445 5403 et
1499 5364 1602 5401 non
1651 5363 1816 5417 genus

219 5435 522 5495 buntanum.
549 5439 828 5507 Quoniam
860 5439 968 5494 Lex
992 5440 1070 5494 sic
1097 5440 1255 5494 mittit
1275 5439 1341 5495 ad
1365 5456 1604 5510 regnum,
1627 5457 1816 5510 quem-

219 5531 494 5589 admodum
567 5533 952 5602 Evangelium.
1013 5531 1274 5600 Quoniam
1337 5544 1460 5588 ante
1531 5532 1816 5589 adventum

272 5701 288 5728 '
320 5695 632 5747 Maenium
655 5701 774 5748 ιω..
799 5691 937 5755 quid.

265 5759 342 5823 (α)
377 5761 617 5810 ’leasius
644 5768 700 5808 et
727 5755 957 5804 Jattolms.

3345 277 3451 336 δδι

1867 394 2064 450 Christi
2087 394 2300 451 fuerunt
2327 393 2571 450 homines
2611 392 2728 449 sine
2771 400 3005 464 peccato.
3064 393 3324 462 Quoniam
3367 396 3448 451 ln-

1870 485 2041 542 fantes
2067 502 2238 558 nuper
2269 486 2381 542 nati
2404 486 2456 541 in
2485 486 2574 540 illo
2599 494 2741 542 statu
2771 493 2912 552 sunt,
2945 486 2996 540 in
3029 501 3136 556 quo
3164 485 3332 542 Adam
3353 486 3452 542 fuit

1868 588 1991 634 ante
2012 580 2519 650 praevaricationem.
2553 579 2814 645 Quoniam
2860 593 3032 650 neque
3084 595 3180 649 per
3222 590 3450 636 mortem

1869 673 1951 728 vel
1972 671 2460 743 praevaricationem
2490 671 2618 726 Adae
2643 686 2803 727 omne
2825 687 2994 742 genus
3022 671 3295 729 hominum
3327 689 3445 729 mo-

1870 765 2059 831 riatur,
2092 780 2262 835 neque
2291 780 2386 836 per
2410 767 2857 821 resurrectionem
2907 766 3105 823 Christi
3151 784 3310 824 omne
3359 784 3456 840 ge-

1873 873 1974 913 nus
2002 857 2274 911 hominum
2302 863 2562 926 resurgat.
2602 873 2622 908 ι
2667 855 2792 911 Ητρο
2843 856 2913 911 ita
2958 858 3166 928 objecta
3195 868 3350 926 sunt,
3400 868 3461 913 ut

1872 951 2032 1006 etiam
2059 949 2196 1020 apud
2221 949 2595 1019 Carthaginem
2616 964 2646 1003 a
2674 948 2966 1004 Sanctitate
2994 958 3081 1004 tua
3131 960 3185 1006 et
3231 951 3299 1006 ab
3328 950 3450 1005 aliis

1876 1050 2048 1096 tecum
2087 1038 2354 1110 episc0pis
2381 1038 2685 1093 dicerentur
2739 1037 2914 1092 audita
2971 1046 3128 1107 atque
3184 1039 3455 1094 damnata.

1874 1132 1977 1189 Ubi
2002 1133 2238 1203 quidem,
2260 1139 2316 1185 ut
2343 1129 2558 1196 recolis,
2587 1129 2702 1198 ipse
2729 1145 2834 1182 non
2863 1128 2956 1194 fui,
2979 1129 3073 1183 sed
3118 1139 3298 1199 postea
3335 1144 3456 1184 cum

1873 1223 2138 1278 venissem
2159 1220 2553 1291 Carthaginem,
2587 1217 2771 1274 eadem
2799 1227 2946 1289 gesta
2960 1220 3226 1285 recensui,
3252 1235 3319 1274 ex
3340 1219 3462 1290 qui-

1875 1315 1974 1370 bus
1998 1313 2169 1384 aliqua
2193 1310 2448 1368 memini:
2476 1309 2573 1366 sed
2602 1310 2784 1366 nescio
2812 1318 2990 1365 utrum
3033 1311 3145 1366 eis‘
3176 1311 3290 1366 haec
3340 1326 3462 1366 om-

1877 1405 1964 1460 nia
1987 1412 2285 1460 teneantur.
2310 1402 2444 1471 Quid
2471 1410 2649 1458 autem
2669 1402 2912 1466 interest,
2937 1409 3115 1455 utrum
3137 1401 3314 1472 aliqua
3333 1401 3466 1457 inibi

1878 1509 1984 1549 non
2015 1494 2123 1548 sint
2150 1492 2289 1549 forte
2310 1500 2727 1548 commemorata
2749 1533 2764 1554 ,
2792 1500 2846 1546 et
2875 1492 2994 1546 ideo
3046 1508 3146 1547 nec
3173 1492 3419 1547 damnata
3445 1534 3463 1560 ,

1877 1600 2000 1642 cum
2041 1593 2250 1641 constet
2293 1599 2413 1640 esse
2453 1583 2793 1638 damnanda?
2840 1583 3040 1640 Deinde
3087 1583 3295 1654 objecta
3342 1594 3468 1641 sunt

1879 1684 1931 1732 et
1952 1675 2055 1731 alia
2085 1674 2324 1746 quaedam
2348 1673 2596 1745 capitula,
2617 1668 3126 1730 commemoratione
3154 1675 3258 1730 mei
3290 1676 3466 1731 nomi-

1879 1765 1963 1822 nis
1993 1766 2324 1836 interposita,
2354 1781 2472 1836 qua:
2500 1765 2628 1821 mihi
2659 1765 2727 1820 de
2771 1765 2948 1821 Sicilia
3001 1767 3163 1822 missa
3213 1754 3482 1836 fuerant,

1880 1873 2001 1914 cum
2030 1857 2102 1913 ibi
2123 1856 2310 1912 fratres
2338 1856 2588 1912 catholici
2622 1856 2926 1928 hujusmodi
2955 1859 3338 1930 qumstionibus
3357 1870 3469 1915 tur-

1883 1947 2155 2015 barentur,
2184 1949 2374 2019 quibus
2400 1964 2496 2018 per
2533 1948 2728 2004 librum
2765 1949 2830 2004 ad
2861 1949 3116 2004 Hilarium
3159 1950 3414 2022 scriptum
3448 1992 3468 2020 ,

1882 2039 1972 2110 qui
1997 2056 2059 2096 ea
2085 2040 2216 2095 mihi
2257 2041 2309 2095 in
2339 2041 2562 2111 epistola
2588 2056 2684 2096 sua
2711 2041 2998 2096 consulens
3051 2043 3266 2098 miserat
3291 2085 3306 2110 ,
3340 2043 3472 2098 satis

1884 2129 2228 2198 sufficienter,
2262 2139 2322 2186 ut
2341 2131 2472 2186 mihi
2502 2132 2731 2198 videtur,
2761 2134 3010 2202 respondi
3055 2133 3314 2206 (Epistola
3342 2135 3470 2200 157,

1885 2222 1954 2277 ad
1984 2219 2239 2278 Hilarium
2265 2221 2504 2297 scripta).
2536 2224 2637 2279 ista
2684 2233 2809 2279 sunt
2851 2234 3028 2281 autem
3062 2243 3074 2278 :
3110 2244 3129 2277 ι
3169 2225 3333 2281 Posse
3375 2225 3476 2282 ho-

1887 2315 2084 2370 minem
2114 2315 2481 2386 sinepeccato,
2513 2315 2560 2370 si
2587 2315 2738 2383 velit,
2771 2332 2908 2372 esse.
2933 2316 3189 2382 Infantes,
3218 2317 3318 2372 etsi
3363 2332 3474 2372 non

1889 2407 2240 2478 baptizeutur,
2273 2406 2472 2462 habere
2497 2407 2656 2461 vitam
2679 2417 2957 2462 aeternam.
2989 2408 3191 2462 Divites
3235 2406 3475 2476 baptiza-

1891 2508 1992 2565 tos,
2023 2498 2122 2552 nisi
2152 2497 2400 2552 omnibus
2425 2496 2819 2562 abrenunticnt,
2857 2497 2901 2551 si
2923 2496 3046 2567 quid
3079 2497 3203 2552 boni
3228 2496 3327 2551 visi
3347 2496 3474 2552 fue-

1890 2589 1998 2643 rint
2022 2587 2215 2654 facere,
2263 2591 2395 2643 non'
2424 2587 2661 2658 reputari
2715 2585 2854 2654 illis,
2900 2603 3074 2659 neque
3124 2603 3345 2658 regnum
3375 2588 3474 2654 Dei

1892 2694 2050 2750 posse
2074 2693 2167 2735 eos
2188 2679 2404 2734 habere.
2438 2698 2458 2732 ι

1963 2772 2056 2828 24.
2080 2772 2161 2827 Ad
2189 2772 2304 2827 hmo
2339 2770 2440 2827 sibi
2471 2770 2700 2842 objecta,
2725 2771 2863 2827 sicut
2889 2779 3035 2841 gesta
3062 2778 3344 2830 testantur.
3380 2769 3482 2826 Pe-

1895 2866 2064 2937 lagius
2111 2865 2183 2920 ita
2221 2864 2538 2935 respondit:
2570 2881 2589 2916 ι
2627 2864 2703 2918 De
2757 2877 2916 2934 posse
2954 2861 3168 2936 quidem
3207 2861 3480 2918 hominem

1897 2959 2014 3015 sine
2043 2967 2263 3030 peccato
2291 2968 2440 3024 esse,
2465 2958 2666 3012 dictum
2692 2967 2809 3023 est,
2855 2976 2873 3009 ι
2908 2955 3100 3027 inquit,
3135 2974 3154 3008 ‹
3193 2955 3479 3026 superius:

1897 3049 1966 3105 de
1991 3065 2058 3106 eo
2077 3059 2252 3104 autem
2279 3049 2422 3121 quod
2452 3049 2646 3104 fuerint
2666 3057 2790 3103 ante
2824 3047 3106 3102 adventum
3150 3047 3358 3102 Domini
3387 3047 3486 3103 ho-

1899 3144 2071 3199 mines
2093 3144 2210 3200 sine
2230 3151 2467 3214 peccato,
2500 3131 2727 3196 dicimus
2751 3149 2807 3195 et
2849 3155 2946 3196 nos
2970 3139 3219 3210 quoniam
3240 3148 3365 3196 ante
3385 3139 3486 3194 ad-

1899 3243 2119 3296 ventum
2140 3233 2336 3290 Christi
2367 3233 2611 3288 vixerunt
2636 3232 2853 3304 quidam
2894 3240 3077 3287 sancte
3103 3240 3156 3288 et
3180 3231 3322 3303 juslc
3341 3272 3357 3298 ,
3393 3247 3484 3286 se-

1901 3325 2538 3398 CundumScripturarum
2553 3334 2858 3382 sanctarum
2885 3325 3244 3380 traditionem.
3263 3324 3486 3394 Reliqua

1902 3437 2032 3478 vero
2082 3431 2137 3477 et
2190 3421 2483 3478 secundum
2511 3422 2748 3492 ipsorum
2778 3421 3140 3476 testimonium
3169 3437 3198 3476 a
3233 3437 3318 3475 me
3347 3421 3489 3477 dicta

1903 3529 2010 3570 non
2036 3522 2178 3580 sunt,
2206 3529 2302 3585 pro
2327 3515 2520 3584 quibus
2545 3529 2645 3584 ego
2673 3513 2981 3574 satisfacere
3020 3529 3127 3569 non
3153 3513 3358 3570 debeo:
3390 3513 3488 3569 sed

1905 3618 2082 3666 tamen
2113 3608 2180 3664 ad
2209 3607 2624 3664 satisfactionem
2656 3618 2854 3662 sanctae
2878 3606 3080 3678 Synodi
3100 3646 3116 3673 ,
3175 3606 3490 3662 anathema-

1907 3705 2011 3760 tizo
2031 3704 2153 3759 illos
2181 3702 2271 3775 qui
2301 3703 2380 3758 sic
2409 3710 2611 3767 tenent,
2643 3710 2735 3756 aut
2785 3702 3074 3774 aliquando
3129 3709 3433 3756 tenuerunt.
3462 3720 3484 3754 ι

1906 3796 2037 3852 Post
2081 3794 2219 3850 hanc
2247 3795 2366 3864 ejus
2408 3794 2810 3861 responsionem
2849 3792 3098 3865 Synodus
3148 3793 3316 3848 dixit:
3355 3810 3374 3844 ι
3407 3792 3492 3848 Ad

1908 3887 2026 3944 lucc
2047 3887 2296 3958 praedicta
2322 3885 2556 3956 capitula,
2577 3883 2905 3939 sufficienter
2941 3894 2995 3939 et
3046 3892 3190 3939 recte
3233 3881 3494 3939 satisfecit

1906 3995 2146 4054 praesens
2171 3976 2912 4051 Pelagius.anathematixans
2951 3991 3014 4031 ea
3041 3991 3160 4046 qu:e
3200 3991 3303 4032 non
3339 3984 3495 4032 erant

1908 4074 2043 4143 ejus.
2081 4091 2100 4126 ι
2131 4071 2388 4127 Videmus
2418 4071 2577 4142 igitur
2597 4080 2650 4124 et
2679 4077 2944 4134 tenemus,
2965 4083 3072 4124 non
3093 4069 3266 4124 solum
3286 4083 3316 4121 a
3347 4067 3496 4124 Pela-

1909 4164 2016 4236 gio,
2050 4178 2233 4219 verum
2262 4163 2424 4219 etiam
2445 4176 2476 4216 a
2505 4160 2705 4216 sanctis
2741 4160 3005 4230 episcopis
3032 4159 3122 4230 qui
3171 4159 3244 4214 illi
3293 4158 3496 4228 judicio

1911 4255 2288 4328 praesidebant,
2317 4253 2455 4308 mala
2484 4251 2935 4324 perniciosissima
2963 4250 3265 4321 hujusmodi
3319 4250 3496 4306 luere-

1910 4349 1985 4403 sis
2009 4363 2129 4404 esse
2153 4346 2399 4402 damnata
2426 4361 2442 4400 :
2480 4363 2500 4398 t
2537 4343 2707 4399 Adam
2735 4343 3014 4398 mortalem
3039 4340 3254 4404 factum,
3293 4360 3312 4394 ι
3342 4341 3489 4412 quod

1911 4453 1970 4499 ut
1995 4442 2204 4513 plenius
2227 4447 2580 4510 exponeretur
2604 4435 2872 4508 quomodo
2906 4435 3106 4490 dictum
3148 4435 3237 4502 sit,
3258 4434 3496 4490 additum

1913 4545 2015 4598 est,
2043 4553 2062 4587 t
2089 4534 2178 4604 qui
2204 4533 2314 4588 sive
2339 4537 2605 4602 peccaret,
2636 4530 2748 4584 sive
2773 4544 2878 4582 non
2902 4536 3176 4597 peccaret,
3208 4527 3502 4583 moriturus

1913 4635 2074 4684 esset.
2101 4625 2254 4694 Quod
2282 4633 2554 4694 peccatum
2599 4623 2716 4692 ejus
2753 4621 2924 4692 ipsum
2968 4620 3141 4675 solum
3182 4620 3421 4686 laeserit,
3445 4632 3502 4676 et

1916 4735 2020 4774 non
2042 4733 2211 4789 genus
2237 4717 2544 4770 humanum.
2563 4714 2713 4782 Quod
2743 4713 2850 4769 Lex
2869 4714 2947 4768 sic
2968 4713 3143 4767 mittat
3161 4711 3227 4767 ad
3251 4729 3498 4783 regnum,

1915 4809 2366 4883 quemadmodum
2400 4817 2456 4863 et
2484 4806 2850 4877 Evangelium.
2892 4804 3044 4873 Quod
3078 4804 3304 4858 infantes
3329 4820 3506 4874 nuper

1916 4902 2026 4957 nati
2071 4901 2122 4956 in
2147 4901 2238 4955 illo
2266 4909 2407 4954 statu
2436 4898 2562 4963 sint,
2593 4898 2646 4951 in
2667 4912 2774 4970 quo
2803 4894 2974 4951 Adam
2998 4895 3095 4950 fuit
3121 4905 3245 4952 ante
3295 4911 3496 4967 praeva-

1916 4990 2418 5060 ricationcm.Quod
2444 5004 2614 5060 neque
2633 5004 2728 5059 per
2741 4997 2964 5044 mortem
2995 4987 3076 5042 vel
3108 4987 3503 5055 praevaricatio-

1915 5071 2039 5141 nem
2072 5083 2200 5140 Atia:
2225 5097 2383 5137 omne
2399 5097 2566 5152 genus
2591 5079 2863 5134 hominum
2903 5077 3178 5142 moriatur,
3209 5092 3380 5146 neque
3407 5092 3504 5148 per

1919 5178 2363 5236 resurrectionem
2377 5173 2574 5230 Christi
2588 5157 2747 5228 omne
2766 5185 2933 5243 genus
2947 5170 3218 5225 hcminom
3238 5177 3502 5238 resurgat.

1918 5270 2069 5340 Quod
2117 5270 2342 5324 infantes
2366 5309 2380 5332 ,
2409 5266 2511 5322 etsi
2540 5280 2645 5319 non
2681 5263 3035 5333 baptizentur,
3071 5260 3300 5316 habeant
3339 5259 3502 5315 vitam

1918 5372 2192 5419 mternam.
2223 5359 2373 5428 Quod
2396 5359 2588 5413 divites
2612 5355 2892 5425 baptizati,
2944 5355 3043 5408 nisi
3073 5354 3318 5407 omnibus
3346 5350 3504 5404 abre-

1920 5455 2183 5518 nuntient,
2211 5452 2257 5507 si
2286 5450 2411 5522 quid
2437 5449 2560 5504 boni
2583 5447 2679 5502 visi
2711 5446 2905 5501 fuerint
2937 5443 3131 5509 facere,
3160 5458 3263 5497 non
3297 5439 3401 5496 illis
3423 5456 3508 5494 re-

1921 5556 2154 5618 putetur,
2187 5558 2358 5614 neque
2408 5555 2628 5612 regnum
2673 5538 2764 5600 Dei
2809 5537 3014 5608 possint
3063 5535 3277 5590 habere.
3325 5550 3345 5587 ι
3377 5532 3503 5589 ινῇυο

1999 5751 2014 5785 θ
2040 5750 2175 5808 mliti,
2197 5750 2315 5810 ejus.
2335 5744 2463 5796 rolb.
2495 5750 2593 5803 Ms.,
2622 5741 2689 5791 ris
2719 5751 2734 5790 :
2760 5736 2981 5797 subaudi,
3004 5735 3160 5802 gestis.
