  <div class='ocr_page' id='page_1' title='image "/cluster/home/n/w/nwhite01/storage/ocr_20150623/44-45/uva.x000217727/171.png"; bbox 0 0 3984 6516; ppageno 0'>
   <div class='ocr_carea' id='block_1_1' title="bbox 538 351 639 408">
    <p class='ocr_par' dir='ltr' id='par_1_1' title="bbox 538 351 639 408">
     <span class='ocr_line' id='line_1_1' title="bbox 538 351 639 408; baseline 0.03 -3"><span class='ocrx_word' id='word_1_1' title='bbox 538 351 639 408; x_wconf 68' lang='lat'><strong>335</strong></span> 
     </span>
    </p>
   </div>
   <div class='ocr_carea' id='block_1_2' title="bbox 538 440 2121 531">
    <p class='ocr_par' dir='ltr' id='par_1_2' title="bbox 538 440 2121 531">
     <span class='ocr_line' id='line_1_2' title="bbox 538 440 2121 531; baseline -0.018 -9"><span class='ocrx_word' id='word_1_2' title='bbox 538 475 687 521; x_wconf 90' lang='lat' dir='ltr'><strong>certe</strong></span> <span class='ocrx_word' id='word_1_3' title='bbox 736 464 914 519; x_wconf 87' lang='lat' dir='ltr'><strong>omnia</strong></span> <span class='ocrx_word' id='word_1_4' title='bbox 960 457 1161 531; x_wconf 79' lang='lat' dir='ltr'><strong>judicio</strong></span> <span class='ocrx_word' id='word_1_5' title='bbox 1206 454 1297 509; x_wconf 89' lang='lat' dir='ltr'><strong>illo</strong></span> <span class='ocrx_word' id='word_1_6' title='bbox 1355 446 1721 529; x_wconf 79' lang='lat' dir='ltr'><strong>ecclesiastico</strong></span> <span class='ocrx_word' id='word_1_7' title='bbox 1768 440 2121 525; x_wconf 77' lang='lat' dir='ltr'><strong>anathemati-</strong></span> 
     </span>
    </p>
   </div>
   <div class='ocr_carea' id='block_1_3' title="bbox 541 537 2128 624">
    <p class='ocr_par' dir='ltr' id='par_1_3' title="bbox 541 537 2128 624">
     <span class='ocr_line' id='line_1_3' title="bbox 541 537 2128 624; baseline -0.018 -9"><span class='ocrx_word' id='word_1_8' title='bbox 541 564 697 619; x_wconf 81' lang='lat' dir='ltr'><strong>sante</strong></span> <span class='ocrx_word' id='word_1_9' title='bbox 712 552 948 624; x_wconf 84' lang='lat' dir='ltr'><strong>Pelagio,</strong></span> <span class='ocrx_word' id='word_1_10' title='bbox 978 559 1035 607; x_wconf 90' lang='lat' dir='ltr'><strong>et</strong></span> <span class='ocrx_word' id='word_1_11' title='bbox 1057 544 1323 619; x_wconf 85' lang='lat' dir='ltr'><strong>episcopis</strong></span> <span class='ocrx_word' id='word_1_12' title='bbox 1376 537 1889 611; x_wconf 89' lang='lat' dir='ltr'><strong>interloquentibus,</strong></span> <span class='ocrx_word' id='word_1_13' title='bbox 1916 540 2128 590; x_wconf 95' lang='lat' dir='ltr'><strong>constat</strong></span> 
     </span>
    </p>
   </div>
   <div class='ocr_carea' id='block_1_4' title="bbox 543 646 960 704">
    <p class='ocr_par' dir='ltr' id='par_1_4' title="bbox 543 646 960 704">
     <span class='ocr_line' id='line_1_4' title="bbox 543 646 960 704; baseline -0.022 1"><span class='ocrx_word' id='word_1_14' title='bbox 543 663 664 704; x_wconf 86' lang='lat' dir='ltr'><strong>esse</strong></span> <span class='ocrx_word' id='word_1_15' title='bbox 689 646 960 702; x_wconf 87' lang='lat' dir='ltr'><strong>damnata.</strong></span> 
     </span>
    </p>
   </div>
   <div class='ocr_carea' id='block_1_5' title="bbox 611 713 2126 799">
    <p class='ocr_par' dir='ltr' id='par_1_5' title="bbox 611 713 2126 799">
     <span class='ocr_line' id='line_1_5' title="bbox 611 713 2126 799; baseline -0.018 -5"><span class='ocrx_word' id='word_1_16' title='bbox 611 739 706 794; x_wconf 73' lang='lat'><strong>25.</strong></span> <span class='ocrx_word' id='word_1_17' title='bbox 738 736 832 792; x_wconf 84' lang='lat' dir='ltr'><strong>His</strong></span> <span class='ocrx_word' id='word_1_18' title='bbox 848 742 1026 788; x_wconf 92' lang='lat' dir='ltr'><strong>autem</strong></span> <span class='ocrx_word' id='word_1_19' title='bbox 1052 724 1457 799; x_wconf 65' lang='lat' dir='ltr'><strong>quaestionibus,</strong></span> <span class='ocrx_word' id='word_1_20' title='bbox 1484 731 1539 778; x_wconf 90' lang='lat' dir='ltr'><strong>et</strong></span> <span class='ocrx_word' id='word_1_21' title='bbox 1574 721 1794 776; x_wconf 89' lang='lat' dir='ltr'><strong>istarum</strong></span> <span class='ocrx_word' id='word_1_22' title='bbox 1833 713 2126 773; x_wconf 84' lang='lat' dir='ltr'><strong>sententia-</strong></span> 
     </span>
    </p>
   </div>
   <div class='ocr_carea' id='block_1_6' title="bbox 543 810 2129 887">
    <p class='ocr_par' dir='ltr' id='par_1_6' title="bbox 543 810 2129 887">
     <span class='ocr_line' id='line_1_6' title="bbox 543 810 2129 887; baseline -0.02 0"><span class='ocrx_word' id='word_1_23' title='bbox 543 845 667 887; x_wconf 90' lang='lat' dir='ltr'><strong>rum</strong></span> <span class='ocrx_word' id='word_1_24' title='bbox 693 820 1192 885; x_wconf 85' lang='lat' dir='ltr'><strong>eontentiosissimis</strong></span> <span class='ocrx_word' id='word_1_25' title='bbox 1231 813 1618 873; x_wconf 75' lang='lat' dir='ltr'><strong>assertionibus</strong></span> <span class='ocrx_word' id='word_1_26' title='bbox 1666 810 1776 881; x_wconf 82' lang='lat' dir='ltr'><strong>jam</strong></span> <span class='ocrx_word' id='word_1_27' title='bbox 1830 819 2129 876; x_wconf 89' lang='lat' dir='ltr'><strong>usquequa-</strong></span> 
     </span>
    </p>
   </div>
   <div class='ocr_carea' id='block_1_7' title="bbox 543 898 2126 991">
    <p class='ocr_par' dir='ltr' id='par_1_7' title="bbox 543 898 2126 991">
     <span class='ocr_line' id='line_1_7' title="bbox 543 898 2126 991; baseline -0.016 -15"><span class='ocrx_word' id='word_1_28' title='bbox 543 937 647 991; x_wconf 90' lang='lat' dir='ltr'><strong>que</strong></span> <span class='ocrx_word' id='word_1_29' title='bbox 663 916 989 975; x_wconf 88' lang='lat' dir='ltr'><strong>ferventibus</strong></span> <span class='ocrx_word' id='word_1_30' title='bbox 1004 954 1021 981; x_wconf 94' lang='lat'><strong>,</strong></span> <span class='ocrx_word' id='word_1_31' title='bbox 1044 912 1333 967; x_wconf 90' lang='lat' dir='ltr'><strong>multorum</strong></span> <span class='ocrx_word' id='word_1_32' title='bbox 1355 906 1588 962; x_wconf 79' lang='lat' dir='ltr'><strong>fratrum</strong></span> <span class='ocrx_word' id='word_1_33' title='bbox 1607 901 2013 974; x_wconf 80' lang='lat' dir='ltr'><strong>perturbabatur</strong></span> <span class='ocrx_word' id='word_1_34' title='bbox 2043 898 2126 952; x_wconf 82' lang='lat' dir='ltr'><strong>in-</strong></span> 
     </span>
    </p>
   </div>
   <div class='ocr_carea' id='block_1_8' title="bbox 546 991 2124 1068">
    <p class='ocr_par' dir='ltr' id='par_1_8' title="bbox 546 991 2124 1068">
     <span class='ocr_line' id='line_1_8' title="bbox 546 991 2124 1068; baseline -0.015 -1"><span class='ocrx_word' id='word_1_35' title='bbox 546 1011 791 1068; x_wconf 83' lang='lat' dir='ltr'><strong>tirmitas.</strong></span> <span class='ocrx_word' id='word_1_36' title='bbox 817 1006 972 1064; x_wconf 87' lang='lat' dir='ltr'><strong>Unde</strong></span> <span class='ocrx_word' id='word_1_37' title='bbox 999 1002 1172 1060; x_wconf 85' lang='lat' dir='ltr'><strong>coacti</strong></span> <span class='ocrx_word' id='word_1_38' title='bbox 1211 1014 1397 1056; x_wconf 90' lang='lat' dir='ltr'><strong>sumus</strong></span> <span class='ocrx_word' id='word_1_39' title='bbox 1432 996 1791 1054; x_wconf 82' lang='lat' dir='ltr'><strong>sollicitudine</strong></span> <span class='ocrx_word' id='word_1_40' title='bbox 1813 991 2085 1049; x_wconf 85' lang='lat' dir='ltr'><strong>charitatis</strong></span> <span class='ocrx_word' id='word_1_41' title='bbox 2107 1030 2124 1055; x_wconf 94' lang='lat'><strong>,</strong></span> 
     </span>
    </p>
   </div>
   <div class='ocr_carea' id='block_1_9' title="bbox 543 1084 2130 1174">
    <p class='ocr_par' dir='ltr' id='par_1_9' title="bbox 543 1084 2130 1174">
     <span class='ocr_line' id='line_1_9' title="bbox 543 1084 2130 1174; baseline -0.013 -15"><span class='ocrx_word' id='word_1_42' title='bbox 543 1119 703 1174; x_wconf 86' lang='lat' dir='ltr'><strong>quam</strong></span> <span class='ocrx_word' id='word_1_43' title='bbox 728 1090 1408 1173; x_wconf 73' lang='lat' dir='ltr'><strong>ergaEcclesiamChristi</strong></span> <span class='ocrx_word' id='word_1_44' title='bbox 1437 1106 1532 1161; x_wconf 85' lang='lat' dir='ltr'><strong>per</strong></span> <span class='ocrx_word' id='word_1_45' title='bbox 1564 1088 1788 1161; x_wconf 86' lang='lat' dir='ltr'><strong>gratiam</strong></span> <span class='ocrx_word' id='word_1_46' title='bbox 1810 1084 2006 1143; x_wconf 87' lang='lat' dir='ltr'><strong>Christi</strong></span> <span class='ocrx_word' id='word_1_47' title='bbox 2033 1097 2130 1139; x_wconf 91' lang='lat' dir='ltr'><strong>nos</strong></span> 
     </span>
    </p>
   </div>
   <div class='ocr_carea' id='block_1_10' title="bbox 547 1175 2131 1254">
    <p class='ocr_par' dir='ltr' id='par_1_10' title="bbox 547 1175 2131 1254">
     <span class='ocr_line' id='line_1_10' title="bbox 547 1175 2131 1254; baseline -0.015 -3"><span class='ocrx_word' id='word_1_48' title='bbox 547 1198 745 1251; x_wconf 77' lang='lat' dir='ltr'><strong>haltere</strong></span> <span class='ocrx_word' id='word_1_49' title='bbox 764 1191 1035 1254; x_wconf 79' lang='lat' dir='ltr'><strong>convenit,</strong></span> <span class='ocrx_word' id='word_1_50' title='bbox 1065 1188 1228 1245; x_wconf 89' lang='lat' dir='ltr'><strong>etiam</strong></span> <span class='ocrx_word' id='word_1_51' title='bbox 1249 1186 1313 1240; x_wconf 90' lang='lat' dir='ltr'><strong>ad</strong></span> <span class='ocrx_word' id='word_1_52' title='bbox 1340 1185 1509 1239; x_wconf 18' lang='lat' dir='ltr'><strong>beatzte</strong></span> <span class='ocrx_word' id='word_1_53' title='bbox 1558 1181 1829 1236; x_wconf 68' lang='lat' dir='ltr'><strong>memoria:</strong></span> <span class='ocrx_word' id='word_1_54' title='bbox 1872 1175 2131 1232; x_wconf 82' lang='lat' dir='ltr'><strong>Marcelli-</strong></span> 
     </span>
    </p>
   </div>
   <div class='ocr_carea' id='block_1_11' title="bbox 552 1265 2131 1355">
    <p class='ocr_par' dir='ltr' id='par_1_11' title="bbox 552 1265 2131 1355">
     <span class='ocr_line' id='line_1_11' title="bbox 552 1265 2131 1355; baseline -0.016 -13"><span class='ocrx_word' id='word_1_55' title='bbox 552 1304 716 1352; x_wconf 87' lang='lat' dir='ltr'><strong>nutu,</strong></span> <span class='ocrx_word' id='word_1_56' title='bbox 745 1283 836 1355; x_wconf 86' lang='lat' dir='ltr'><strong>qui</strong></span> <span class='ocrx_word' id='word_1_57' title='bbox 885 1295 981 1338; x_wconf 86' lang='lat' dir='ltr'><strong>eos</strong></span> <span class='ocrx_word' id='word_1_58' title='bbox 1031 1276 1268 1350; x_wconf 87' lang='lat' dir='ltr'><strong>quotidie</strong></span> <span class='ocrx_word' id='word_1_59' title='bbox 1310 1274 1673 1344; x_wconf 82' lang='lat' dir='ltr'><strong>disputatores</strong></span> <span class='ocrx_word' id='word_1_60' title='bbox 1728 1265 2131 1353; x_wconf 68' lang='lat' dir='ltr'><strong>molestissimos</strong></span> 
     </span>
    </p>
   </div>
   <div class='ocr_carea' id='block_1_12' title="bbox 551 1346 2133 1447">
    <p class='ocr_par' dir='ltr' id='par_1_12' title="bbox 551 1346 2133 1447">
     <span class='ocr_line' id='line_1_12' title="bbox 551 1346 2133 1447; baseline -0.015 -15"><span class='ocrx_word' id='word_1_61' title='bbox 551 1346 871 1447; x_wconf 72' lang='lat' dir='ltr'><strong>patiebatur,</strong></span> <span class='ocrx_word' id='word_1_62' title='bbox 894 1346 1065 1431; x_wconf 78' lang='lat' dir='ltr'><strong>etme</strong></span> <span class='ocrx_word' id='word_1_63' title='bbox 1084 1386 1178 1441; x_wconf 87' lang='lat' dir='ltr'><strong>per</strong></span> <span class='ocrx_word' id='word_1_64' title='bbox 1202 1362 1768 1426; x_wconf 82' lang='lat' dir='ltr'><strong>litteras-consulebat,</strong></span> <span class='ocrx_word' id='word_1_65' title='bbox 1809 1360 1876 1414; x_wconf 87' lang='lat' dir='ltr'><strong>de</strong></span> <span class='ocrx_word' id='word_1_66' title='bbox 1915 1346 2133 1429; x_wconf 79' lang='lat' dir='ltr'><strong>quihus-</strong></span> 
     </span>
    </p>
   </div>
   <div class='ocr_carea' id='block_1_13' title="bbox 547 1447 2133 1536">
    <p class='ocr_par' dir='ltr' id='par_1_13' title="bbox 547 1447 2133 1536">
     <span class='ocr_line' id='line_1_13' title="bbox 547 1447 2133 1536; baseline -0.015 -11"><span class='ocrx_word' id='word_1_67' title='bbox 547 1448 930 1525; x_wconf 21' lang='lat' dir='ltr'><strong>datn‘istarum</strong></span> <span class='ocrx_word' id='word_1_68' title='bbox 965 1459 1355 1536; x_wconf 69' lang='lat' dir='ltr'><strong>quaestionibus</strong></span> <span class='ocrx_word' id='word_1_69' title='bbox 1394 1455 1661 1520; x_wconf 86' lang='lat' dir='ltr'><strong>scribere,</strong></span> <span class='ocrx_word' id='word_1_70' title='bbox 1697 1461 1753 1508; x_wconf 91' lang='lat' dir='ltr'><strong>et</strong></span> <span class='ocrx_word' id='word_1_71' title='bbox 1789 1449 2018 1505; x_wconf 77' lang='lat' dir='ltr'><strong>maxime</strong></span> <span class='ocrx_word' id='word_1_72' title='bbox 2063 1447 2133 1502; x_wconf 89' lang='lat' dir='ltr'><strong>de</strong></span> 
     </span>
    </p>
   </div>
   <div class='ocr_carea' id='block_1_14' title="bbox 537 1540 2134 1629">
    <p class='ocr_par' dir='ltr' id='par_1_14' title="bbox 537 1540 2134 1629">
     <span class='ocr_line' id='line_1_14' title="bbox 537 1540 2134 1629; baseline -0.011 -17"><span class='ocrx_word' id='word_1_73' title='bbox 537 1561 825 1629; x_wconf 66' lang='lat' dir='ltr'><strong>atztptistno</strong></span> <span class='ocrx_word' id='word_1_74' title='bbox 849 1554 1223 1626; x_wconf 88' lang='lat' dir='ltr'><strong>parvulorum:</strong></span> <span class='ocrx_word' id='word_1_75' title='bbox 1243 1550 1309 1605; x_wconf 90' lang='lat' dir='ltr'><strong>de</strong></span> <span class='ocrx_word' id='word_1_76' title='bbox 1327 1562 1435 1618; x_wconf 90' lang='lat' dir='ltr'><strong>quo</strong></span> <span class='ocrx_word' id='word_1_77' title='bbox 1455 1545 1627 1603; x_wconf 69' lang='lat' dir='ltr'><strong>etiam,</strong></span> <span class='ocrx_word' id='word_1_78' title='bbox 1644 1553 1852 1615; x_wconf 86' lang='lat' dir='ltr'><strong>postea,</strong></span> <span class='ocrx_word' id='word_1_79' title='bbox 1869 1550 1923 1596; x_wconf 91' lang='lat' dir='ltr'><strong>te</strong></span> <span class='ocrx_word' id='word_1_80' title='bbox 1944 1540 2134 1611; x_wconf 83' lang='lat' dir='ltr'><strong>juben-</strong></span> 
     </span>
    </p>
   </div>
   <div class='ocr_carea' id='block_1_15' title="bbox 551 1628 2134 1716">
    <p class='ocr_par' dir='ltr' id='par_1_15' title="bbox 551 1628 2134 1716">
     <span class='ocr_line' id='line_1_15' title="bbox 551 1628 2134 1716; baseline -0.015 -9"><span class='ocrx_word' id='word_1_81' title='bbox 551 1628 639 1716; x_wconf 83' lang='lat' dir='ltr'><strong>te,</strong></span> <span class='ocrx_word' id='word_1_82' title='bbox 656 1652 705 1704; x_wconf 90' lang='lat' dir='ltr'><strong>in</strong></span> <span class='ocrx_word' id='word_1_83' title='bbox 738 1648 954 1703; x_wconf 80' lang='lat' dir='ltr'><strong>basilica</strong></span> <span class='ocrx_word' id='word_1_84' title='bbox 972 1643 1231 1715; x_wconf 68' lang='lat' dir='ltr'><strong>Maiorum</strong></span> <span class='ocrx_word' id='word_1_85' title='bbox 1258 1641 1298 1707; x_wconf 73' lang='grc' dir='ltr'><strong>ί,</strong></span> <span class='ocrx_word' id='word_1_86' title='bbox 1328 1647 1547 1708; x_wconf 86' lang='lat' dir='ltr'><strong>gestans</strong></span> <span class='ocrx_word' id='word_1_87' title='bbox 1571 1650 1782 1713; x_wconf 87' lang='lat' dir='ltr'><strong>quoque</strong></span> <span class='ocrx_word' id='word_1_88' title='bbox 1809 1633 1861 1687; x_wconf 92' lang='lat' dir='ltr'><strong>in</strong></span> <span class='ocrx_word' id='word_1_89' title='bbox 1887 1628 2134 1686; x_wconf 88' lang='lat' dir='ltr'><strong>manibus</strong></span> 
     </span>
    </p>
   </div>
   <div class='ocr_carea' id='block_1_16' title="bbox 548 1719 2137 1812">
    <p class='ocr_par' dir='ltr' id='par_1_16' title="bbox 548 1719 2137 1812">
     <span class='ocr_line' id='line_1_16' title="bbox 548 1719 2137 1812; baseline -0.012 -17"><span class='ocrx_word' id='word_1_90' title='bbox 548 1740 827 1812; x_wconf 68' lang='lat' dir='ltr'><strong>epistolam</strong></span> <span class='ocrx_word' id='word_1_91' title='bbox 854 1733 1224 1809; x_wconf 86' lang='lat' dir='ltr'><strong>gloriosissimi</strong></span> <span class='ocrx_word' id='word_1_92' title='bbox 1250 1728 1503 1802; x_wconf 80' lang='lat' dir='ltr'><strong>martyris</strong></span> <span class='ocrx_word' id='word_1_93' title='bbox 1528 1724 1806 1799; x_wconf 83' lang='lat' dir='ltr'><strong>Cypriani,</strong></span> <span class='ocrx_word' id='word_1_94' title='bbox 1853 1730 1907 1778; x_wconf 91' lang='lat' dir='ltr'><strong>et</strong></span> <span class='ocrx_word' id='word_1_95' title='bbox 1937 1721 2006 1777; x_wconf 91' lang='lat' dir='ltr'><strong>de</strong></span> <span class='ocrx_word' id='word_1_96' title='bbox 2034 1719 2137 1776; x_wconf 89' lang='lat' dir='ltr'><strong>hac</strong></span> 
     </span>
    </p>
   </div>
   <div class='ocr_carea' id='block_1_17' title="bbox 516 1806 2147 1905">
    <p class='ocr_par' dir='ltr' id='par_1_17' title="bbox 516 1806 2147 1905">
     <span class='ocr_line' id='line_1_17' title="bbox 516 1806 2147 1905; baseline -0.014 -15"><span class='ocrx_word' id='word_1_97' title='bbox 516 1870 519 1873; x_wconf 66' lang='grc'><strong>»</strong></span> <span class='ocrx_word' id='word_1_98' title='bbox 549 1851 611 1889; x_wconf 85' lang='lat' dir='ltr'><strong>re</strong></span> <span class='ocrx_word' id='word_1_99' title='bbox 631 1831 794 1905; x_wconf 84' lang='lat' dir='ltr'><strong>verba</strong></span> <span class='ocrx_word' id='word_1_100' title='bbox 814 1806 931 1899; x_wconf 77' lang='lat' dir='ltr'><strong>ejus</strong></span> <span class='ocrx_word' id='word_1_101' title='bbox 959 1826 1194 1901; x_wconf 87' lang='lat' dir='ltr'><strong>recitans</strong></span> <span class='ocrx_word' id='word_1_102' title='bbox 1218 1831 1377 1891; x_wconf 86' lang='lat' dir='ltr'><strong>atque</strong></span> <span class='ocrx_word' id='word_1_103' title='bbox 1399 1826 1753 1891; x_wconf 85' lang='lat' dir='ltr'><strong>pertractans,</strong></span> <span class='ocrx_word' id='word_1_104' title='bbox 1782 1824 1841 1869; x_wconf 93' lang='lat' dir='ltr'><strong>ut</strong></span> <span class='ocrx_word' id='word_1_105' title='bbox 1860 1828 2011 1869; x_wconf 84' lang='lat' dir='ltr'><strong>error</strong></span> <span class='ocrx_word' id='word_1_106' title='bbox 2036 1806 2147 1867; x_wconf 84' lang='lat' dir='ltr'><strong>iste</strong></span> 
     </span>
    </p>
   </div>
   <div class='ocr_carea' id='block_1_18' title="bbox 555 1904 2140 1990">
    <p class='ocr_par' dir='ltr' id='par_1_18' title="bbox 555 1904 2140 1990">
     <span class='ocr_line' id='line_1_18' title="bbox 555 1904 2140 1990; baseline -0.012 -12"><span class='ocrx_word' id='word_1_107' title='bbox 555 1904 789 1979; x_wconf 77' lang='lat' dir='ltr'><strong>nefarius</strong></span> <span class='ocrx_word' id='word_1_108' title='bbox 814 1921 881 1975; x_wconf 89' lang='lat' dir='ltr'><strong>de</strong></span> <span class='ocrx_word' id='word_1_109' title='bbox 900 1915 1252 1990; x_wconf 81' lang='lat' dir='ltr'><strong>qdorumdam</strong></span> <span class='ocrx_word' id='word_1_110' title='bbox 1281 1911 1534 1968; x_wconf 89' lang='lat' dir='ltr'><strong>cordibus</strong></span> <span class='ocrx_word' id='word_1_111' title='bbox 1559 1910 1856 1964; x_wconf 79' lang='lat' dir='ltr'><strong>auferretur</strong></span> <span class='ocrx_word' id='word_1_112' title='bbox 1879 1947 1896 1972; x_wconf 94' lang='lat'><strong>,</strong></span> <span class='ocrx_word' id='word_1_113' title='bbox 1948 1904 2140 1974; x_wconf 83' lang='lat' dir='ltr'><strong>quibus</strong></span> 
     </span>
    </p>
   </div>
   <div class='ocr_carea' id='block_1_19' title="bbox 557 1998 2136 2085">
    <p class='ocr_par' dir='ltr' id='par_1_19' title="bbox 557 1998 2136 2085">
     <span class='ocr_line' id='line_1_19' title="bbox 557 1998 2136 2085; baseline -0.013 -17"><span class='ocrx_word' id='word_1_114' title='bbox 557 2027 813 2085; x_wconf 82' lang='lat' dir='ltr'><strong>persuasa</strong></span> <span class='ocrx_word' id='word_1_115' title='bbox 837 2011 1046 2066; x_wconf 87' lang='lat' dir='ltr'><strong>fuerant</strong></span> <span class='ocrx_word' id='word_1_116' title='bbox 1075 2022 1196 2077; x_wconf 75' lang='lat' dir='ltr'><strong>qua:</strong></span> <span class='ocrx_word' id='word_1_117' title='bbox 1227 2004 1280 2060; x_wconf 90' lang='lat' dir='ltr'><strong>in</strong></span> <span class='ocrx_word' id='word_1_118' title='bbox 1308 2003 1393 2059; x_wconf 88' lang='lat' dir='ltr'><strong>his</strong></span> <span class='ocrx_word' id='word_1_119' title='bbox 1419 2003 1585 2074; x_wconf 78' lang='lat' dir='ltr'><strong>gestis</strong></span> <span class='ocrx_word' id='word_1_120' title='bbox 1604 1999 1847 2055; x_wconf 86' lang='lat' dir='ltr'><strong>videmus</strong></span> <span class='ocrx_word' id='word_1_121' title='bbox 1866 1998 2136 2079; x_wconf 79' lang='lat' dir='ltr'><strong>damnata,</strong></span> 
     </span>
    </p>
   </div>
   <div class='ocr_carea' id='block_1_20' title="bbox 553 2075 2137 2174">
    <p class='ocr_par' dir='ltr' id='par_1_20' title="bbox 553 2075 2137 2174">
     <span class='ocr_line' id='line_1_20' title="bbox 553 2075 2137 2174; baseline -0.013 -16"><span class='ocrx_word' id='word_1_122' title='bbox 553 2075 765 2174; x_wconf 59' lang='lat' dir='ltr'><strong>adjutus</strong></span> <span class='ocrx_word' id='word_1_123' title='bbox 812 2075 1145 2157; x_wconf 81' lang='lat' dir='ltr'><strong>orationibus</strong></span> <span class='ocrx_word' id='word_1_124' title='bbox 1184 2096 1307 2158; x_wconf 88' lang='lat' dir='ltr'><strong>tuis,</strong></span> <span class='ocrx_word' id='word_1_125' title='bbox 1355 2102 1613 2165; x_wconf 89' lang='lat' dir='ltr'><strong>quantum</strong></span> <span class='ocrx_word' id='word_1_126' title='bbox 1670 2088 1845 2160; x_wconf 88' lang='lat' dir='ltr'><strong>potui,</strong></span> <span class='ocrx_word' id='word_1_127' title='bbox 1882 2075 2137 2142; x_wconf 73' lang='lat' dir='ltr'><strong>laboravi.</strong></span> 
     </span>
    </p>
   </div>
   <div class='ocr_carea' id='block_1_21' title="bbox 553 2178 2142 2261">
    <p class='ocr_par' dir='ltr' id='par_1_21' title="bbox 553 2178 2142 2261">
     <span class='ocr_line' id='line_1_21' title="bbox 553 2178 2142 2261; baseline -0.013 -12"><span class='ocrx_word' id='word_1_128' title='bbox 553 2195 680 2249; x_wconf 56' lang='lat' dir='ltr'><strong>lltrc</strong></span> <span class='ocrx_word' id='word_1_129' title='bbox 700 2201 845 2256; x_wconf 87' lang='lat' dir='ltr'><strong>sunt,</strong></span> <span class='ocrx_word' id='word_1_130' title='bbox 875 2205 995 2261; x_wconf 61' lang='lat' dir='ltr'><strong>quae</strong></span> <span class='ocrx_word' id='word_1_131' title='bbox 1017 2186 1286 2245; x_wconf 85' lang='lat' dir='ltr'><strong>nconullis</strong></span> <span class='ocrx_word' id='word_1_132' title='bbox 1306 2184 1586 2250; x_wconf 83' lang='lat' dir='ltr'><strong>fratribus,</strong></span> <span class='ocrx_word' id='word_1_133' title='bbox 1628 2180 1845 2252; x_wconf 91' lang='lat' dir='ltr'><strong>quidam</strong></span> <span class='ocrx_word' id='word_1_134' title='bbox 1868 2178 1990 2233; x_wconf 90' lang='lat' dir='ltr'><strong>talia</strong></span> <span class='ocrx_word' id='word_1_135' title='bbox 2014 2192 2142 2232; x_wconf 89' lang='lat' dir='ltr'><strong>sen-</strong></span> 
     </span>
    </p>
   </div>
   <div class='ocr_carea' id='block_1_22' title="bbox 542 2270 2143 2354">
    <p class='ocr_par' dir='ltr' id='par_1_22' title="bbox 542 2270 2143 2354">
     <span class='ocr_line' id='line_1_22' title="bbox 542 2270 2143 2354; baseline -0.011 -12"><span class='ocrx_word' id='word_1_136' title='bbox 542 2289 770 2352; x_wconf 71' lang='lat' dir='ltr'><strong>&#39;Jicntes,</strong></span> <span class='ocrx_word' id='word_1_137' title='bbox 790 2284 875 2340; x_wconf 84' lang='lat' dir='ltr'><strong>ita</strong></span> <span class='ocrx_word' id='word_1_138' title='bbox 898 2279 1226 2354; x_wconf 84' lang='lat' dir='ltr'><strong>persuadere</strong></span> <span class='ocrx_word' id='word_1_139' title='bbox 1249 2278 1598 2341; x_wconf 87' lang='lat' dir='ltr'><strong>conabantur,</strong></span> <span class='ocrx_word' id='word_1_140' title='bbox 1658 2283 1716 2329; x_wconf 92' lang='lat' dir='ltr'><strong>ut</strong></span> <span class='ocrx_word' id='word_1_141' title='bbox 1763 2272 1833 2328; x_wconf 91' lang='lat' dir='ltr'><strong>de</strong></span> <span class='ocrx_word' id='word_1_142' title='bbox 1869 2270 2143 2328; x_wconf 84' lang='lat' dir='ltr'><strong>orientali-</strong></span> 
     </span>
    </p>
   </div>
   <div class='ocr_carea' id='block_1_23' title="bbox 555 2364 2142 2439">
    <p class='ocr_par' dir='ltr' id='par_1_23' title="bbox 555 2364 2142 2439">
     <span class='ocr_line' id='line_1_23' title="bbox 555 2364 2142 2439; baseline -0.009 -7"><span class='ocrx_word' id='word_1_143' title='bbox 555 2380 657 2432; x_wconf 71' lang='lat' dir='ltr'><strong>itus</strong></span> <span class='ocrx_word' id='word_1_144' title='bbox 683 2375 1142 2432; x_wconf 82' lang='lat' dir='ltr'><strong>cotttm‘tnaretttur</strong></span> <span class='ocrx_word' id='word_1_145' title='bbox 1163 2369 1440 2434; x_wconf 89' lang='lat' dir='ltr'><strong>Ecclesiis,</strong></span> <span class='ocrx_word' id='word_1_146' title='bbox 1458 2365 1599 2439; x_wconf 92' lang='lat' dir='ltr'><strong>quod</strong></span> <span class='ocrx_word' id='word_1_147' title='bbox 1619 2364 1718 2420; x_wconf 87' lang='lat' dir='ltr'><strong>nisi</strong></span> <span class='ocrx_word' id='word_1_148' title='bbox 1740 2364 1856 2420; x_wconf 74' lang='lat' dir='ltr'><strong>haec</strong></span> <span class='ocrx_word' id='word_1_149' title='bbox 1880 2372 2142 2429; x_wconf 88' lang='lat' dir='ltr'><strong>tenerent,</strong></span> 
     </span>
    </p>
   </div>
   <div class='ocr_carea' id='block_1_24' title="bbox 534 2452 2148 2536">
    <p class='ocr_par' dir='ltr' id='par_1_24' title="bbox 534 2452 2148 2536">
     <span class='ocr_line' id='line_1_24' title="bbox 534 2452 2148 2536; baseline -0.01 -11"><span class='ocrx_word' id='word_1_150' title='bbox 534 2461 1207 2536; x_wconf 64' lang='lat' dir='ltr'><strong>&#39;earumpossentjudicio</strong></span> <span class='ocrx_word' id='word_1_151' title='bbox 1223 2457 1593 2515; x_wconf 88' lang='lat' dir='ltr'><strong>condemnari.</strong></span> <span class='ocrx_word' id='word_1_152' title='bbox 1639 2457 1777 2510; x_wconf 87' lang='lat' dir='ltr'><strong>Ecce</strong></span> <span class='ocrx_word' id='word_1_153' title='bbox 1823 2452 2148 2525; x_wconf 89' lang='lat' dir='ltr'><strong>quatuorde-</strong></span> 
     </span>
    </p>
   </div>
   <div class='ocr_carea' id='block_1_25' title="bbox 559 2541 2145 2618">
    <p class='ocr_par' dir='ltr' id='par_1_25' title="bbox 559 2541 2145 2618">
     <span class='ocr_line' id='line_1_25' title="bbox 559 2541 2145 2618; baseline -0.01 -6"><span class='ocrx_word' id='word_1_154' title='bbox 559 2558 664 2613; x_wconf 89' lang='lat' dir='ltr'><strong>cim</strong></span> <span class='ocrx_word' id='word_1_155' title='bbox 695 2553 961 2610; x_wconf 88' lang='lat' dir='ltr'><strong>antistites</strong></span> <span class='ocrx_word' id='word_1_156' title='bbox 983 2549 1260 2607; x_wconf 85' lang='lat' dir='ltr'><strong>orientalis</strong></span> <span class='ocrx_word' id='word_1_157' title='bbox 1280 2544 1545 2604; x_wconf 71' lang='lat' dir='ltr'><strong>Ecclesia:</strong></span> <span class='ocrx_word' id='word_1_158' title='bbox 1570 2544 1682 2618; x_wconf 78' lang='lat' dir='ltr'><strong>(a).,</strong></span> <span class='ocrx_word' id='word_1_159' title='bbox 1708 2544 1762 2599; x_wconf 89' lang='lat' dir='ltr'><strong>in</strong></span> <span class='ocrx_word' id='word_1_160' title='bbox 1789 2559 1851 2600; x_wconf 90' lang='lat' dir='ltr'><strong>ea</strong></span> <span class='ocrx_word' id='word_1_161' title='bbox 1879 2553 2019 2598; x_wconf 88' lang='lat' dir='ltr'><strong>terra</strong></span> <span class='ocrx_word' id='word_1_162' title='bbox 2061 2541 2145 2597; x_wconf 91' lang='lat' dir='ltr'><strong>cui</strong></span> 
     </span>
    </p>
   </div>
   <div class='ocr_carea' id='block_1_26' title="bbox 556 2635 2147 2716">
    <p class='ocr_par' dir='ltr' id='par_1_26' title="bbox 556 2635 2147 2716">
     <span class='ocr_line' id='line_1_26' title="bbox 556 2635 2147 2716; baseline -0.008 -13"><span class='ocrx_word' id='word_1_163' title='bbox 556 2646 820 2704; x_wconf 75' lang='lat' dir='ltr'><strong>Dominus</strong></span> <span class='ocrx_word' id='word_1_164' title='bbox 839 2645 1176 2716; x_wconf 69' lang='lat' dir='ltr'><strong>prtesentiam</strong></span> <span class='ocrx_word' id='word_1_165' title='bbox 1202 2656 1316 2697; x_wconf 78' lang='lat' dir='ltr'><strong>sua:</strong></span> <span class='ocrx_word' id='word_1_166' title='bbox 1340 2639 1517 2696; x_wconf 91' lang='lat' dir='ltr'><strong>carnis</strong></span> <span class='ocrx_word' id='word_1_167' title='bbox 1538 2640 1560 2670; x_wconf 77' lang='grc'>⁸</span> <span class='ocrx_word' id='word_1_168' title='bbox 1587 2636 1847 2701; x_wconf 82' lang='lat' dir='ltr'><strong>exhibuit,</strong></span> <span class='ocrx_word' id='word_1_169' title='bbox 1878 2635 2147 2707; x_wconf 78' lang='lat' dir='ltr'><strong>Pelagium</strong></span> 
     </span>
    </p>
   </div>
   <div class='ocr_carea' id='block_1_27' title="bbox 560 2726 2152 2803">
    <p class='ocr_par' dir='ltr' id='par_1_27' title="bbox 560 2726 2152 2803">
     <span class='ocr_line' id='line_1_27' title="bbox 560 2726 2152 2803; baseline -0.009 -8"><span class='ocrx_word' id='word_1_170' title='bbox 560 2755 676 2795; x_wconf 81' lang='lat' dir='ltr'><strong>non</strong></span> <span class='ocrx_word' id='word_1_171' title='bbox 701 2738 1058 2802; x_wconf 81' lang='lat' dir='ltr'><strong>absolverent,</strong></span> <span class='ocrx_word' id='word_1_172' title='bbox 1084 2734 1186 2789; x_wconf 91' lang='lat' dir='ltr'><strong>nisi</strong></span> <span class='ocrx_word' id='word_1_173' title='bbox 1212 2749 1273 2788; x_wconf 93' lang='lat' dir='ltr'><strong>ea</strong></span> <span class='ocrx_word' id='word_1_174' title='bbox 1298 2743 1548 2803; x_wconf 91' lang='lat' dir='ltr'><strong>tanquam</strong></span> <span class='ocrx_word' id='word_1_175' title='bbox 1598 2728 1718 2785; x_wconf 83' lang='lat' dir='ltr'><strong>fidei</strong></span> <span class='ocrx_word' id='word_1_176' title='bbox 1742 2728 2017 2802; x_wconf 65' lang='lat' dir='ltr'><strong>catholicae</strong></span> <span class='ocrx_word' id='word_1_177' title='bbox 2055 2726 2152 2782; x_wconf 90' lang='lat' dir='ltr'><strong>ad-</strong></span> 
     </span>
    </p>
   </div>
   <div class='ocr_carea' id='block_1_28' title="bbox 552 2818 2150 2895">
    <p class='ocr_par' dir='ltr' id='par_1_28' title="bbox 552 2818 2150 2895">
     <span class='ocr_line' id='line_1_28' title="bbox 552 2818 2150 2895; baseline -0.006 -11"><span class='ocrx_word' id='word_1_178' title='bbox 552 2846 718 2889; x_wconf 57' lang='lat' dir='ltr'><strong>uersa</strong></span> <span class='ocrx_word' id='word_1_179' title='bbox 749 2829 1046 2885; x_wconf 89' lang='lat' dir='ltr'><strong>damnaret.</strong></span> <span class='ocrx_word' id='word_1_180' title='bbox 1079 2824 1251 2889; x_wconf 90' lang='lat' dir='ltr'><strong>Unde,</strong></span> <span class='ocrx_word' id='word_1_181' title='bbox 1279 2824 1324 2880; x_wconf 91' lang='lat' dir='ltr'><strong>si</strong></span> <span class='ocrx_word' id='word_1_182' title='bbox 1354 2831 1636 2895; x_wconf 88' lang='lat' dir='ltr'><strong>propterea</strong></span> <span class='ocrx_word' id='word_1_183' title='bbox 1665 2829 1750 2877; x_wconf 91' lang='lat' dir='ltr'><strong>est</strong></span> <span class='ocrx_word' id='word_1_184' title='bbox 1784 2820 1888 2875; x_wconf 86' lang='lat' dir='ltr'><strong>iste</strong></span> <span class='ocrx_word' id='word_1_185' title='bbox 1928 2818 2150 2875; x_wconf 87' lang='lat' dir='ltr'><strong>absolu-</strong></span> 
     </span>
    </p>
   </div>
   <div class='ocr_carea' id='block_1_29' title="bbox 549 2909 2151 2992">
    <p class='ocr_par' dir='ltr' id='par_1_29' title="bbox 549 2909 2151 2992">
     <span class='ocr_line' id='line_1_29' title="bbox 549 2909 2151 2992; baseline -0.007 -15"><span class='ocrx_word' id='word_1_186' title='bbox 549 2920 845 2992; x_wconf 60' lang='grc' dir='ltr'>»ιιιςηιιιιοά</span> <span class='ocrx_word' id='word_1_187' title='bbox 867 2916 1397 2974; x_wconf 85' lang='lat' dir='ltr'><strong>anathematizaverit</strong></span> <span class='ocrx_word' id='word_1_188' title='bbox 1422 2913 1577 2979; x_wconf 83' lang='lat' dir='ltr'><strong>talia;</strong></span> <span class='ocrx_word' id='word_1_189' title='bbox 1627 2911 1814 2982; x_wconf 86' lang='lat' dir='ltr'><strong>procul</strong></span> <span class='ocrx_word' id='word_1_190' title='bbox 1853 2910 2017 2966; x_wconf 91' lang='lat' dir='ltr'><strong>dubio</strong></span> <span class='ocrx_word' id='word_1_191' title='bbox 2061 2909 2151 2965; x_wconf 85' lang='lat' dir='ltr'><strong>illa</strong></span> 
     </span>
    </p>
   </div>
   <div class='ocr_carea' id='block_1_30' title="bbox 567 2999 2154 3081">
    <p class='ocr_par' dir='ltr' id='par_1_30' title="bbox 567 2999 2154 3081">
     <span class='ocr_line' id='line_1_30' title="bbox 567 2999 2154 3081; baseline -0.008 -14"><span class='ocrx_word' id='word_1_192' title='bbox 567 3016 820 3068; x_wconf 74' lang='lat' dir='ltr'><strong>damnata</strong></span> <span class='ocrx_word' id='word_1_193' title='bbox 836 3021 961 3066; x_wconf 86' lang='lat' dir='ltr'><strong>sunt</strong></span> <span class='ocrx_word' id='word_1_194' title='bbox 981 3027 995 3061; x_wconf 90' lang='lat'><strong>:</strong></span> <span class='ocrx_word' id='word_1_195' title='bbox 1015 3007 1156 3081; x_wconf 84' lang='lat' dir='ltr'><strong>quod</strong></span> <span class='ocrx_word' id='word_1_196' title='bbox 1184 3005 1354 3061; x_wconf 93' lang='lat' dir='ltr'><strong>multo</strong></span> <span class='ocrx_word' id='word_1_197' title='bbox 1399 3003 1722 3060; x_wconf 87' lang='lat' dir='ltr'><strong>cumulatius</strong></span> <span class='ocrx_word' id='word_1_198' title='bbox 1749 3010 1907 3073; x_wconf 84' lang='lat' dir='ltr'><strong>atque</strong></span> <span class='ocrx_word' id='word_1_199' title='bbox 1960 2999 2154 3057; x_wconf 86' lang='lat' dir='ltr'><strong>clarius</strong></span> 
     </span>
    </p>
   </div>
   <div class='ocr_carea' id='block_1_31' title="bbox 555 3098 1426 3177">
    <p class='ocr_par' dir='ltr' id='par_1_31' title="bbox 555 3098 1426 3177">
     <span class='ocr_line' id='line_1_31' title="bbox 555 3098 1426 3177; baseline -0.013 -14"><span class='ocrx_word' id='word_1_200' title='bbox 555 3108 626 3163; x_wconf 38' lang='lat' dir='ltr'><strong>“in</strong></span> <span class='ocrx_word' id='word_1_201' title='bbox 653 3103 1102 3177; x_wconf 86' lang='lat' dir='ltr'><strong>consequentibus</strong></span> <span class='ocrx_word' id='word_1_202' title='bbox 1130 3098 1426 3172; x_wconf 76' lang='lat' dir='ltr'><strong>apparebit.</strong></span> 
     </span>
    </p>
   </div>
   <div class='ocr_carea' id='block_1_32' title="bbox 637 3185 2157 3257">
    <p class='ocr_par' dir='ltr' id='par_1_32' title="bbox 637 3185 2157 3257">
     <span class='ocr_line' id='line_1_32' title="bbox 637 3185 2157 3257; baseline -0.006 -7"><span class='ocrx_word' id='word_1_203' title='bbox 637 3197 728 3252; x_wconf 76' lang='grc'><strong>26.</strong></span> <span class='ocrx_word' id='word_1_204' title='bbox 750 3195 902 3251; x_wconf 82' lang='lat' dir='ltr'><strong>Unde</strong></span> <span class='ocrx_word' id='word_1_205' title='bbox 932 3208 1071 3247; x_wconf 91' lang='lat' dir='ltr'><strong>nunc</strong></span> <span class='ocrx_word' id='word_1_206' title='bbox 1095 3192 1201 3247; x_wconf 81' lang='lat' dir='ltr'><strong>duo</strong></span> <span class='ocrx_word' id='word_1_207' title='bbox 1228 3190 1316 3246; x_wconf 90' lang='lat' dir='ltr'><strong>illa</strong></span> <span class='ocrx_word' id='word_1_208' title='bbox 1343 3186 1620 3243; x_wconf 84' lang='lat' dir='ltr'><strong>videamus</strong></span> <span class='ocrx_word' id='word_1_209' title='bbox 1637 3226 1652 3251; x_wconf 92' lang='lat'><strong>,</strong></span> <span class='ocrx_word' id='word_1_210' title='bbox 1682 3185 1998 3257; x_wconf 78' lang='lat' dir='ltr'><strong>quzenoluit</strong></span> <span class='ocrx_word' id='word_1_211' title='bbox 2027 3200 2157 3241; x_wconf 90' lang='lat' dir='ltr'><strong>ana-</strong></span> 
     </span>
    </p>
   </div>
   <div class='ocr_carea' id='block_1_33' title="bbox 542 3275 2151 3353">
    <p class='ocr_par' dir='ltr' id='par_1_33' title="bbox 542 3275 2151 3353">
     <span class='ocr_line' id='line_1_33' title="bbox 542 3275 2151 3353; baseline -0.008 -10"><span class='ocrx_word' id='word_1_212' title='bbox 542 3288 917 3343; x_wconf 62' lang='lat' dir='ltr'><strong>stthematizare</strong></span> <span class='ocrx_word' id='word_1_213' title='bbox 943 3283 1209 3353; x_wconf 78' lang='lat' dir='ltr'><strong>Pelagius,</strong></span> <span class='ocrx_word' id='word_1_214' title='bbox 1232 3282 1322 3352; x_wconf 89' lang='lat' dir='ltr'><strong>qui</strong></span> <span class='ocrx_word' id='word_1_215' title='bbox 1350 3279 1373 3313; x_wconf 86' lang='grc'><strong><em>³</em></strong></span> <span class='ocrx_word' id='word_1_216' title='bbox 1398 3279 1559 3336; x_wconf 91' lang='lat' dir='ltr'><strong>etiam</strong></span> <span class='ocrx_word' id='word_1_217' title='bbox 1583 3292 1678 3333; x_wconf 91' lang='lat' dir='ltr'><strong>sua</strong></span> <span class='ocrx_word' id='word_1_218' title='bbox 1700 3276 1821 3333; x_wconf 88' lang='lat' dir='ltr'><strong>esse</strong></span> <span class='ocrx_word' id='word_1_219' title='bbox 1865 3275 2151 3347; x_wconf 77' lang='lat' dir='ltr'><strong>cognovit;</strong></span> 
     </span>
    </p>
   </div>
   <div class='ocr_carea' id='block_1_34' title="bbox 572 3367 2163 3443">
    <p class='ocr_par' dir='ltr' id='par_1_34' title="bbox 572 3367 2163 3443">
     <span class='ocr_line' id='line_1_34' title="bbox 572 3367 2163 3443; baseline -0.009 -10"><span class='ocrx_word' id='word_1_220' title='bbox 572 3378 666 3433; x_wconf 88' lang='lat' dir='ltr'><strong>sed</strong></span> <span class='ocrx_word' id='word_1_221' title='bbox 697 3386 753 3432; x_wconf 83' lang='lat' dir='ltr'><strong>ut</strong></span> <span class='ocrx_word' id='word_1_222' title='bbox 781 3375 931 3441; x_wconf 90' lang='lat' dir='ltr'><strong>illttd,</strong></span> <span class='ocrx_word' id='word_1_223' title='bbox 958 3372 1099 3443; x_wconf 88' lang='lat' dir='ltr'><strong>quod</strong></span> <span class='ocrx_word' id='word_1_224' title='bbox 1128 3372 1182 3427; x_wconf 92' lang='lat' dir='ltr'><strong>in</strong></span> <span class='ocrx_word' id='word_1_225' title='bbox 1227 3372 1307 3427; x_wconf 90' lang='lat' dir='ltr'><strong>cis</strong></span> <span class='ocrx_word' id='word_1_226' title='bbox 1355 3367 1695 3434; x_wconf 78' lang='lat' dir='ltr'><strong>offendebat,</strong></span> <span class='ocrx_word' id='word_1_227' title='bbox 1736 3368 2001 3433; x_wconf 88' lang='lat' dir='ltr'><strong>auferret,</strong></span> <span class='ocrx_word' id='word_1_228' title='bbox 2027 3382 2163 3437; x_wconf 86' lang='lat' dir='ltr'><strong>quo-</strong></span> 
     </span>
    </p>
   </div>
   <div class='ocr_carea' id='block_1_35' title="bbox 568 3458 2153 3533">
    <p class='ocr_par' dir='ltr' id='par_1_35' title="bbox 568 3458 2153 3533">
     <span class='ocr_line' id='line_1_35' title="bbox 568 3458 2153 3533; baseline -0.006 -10"><span class='ocrx_word' id='word_1_229' title='bbox 568 3468 731 3524; x_wconf 81' lang='lat' dir='ltr'><strong>modo</strong></span> <span class='ocrx_word' id='word_1_230' title='bbox 754 3482 816 3523; x_wconf 83' lang='lat' dir='ltr'><strong>ea</strong></span> <span class='ocrx_word' id='word_1_231' title='bbox 837 3465 1066 3521; x_wconf 76' lang='lat' dir='ltr'><strong>sentiret</strong></span> <span class='ocrx_word' id='word_1_232' title='bbox 1086 3462 1353 3533; x_wconf 77' lang='lat' dir='ltr'><strong>expasuit.</strong></span> <span class='ocrx_word' id='word_1_233' title='bbox 1390 3479 1412 3515; x_wconf 83' lang='grc'>‹</span> <span class='ocrx_word' id='word_1_234' title='bbox 1445 3461 1610 3516; x_wconf 86' lang='lat' dir='ltr'><strong>Posse</strong></span> <span class='ocrx_word' id='word_1_235' title='bbox 1633 3458 1871 3531; x_wconf 90' lang='lat' dir='ltr'><strong>quidem,</strong></span> <span class='ocrx_word' id='word_1_236' title='bbox 1909 3476 1930 3512; x_wconf 74' lang='grc' dir='ltr'><strong>ι</strong></span> <span class='ocrx_word' id='word_1_237' title='bbox 1964 3459 2153 3528; x_wconf 85' lang='lat' dir='ltr'><strong>inquit,</strong></span> 
     </span>
    </p>
   </div>
   <div class='ocr_carea' id='block_1_36' title="bbox 576 3550 2151 3626">
    <p class='ocr_par' dir='ltr' id='par_1_36' title="bbox 576 3550 2151 3626">
     <span class='ocr_line' id='line_1_36' title="bbox 576 3550 2151 3626; baseline -0.007 -14"><span class='ocrx_word' id='word_1_238' title='bbox 576 3580 599 3612; x_wconf 74' lang='grc' dir='ltr'><strong>ι</strong></span> <span class='ocrx_word' id='word_1_239' title='bbox 638 3558 906 3614; x_wconf 82' lang='lat' dir='ltr'><strong>hominem</strong></span> <span class='ocrx_word' id='word_1_240' title='bbox 928 3555 1047 3610; x_wconf 87' lang='lat' dir='ltr'><strong>sine</strong></span> <span class='ocrx_word' id='word_1_241' title='bbox 1078 3561 1296 3626; x_wconf 85' lang='lat' dir='ltr'><strong>peccato</strong></span> <span class='ocrx_word' id='word_1_242' title='bbox 1323 3550 1807 3618; x_wconf 15' lang='lat' dir='ltr'><strong>esse,ldictumtest</strong></span> <span class='ocrx_word' id='word_1_243' title='bbox 1833 3550 2098 3620; x_wconf 87' lang='lat' dir='ltr'><strong>superius.</strong></span> <span class='ocrx_word' id='word_1_244' title='bbox 2130 3568 2151 3601; x_wconf 77' lang='grc' dir='ltr'><strong>ι</strong></span> 
     </span>
    </p>
   </div>
   <div class='ocr_carea' id='block_1_37' title="bbox 572 3634 2160 3713">
    <p class='ocr_par' dir='ltr' id='par_1_37' title="bbox 572 3634 2160 3713">
     <span class='ocr_line' id='line_1_37' title="bbox 572 3634 2160 3713; baseline -0.008 -5"><span class='ocrx_word' id='word_1_245' title='bbox 572 3654 784 3708; x_wconf 81' lang='lat' dir='ltr'><strong>Dictum</strong></span> <span class='ocrx_word' id='word_1_246' title='bbox 808 3665 964 3711; x_wconf 87' lang='lat' dir='ltr'><strong>sane.</strong></span> <span class='ocrx_word' id='word_1_247' title='bbox 1009 3654 1066 3703; x_wconf 88' lang='lat' dir='ltr'><strong>et</strong></span> <span class='ocrx_word' id='word_1_248' title='bbox 1115 3661 1215 3702; x_wconf 93' lang='lat' dir='ltr'><strong>nos</strong></span> <span class='ocrx_word' id='word_1_249' title='bbox 1255 3642 1633 3701; x_wconf 89' lang='lat' dir='ltr'><strong>meminimus:</strong></span> <span class='ocrx_word' id='word_1_250' title='bbox 1664 3642 1762 3699; x_wconf 85' lang='lat' dir='ltr'><strong>sed</strong></span> <span class='ocrx_word' id='word_1_251' title='bbox 1790 3642 1910 3697; x_wconf 85' lang='lat' dir='ltr'><strong>ideo</strong></span> <span class='ocrx_word' id='word_1_252' title='bbox 1952 3634 2160 3713; x_wconf 79' lang='lat' dir='ltr'><strong>mitiga-</strong></span> 
     </span>
    </p>
   </div>
   <div class='ocr_carea' id='block_1_38' title="bbox 572 3728 2159 3812">
    <p class='ocr_par' dir='ltr' id='par_1_38' title="bbox 572 3728 2159 3812">
     <span class='ocr_line' id='line_1_38' title="bbox 572 3728 2159 3812; baseline -0.008 -13"><span class='ocrx_word' id='word_1_253' title='bbox 572 3752 710 3811; x_wconf 83' lang='lat' dir='ltr'><strong>tum,</strong></span> <span class='ocrx_word' id='word_1_254' title='bbox 736 3752 792 3797; x_wconf 92' lang='lat' dir='ltr'><strong>et</strong></span> <span class='ocrx_word' id='word_1_255' title='bbox 820 3757 848 3794; x_wconf 92' lang='lat' dir='ltr'><strong>a</strong></span> <span class='ocrx_word' id='word_1_256' title='bbox 866 3740 1135 3812; x_wconf 75' lang='lat' dir='ltr'><strong>indicibus</strong></span> <span class='ocrx_word' id='word_1_257' title='bbox 1165 3736 1542 3808; x_wconf 83' lang='lat' dir='ltr'><strong>approbatum,</strong></span> <span class='ocrx_word' id='word_1_258' title='bbox 1583 3733 1725 3805; x_wconf 91' lang='lat' dir='ltr'><strong>quod</strong></span> <span class='ocrx_word' id='word_1_259' title='bbox 1754 3728 1931 3788; x_wconf 89' lang='lat' dir='ltr'><strong>addita</strong></span> <span class='ocrx_word' id='word_1_260' title='bbox 1956 3743 2039 3789; x_wconf 88' lang='lat' dir='ltr'><strong>est</strong></span> <span class='ocrx_word' id='word_1_261' title='bbox 2068 3733 2159 3788; x_wconf 83' lang='lat' dir='ltr'><strong>Dei</strong></span> 
     </span>
    </p>
   </div>
   <div class='ocr_carea' id='block_1_39' title="bbox 571 3827 2158 3908">
    <p class='ocr_par' dir='ltr' id='par_1_39' title="bbox 571 3827 2158 3908">
     <span class='ocr_line' id='line_1_39' title="bbox 571 3827 2158 3908; baseline -0.006 -16"><span class='ocrx_word' id='word_1_262' title='bbox 571 3836 766 3908; x_wconf 86' lang='lat' dir='ltr'><strong>gratia,</strong></span> <span class='ocrx_word' id='word_1_263' title='bbox 790 3850 909 3905; x_wconf 79' lang='lat' dir='ltr'><strong>qua:</strong></span> <span class='ocrx_word' id='word_1_264' title='bbox 930 3833 982 3888; x_wconf 90' lang='lat' dir='ltr'><strong>in</strong></span> <span class='ocrx_word' id='word_1_265' title='bbox 1016 3832 1124 3888; x_wconf 91' lang='lat' dir='ltr'><strong>illis</strong></span> <span class='ocrx_word' id='word_1_266' title='bbox 1139 3831 1384 3902; x_wconf 77' lang='lat' dir='ltr'><strong>Capitulis</strong></span> <span class='ocrx_word' id='word_1_267' title='bbox 1413 3827 1823 3885; x_wconf 85' lang='lat' dir='ltr'><strong>tacebatur.‘De</strong></span> <span class='ocrx_word' id='word_1_268' title='bbox 1852 3827 1956 3883; x_wconf 89' lang='lat' dir='ltr'><strong>hoc</strong></span> <span class='ocrx_word' id='word_1_269' title='bbox 1981 3836 2158 3883; x_wconf 85' lang='lat' dir='ltr'><strong>autem</strong></span> 
     </span>
    </p>
   </div>
   <div class='ocr_carea' id='block_1_40' title="bbox 574 3919 2163 4006">
    <p class='ocr_par' dir='ltr' id='par_1_40' title="bbox 574 3919 2163 4006">
     <span class='ocr_line' id='line_1_40' title="bbox 574 3919 2163 4006; baseline -0.006 -21"><span class='ocrx_word' id='word_1_270' title='bbox 574 3934 744 3987; x_wconf 87' lang='lat' dir='ltr'><strong>altero</strong></span> <span class='ocrx_word' id='word_1_271' title='bbox 764 3925 1215 4006; x_wconf 81' lang='lat' dir='ltr'><strong>quemadmodum</strong></span> <span class='ocrx_word' id='word_1_272' title='bbox 1243 3920 1601 3995; x_wconf 87' lang='lat' dir='ltr'><strong>responderit,</strong></span> <span class='ocrx_word' id='word_1_273' title='bbox 1629 3919 1940 3993; x_wconf 88' lang='lat' dir='ltr'><strong>diligentius</strong></span> <span class='ocrx_word' id='word_1_274' title='bbox 1956 3921 2163 3975; x_wconf 90' lang='lat' dir='ltr'><strong>intuen-</strong></span> 
     </span>
    </p>
   </div>
   <div class='ocr_carea' id='block_1_41' title="bbox 574 4014 2164 4088">
    <p class='ocr_par' dir='ltr' id='par_1_41' title="bbox 574 4014 2164 4088">
     <span class='ocr_line' id='line_1_41' title="bbox 574 4014 2164 4088; baseline -0.009 -6"><span class='ocrx_word' id='word_1_275' title='bbox 574 4027 701 4081; x_wconf 85' lang='lat' dir='ltr'><strong>dum</strong></span> <span class='ocrx_word' id='word_1_276' title='bbox 746 4035 851 4081; x_wconf 86' lang='lat' dir='ltr'><strong>est.</strong></span> <span class='ocrx_word' id='word_1_277' title='bbox 884 4042 904 4076; x_wconf 76' lang='grc' dir='ltr'><strong><em>ο</em></strong></span> <span class='ocrx_word' id='word_1_278' title='bbox 938 4022 1010 4077; x_wconf 90' lang='lat' dir='ltr'><strong>De</strong></span> <span class='ocrx_word' id='word_1_279' title='bbox 1058 4021 1150 4076; x_wconf 89' lang='lat' dir='ltr'><strong>illo</strong></span> <span class='ocrx_word' id='word_1_280' title='bbox 1177 4028 1395 4086; x_wconf 90' lang='lat' dir='ltr'><strong>autent,</strong></span> <span class='ocrx_word' id='word_1_281' title='bbox 1431 4036 1453 4072; x_wconf 80' lang='grc' dir='ltr'><strong>ι</strong></span> <span class='ocrx_word' id='word_1_282' title='bbox 1486 4018 1687 4088; x_wconf 87' lang='lat' dir='ltr'><strong>inquit,</strong></span> <span class='ocrx_word' id='word_1_283' title='bbox 1723 4033 1744 4068; x_wconf 75' lang='grc' dir='ltr'><strong>ι</strong></span> <span class='ocrx_word' id='word_1_284' title='bbox 1781 4014 1923 4086; x_wconf 92' lang='lat' dir='ltr'><strong>quod</strong></span> <span class='ocrx_word' id='word_1_285' title='bbox 1969 4014 2164 4069; x_wconf 90' lang='lat' dir='ltr'><strong>fuerint</strong></span> 
     </span>
    </p>
   </div>
   <div class='ocr_carea' id='block_1_42' title="bbox 576 4102 2164 4193">
    <p class='ocr_par' dir='ltr' id='par_1_42' title="bbox 576 4102 2164 4193">
     <span class='ocr_line' id='line_1_42' title="bbox 576 4102 2164 4193; baseline -0.008 -18"><span class='ocrx_word' id='word_1_286' title='bbox 576 4130 701 4177; x_wconf 83' lang='lat' dir='ltr'><strong>ante</strong></span> <span class='ocrx_word' id='word_1_287' title='bbox 719 4118 1006 4174; x_wconf 86' lang='lat' dir='ltr'><strong>adventum</strong></span> <span class='ocrx_word' id='word_1_288' title='bbox 1035 4114 1244 4193; x_wconf 81' lang='lat' dir='ltr'><strong>Domini</strong></span> <span class='ocrx_word' id='word_1_289' title='bbox 1258 4112 1512 4167; x_wconf 83' lang='lat' dir='ltr'><strong>homines</strong></span> <span class='ocrx_word' id='word_1_290' title='bbox 1527 4111 1644 4167; x_wconf 89' lang='lat' dir='ltr'><strong>sine</strong></span> <span class='ocrx_word' id='word_1_291' title='bbox 1670 4118 1913 4181; x_wconf 87' lang='lat' dir='ltr'><strong>peccato,</strong></span> <span class='ocrx_word' id='word_1_292' title='bbox 1937 4102 2164 4163; x_wconf 86' lang='lat' dir='ltr'><strong>dicimus</strong></span> 
     </span>
    </p>
   </div>
   <div class='ocr_carea' id='block_1_43' title="bbox 575 4198 2168 4279">
    <p class='ocr_par' dir='ltr' id='par_1_43' title="bbox 575 4198 2168 4279">
     <span class='ocr_line' id='line_1_43' title="bbox 575 4198 2168 4279; baseline -0.009 -11"><span class='ocrx_word' id='word_1_293' title='bbox 575 4220 634 4268; x_wconf 89' lang='lat' dir='ltr'><strong>et</strong></span> <span class='ocrx_word' id='word_1_294' title='bbox 656 4224 755 4266; x_wconf 87' lang='lat' dir='ltr'><strong>nos</strong></span> <span class='ocrx_word' id='word_1_295' title='bbox 784 4208 1033 4279; x_wconf 80' lang='lat' dir='ltr'><strong>quoniam</strong></span> <span class='ocrx_word' id='word_1_296' title='bbox 1070 4214 1195 4261; x_wconf 88' lang='lat' dir='ltr'><strong>ante</strong></span> <span class='ocrx_word' id='word_1_297' title='bbox 1217 4203 1504 4259; x_wconf 76' lang='lat' dir='ltr'><strong>adventum</strong></span> <span class='ocrx_word' id='word_1_298' title='bbox 1535 4200 1733 4257; x_wconf 86' lang='lat' dir='ltr'><strong>Christi</strong></span> <span class='ocrx_word' id='word_1_299' title='bbox 1778 4200 2024 4256; x_wconf 81' lang='lat' dir='ltr'><strong>vixerunt</strong></span> <span class='ocrx_word' id='word_1_300' title='bbox 2048 4198 2168 4270; x_wconf 51' lang='lat' dir='ltr'><strong>quid</strong></span> 
     </span>
    </p>
   </div>
   <div class='ocr_carea' id='block_1_44' title="bbox 576 4290 2168 4371">
    <p class='ocr_par' dir='ltr' id='par_1_44' title="bbox 576 4290 2168 4371">
     <span class='ocr_line' id='line_1_44' title="bbox 576 4290 2168 4371; baseline -0.009 -13"><span class='ocrx_word' id='word_1_301' title='bbox 576 4303 698 4359; x_wconf 87' lang='lat' dir='ltr'><strong>dam</strong></span> <span class='ocrx_word' id='word_1_302' title='bbox 726 4308 911 4355; x_wconf 84' lang='lat' dir='ltr'><strong>sancte</strong></span> <span class='ocrx_word' id='word_1_303' title='bbox 937 4307 991 4354; x_wconf 89' lang='lat' dir='ltr'><strong>et</strong></span> <span class='ocrx_word' id='word_1_304' title='bbox 1012 4297 1176 4371; x_wconf 71' lang='lat' dir='ltr'><strong>justo,</strong></span> <span class='ocrx_word' id='word_1_305' title='bbox 1198 4294 1490 4351; x_wconf 85' lang='lat' dir='ltr'><strong>secundum</strong></span> <span class='ocrx_word' id='word_1_306' title='bbox 1531 4302 1837 4349; x_wconf 87' lang='lat' dir='ltr'><strong>sanctarum</strong></span> <span class='ocrx_word' id='word_1_307' title='bbox 1864 4290 2168 4362; x_wconf 90' lang='lat' dir='ltr'><strong>Scriptura-</strong></span> 
     </span>
    </p>
   </div>
   <div class='ocr_carea' id='block_1_45' title="bbox 578 4382 2167 4453">
    <p class='ocr_par' dir='ltr' id='par_1_45' title="bbox 578 4382 2167 4453">
     <span class='ocr_line' id='line_1_45' title="bbox 578 4382 2167 4453; baseline -0.009 0"><span class='ocrx_word' id='word_1_308' title='bbox 578 4382 699 4453; x_wconf 86' lang='lat' dir='ltr'><strong>rum</strong></span> <span class='ocrx_word' id='word_1_309' title='bbox 729 4392 1089 4450; x_wconf 87' lang='lat' dir='ltr'><strong>traditionem.</strong></span> <span class='ocrx_word' id='word_1_310' title='bbox 1124 4407 1145 4443; x_wconf 80' lang='grc' dir='ltr'><strong>ι</strong></span> <span class='ocrx_word' id='word_1_311' title='bbox 1176 4387 1288 4443; x_wconf 79' lang='lat' dir='ltr'><strong>Non</strong></span> <span class='ocrx_word' id='word_1_312' title='bbox 1319 4395 1401 4442; x_wconf 88' lang='lat' dir='ltr'><strong>est</strong></span> <span class='ocrx_word' id='word_1_313' title='bbox 1427 4400 1588 4441; x_wconf 88' lang='lat' dir='ltr'><strong>ausus</strong></span> <span class='ocrx_word' id='word_1_314' title='bbox 1617 4385 1820 4450; x_wconf 87' lang='lat' dir='ltr'><strong>dicere,</strong></span> <span class='ocrx_word' id='word_1_315' title='bbox 1844 4382 2082 4439; x_wconf 88' lang='lat' dir='ltr'><strong>Dicimus</strong></span> <span class='ocrx_word' id='word_1_316' title='bbox 2111 4392 2167 4438; x_wconf 90' lang='lat' dir='ltr'><strong>et</strong></span> 
     </span>
    </p>
   </div>
   <div class='ocr_carea' id='block_1_46' title="bbox 579 4473 2168 4559">
    <p class='ocr_par' dir='ltr' id='par_1_46' title="bbox 579 4473 2168 4559">
     <span class='ocr_line' id='line_1_46' title="bbox 579 4473 2168 4559; baseline -0.009 -14"><span class='ocrx_word' id='word_1_317' title='bbox 579 4504 678 4545; x_wconf 89' lang='lat' dir='ltr'><strong>nos</strong></span> <span class='ocrx_word' id='word_1_318' title='bbox 698 4485 949 4559; x_wconf 83' lang='lat' dir='ltr'><strong>‘quoniam</strong></span> <span class='ocrx_word' id='word_1_319' title='bbox 970 4491 1095 4539; x_wconf 87' lang='lat' dir='ltr'><strong>ante</strong></span> <span class='ocrx_word' id='word_1_320' title='bbox 1116 4481 1401 4536; x_wconf 85' lang='lat' dir='ltr'><strong>adventum</strong></span> <span class='ocrx_word' id='word_1_321' title='bbox 1425 4476 1625 4533; x_wconf 88' lang='lat' dir='ltr'><strong>Christi</strong></span> <span class='ocrx_word' id='word_1_322' title='bbox 1667 4476 1879 4533; x_wconf 88' lang='lat' dir='ltr'><strong>fuerunt</strong></span> <span class='ocrx_word' id='word_1_323' title='bbox 1920 4473 2168 4532; x_wconf 87' lang='lat' dir='ltr'><strong>homines</strong></span> 
     </span>
    </p>
   </div>
   <div class='ocr_carea' id='block_1_47' title="bbox 577 4566 2170 4650">
    <p class='ocr_par' dir='ltr' id='par_1_47' title="bbox 577 4566 2170 4650">
     <span class='ocr_line' id='line_1_47' title="bbox 577 4566 2170 4650; baseline -0.009 -14"><span class='ocrx_word' id='word_1_324' title='bbox 577 4583 696 4636; x_wconf 90' lang='lat' dir='ltr'><strong>sine</strong></span> <span class='ocrx_word' id='word_1_325' title='bbox 723 4587 971 4650; x_wconf 82' lang='lat' dir='ltr'><strong>peccato;</strong></span> <span class='ocrx_word' id='word_1_326' title='bbox 999 4592 1120 4632; x_wconf 92' lang='lat' dir='ltr'><strong>cum</strong></span> <span class='ocrx_word' id='word_1_327' title='bbox 1153 4574 1254 4629; x_wconf 89' lang='lat' dir='ltr'><strong>hoc</strong></span> <span class='ocrx_word' id='word_1_328' title='bbox 1288 4572 1372 4629; x_wconf 82' lang='lat' dir='ltr'><strong>illi</strong></span> <span class='ocrx_word' id='word_1_329' title='bbox 1402 4569 1471 4627; x_wconf 90' lang='lat' dir='ltr'><strong>de</strong></span> <span class='ocrx_word' id='word_1_330' title='bbox 1491 4569 1730 4627; x_wconf 74' lang='lat' dir='ltr'><strong>Cmiestii</strong></span> <span class='ocrx_word' id='word_1_331' title='bbox 1768 4568 1926 4624; x_wconf 88' lang='lat' dir='ltr'><strong>dictis</strong></span> <span class='ocrx_word' id='word_1_332' title='bbox 1974 4566 2170 4623; x_wconf 81' lang='lat' dir='ltr'><strong>fuisset</strong></span> 
     </span>
    </p>
   </div>
   <div class='ocr_carea' id='block_1_48' title="bbox 579 4661 2170 4740">
    <p class='ocr_par' dir='ltr' id='par_1_48' title="bbox 579 4661 2170 4740">
     <span class='ocr_line' id='line_1_48' title="bbox 579 4661 2170 4740; baseline -0.009 -14"><span class='ocrx_word' id='word_1_333' title='bbox 579 4672 871 4740; x_wconf 77' lang='lat' dir='ltr'><strong>obiectum;</strong></span> <span class='ocrx_word' id='word_1_334' title='bbox 902 4667 1070 4723; x_wconf 88' lang='lat' dir='ltr'><strong>sensit</strong></span> <span class='ocrx_word' id='word_1_335' title='bbox 1087 4666 1230 4721; x_wconf 80' lang='lat' dir='ltr'><strong>enim</strong></span> <span class='ocrx_word' id='word_1_336' title='bbox 1251 4679 1409 4735; x_wconf 90' lang='lat' dir='ltr'><strong>quam</strong></span> <span class='ocrx_word' id='word_1_337' title='bbox 1434 4672 1579 4718; x_wconf 90' lang='lat' dir='ltr'><strong>esset</strong></span> <span class='ocrx_word' id='word_1_338' title='bbox 1602 4661 1955 4732; x_wconf 77' lang='lat' dir='ltr'><strong>pericuiosum</strong></span> <span class='ocrx_word' id='word_1_339' title='bbox 1983 4667 2038 4715; x_wconf 91' lang='lat' dir='ltr'><strong>et</strong></span> <span class='ocrx_word' id='word_1_340' title='bbox 2060 4672 2170 4713; x_wconf 90' lang='lat' dir='ltr'><strong>mo-</strong></span> 
     </span>
    </p>
   </div>
   <div class='ocr_carea' id='block_1_49' title="bbox 583 4750 2169 4825">
    <p class='ocr_par' dir='ltr' id='par_1_49' title="bbox 583 4750 2169 4825">
     <span class='ocr_line' id='line_1_49' title="bbox 583 4750 2169 4825; baseline -0.008 -8"><span class='ocrx_word' id='word_1_341' title='bbox 583 4766 775 4818; x_wconf 89' lang='lat' dir='ltr'><strong>lestum</strong></span> <span class='ocrx_word' id='word_1_342' title='bbox 804 4759 934 4816; x_wconf 83' lang='lat' dir='ltr'><strong>:sed</strong></span> <span class='ocrx_word' id='word_1_343' title='bbox 961 4760 1055 4825; x_wconf 88' lang='lat' dir='ltr'><strong>ait,</strong></span> <span class='ocrx_word' id='word_1_344' title='bbox 1092 4776 1112 4809; x_wconf 74' lang='lat' dir='ltr'><strong>t</strong></span> <span class='ocrx_word' id='word_1_345' title='bbox 1151 4757 1386 4813; x_wconf 87' lang='lat' dir='ltr'><strong>Dicimus</strong></span> <span class='ocrx_word' id='word_1_346' title='bbox 1416 4762 1470 4810; x_wconf 93' lang='lat' dir='ltr'><strong>et</strong></span> <span class='ocrx_word' id='word_1_347' title='bbox 1493 4769 1592 4817; x_wconf 88' lang='lat' dir='ltr'><strong>nos</strong></span> <span class='ocrx_word' id='word_1_348' title='bbox 1612 4753 1862 4825; x_wconf 88' lang='lat' dir='ltr'><strong>quoniam</strong></span> <span class='ocrx_word' id='word_1_349' title='bbox 1898 4761 2024 4807; x_wconf 87' lang='lat' dir='ltr'><strong>ante</strong></span> <span class='ocrx_word' id='word_1_350' title='bbox 2069 4750 2169 4805; x_wconf 87' lang='lat' dir='ltr'><strong>ad-</strong></span> 
     </span>
    </p>
   </div>
   <div class='ocr_carea' id='block_1_50' title="bbox 585 4841 2163 4915">
    <p class='ocr_par' dir='ltr' id='par_1_50' title="bbox 585 4841 2163 4915">
     <span class='ocr_line' id='line_1_50' title="bbox 585 4841 2163 4915; baseline -0.01 -7"><span class='ocrx_word' id='word_1_351' title='bbox 585 4863 799 4908; x_wconf 82' lang='lat' dir='ltr'><strong>ventum</strong></span> <span class='ocrx_word' id='word_1_352' title='bbox 837 4849 1034 4905; x_wconf 81' lang='lat' dir='ltr'><strong>Christi</strong></span> <span class='ocrx_word' id='word_1_353' title='bbox 1080 4847 1329 4903; x_wconf 74' lang='lat' dir='ltr'><strong>vixerunt</strong></span> <span class='ocrx_word' id='word_1_354' title='bbox 1370 4844 1585 4915; x_wconf 84' lang='lat' dir='ltr'><strong>quidam</strong></span> <span class='ocrx_word' id='word_1_355' title='bbox 1621 4852 1805 4898; x_wconf 88' lang='lat' dir='ltr'><strong>sancte</strong></span> <span class='ocrx_word' id='word_1_356' title='bbox 1847 4851 1902 4896; x_wconf 91' lang='lat' dir='ltr'><strong>et</strong></span> <span class='ocrx_word' id='word_1_357' title='bbox 1948 4841 2163 4911; x_wconf 77' lang='lat' dir='ltr'><strong>juste.-s</strong></span> 
     </span>
    </p>
   </div>
   <div class='ocr_carea' id='block_1_51' title="bbox 586 4930 2172 5014">
    <p class='ocr_par' dir='ltr' id='par_1_51' title="bbox 586 4930 2172 5014">
     <span class='ocr_line' id='line_1_51' title="bbox 586 4930 2172 5014; baseline -0.009 -15"><span class='ocrx_word' id='word_1_358' title='bbox 586 4944 720 5014; x_wconf 78' lang='lat' dir='ltr'><strong>Quis</strong></span> <span class='ocrx_word' id='word_1_359' title='bbox 735 4943 838 4997; x_wconf 89' lang='lat' dir='ltr'><strong>hoc</strong></span> <span class='ocrx_word' id='word_1_360' title='bbox 864 4932 1173 5011; x_wconf 79' lang='lat' dir='ltr'><strong>negaverit?</strong></span> <span class='ocrx_word' id='word_1_361' title='bbox 1200 4936 1305 4992; x_wconf 88' lang='lat' dir='ltr'><strong>Sed</strong></span> <span class='ocrx_word' id='word_1_362' title='bbox 1331 4935 1476 4990; x_wconf 84' lang='lat' dir='ltr'><strong>aliud</strong></span> <span class='ocrx_word' id='word_1_363' title='bbox 1507 4947 1589 4990; x_wconf 92' lang='lat' dir='ltr'><strong>est</strong></span> <span class='ocrx_word' id='word_1_364' title='bbox 1615 4933 1737 4999; x_wconf 92' lang='lat' dir='ltr'><strong>hoc,</strong></span> <span class='ocrx_word' id='word_1_365' title='bbox 1768 4941 1823 4989; x_wconf 89' lang='lat' dir='ltr'><strong>et</strong></span> <span class='ocrx_word' id='word_1_366' title='bbox 1838 4931 1980 4987; x_wconf 85' lang='lat' dir='ltr'><strong>aliud</strong></span> <span class='ocrx_word' id='word_1_367' title='bbox 2008 4930 2172 4986; x_wconf 84' lang='lat' dir='ltr'><strong>fuisse</strong></span> 
     </span>
    </p>
   </div>
   <div class='ocr_carea' id='block_1_52' title="bbox 588 5021 2168 5106">
    <p class='ocr_par' dir='ltr' id='par_1_52' title="bbox 588 5021 2168 5106">
     <span class='ocr_line' id='line_1_52' title="bbox 588 5021 2168 5106; baseline -0.008 -17"><span class='ocrx_word' id='word_1_368' title='bbox 588 5037 706 5092; x_wconf 71' lang='lat' dir='ltr'><strong>sine</strong></span> <span class='ocrx_word' id='word_1_369' title='bbox 729 5041 995 5106; x_wconf 70' lang='lat' dir='ltr'><strong>peccato:</strong></span> <span class='ocrx_word' id='word_1_370' title='bbox 1029 5029 1151 5100; x_wconf 90' lang='lat' dir='ltr'><strong>quia</strong></span> <span class='ocrx_word' id='word_1_371' title='bbox 1178 5038 1233 5083; x_wconf 90' lang='lat' dir='ltr'><strong>et</strong></span> <span class='ocrx_word' id='word_1_372' title='bbox 1267 5027 1342 5081; x_wconf 93' lang='lat' dir='ltr'><strong>illi</strong></span> <span class='ocrx_word' id='word_1_373' title='bbox 1393 5034 1575 5081; x_wconf 84' lang='lat' dir='ltr'><strong>sancte</strong></span> <span class='ocrx_word' id='word_1_374' title='bbox 1598 5026 1845 5094; x_wconf 81' lang='lat' dir='ltr'><strong>justeque</strong></span> <span class='ocrx_word' id='word_1_375' title='bbox 1872 5021 2122 5078; x_wconf 86' lang='lat' dir='ltr'><strong>vivebant</strong></span> <span class='ocrx_word' id='word_1_376' title='bbox 2152 5063 2168 5089; x_wconf 95' lang='lat'><strong>,</strong></span> 
     </span>
    </p>
   </div>
   <div class='ocr_carea' id='block_1_53' title="bbox 585 5106 2174 5200">
    <p class='ocr_par' dir='ltr' id='par_1_53' title="bbox 585 5106 2174 5200">
     <span class='ocr_line' id='line_1_53' title="bbox 585 5106 2174 5200; baseline -0.01 -17"><span class='ocrx_word' id='word_1_377' title='bbox 585 5127 675 5200; x_wconf 91' lang='lat' dir='ltr'><strong>qui</strong></span> <span class='ocrx_word' id='word_1_378' title='bbox 702 5124 963 5181; x_wconf 86' lang='lat' dir='ltr'><strong>veraciter</strong></span> <span class='ocrx_word' id='word_1_379' title='bbox 991 5130 1168 5177; x_wconf 86' lang='lat' dir='ltr'><strong>tamen</strong></span> <span class='ocrx_word' id='word_1_380' title='bbox 1194 5106 1463 5183; x_wconf 86' lang='lat' dir='ltr'><strong>dicebant,</strong></span> <span class='ocrx_word' id='word_1_381' title='bbox 1480 5116 1550 5173; x_wconf 76' lang='lat' dir='ltr'><strong>Si</strong></span> <span class='ocrx_word' id='word_1_382' title='bbox 1592 5117 1867 5171; x_wconf 73' lang='lat' dir='ltr'><strong>dixerimus</strong></span> <span class='ocrx_word' id='word_1_383' title='bbox 1893 5115 2012 5186; x_wconf 83' lang='lat' dir='ltr'><strong>quia</strong></span> <span class='ocrx_word' id='word_1_384' title='bbox 2056 5130 2174 5186; x_wconf 84' lang='lat' dir='ltr'><strong>pee-</strong></span> 
     </span>
    </p>
   </div>
   <div class='ocr_carea' id='block_1_54' title="bbox 583 5207 2174 5283">
    <p class='ocr_par' dir='ltr' id='par_1_54' title="bbox 583 5207 2174 5283">
     <span class='ocr_line' id='line_1_54' title="bbox 583 5207 2174 5283; baseline -0.009 -7"><span class='ocrx_word' id='word_1_385' title='bbox 583 5232 756 5276; x_wconf 83' lang='lat' dir='ltr'><strong>catum</strong></span> <span class='ocrx_word' id='word_1_386' title='bbox 776 5234 876 5273; x_wconf 76' lang='lat' dir='ltr'><strong>non</strong></span> <span class='ocrx_word' id='word_1_387' title='bbox 896 5216 1155 5276; x_wconf 84' lang='lat' dir='ltr'><strong>habemus,</strong></span> <span class='ocrx_word' id='word_1_388' title='bbox 1182 5211 1282 5283; x_wconf 74' lang='lat' dir='ltr'><strong>ipsi</strong></span> <span class='ocrx_word' id='word_1_389' title='bbox 1302 5227 1393 5266; x_wconf 85' lang='lat' dir='ltr'><strong>nos</strong></span> <span class='ocrx_word' id='word_1_390' title='bbox 1430 5209 1715 5265; x_wconf 82' lang='lat' dir='ltr'><strong>seducimus</strong></span> <span class='ocrx_word' id='word_1_391' title='bbox 1739 5249 1755 5275; x_wconf 95' lang='lat'><strong>,</strong></span> <span class='ocrx_word' id='word_1_392' title='bbox 1805 5217 1854 5263; x_wconf 86' lang='lat' dir='ltr'><strong>et</strong></span> <span class='ocrx_word' id='word_1_393' title='bbox 1895 5208 2079 5262; x_wconf 84' lang='lat' dir='ltr'><strong>veritas</strong></span> <span class='ocrx_word' id='word_1_394' title='bbox 2120 5207 2174 5262; x_wconf 80' lang='lat' dir='ltr'><strong>in</strong></span> 
     </span>
    </p>
   </div>
   <div class='ocr_carea' id='block_1_55' title="bbox 589 5299 2175 5381">
    <p class='ocr_par' dir='ltr' id='par_1_55' title="bbox 589 5299 2175 5381">
     <span class='ocr_line' id='line_1_55' title="bbox 589 5299 2175 5381; baseline -0.013 -9"><span class='ocrx_word' id='word_1_395' title='bbox 589 5316 731 5371; x_wconf 80' lang='lat' dir='ltr'><strong>nobis</strong></span> <span class='ocrx_word' id='word_1_396' title='bbox 757 5319 952 5367; x_wconf 83' lang='lat' dir='ltr'><strong>nonest</strong></span> <span class='ocrx_word' id='word_1_397' title='bbox 981 5305 1218 5381; x_wconf 83' lang='lat' dir='ltr'><strong>(lJoau.</strong></span> <span class='ocrx_word' id='word_1_398' title='bbox 1256 5322 1293 5367; x_wconf 90' lang='grc' dir='ltr'>ι.</span> <span class='ocrx_word' id='word_1_399' title='bbox 1325 5304 1405 5375; x_wconf 90' lang='lat'><strong>8).</strong></span> <span class='ocrx_word' id='word_1_400' title='bbox 1434 5301 1498 5357; x_wconf 89' lang='lat' dir='ltr'><strong>Et</strong></span> <span class='ocrx_word' id='word_1_401' title='bbox 1516 5302 1685 5357; x_wconf 72' lang='lat' dir='ltr'><strong>hodie</strong></span> <span class='ocrx_word' id='word_1_402' title='bbox 1712 5299 1862 5355; x_wconf 90' lang='lat' dir='ltr'><strong>multi</strong></span> <span class='ocrx_word' id='word_1_403' title='bbox 1887 5299 2032 5369; x_wconf 87' lang='lat' dir='ltr'><strong>juste</strong></span> <span class='ocrx_word' id='word_1_404' title='bbox 2054 5314 2175 5353; x_wconf 82' lang='lat' dir='ltr'><strong>sart-</strong></span> 
     </span>
    </p>
   </div>
   <div class='ocr_carea' id='block_1_56' title="bbox 654 5407 2173 5475">
    <p class='ocr_par' dir='ltr' id='par_1_56' title="bbox 654 5407 2173 5475">
     <span class='ocr_line' id='line_1_56' title="bbox 654 5407 2173 5475; baseline -0.011 0"><span class='ocrx_word' id='word_1_405' title='bbox 654 5429 669 5458; x_wconf 74' lang='grc' dir='ltr'><strong>ι</strong></span> <span class='ocrx_word' id='word_1_406' title='bbox 706 5420 1006 5474; x_wconf 81' lang='lat' dir='ltr'><strong>Posteriores</strong></span> <span class='ocrx_word' id='word_1_407' title='bbox 1028 5417 1285 5473; x_wconf 82' lang='lat' dir='ltr'><strong>editiones,</strong></span> <span class='ocrx_word' id='word_1_408' title='bbox 1314 5410 1551 5475; x_wconf 80' lang='lat' dir='ltr'><strong>Majorini.</strong></span> <span class='ocrx_word' id='word_1_409' title='bbox 1594 5418 1649 5462; x_wconf 82' lang='lat' dir='ltr'><strong>At</strong></span> <span class='ocrx_word' id='word_1_410' title='bbox 1686 5411 1836 5475; x_wconf 87' lang='lat' dir='ltr'><strong>prima</strong></span> <span class='ocrx_word' id='word_1_411' title='bbox 1853 5409 2023 5475; x_wconf 90' lang='lat' dir='ltr'><strong>_edi_tio</strong></span> <span class='ocrx_word' id='word_1_412' title='bbox 2040 5407 2173 5475; x_wconf 73' lang='lat' dir='ltr'><strong>vels.</strong></span> 
     </span>
    </p>
   </div>
   <div class='ocr_carea' id='block_1_57' title="bbox 592 5473 2180 5597">
    <p class='ocr_par' dir='ltr' id='par_1_57' title="bbox 592 5473 2180 5597">
     <span class='ocr_line' id='line_1_57' title="bbox 592 5473 2180 5597; baseline -0.009 -62"><span class='ocrx_word' id='word_1_413' title='bbox 592 5497 642 5537; x_wconf 76' lang='lat' dir='ltr'><strong>et</strong></span> <span class='ocrx_word' id='word_1_414' title='bbox 666 5495 935 5597; x_wconf 49' lang='lat' dir='ltr'><strong>suarégrm</strong></span> <span class='ocrx_word' id='word_1_415' title='bbox 952 5489 1078 5541; x_wconf 60' lang='lat' dir='ltr'><strong>Mss,</strong></span> <span class='ocrx_word' id='word_1_416' title='bbox 1103 5477 1358 5542; x_wconf 77' lang='lat' dir='ltr'><strong>Majorum.</strong></span> <span class='ocrx_word' id='word_1_417' title='bbox 1380 5473 1628 5525; x_wconf 71' lang='lat' dir='ltr'><strong>Consentit</strong></span> <span class='ocrx_word' id='word_1_418' title='bbox 1652 5473 1898 5536; x_wconf 82' lang='lat' dir='ltr'><strong>inscriptio</strong></span> <span class='ocrx_word' id='word_1_419' title='bbox 1921 5473 2051 5521; x_wconf 80' lang='lat' dir='ltr'><strong>citati</strong></span> <span class='ocrx_word' id='word_1_420' title='bbox 2071 5482 2180 5521; x_wconf 86' lang='lat' dir='ltr'><strong>ser-</strong></span> 
     </span>
     <span class='ocr_line' id='line_1_58' title="bbox 592 5564 885 5597; baseline 0 0"><span class='ocrx_word' id='word_1_421' title='bbox 592 5564 749 5597; x_wconf 66' lang='grc' dir='ltr'><strong>Ιυυῐηὸ</strong></span> <span class='ocrx_word' id='word_1_422' title='bbox 873 5582 885 5597; x_wconf 80' lang='grc' dir='ltr'><strong>ο</strong></span> 
     </span>
    </p>
   </div>
   <div class='ocr_carea' id='block_1_58' title="bbox 591 5564 885 5600">
    <p class='ocr_par' dir='ltr' id='par_1_58' title="bbox 591 5564 885 5600">
     <span class='ocr_line' id='line_1_59' title="bbox 591 5564 885 5600; baseline -0.01 0"><span class='ocrx_word' id='word_1_423' title='bbox 591 5564 749 5600; x_wconf 71' lang='lat' dir='ltr'><strong>monts</strong></span> <span class='ocrx_word' id='word_1_424' title='bbox 777 5564 885 5597; x_wconf 68' lang='grc' dir='ltr'><strong>Ζυῑο</strong></span> 
     </span>
    </p>
   </div>
   <div class='ocr_carea' id='block_1_59' title="bbox 658 5597 1598 5663">
    <p class='ocr_par' dir='ltr' id='par_1_59' title="bbox 658 5597 1598 5663">
     <span class='ocr_line' id='line_1_60' title="bbox 658 5597 1598 5663; baseline -0.012 -4"><span class='ocrx_word' id='word_1_425' title='bbox 658 5597 682 5644; x_wconf 62' lang='grc' dir='ltr'><strong>ί</strong></span> <span class='ocrx_word' id='word_1_426' title='bbox 841 5617 967 5657; x_wconf 78' lang='lat' dir='ltr'><strong>ttom.</strong></span> <span class='ocrx_word' id='word_1_427' title='bbox 996 5612 1049 5655; x_wconf 91' lang='lat' dir='ltr'><strong>et</strong></span> <span class='ocrx_word' id='word_1_428' title='bbox 1068 5602 1220 5663; x_wconf 81' lang='lat' dir='ltr'><strong>Coll).,</strong></span> <span class='ocrx_word' id='word_1_429' title='bbox 1241 5597 1598 5663; x_wconf 73' lang='lat' dir='ltr'><strong>incanmtionis.</strong></span> 
     </span>
    </p>
   </div>
   <div class='ocr_carea' id='block_1_60' title="bbox 662 5660 1675 5725">
    <p class='ocr_par' dir='ltr' id='par_1_60' title="bbox 662 5660 1675 5725">
     <span class='ocr_line' id='line_1_61' title="bbox 662 5660 1675 5725; baseline -0.013 -5"><span class='ocrx_word' id='word_1_430' title='bbox 662 5674 683 5703; x_wconf 85' lang='grc'>³</span> <span class='ocrx_word' id='word_1_431' title='bbox 712 5673 857 5720; x_wconf 83' lang='lat' dir='ltr'><strong>tidem</strong></span> <span class='ocrx_word' id='word_1_432' title='bbox 876 5670 975 5717; x_wconf 90' lang='lat' dir='ltr'><strong>duo</strong></span> <span class='ocrx_word' id='word_1_433' title='bbox 1005 5674 1110 5716; x_wconf 68' lang='lat' dir='ltr'><strong>Mss.</strong></span> <span class='ocrx_word' id='word_1_434' title='bbox 1137 5673 1189 5715; x_wconf 90' lang='lat' dir='ltr'><strong>et</strong></span> <span class='ocrx_word' id='word_1_435' title='bbox 1207 5660 1362 5723; x_wconf 57' lang='lat' dir='ltr'><strong>Suam,</strong></span> <span class='ocrx_word' id='word_1_436' title='bbox 1386 5661 1497 5725; x_wconf 79' lang='lat' dir='ltr'><strong>quia</strong></span> <span class='ocrx_word' id='word_1_437' title='bbox 1515 5660 1675 5711; x_wconf 62' lang='lat' dir='ltr'><strong>clitmt.</strong></span> 
     </span>
    </p>
   </div>
   <div class='ocr_carea' id='block_1_61' title="bbox 660 5718 2176 5792">
    <p class='ocr_par' dir='ltr' id='par_1_61' title="bbox 660 5718 2176 5792">
     <span class='ocr_line' id='line_1_62' title="bbox 660 5718 2176 5792; baseline -0.012 -7"><span class='ocrx_word' id='word_1_438' title='bbox 660 5718 936 5792; x_wconf 61' lang='lat' dir='ltr'><strong>initlorum</strong></span> <span class='ocrx_word' id='word_1_439' title='bbox 961 5731 1151 5792; x_wconf 80' lang='lat' dir='ltr'><strong>nomina</strong></span> <span class='ocrx_word' id='word_1_440' title='bbox 1182 5718 1421 5792; x_wconf 75' lang='lat' dir='ltr'><strong>recenset</strong></span> <span class='ocrx_word' id='word_1_441' title='bbox 1443 5725 1735 5787; x_wconf 71' lang='lat' dir='ltr'><strong>Augustinus</strong></span> <span class='ocrx_word' id='word_1_442' title='bbox 1773 5722 1821 5771; x_wconf 90' lang='lat' dir='ltr'><strong>itt</strong></span> <span class='ocrx_word' id='word_1_443' title='bbox 1864 5718 1989 5771; x_wconf 91' lang='lat' dir='ltr'><strong>lihro</strong></span> <span class='ocrx_word' id='word_1_444' title='bbox 2010 5725 2176 5769; x_wconf 76' lang='lat' dir='ltr'><strong>contra</strong></span> 
     </span>
    </p>
   </div>
   <div class='ocr_carea' id='block_1_62' title="bbox 596 5790 1210 5856">
    <p class='ocr_par' dir='ltr' id='par_1_62' title="bbox 596 5790 1210 5856">
     <span class='ocr_line' id='line_1_63' title="bbox 596 5790 1210 5856; baseline -0.005 -14"><span class='ocrx_word' id='word_1_445' title='bbox 596 5795 690 5842; x_wconf 69' lang='lat' dir='ltr'><strong>suit</strong></span> <span class='ocrx_word' id='word_1_446' title='bbox 708 5790 837 5841; x_wconf 84' lang='lat' dir='ltr'><strong>mtuu</strong></span> <span class='ocrx_word' id='word_1_447' title='bbox 862 5794 1032 5856; x_wconf 74' lang='lat' dir='ltr'><strong>pt&#39;itno,</strong></span> <span class='ocrx_word' id='word_1_448' title='bbox 1058 5804 1105 5838; x_wconf 89' lang='grc' dir='ltr'>ιι.</span> <span class='ocrx_word' id='word_1_449' title='bbox 1140 5790 1210 5839; x_wconf 74' lang='grc' dir='ltr'><strong>ω.</strong></span> 
     </span>
    </p>
   </div>
   <div class='ocr_carea' id='block_1_63' title="bbox 1562 324 2756 395">
    <p class='ocr_par' dir='ltr' id='par_1_63' title="bbox 1562 324 2756 395">
     <span class='ocr_line' id='line_1_64' title="bbox 1562 324 2756 395; baseline -0.006 -7"><span class='ocrx_word' id='word_1_450' title='bbox 1562 332 1647 388; x_wconf 81' lang='lat' dir='ltr'><strong>DE</strong></span> <span class='ocrx_word' id='word_1_451' title='bbox 1687 328 1857 386; x_wconf 78' lang='lat' dir='ltr'><strong>CEST</strong></span> <span class='ocrx_word' id='word_1_452' title='bbox 1864 329 1923 383; x_wconf 88' lang='lat' dir='ltr'><strong>IS</strong></span> <span class='ocrx_word' id='word_1_453' title='bbox 1962 324 2251 395; x_wconf 80' lang='lat' dir='ltr'><strong>PELAGII,</strong></span> <span class='ocrx_word' id='word_1_454' title='bbox 2291 324 2350 383; x_wconf 91' lang='lat' dir='ltr'><strong>S.</strong></span> <span class='ocrx_word' id='word_1_455' title='bbox 2392 325 2756 386; x_wconf 80' lang='lat' dir='ltr'><strong>AUGUSTINI</strong></span> 
     </span>
    </p>
   </div>
   <div class='ocr_carea' id='block_1_64' title="bbox 3659 339 3746 397">
    <p class='ocr_par' dir='ltr' id='par_1_64' title="bbox 3659 339 3746 397">
     <span class='ocr_line' id='line_1_65' title="bbox 3659 339 3746 397; baseline 0 -2"><span class='ocrx_word' id='word_1_456' title='bbox 3659 339 3746 397; x_wconf 70' lang='lat'><strong>8&#39;56</strong></span> 
     </span>
    </p>
   </div>
   <div class='ocr_carea' id='block_1_65' title="bbox 2193 437 3743 522">
    <p class='ocr_par' dir='ltr' id='par_1_65' title="bbox 2193 437 3743 522">
     <span class='ocr_line' id='line_1_66' title="bbox 2193 437 3743 522; baseline 0.007 -28"><span class='ocrx_word' id='word_1_457' title='bbox 2193 508 2197 517; x_wconf 30' lang='grc'><strong>1</strong></span> <span class='ocrx_word' id='word_1_458' title='bbox 2233 442 2425 512; x_wconf 73' lang='lat' dir='ltr'><strong>c‘teque</strong></span> <span class='ocrx_word' id='word_1_459' title='bbox 2455 441 2659 507; x_wconf 81' lang='lat' dir='ltr'><strong>vivunt.</strong></span> <span class='ocrx_word' id='word_1_460' title='bbox 2692 454 2789 494; x_wconf 90' lang='lat' dir='ltr'><strong>nec</strong></span> <span class='ocrx_word' id='word_1_461' title='bbox 2835 448 3009 493; x_wconf 88' lang='lat' dir='ltr'><strong>tamen</strong></span> <span class='ocrx_word' id='word_1_462' title='bbox 3066 437 3117 492; x_wconf 91' lang='lat' dir='ltr'><strong>in</strong></span> <span class='ocrx_word' id='word_1_463' title='bbox 3162 439 3393 496; x_wconf 86' lang='lat' dir='ltr'><strong>oratione</strong></span> <span class='ocrx_word' id='word_1_464' title='bbox 3435 446 3743 522; x_wconf 85' lang='lat' dir='ltr'><strong>mentiuntur,</strong></span> 
     </span>
    </p>
   </div>
   <div class='ocr_carea' id='block_1_66' title="bbox 2231 529 3740 598">
    <p class='ocr_par' dir='ltr' id='par_1_66' title="bbox 2231 529 3740 598">
     <span class='ocr_line' id='line_1_67' title="bbox 2231 529 3740 598; baseline 0.002 -8"><span class='ocrx_word' id='word_1_465' title='bbox 2231 551 2351 590; x_wconf 85' lang='lat' dir='ltr'><strong>cum</strong></span> <span class='ocrx_word' id='word_1_466' title='bbox 2379 533 2583 597; x_wconf 89' lang='lat' dir='ltr'><strong>dicunt,</strong></span> <span class='ocrx_word' id='word_1_467' title='bbox 2616 532 2824 586; x_wconf 85' lang='lat' dir='ltr'><strong>Dimitte</strong></span> <span class='ocrx_word' id='word_1_468' title='bbox 2868 531 3008 585; x_wconf 82' lang='lat' dir='ltr'><strong>nobis</strong></span> <span class='ocrx_word' id='word_1_469' title='bbox 3063 529 3226 584; x_wconf 88' lang='lat' dir='ltr'><strong>debita</strong></span> <span class='ocrx_word' id='word_1_470' title='bbox 3251 543 3433 597; x_wconf 84' lang='lat' dir='ltr'><strong>nostra,</strong></span> <span class='ocrx_word' id='word_1_471' title='bbox 3461 537 3577 590; x_wconf 82' lang='lat' dir='ltr'><strong>sicut</strong></span> <span class='ocrx_word' id='word_1_472' title='bbox 3601 551 3641 593; x_wconf 83' lang='lat' dir='ltr'><strong>et</strong></span> <span class='ocrx_word' id='word_1_473' title='bbox 3665 558 3740 598; x_wconf 82' lang='lat' dir='ltr'><strong>nos</strong></span> 
     </span>
    </p>
   </div>
   <div class='ocr_carea' id='block_1_67' title="bbox 2233 620 3745 703">
    <p class='ocr_par' dir='ltr' id='par_1_67' title="bbox 2233 620 3745 703">
     <span class='ocr_line' id='line_1_68' title="bbox 2233 620 3745 703; baseline -0.004 -22"><span class='ocrx_word' id='word_1_474' title='bbox 2233 628 2528 682; x_wconf 81' lang='lat' dir='ltr'><strong>dimittimus</strong></span> <span class='ocrx_word' id='word_1_475' title='bbox 2553 624 2855 680; x_wconf 80' lang='lat' dir='ltr'><strong>debitoribus</strong></span> <span class='ocrx_word' id='word_1_476' title='bbox 2875 623 3059 703; x_wconf 82' lang='lat' dir='ltr'><strong>nostris</strong></span> <span class='ocrx_word' id='word_1_477' title='bbox 3080 620 3100 696; x_wconf 92' lang='lat'><strong>(</strong></span> <span class='ocrx_word' id='word_1_478' title='bbox 3120 621 3297 677; x_wconf 81' lang='lat' dir='ltr'><strong>Matth.</strong></span> <span class='ocrx_word' id='word_1_479' title='bbox 3322 640 3393 688; x_wconf 80' lang='lat' dir='ltr'><strong>Vl,</strong></span> <span class='ocrx_word' id='word_1_480' title='bbox 3425 626 3529 696; x_wconf 59' lang='grc' dir='ltr'>ιι).</span> <span class='ocrx_word' id='word_1_481' title='bbox 3557 628 3654 685; x_wconf 81' lang='lat' dir='ltr'><strong>Hoc</strong></span> <span class='ocrx_word' id='word_1_482' title='bbox 3676 649 3745 689; x_wconf 87' lang='lat' dir='ltr'><strong>er.</strong></span> 
     </span>
    </p>
   </div>
   <div class='ocr_carea' id='block_1_68' title="bbox 2230 714 3745 790">
    <p class='ocr_par' dir='ltr' id='par_1_68' title="bbox 2230 714 3745 790">
     <span class='ocr_line' id='line_1_69' title="bbox 2230 714 3745 790; baseline 0.004 -17"><span class='ocrx_word' id='word_1_483' title='bbox 2230 735 2299 789; x_wconf 87' lang='lat' dir='ltr'><strong>go</strong></span> <span class='ocrx_word' id='word_1_484' title='bbox 2315 719 2581 790; x_wconf 71' lang='lat' dir='ltr'><strong>iudicibus</strong></span> <span class='ocrx_word' id='word_1_485' title='bbox 2603 717 2813 787; x_wconf 89' lang='lat' dir='ltr'><strong>placuit.</strong></span> <span class='ocrx_word' id='word_1_486' title='bbox 2844 714 3285 786; x_wconf 89' lang='lat' dir='ltr'><strong>quemadmodum</strong></span> <span class='ocrx_word' id='word_1_487' title='bbox 3315 731 3371 771; x_wconf 86' lang='lat' dir='ltr'><strong>se</strong></span> <span class='ocrx_word' id='word_1_488' title='bbox 3408 716 3576 774; x_wconf 89' lang='lat' dir='ltr'><strong>dicere</strong></span> <span class='ocrx_word' id='word_1_489' title='bbox 3621 737 3745 780; x_wconf 78' lang='lat' dir='ltr'><strong>asse-</strong></span> 
     </span>
    </p>
   </div>
   <div class='ocr_carea' id='block_1_69' title="bbox 2233 805 3750 879">
    <p class='ocr_par' dir='ltr' id='par_1_69' title="bbox 2233 805 3750 879">
     <span class='ocr_line' id='line_1_70' title="bbox 2233 805 3750 879; baseline 0.009 -20"><span class='ocrx_word' id='word_1_490' title='bbox 2233 810 2434 865; x_wconf 79' lang='lat' dir='ltr'><strong>veravit</strong></span> <span class='ocrx_word' id='word_1_491' title='bbox 2474 809 2747 879; x_wconf 82' lang='lat' dir='ltr'><strong>Pelagius;</strong></span> <span class='ocrx_word' id='word_1_492' title='bbox 2803 822 2908 861; x_wconf 92' lang='lat' dir='ltr'><strong>non</strong></span> <span class='ocrx_word' id='word_1_493' title='bbox 2961 805 3396 875; x_wconf 88' lang='lat' dir='ltr'><strong>quemadmodum</strong></span> <span class='ocrx_word' id='word_1_494' title='bbox 3447 809 3750 879; x_wconf 84' lang='lat' dir='ltr'><strong>objiciehatur</strong></span> 
     </span>
    </p>
   </div>
   <div class='ocr_carea' id='block_1_70' title="bbox 2232 899 3746 973">
    <p class='ocr_par' dir='ltr' id='par_1_70' title="bbox 2232 899 3746 973">
     <span class='ocr_line' id='line_1_71' title="bbox 2232 899 3746 973; baseline 0.003 -16"><span class='ocrx_word' id='word_1_495' title='bbox 2232 902 2431 957; x_wconf 83' lang='lat' dir='ltr'><strong>dixisse</strong></span> <span class='ocrx_word' id='word_1_496' title='bbox 2455 902 2755 956; x_wconf 69' lang='lat' dir='ltr'><strong>Caelestius.</strong></span> <span class='ocrx_word' id='word_1_497' title='bbox 2789 899 2942 955; x_wconf 87' lang='lat' dir='ltr'><strong>Nunc</strong></span> <span class='ocrx_word' id='word_1_498' title='bbox 2986 900 3209 970; x_wconf 70' lang='lat' dir='ltr'><strong>ea&#39;quze</strong></span> <span class='ocrx_word' id='word_1_499' title='bbox 3253 910 3450 955; x_wconf 88' lang='lat' dir='ltr'><strong>restant</strong></span> <span class='ocrx_word' id='word_1_500' title='bbox 3500 915 3746 973; x_wconf 82' lang='lat' dir='ltr'><strong>pertracte-</strong></span> 
     </span>
    </p>
   </div>
   <div class='ocr_carea' id='block_1_71' title="bbox 2235 1001 2791 1060">
    <p class='ocr_par' dir='ltr' id='par_1_71' title="bbox 2235 1001 2791 1060">
     <span class='ocr_line' id='line_1_72' title="bbox 2235 1001 2791 1060; baseline -0.009 -11"><span class='ocrx_word' id='word_1_501' title='bbox 2235 1010 2373 1059; x_wconf 85' lang='lat' dir='ltr'><strong>mus,</strong></span> <span class='ocrx_word' id='word_1_502' title='bbox 2404 1001 2459 1047; x_wconf 84' lang='lat' dir='ltr'><strong>ut</strong></span> <span class='ocrx_word' id='word_1_503' title='bbox 2490 1007 2791 1060; x_wconf 89' lang='lat' dir='ltr'><strong>possumus.</strong></span> 
     </span>
    </p>
   </div>
   <div class='ocr_carea' id='block_1_72' title="bbox 2304 1081 3751 1158">
    <p class='ocr_par' dir='ltr' id='par_1_72' title="bbox 2304 1081 3751 1158">
     <span class='ocr_line' id='line_1_73' title="bbox 2304 1081 3751 1158; baseline -0.004 -18"><span class='ocrx_word' id='word_1_504' title='bbox 2304 1083 2526 1141; x_wconf 85' lang='lat' dir='ltr'><strong>CAPUT</strong></span> <span class='ocrx_word' id='word_1_505' title='bbox 2552 1083 2666 1139; x_wconf 81' lang='grc' dir='ltr'><strong>ΧΠ.</strong></span> <span class='ocrx_word' id='word_1_506' title='bbox 2696 1114 2765 1124; x_wconf 90' lang='grc'><strong><em>-</em></strong></span> <span class='ocrx_word' id='word_1_507' title='bbox 2788 1082 2878 1138; x_wconf 76' lang='lat'><strong>27.</strong></span> <span class='ocrx_word' id='word_1_508' title='bbox 2908 1081 3182 1149; x_wconf 80' lang='lat' dir='ltr'><strong>Objecttun</strong></span> <span class='ocrx_word' id='word_1_509' title='bbox 3211 1093 3291 1139; x_wconf 89' lang='lat' dir='ltr'><strong>est</strong></span> <span class='ocrx_word' id='word_1_510' title='bbox 3316 1083 3534 1155; x_wconf 84' lang='lat' dir='ltr'><strong>Pelagio,</strong></span> <span class='ocrx_word' id='word_1_511' title='bbox 3557 1091 3676 1158; x_wconf 86' lang='lat' dir='ltr'><strong>quod</strong></span> <span class='ocrx_word' id='word_1_512' title='bbox 3691 1092 3751 1147; x_wconf 75' lang='lat' dir='ltr'><strong>di.</strong></span> 
     </span>
    </p>
   </div>
   <div class='ocr_carea' id='block_1_73' title="bbox 2233 1176 3749 1252">
    <p class='ocr_par' dir='ltr' id='par_1_73' title="bbox 2233 1176 3749 1252">
     <span class='ocr_line' id='line_1_74' title="bbox 2233 1176 3749 1252; baseline 0.003 -20"><span class='ocrx_word' id='word_1_513' title='bbox 2233 1187 2399 1242; x_wconf 84' lang='lat' dir='ltr'><strong>ceret,</strong></span> <span class='ocrx_word' id='word_1_514' title='bbox 2433 1196 2452 1231; x_wconf 80' lang='grc' dir='ltr'><strong>ι</strong></span> <span class='ocrx_word' id='word_1_515' title='bbox 2489 1177 2783 1232; x_wconf 88' lang='lat' dir='ltr'><strong>Ecclesiam</strong></span> <span class='ocrx_word' id='word_1_516' title='bbox 2829 1177 2913 1231; x_wconf 89' lang='lat' dir='ltr'><strong>hic</strong></span> <span class='ocrx_word' id='word_1_517' title='bbox 2950 1191 3071 1231; x_wconf 85' lang='lat' dir='ltr'><strong>esse</strong></span> <span class='ocrx_word' id='word_1_518' title='bbox 3116 1176 3231 1231; x_wconf 91' lang='lat' dir='ltr'><strong>sine</strong></span> <span class='ocrx_word' id='word_1_519' title='bbox 3277 1178 3473 1232; x_wconf 88' lang='lat' dir='ltr'><strong>macula</strong></span> <span class='ocrx_word' id='word_1_520' title='bbox 3500 1190 3549 1234; x_wconf 88' lang='lat' dir='ltr'><strong>et</strong></span> <span class='ocrx_word' id='word_1_521' title='bbox 3582 1196 3706 1252; x_wconf 83' lang='lat' dir='ltr'><strong>ruga.</strong></span> <span class='ocrx_word' id='word_1_522' title='bbox 3733 1205 3749 1237; x_wconf 82' lang='grc' dir='ltr'><strong>ι</strong></span> 
     </span>
    </p>
   </div>
   <div class='ocr_carea' id='block_1_74' title="bbox 2237 1267 3754 1330">
    <p class='ocr_par' dir='ltr' id='par_1_74' title="bbox 2237 1267 3754 1330">
     <span class='ocr_line' id='line_1_75' title="bbox 2237 1267 3754 1330; baseline 0.005 -8"><span class='ocrx_word' id='word_1_523' title='bbox 2237 1269 2386 1327; x_wconf 84' lang='lat' dir='ltr'><strong>Unde</strong></span> <span class='ocrx_word' id='word_1_524' title='bbox 2427 1269 2587 1324; x_wconf 88' lang='lat' dir='ltr'><strong>etiam</strong></span> <span class='ocrx_word' id='word_1_525' title='bbox 2634 1267 2919 1322; x_wconf 75' lang='lat' dir='ltr'><strong>Donatista:</strong></span> <span class='ocrx_word' id='word_1_526' title='bbox 2958 1267 3265 1323; x_wconf 88' lang='lat' dir='ltr'><strong>diuturnum</strong></span> <span class='ocrx_word' id='word_1_527' title='bbox 3305 1267 3563 1323; x_wconf 89' lang='lat' dir='ltr'><strong>nobiscum</strong></span> <span class='ocrx_word' id='word_1_528' title='bbox 3589 1271 3754 1330; x_wconf 82' lang='lat' dir='ltr'><strong>habue-</strong></span> 
     </span>
    </p>
   </div>
   <div class='ocr_carea' id='block_1_75' title="bbox 2237 1359 3755 1434">
    <p class='ocr_par' dir='ltr' id='par_1_75' title="bbox 2237 1359 3755 1434">
     <span class='ocr_line' id='line_1_76' title="bbox 2237 1359 3755 1434; baseline 0.001 -17"><span class='ocrx_word' id='word_1_529' title='bbox 2237 1372 2360 1417; x_wconf 90' lang='lat' dir='ltr'><strong>runt</strong></span> <span class='ocrx_word' id='word_1_530' title='bbox 2386 1362 2439 1421; x_wconf 92' lang='lat' dir='ltr'><strong>in</strong></span> <span class='ocrx_word' id='word_1_531' title='bbox 2461 1370 2638 1417; x_wconf 89' lang='lat' dir='ltr'><strong>nostra</strong></span> <span class='ocrx_word' id='word_1_532' title='bbox 2653 1360 2946 1415; x_wconf 88' lang='lat' dir='ltr'><strong>Collatione</strong></span> <span class='ocrx_word' id='word_1_533' title='bbox 2968 1359 3301 1423; x_wconf 83' lang='lat' dir='ltr'><strong>conﬂictum;</strong></span> <span class='ocrx_word' id='word_1_534' title='bbox 3330 1359 3420 1414; x_wconf 90' lang='lat' dir='ltr'><strong>sed</strong></span> <span class='ocrx_word' id='word_1_535' title='bbox 3444 1360 3556 1415; x_wconf 90' lang='lat' dir='ltr'><strong>illos</strong></span> <span class='ocrx_word' id='word_1_536' title='bbox 3571 1362 3630 1417; x_wconf 90' lang='lat' dir='ltr'><strong>de</strong></span> <span class='ocrx_word' id='word_1_537' title='bbox 3660 1381 3755 1434; x_wconf 82' lang='lat' dir='ltr'><strong>per-</strong></span> 
     </span>
    </p>
   </div>
   <div class='ocr_carea' id='block_1_76' title="bbox 2237 1451 3756 1522">
    <p class='ocr_par' dir='ltr' id='par_1_76' title="bbox 2237 1451 3756 1522">
     <span class='ocr_line' id='line_1_77' title="bbox 2237 1451 3756 1522; baseline 0.003 -14"><span class='ocrx_word' id='word_1_538' title='bbox 2237 1455 2491 1510; x_wconf 81' lang='lat' dir='ltr'><strong>mixtione</strong></span> <span class='ocrx_word' id='word_1_539' title='bbox 2538 1453 2798 1507; x_wconf 89' lang='lat' dir='ltr'><strong>malorum</strong></span> <span class='ocrx_word' id='word_1_540' title='bbox 2861 1451 3132 1505; x_wconf 88' lang='lat' dir='ltr'><strong>hominum</strong></span> <span class='ocrx_word' id='word_1_541' title='bbox 3190 1460 3432 1521; x_wconf 89' lang='lat' dir='ltr'><strong>tanquam</strong></span> <span class='ocrx_word' id='word_1_542' title='bbox 3476 1454 3625 1522; x_wconf 70' lang='lat' dir='ltr'><strong>paleae</strong></span> <span class='ocrx_word' id='word_1_543' title='bbox 3660 1472 3756 1513; x_wconf 85' lang='lat' dir='ltr'><strong>cum</strong></span> 
     </span>
    </p>
   </div>
   <div class='ocr_carea' id='block_1_77' title="bbox 2237 1543 3755 1615">
    <p class='ocr_par' dir='ltr' id='par_1_77' title="bbox 2237 1543 3755 1615">
     <span class='ocr_line' id='line_1_78' title="bbox 2237 1543 3755 1615; baseline -0.001 -13"><span class='ocrx_word' id='word_1_544' title='bbox 2237 1546 2537 1612; x_wconf 86' lang='lat' dir='ltr'><strong>frumentis,</strong></span> <span class='ocrx_word' id='word_1_545' title='bbox 2561 1554 2776 1615; x_wconf 90' lang='lat' dir='ltr'><strong>propter</strong></span> <span class='ocrx_word' id='word_1_546' title='bbox 2801 1559 2940 1600; x_wconf 68' lang='lat' dir='ltr'><strong>areae</strong></span> <span class='ocrx_word' id='word_1_547' title='bbox 2965 1543 3362 1598; x_wconf 83' lang='lat' dir='ltr'><strong>similitudinem</strong></span> <span class='ocrx_word' id='word_1_548' title='bbox 3384 1543 3548 1612; x_wconf 88' lang='lat' dir='ltr'><strong>potius</strong></span> <span class='ocrx_word' id='word_1_549' title='bbox 3573 1547 3755 1613; x_wconf 82' lang='lat' dir='ltr'><strong>urgeba-</strong></span> 
     </span>
    </p>
   </div>
   <div class='ocr_carea' id='block_1_78' title="bbox 2237 1633 3757 1711">
    <p class='ocr_par' dir='ltr' id='par_1_78' title="bbox 2237 1633 3757 1711">
     <span class='ocr_line' id='line_1_79' title="bbox 2237 1633 3757 1711; baseline -0.001 -17"><span class='ocrx_word' id='word_1_550' title='bbox 2237 1656 2357 1695; x_wconf 89' lang='lat' dir='ltr'><strong>mus</strong></span> <span class='ocrx_word' id='word_1_551' title='bbox 2379 1656 2395 1694; x_wconf 91' lang='lat'><strong>:</strong></span> <span class='ocrx_word' id='word_1_552' title='bbox 2416 1654 2518 1711; x_wconf 89' lang='lat' dir='ltr'><strong>qua</strong></span> <span class='ocrx_word' id='word_1_553' title='bbox 2546 1636 2888 1693; x_wconf 89' lang='lat' dir='ltr'><strong>similitudine</strong></span> <span class='ocrx_word' id='word_1_554' title='bbox 2912 1636 3071 1691; x_wconf 91' lang='lat' dir='ltr'><strong>etiam</strong></span> <span class='ocrx_word' id='word_1_555' title='bbox 3115 1634 3229 1688; x_wconf 86' lang='lat' dir='ltr'><strong>istis</strong></span> <span class='ocrx_word' id='word_1_556' title='bbox 3272 1633 3578 1703; x_wconf 88' lang='lat' dir='ltr'><strong>respondere</strong></span> <span class='ocrx_word' id='word_1_557' title='bbox 3610 1652 3757 1704; x_wconf 72' lang='lat' dir='ltr'><strong>p058“-</strong></span> 
     </span>
    </p>
   </div>
   <div class='ocr_carea' id='block_1_79' title="bbox 2239 1727 3760 1797">
    <p class='ocr_par' dir='ltr' id='par_1_79' title="bbox 2239 1727 3760 1797">
     <span class='ocr_line' id='line_1_80' title="bbox 2239 1727 3760 1797; baseline 0 -11"><span class='ocrx_word' id='word_1_558' title='bbox 2239 1747 2379 1797; x_wconf 87' lang='lat' dir='ltr'><strong>mus,</strong></span> <span class='ocrx_word' id='word_1_559' title='bbox 2419 1733 2517 1788; x_wconf 88' lang='lat' dir='ltr'><strong>nisi</strong></span> <span class='ocrx_word' id='word_1_560' title='bbox 2558 1729 2853 1787; x_wconf 87' lang='lat' dir='ltr'><strong>Ecclesiam</strong></span> <span class='ocrx_word' id='word_1_561' title='bbox 2902 1727 2954 1782; x_wconf 90' lang='lat' dir='ltr'><strong>iu</strong></span> <span class='ocrx_word' id='word_1_562' title='bbox 2999 1728 3128 1782; x_wconf 84' lang='lat' dir='ltr'><strong>solis</strong></span> <span class='ocrx_word' id='word_1_563' title='bbox 3165 1727 3317 1781; x_wconf 84' lang='lat' dir='ltr'><strong>bouis</strong></span> <span class='ocrx_word' id='word_1_564' title='bbox 3355 1727 3540 1782; x_wconf 86' lang='lat' dir='ltr'><strong>vellent</strong></span> <span class='ocrx_word' id='word_1_565' title='bbox 3576 1727 3760 1786; x_wconf 79' lang='lat' dir='ltr'><strong>fortasse</strong></span> 
     </span>
    </p>
   </div>
   <div class='ocr_carea' id='block_1_80' title="bbox 2241 1819 3761 1895">
    <p class='ocr_par' dir='ltr' id='par_1_80' title="bbox 2241 1819 3761 1895">
     <span class='ocr_line' id='line_1_81' title="bbox 2241 1819 3761 1895; baseline -0.003 -16"><span class='ocrx_word' id='word_1_566' title='bbox 2241 1825 2481 1895; x_wconf 85' lang='lat' dir='ltr'><strong>intelligi,</strong></span> <span class='ocrx_word' id='word_1_567' title='bbox 2506 1837 2640 1893; x_wconf 92' lang='lat' dir='ltr'><strong>quos</strong></span> <span class='ocrx_word' id='word_1_568' title='bbox 2666 1821 2869 1876; x_wconf 89' lang='lat' dir='ltr'><strong>nullum</strong></span> <span class='ocrx_word' id='word_1_569' title='bbox 2905 1821 3126 1876; x_wconf 85' lang='lat' dir='ltr'><strong>omnino</strong></span> <span class='ocrx_word' id='word_1_570' title='bbox 3148 1828 3417 1874; x_wconf 77' lang='lat' dir='ltr'><strong>.asscrunt</strong></span> <span class='ocrx_word' id='word_1_571' title='bbox 3457 1819 3633 1884; x_wconf 84' lang='lat' dir='ltr'><strong>habere</strong></span> <span class='ocrx_word' id='word_1_572' title='bbox 3663 1837 3761 1890; x_wconf 83' lang='lat' dir='ltr'><strong>pec-</strong></span> 
     </span>
    </p>
   </div>
   <div class='ocr_carea' id='block_1_81' title="bbox 2240 1910 3762 1987">
    <p class='ocr_par' dir='ltr' id='par_1_81' title="bbox 2240 1910 3762 1987">
     <span class='ocr_line' id='line_1_82' title="bbox 2240 1910 3762 1987; baseline -0.003 -13"><span class='ocrx_word' id='word_1_573' title='bbox 2240 1928 2438 1983; x_wconf 87' lang='lat' dir='ltr'><strong>catum,</strong></span> <span class='ocrx_word' id='word_1_574' title='bbox 2462 1926 2520 1972; x_wconf 90' lang='lat' dir='ltr'><strong>ut</strong></span> <span class='ocrx_word' id='word_1_575' title='bbox 2547 1916 2715 1987; x_wconf 88' lang='lat' dir='ltr'><strong>possit</strong></span> <span class='ocrx_word' id='word_1_576' title='bbox 2742 1910 2979 1972; x_wconf 84' lang='lat' dir='ltr'><strong>Ecclesia</strong></span> <span class='ocrx_word' id='word_1_577' title='bbox 3004 1913 3092 1968; x_wconf 91' lang='lat' dir='ltr'><strong>hic</strong></span> <span class='ocrx_word' id='word_1_578' title='bbox 3106 1928 3227 1968; x_wconf 88' lang='lat' dir='ltr'><strong>esse</strong></span> <span class='ocrx_word' id='word_1_579' title='bbox 3245 1913 3359 1967; x_wconf 87' lang='lat' dir='ltr'><strong>sine</strong></span> <span class='ocrx_word' id='word_1_580' title='bbox 3384 1913 3576 1966; x_wconf 86' lang='lat' dir='ltr'><strong>macula</strong></span> <span class='ocrx_word' id='word_1_581' title='bbox 3588 1924 3633 1967; x_wconf 89' lang='lat' dir='ltr'><strong>et</strong></span> <span class='ocrx_word' id='word_1_582' title='bbox 3644 1930 3762 1986; x_wconf 79' lang='lat' dir='ltr'><strong>ruga.</strong></span> 
     </span>
    </p>
   </div>
   <div class='ocr_carea' id='block_1_82' title="bbox 2241 2004 3764 2085">
    <p class='ocr_par' dir='ltr' id='par_1_82' title="bbox 2241 2004 3764 2085">
     <span class='ocr_line' id='line_1_83' title="bbox 2241 2004 3764 2085; baseline -0.004 -21"><span class='ocrx_word' id='word_1_583' title='bbox 2241 2011 2392 2085; x_wconf 84' lang='lat' dir='ltr'><strong>Quod</strong></span> <span class='ocrx_word' id='word_1_584' title='bbox 2417 2011 2461 2065; x_wconf 90' lang='lat' dir='ltr'><strong>si</strong></span> <span class='ocrx_word' id='word_1_585' title='bbox 2491 2009 2562 2065; x_wconf 89' lang='lat' dir='ltr'><strong>ita</strong></span> <span class='ocrx_word' id='word_1_586' title='bbox 2589 2019 2692 2074; x_wconf 89' lang='lat' dir='ltr'><strong>est,</strong></span> <span class='ocrx_word' id='word_1_587' title='bbox 2721 2007 2909 2063; x_wconf 84' lang='lat' dir='ltr'><strong>eadem</strong></span> <span class='ocrx_word' id='word_1_588' title='bbox 2938 2014 3124 2085; x_wconf 86' lang='lat' dir='ltr'><strong>repeto</strong></span> <span class='ocrx_word' id='word_1_589' title='bbox 3142 2019 3266 2075; x_wconf 70' lang='lat' dir='ltr'><strong>qua:</strong></span> <span class='ocrx_word' id='word_1_590' title='bbox 3292 2004 3446 2073; x_wconf 87' lang='lat' dir='ltr'><strong>paulo</strong></span> <span class='ocrx_word' id='word_1_591' title='bbox 3470 2013 3583 2077; x_wconf 76' lang='lat' dir='ltr'><strong>ante</strong></span> <span class='ocrx_word' id='word_1_592' title='bbox 3601 2019 3764 2060; x_wconf 85' lang='lat' dir='ltr'><strong>memo-</strong></span> 
     </span>
    </p>
   </div>
   <div class='ocr_carea' id='block_1_83' title="bbox 2245 2084 3765 2176">
    <p class='ocr_par' dir='ltr' id='par_1_83' title="bbox 2245 2084 3765 2176">
     <span class='ocr_line' id='line_1_84' title="bbox 2245 2084 3765 2176; baseline -0.005 -19"><span class='ocrx_word' id='word_1_593' title='bbox 2245 2084 2394 2157; x_wconf 85' lang='lat' dir='ltr'><strong>ravi:</strong></span> <span class='ocrx_word' id='word_1_594' title='bbox 2425 2101 2703 2168; x_wconf 83' lang='lat' dir='ltr'><strong>Quomodo</strong></span> <span class='ocrx_word' id='word_1_595' title='bbox 2751 2106 2877 2176; x_wconf 86' lang='lat' dir='ltr'><strong>sunt</strong></span> <span class='ocrx_word' id='word_1_596' title='bbox 2920 2084 3157 2152; x_wconf 87' lang='lat' dir='ltr'><strong>membra</strong></span> <span class='ocrx_word' id='word_1_597' title='bbox 3196 2093 3466 2161; x_wconf 67' lang='lat' dir='ltr'><strong>Ecclesiae,</strong></span> <span class='ocrx_word' id='word_1_598' title='bbox 3512 2093 3574 2151; x_wconf 84' lang='lat' dir='ltr'><strong>de</strong></span> <span class='ocrx_word' id='word_1_599' title='bbox 3612 2095 3765 2164; x_wconf 78' lang='lat' dir='ltr'><strong>quibus</strong></span> 
     </span>
    </p>
   </div>
   <div class='ocr_carea' id='block_1_84' title="bbox 2245 2185 3766 2257">
    <p class='ocr_par' dir='ltr' id='par_1_84' title="bbox 2245 2185 3766 2257">
     <span class='ocr_line' id='line_1_85' title="bbox 2245 2185 3766 2257; baseline -0.007 -8"><span class='ocrx_word' id='word_1_600' title='bbox 2245 2208 2405 2249; x_wconf 83' lang='lat' dir='ltr'><strong>verax</strong></span> <span class='ocrx_word' id='word_1_601' title='bbox 2434 2192 2627 2248; x_wconf 85' lang='lat' dir='ltr'><strong>clamat</strong></span> <span class='ocrx_word' id='word_1_602' title='bbox 2656 2189 2949 2256; x_wconf 89' lang='lat' dir='ltr'><strong>humilitas,</strong></span> <span class='ocrx_word' id='word_1_603' title='bbox 2991 2186 3053 2244; x_wconf 89' lang='lat' dir='ltr'><strong>Si</strong></span> <span class='ocrx_word' id='word_1_604' title='bbox 3097 2186 3373 2242; x_wconf 69' lang='lat' dir='ltr'><strong>dixerimus</strong></span> <span class='ocrx_word' id='word_1_605' title='bbox 3413 2185 3525 2256; x_wconf 85' lang='lat' dir='ltr'><strong>quia</strong></span> <span class='ocrx_word' id='word_1_606' title='bbox 3557 2194 3766 2257; x_wconf 70' lang='lat' dir='ltr'><strong>peccatum</strong></span> 
     </span>
    </p>
   </div>
   <div class='ocr_carea' id='block_1_85' title="bbox 2247 2275 3768 2354">
    <p class='ocr_par' dir='ltr' id='par_1_85' title="bbox 2247 2275 3768 2354">
     <span class='ocr_line' id='line_1_86' title="bbox 2247 2275 3768 2354; baseline -0.006 -15"><span class='ocrx_word' id='word_1_607' title='bbox 2247 2301 2348 2339; x_wconf 82' lang='lat' dir='ltr'><strong>non</strong></span> <span class='ocrx_word' id='word_1_608' title='bbox 2372 2283 2625 2347; x_wconf 83' lang='lat' dir='ltr'><strong>habemus,</strong></span> <span class='ocrx_word' id='word_1_609' title='bbox 2648 2281 2748 2354; x_wconf 83' lang='lat' dir='ltr'><strong>ipsi</strong></span> <span class='ocrx_word' id='word_1_610' title='bbox 2774 2296 2865 2334; x_wconf 84' lang='lat' dir='ltr'><strong>nos</strong></span> <span class='ocrx_word' id='word_1_611' title='bbox 2888 2278 3196 2342; x_wconf 84' lang='lat' dir='ltr'><strong>seducimus,</strong></span> <span class='ocrx_word' id='word_1_612' title='bbox 3223 2286 3268 2332; x_wconf 86' lang='lat' dir='ltr'><strong>et</strong></span> <span class='ocrx_word' id='word_1_613' title='bbox 3288 2276 3463 2331; x_wconf 74' lang='lat' dir='ltr'><strong>veritas</strong></span> <span class='ocrx_word' id='word_1_614' title='bbox 3484 2276 3533 2329; x_wconf 87' lang='lat' dir='ltr'><strong>iu</strong></span> <span class='ocrx_word' id='word_1_615' title='bbox 3555 2275 3676 2329; x_wconf 75' lang='lat' dir='ltr'><strong>nobis</strong></span> <span class='ocrx_word' id='word_1_616' title='bbox 3691 2293 3768 2330; x_wconf 77' lang='lat' dir='ltr'><strong>nos</strong></span> 
     </span>
    </p>
   </div>
   <div class='ocr_carea' id='block_1_86' title="bbox 2247 2364 3769 2442">
    <p class='ocr_par' dir='ltr' id='par_1_86' title="bbox 2247 2364 3769 2442">
     <span class='ocr_line' id='line_1_87' title="bbox 2247 2364 3769 2442; baseline -0.007 -13"><span class='ocrx_word' id='word_1_617' title='bbox 2247 2383 2354 2438; x_wconf 86' lang='lat' dir='ltr'><strong>est;</strong></span> <span class='ocrx_word' id='word_1_618' title='bbox 2381 2374 2462 2427; x_wconf 91' lang='lat' dir='ltr'><strong>vel</strong></span> <span class='ocrx_word' id='word_1_619' title='bbox 2488 2370 2752 2442; x_wconf 89' lang='lat' dir='ltr'><strong>quomodo</strong></span> <span class='ocrx_word' id='word_1_620' title='bbox 2779 2368 2829 2425; x_wconf 88' lang='lat' dir='ltr'><strong>id</strong></span> <span class='ocrx_word' id='word_1_621' title='bbox 2856 2367 2996 2439; x_wconf 91' lang='lat' dir='ltr'><strong>quod</strong></span> <span class='ocrx_word' id='word_1_622' title='bbox 3017 2382 3134 2422; x_wconf 91' lang='lat' dir='ltr'><strong>eam</strong></span> <span class='ocrx_word' id='word_1_623' title='bbox 3164 2365 3416 2425; x_wconf 85' lang='lat' dir='ltr'><strong>Dominus</strong></span> <span class='ocrx_word' id='word_1_624' title='bbox 3432 2364 3614 2430; x_wconf 85' lang='lat' dir='ltr'><strong>docuit,</strong></span> <span class='ocrx_word' id='word_1_625' title='bbox 3632 2365 3769 2421; x_wconf 84' lang='lat' dir='ltr'><strong>orabit</strong></span> 
     </span>
    </p>
   </div>
   <div class='ocr_carea' id='block_1_87' title="bbox 2250 2457 3769 2531">
    <p class='ocr_par' dir='ltr' id='par_1_87' title="bbox 2250 2457 3769 2531">
     <span class='ocr_line' id='line_1_88' title="bbox 2250 2457 3769 2531; baseline -0.006 -10"><span class='ocrx_word' id='word_1_626' title='bbox 2250 2465 2511 2531; x_wconf 88' lang='lat' dir='ltr'><strong>Ecclesia,</strong></span> <span class='ocrx_word' id='word_1_627' title='bbox 2535 2462 2742 2517; x_wconf 87' lang='lat' dir='ltr'><strong>Dimitte</strong></span> <span class='ocrx_word' id='word_1_628' title='bbox 2760 2461 2902 2516; x_wconf 86' lang='lat' dir='ltr'><strong>nobis</strong></span> <span class='ocrx_word' id='word_1_629' title='bbox 2929 2460 3095 2515; x_wconf 82' lang='lat' dir='ltr'><strong>debita</strong></span> <span class='ocrx_word' id='word_1_630' title='bbox 3116 2467 3293 2514; x_wconf 82' lang='lat' dir='ltr'><strong>nostra</strong></span> <span class='ocrx_word' id='word_1_631' title='bbox 3318 2473 3337 2513; x_wconf 92' lang='lat'><strong><em>:</em></strong></span> <span class='ocrx_word' id='word_1_632' title='bbox 3361 2458 3405 2512; x_wconf 89' lang='lat' dir='ltr'><strong>si</strong></span> <span class='ocrx_word' id='word_1_633' title='bbox 3434 2458 3482 2513; x_wconf 90' lang='lat' dir='ltr'><strong>itt</strong></span> <span class='ocrx_word' id='word_1_634' title='bbox 3510 2457 3602 2512; x_wconf 86' lang='lat' dir='ltr'><strong>hoc</strong></span> <span class='ocrx_word' id='word_1_635' title='bbox 3615 2458 3769 2513; x_wconf 62' lang='lat' dir='ltr'><strong>seculo</strong></span> 
     </span>
    </p>
   </div>
   <div class='ocr_carea' id='block_1_88' title="bbox 2250 2549 3771 2622">
    <p class='ocr_par' dir='ltr' id='par_1_88' title="bbox 2250 2549 3771 2622">
     <span class='ocr_line' id='line_1_89' title="bbox 2250 2549 3771 2622; baseline -0.007 -6"><span class='ocrx_word' id='word_1_636' title='bbox 2250 2566 2333 2616; x_wconf 83' lang='lat' dir='ltr'><strong>est</strong></span> <span class='ocrx_word' id='word_1_637' title='bbox 2360 2556 2592 2613; x_wconf 86' lang='lat' dir='ltr'><strong>Ecclesia</strong></span> <span class='ocrx_word' id='word_1_638' title='bbox 2620 2555 2735 2611; x_wconf 90' lang='lat' dir='ltr'><strong>sine</strong></span> <span class='ocrx_word' id='word_1_639' title='bbox 2763 2552 2965 2609; x_wconf 88' lang='lat' dir='ltr'><strong>macula</strong></span> <span class='ocrx_word' id='word_1_640' title='bbox 2986 2560 3040 2608; x_wconf 94' lang='lat' dir='ltr'><strong>et</strong></span> <span class='ocrx_word' id='word_1_641' title='bbox 3062 2552 3229 2622; x_wconf 76' lang='lat' dir='ltr'><strong>ruga?</strong></span> <span class='ocrx_word' id='word_1_642' title='bbox 3258 2550 3525 2606; x_wconf 83' lang='lat' dir='ltr'><strong>Postremo</strong></span> <span class='ocrx_word' id='word_1_643' title='bbox 3546 2550 3635 2619; x_wconf 90' lang='lat' dir='ltr'><strong>ipsi</strong></span> <span class='ocrx_word' id='word_1_644' title='bbox 3660 2549 3771 2605; x_wconf 84' lang='lat' dir='ltr'><strong>dese</strong></span> 
     </span>
    </p>
   </div>
   <div class='ocr_carea' id='block_1_89' title="bbox 2251 2639 3771 2721">
    <p class='ocr_par' dir='ltr' id='par_1_89' title="bbox 2251 2639 3771 2721">
     <span class='ocr_line' id='line_1_90' title="bbox 2251 2639 3771 2721; baseline -0.007 -17"><span class='ocrx_word' id='word_1_645' title='bbox 2251 2650 2382 2721; x_wconf 91' lang='lat' dir='ltr'><strong>ipsis</strong></span> <span class='ocrx_word' id='word_1_646' title='bbox 2403 2645 2762 2717; x_wconf 85' lang='lat' dir='ltr'><strong>interrogandi</strong></span> <span class='ocrx_word' id='word_1_647' title='bbox 2800 2652 2942 2710; x_wconf 86' lang='lat' dir='ltr'><strong>sunt,</strong></span> <span class='ocrx_word' id='word_1_648' title='bbox 2971 2653 3149 2721; x_wconf 88' lang='lat' dir='ltr'><strong>utrum</strong></span> <span class='ocrx_word' id='word_1_649' title='bbox 3176 2656 3350 2697; x_wconf 91' lang='lat' dir='ltr'><strong>necne</strong></span> <span class='ocrx_word' id='word_1_650' title='bbox 3374 2639 3617 2696; x_wconf 84' lang='lat' dir='ltr'><strong>fateantur</strong></span> <span class='ocrx_word' id='word_1_651' title='bbox 3636 2640 3771 2710; x_wconf 84' lang='lat' dir='ltr'><strong>aliqua</strong></span> 
     </span>
    </p>
   </div>
   <div class='ocr_carea' id='block_1_90' title="bbox 2253 2718 3773 2808">
    <p class='ocr_par' dir='ltr' id='par_1_90' title="bbox 2253 2718 3773 2808">
     <span class='ocr_line' id='line_1_91' title="bbox 2253 2718 3773 2808; baseline -0.007 -13"><span class='ocrx_word' id='word_1_652' title='bbox 2253 2718 2313 2795; x_wconf 77' lang='lat' dir='ltr'><strong>se</strong></span> <span class='ocrx_word' id='word_1_653' title='bbox 2339 2740 2533 2794; x_wconf 89' lang='lat' dir='ltr'><strong>habere</strong></span> <span class='ocrx_word' id='word_1_654' title='bbox 2565 2746 2797 2808; x_wconf 87' lang='lat' dir='ltr'><strong>peccata.</strong></span> <span class='ocrx_word' id='word_1_655' title='bbox 2834 2734 2988 2805; x_wconf 88' lang='lat' dir='ltr'><strong>Quod</strong></span> <span class='ocrx_word' id='word_1_656' title='bbox 3029 2733 3076 2791; x_wconf 88' lang='lat' dir='ltr'><strong>si</strong></span> <span class='ocrx_word' id='word_1_657' title='bbox 3098 2718 3398 2804; x_wconf 86' lang='lat' dir='ltr'><strong>negabunt,</strong></span> <span class='ocrx_word' id='word_1_658' title='bbox 3431 2730 3681 2787; x_wconf 91' lang='lat' dir='ltr'><strong>dicendum</strong></span> <span class='ocrx_word' id='word_1_659' title='bbox 3711 2739 3773 2785; x_wconf 80' lang='lat' dir='ltr'><strong>est</strong></span> 
     </span>
    </p>
   </div>
   <div class='ocr_carea' id='block_1_91' title="bbox 2253 2822 3772 2902">
    <p class='ocr_par' dir='ltr' id='par_1_91' title="bbox 2253 2822 3772 2902">
     <span class='ocr_line' id='line_1_92' title="bbox 2253 2822 3772 2902; baseline -0.009 -14"><span class='ocrx_word' id='word_1_660' title='bbox 2253 2833 2352 2897; x_wconf 87' lang='lat' dir='ltr'><strong>eis,</strong></span> <span class='ocrx_word' id='word_1_661' title='bbox 2376 2830 2516 2902; x_wconf 86' lang='lat' dir='ltr'><strong>quod</strong></span> <span class='ocrx_word' id='word_1_662' title='bbox 2541 2846 2600 2886; x_wconf 85' lang='lat' dir='ltr'><strong>se</strong></span> <span class='ocrx_word' id='word_1_663' title='bbox 2625 2830 2768 2901; x_wconf 87' lang='lat' dir='ltr'><strong>ipsos</strong></span> <span class='ocrx_word' id='word_1_664' title='bbox 2793 2828 3077 2898; x_wconf 88' lang='lat' dir='ltr'><strong>decipiant,</strong></span> <span class='ocrx_word' id='word_1_665' title='bbox 3107 2834 3160 2883; x_wconf 90' lang='lat' dir='ltr'><strong>et</strong></span> <span class='ocrx_word' id='word_1_666' title='bbox 3206 2822 3401 2887; x_wconf 84' lang='lat' dir='ltr'><strong>veritas</strong></span> <span class='ocrx_word' id='word_1_667' title='bbox 3427 2824 3478 2878; x_wconf 92' lang='lat' dir='ltr'><strong>in</strong></span> <span class='ocrx_word' id='word_1_668' title='bbox 3500 2823 3571 2878; x_wconf 89' lang='lat' dir='ltr'><strong>eis</strong></span> <span class='ocrx_word' id='word_1_669' title='bbox 3595 2837 3691 2877; x_wconf 68' lang='lat' dir='ltr'><strong>non,</strong></span> <span class='ocrx_word' id='word_1_670' title='bbox 3705 2822 3772 2875; x_wconf 84' lang='lat' dir='ltr'><strong>sit.</strong></span> 
     </span>
    </p>
   </div>
   <div class='ocr_carea' id='block_1_92' title="bbox 2255 2910 3773 2991">
    <p class='ocr_par' dir='ltr' id='par_1_92' title="bbox 2255 2910 3773 2991">
     <span class='ocr_line' id='line_1_93' title="bbox 2255 2910 3773 2991; baseline -0.008 -13"><span class='ocrx_word' id='word_1_671' title='bbox 2255 2923 2311 2979; x_wconf 88' lang='lat' dir='ltr'><strong>Si</strong></span> <span class='ocrx_word' id='word_1_672' title='bbox 2340 2931 2516 2977; x_wconf 89' lang='lat' dir='ltr'><strong>autem</strong></span> <span class='ocrx_word' id='word_1_673' title='bbox 2547 2929 2820 2991; x_wconf 82' lang='lat' dir='ltr'><strong>peccatum</strong></span> <span class='ocrx_word' id='word_1_674' title='bbox 2850 2934 2910 2975; x_wconf 87' lang='lat' dir='ltr'><strong>se</strong></span> <span class='ocrx_word' id='word_1_675' title='bbox 2936 2917 3136 2974; x_wconf 89' lang='lat' dir='ltr'><strong>habere</strong></span> <span class='ocrx_word' id='word_1_676' title='bbox 3180 2916 3498 2980; x_wconf 88' lang='lat' dir='ltr'><strong>fatebuntur,</strong></span> <span class='ocrx_word' id='word_1_677' title='bbox 3525 2911 3635 2983; x_wconf 90' lang='lat' dir='ltr'><strong>quid</strong></span> <span class='ocrx_word' id='word_1_678' title='bbox 3656 2910 3773 2966; x_wconf 82' lang='lat' dir='ltr'><strong>aliud</strong></span> 
     </span>
    </p>
   </div>
   <div class='ocr_carea' id='block_1_93' title="bbox 2255 3002 3776 3083">
    <p class='ocr_par' dir='ltr' id='par_1_93' title="bbox 2255 3002 3776 3083">
     <span class='ocr_line' id='line_1_94' title="bbox 2255 3002 3776 3083; baseline -0.007 -16"><span class='ocrx_word' id='word_1_679' title='bbox 2255 3029 2412 3083; x_wconf 92' lang='lat' dir='ltr'><strong>quam</strong></span> <span class='ocrx_word' id='word_1_680' title='bbox 2441 3011 2508 3066; x_wconf 88' lang='lat' dir='ltr'><strong>de</strong></span> <span class='ocrx_word' id='word_1_681' title='bbox 2533 3026 2663 3082; x_wconf 83' lang='lat' dir='ltr'><strong>ruga</strong></span> <span class='ocrx_word' id='word_1_682' title='bbox 2697 3026 2792 3065; x_wconf 91' lang='lat' dir='ltr'><strong>sua</strong></span> <span class='ocrx_word' id='word_1_683' title='bbox 2829 3009 2913 3066; x_wconf 87' lang='lat' dir='ltr'><strong>vel</strong></span> <span class='ocrx_word' id='word_1_684' title='bbox 2943 3007 3148 3064; x_wconf 89' lang='lat' dir='ltr'><strong>macula</strong></span> <span class='ocrx_word' id='word_1_685' title='bbox 3194 3003 3524 3063; x_wconf 74' lang='lat' dir='ltr'><strong>fatebuntur?</strong></span> <span class='ocrx_word' id='word_1_686' title='bbox 3554 3002 3655 3058; x_wconf 82' lang='lat' dir='ltr'><strong>Non</strong></span> <span class='ocrx_word' id='word_1_687' title='bbox 3681 3010 3776 3056; x_wconf 86' lang='lat' dir='ltr'><strong>sunt</strong></span> 
     </span>
    </p>
   </div>
   <div class='ocr_carea' id='block_1_94' title="bbox 2255 3092 3775 3177">
    <p class='ocr_par' dir='ltr' id='par_1_94' title="bbox 2255 3092 3775 3177">
     <span class='ocr_line' id='line_1_95' title="bbox 2255 3092 3775 3177; baseline -0.011 -15"><span class='ocrx_word' id='word_1_688' title='bbox 2255 3121 2383 3177; x_wconf 87' lang='lat' dir='ltr'><strong>ergo</strong></span> <span class='ocrx_word' id='word_1_689' title='bbox 2405 3105 2489 3161; x_wconf 90' lang='lat' dir='ltr'><strong>isti</strong></span> <span class='ocrx_word' id='word_1_690' title='bbox 2517 3103 2768 3161; x_wconf 71' lang='lat' dir='ltr'><strong>Ecclesia:</strong></span> <span class='ocrx_word' id='word_1_691' title='bbox 2794 3101 3066 3168; x_wconf 88' lang='lat' dir='ltr'><strong>membra;</strong></span> <span class='ocrx_word' id='word_1_692' title='bbox 3093 3099 3219 3171; x_wconf 87' lang='lat' dir='ltr'><strong>quia</strong></span> <span class='ocrx_word' id='word_1_693' title='bbox 3260 3098 3349 3154; x_wconf 90' lang='lat' dir='ltr'><strong>illa</strong></span> <span class='ocrx_word' id='word_1_694' title='bbox 3380 3106 3461 3153; x_wconf 90' lang='lat' dir='ltr'><strong>est</strong></span> <span class='ocrx_word' id='word_1_695' title='bbox 3489 3096 3595 3152; x_wconf 90' lang='lat' dir='ltr'><strong>sine</strong></span> <span class='ocrx_word' id='word_1_696' title='bbox 3615 3092 3775 3149; x_wconf 81' lang='lat' dir='ltr'><strong>macula</strong></span> 
     </span>
    </p>
   </div>
   <div class='ocr_carea' id='block_1_95' title="bbox 2257 3192 3400 3268">
    <p class='ocr_par' dir='ltr' id='par_1_95' title="bbox 2257 3192 3400 3268">
     <span class='ocr_line' id='line_1_96' title="bbox 2257 3192 3400 3268; baseline -0.01 -14"><span class='ocrx_word' id='word_1_697' title='bbox 2257 3208 2313 3254; x_wconf 85' lang='lat' dir='ltr'><strong>et</strong></span> <span class='ocrx_word' id='word_1_698' title='bbox 2335 3212 2486 3268; x_wconf 83' lang='lat' dir='ltr'><strong>ruga,</strong></span> <span class='ocrx_word' id='word_1_699' title='bbox 2513 3195 2566 3250; x_wconf 90' lang='lat' dir='ltr'><strong>hi</strong></span> <span class='ocrx_word' id='word_1_700' title='bbox 2591 3204 2766 3250; x_wconf 89' lang='lat' dir='ltr'><strong>autem</strong></span> <span class='ocrx_word' id='word_1_701' title='bbox 2791 3208 2911 3249; x_wconf 90' lang='lat' dir='ltr'><strong>cum</strong></span> <span class='ocrx_word' id='word_1_702' title='bbox 2939 3192 3145 3248; x_wconf 90' lang='lat' dir='ltr'><strong>macula</strong></span> <span class='ocrx_word' id='word_1_703' title='bbox 3164 3199 3228 3245; x_wconf 91' lang='lat' dir='ltr'><strong>et</strong></span> <span class='ocrx_word' id='word_1_704' title='bbox 3252 3204 3400 3259; x_wconf 86' lang='lat' dir='ltr'><strong>ruga.</strong></span> 
     </span>
    </p>
   </div>
   <div class='ocr_carea' id='block_1_96' title="bbox 2327 3275 3777 3355">
    <p class='ocr_par' dir='ltr' id='par_1_96' title="bbox 2327 3275 3777 3355">
     <span class='ocr_line' id='line_1_97' title="bbox 2327 3275 3777 3355; baseline -0.01 -10"><span class='ocrx_word' id='word_1_705' title='bbox 2327 3289 2415 3345; x_wconf 74' lang='lat'><strong>28.</strong></span> <span class='ocrx_word' id='word_1_706' title='bbox 2447 3288 2550 3343; x_wconf 78' lang='lat' dir='ltr'><strong>Sed</strong></span> <span class='ocrx_word' id='word_1_707' title='bbox 2576 3286 2644 3342; x_wconf 92' lang='lat' dir='ltr'><strong>ad</strong></span> <span class='ocrx_word' id='word_1_708' title='bbox 2685 3287 2787 3345; x_wconf 89' lang='lat' dir='ltr'><strong>hoc</strong></span> <span class='ocrx_word' id='word_1_709' title='bbox 2814 3284 3087 3355; x_wconf 73' lang='lat' dir='ltr'><strong>obiectum</strong></span> <span class='ocrx_word' id='word_1_710' title='bbox 3104 3282 3345 3352; x_wconf 83' lang='lat' dir='ltr'><strong>vigilanti</strong></span> <span class='ocrx_word' id='word_1_711' title='bbox 3370 3275 3777 3348; x_wconf 81' lang='lat' dir='ltr'><strong>circumspectione</strong></span> 
     </span>
    </p>
   </div>
   <div class='ocr_carea' id='block_1_97' title="bbox 2258 3366 3779 3451">
    <p class='ocr_par' dir='ltr' id='par_1_97' title="bbox 2258 3366 3779 3451">
     <span class='ocr_line' id='line_1_98' title="bbox 2258 3366 3779 3451; baseline -0.012 -13"><span class='ocrx_word' id='word_1_712' title='bbox 2258 3380 2551 3451; x_wconf 78' lang='lat' dir='ltr'><strong>respondit,</strong></span> <span class='ocrx_word' id='word_1_713' title='bbox 2581 3393 2739 3449; x_wconf 88' lang='lat' dir='ltr'><strong>quam</strong></span> <span class='ocrx_word' id='word_1_714' title='bbox 2767 3377 2884 3432; x_wconf 92' lang='lat' dir='ltr'><strong>sine</strong></span> <span class='ocrx_word' id='word_1_715' title='bbox 2907 3375 3070 3431; x_wconf 90' lang='lat' dir='ltr'><strong>dubio</strong></span> <span class='ocrx_word' id='word_1_716' title='bbox 3096 3372 3345 3430; x_wconf 87' lang='lat' dir='ltr'><strong>catholici</strong></span> <span class='ocrx_word' id='word_1_717' title='bbox 3363 3370 3559 3442; x_wconf 71' lang='lat' dir='ltr'><strong>iudices</strong></span> <span class='ocrx_word' id='word_1_718' title='bbox 3574 3366 3779 3439; x_wconf 81' lang='lat' dir='ltr'><strong>approba-</strong></span> 
     </span>
    </p>
   </div>
   <div class='ocr_carea' id='block_1_98' title="bbox 2258 3460 3779 3537">
    <p class='ocr_par' dir='ltr' id='par_1_98' title="bbox 2258 3460 3779 3537">
     <span class='ocr_line' id='line_1_99' title="bbox 2258 3460 3779 3537; baseline -0.012 -10"><span class='ocrx_word' id='word_1_719' title='bbox 2258 3481 2469 3528; x_wconf 89' lang='lat' dir='ltr'><strong>vernnt.</strong></span> <span class='ocrx_word' id='word_1_720' title='bbox 2505 3490 2525 3524; x_wconf 72' lang='lat' dir='ltr'><strong>t</strong></span> <span class='ocrx_word' id='word_1_721' title='bbox 2550 3471 2754 3526; x_wconf 88' lang='lat' dir='ltr'><strong>Dictum</strong></span> <span class='ocrx_word' id='word_1_722' title='bbox 2774 3477 2878 3534; x_wconf 89' lang='lat' dir='ltr'><strong>est,</strong></span> <span class='ocrx_word' id='word_1_723' title='bbox 2903 3486 2924 3520; x_wconf 80' lang='grc' dir='ltr'><strong>ι</strong></span> <span class='ocrx_word' id='word_1_724' title='bbox 2954 3466 3142 3537; x_wconf 83' lang='lat' dir='ltr'><strong>inquit,</strong></span> <span class='ocrx_word' id='word_1_725' title='bbox 3174 3482 3196 3517; x_wconf 75' lang='grc' dir='ltr'><strong>ι</strong></span> <span class='ocrx_word' id='word_1_726' title='bbox 3227 3480 3256 3519; x_wconf 87' lang='lat' dir='ltr'><strong>a</strong></span> <span class='ocrx_word' id='word_1_727' title='bbox 3288 3463 3458 3528; x_wconf 88' lang='lat' dir='ltr'><strong>nobis,</strong></span> <span class='ocrx_word' id='word_1_728' title='bbox 3483 3460 3570 3517; x_wconf 90' lang='lat' dir='ltr'><strong>sed</strong></span> <span class='ocrx_word' id='word_1_729' title='bbox 3589 3460 3667 3523; x_wconf 86' lang='lat' dir='ltr'><strong>ita,</strong></span> <span class='ocrx_word' id='word_1_730' title='bbox 3680 3473 3779 3528; x_wconf 85' lang='lat' dir='ltr'><strong>qun-</strong></span> 
     </span>
    </p>
   </div>
   <div class='ocr_carea' id='block_1_99' title="bbox 2261 3552 3781 3630">
    <p class='ocr_par' dir='ltr' id='par_1_99' title="bbox 2261 3552 3781 3630">
     <span class='ocr_line' id='line_1_100' title="bbox 2261 3552 3781 3630; baseline -0.01 -10"><span class='ocrx_word' id='word_1_731' title='bbox 2261 3567 2403 3621; x_wconf 81' lang='lat' dir='ltr'><strong>niam</strong></span> <span class='ocrx_word' id='word_1_732' title='bbox 2427 3566 2638 3620; x_wconf 86' lang='lat' dir='ltr'><strong>lavacro</strong></span> <span class='ocrx_word' id='word_1_733' title='bbox 2656 3563 2724 3618; x_wconf 91' lang='lat' dir='ltr'><strong>ab</strong></span> <span class='ocrx_word' id='word_1_734' title='bbox 2746 3562 2891 3617; x_wconf 89' lang='lat' dir='ltr'><strong>omni</strong></span> <span class='ocrx_word' id='word_1_735' title='bbox 2917 3560 3123 3621; x_wconf 88' lang='lat' dir='ltr'><strong>macula</strong></span> <span class='ocrx_word' id='word_1_736' title='bbox 3150 3567 3208 3614; x_wconf 90' lang='lat' dir='ltr'><strong>et</strong></span> <span class='ocrx_word' id='word_1_737' title='bbox 3236 3573 3363 3630; x_wconf 88' lang='lat' dir='ltr'><strong>ruga</strong></span> <span class='ocrx_word' id='word_1_738' title='bbox 3391 3563 3625 3629; x_wconf 88' lang='lat' dir='ltr'><strong>purgatur</strong></span> <span class='ocrx_word' id='word_1_739' title='bbox 3642 3552 3781 3607; x_wconf 82' lang='lat' dir='ltr'><strong>Eccle-</strong></span> 
     </span>
    </p>
   </div>
   <div class='ocr_carea' id='block_1_100' title="bbox 2261 3641 3781 3726">
    <p class='ocr_par' dir='ltr' id='par_1_100' title="bbox 2261 3641 3781 3726">
     <span class='ocr_line' id='line_1_101' title="bbox 2261 3641 3781 3726; baseline -0.011 -14"><span class='ocrx_word' id='word_1_740' title='bbox 2261 3659 2362 3723; x_wconf 91' lang='lat' dir='ltr'><strong>sia,</strong></span> <span class='ocrx_word' id='word_1_741' title='bbox 2397 3672 2555 3726; x_wconf 90' lang='lat' dir='ltr'><strong>qnam</strong></span> <span class='ocrx_word' id='word_1_742' title='bbox 2584 3655 2713 3710; x_wconf 87' lang='lat' dir='ltr'><strong>velit</strong></span> <span class='ocrx_word' id='word_1_743' title='bbox 2742 3654 2814 3709; x_wconf 88' lang='lat' dir='ltr'><strong>ita</strong></span> <span class='ocrx_word' id='word_1_744' title='bbox 2858 3651 3114 3708; x_wconf 89' lang='lat' dir='ltr'><strong>Dominus</strong></span> <span class='ocrx_word' id='word_1_745' title='bbox 3151 3664 3485 3722; x_wconf 88' lang='lat' dir='ltr'><strong>permanere.</strong></span> <span class='ocrx_word' id='word_1_746' title='bbox 3509 3666 3530 3700; x_wconf 78' lang='grc' dir='ltr'><strong>ι</strong></span> <span class='ocrx_word' id='word_1_747' title='bbox 3569 3644 3642 3701; x_wconf 80' lang='lat' dir='ltr'><strong>Ad</strong></span> <span class='ocrx_word' id='word_1_748' title='bbox 3675 3641 3781 3714; x_wconf 83' lang='lat' dir='ltr'><strong>quod</strong></span> 
     </span>
    </p>
   </div>
   <div class='ocr_carea' id='block_1_101' title="bbox 2263 3737 3785 3820">
    <p class='ocr_par' dir='ltr' id='par_1_101' title="bbox 2263 3737 3785 3820">
     <span class='ocr_line' id='line_1_102' title="bbox 2263 3737 3785 3820; baseline -0.009 -17"><span class='ocrx_word' id='word_1_749' title='bbox 2263 3749 2508 3820; x_wconf 78' lang='lat' dir='ltr'><strong>Synodus</strong></span> <span class='ocrx_word' id='word_1_750' title='bbox 2527 3746 2659 3804; x_wconf 80' lang='lat' dir='ltr'><strong>dixit</strong></span> <span class='ocrx_word' id='word_1_751' title='bbox 2680 3764 2696 3801; x_wconf 87' lang='lat'><strong>:</strong></span> <span class='ocrx_word' id='word_1_752' title='bbox 2725 3765 2745 3799; x_wconf 74' lang='grc' dir='ltr'><strong>ι</strong></span> <span class='ocrx_word' id='word_1_753' title='bbox 2776 3745 2889 3800; x_wconf 89' lang='lat' dir='ltr'><strong>Hoc</strong></span> <span class='ocrx_word' id='word_1_754' title='bbox 2908 3754 2967 3800; x_wconf 89' lang='lat' dir='ltr'><strong>et</strong></span> <span class='ocrx_word' id='word_1_755' title='bbox 2993 3744 3148 3801; x_wconf 89' lang='lat' dir='ltr'><strong>nobis</strong></span> <span class='ocrx_word' id='word_1_756' title='bbox 3169 3744 3365 3813; x_wconf 90' lang='lat' dir='ltr'><strong>placet.</strong></span> <span class='ocrx_word' id='word_1_757' title='bbox 3396 3760 3416 3794; x_wconf 74' lang='grc' dir='ltr'><strong>ι</strong></span> <span class='ocrx_word' id='word_1_758' title='bbox 3440 3740 3562 3810; x_wconf 83' lang='lat' dir='ltr'><strong>Quis</strong></span> <span class='ocrx_word' id='word_1_759' title='bbox 3583 3737 3701 3794; x_wconf 88' lang='lat' dir='ltr'><strong>enim</strong></span> <span class='ocrx_word' id='word_1_760' title='bbox 3715 3750 3785 3791; x_wconf 86' lang='lat' dir='ltr'><strong>tto-</strong></span> 
     </span>
    </p>
   </div>
   <div class='ocr_carea' id='block_1_102' title="bbox 2264 3828 3787 3921">
    <p class='ocr_par' dir='ltr' id='par_1_102' title="bbox 2264 3828 3787 3921">
     <span class='ocr_line' id='line_1_103' title="bbox 2264 3828 3787 3921; baseline -0.011 -24"><span class='ocrx_word' id='word_1_761' title='bbox 2264 3852 2432 3921; x_wconf 82' lang='lat' dir='ltr'><strong>strum</strong></span> <span class='ocrx_word' id='word_1_762' title='bbox 2455 3848 2638 3909; x_wconf 83' lang='lat' dir='ltr'><strong>negat,</strong></span> <span class='ocrx_word' id='word_1_763' title='bbox 2669 3838 2906 3895; x_wconf 82' lang='lat' dir='ltr'><strong>omnium</strong></span> <span class='ocrx_word' id='word_1_764' title='bbox 2932 3839 2985 3891; x_wconf 88' lang='lat' dir='ltr'><strong>in</strong></span> <span class='ocrx_word' id='word_1_765' title='bbox 3012 3834 3289 3908; x_wconf 74' lang='lat' dir='ltr'><strong>Baptist</strong></span> <span class='ocrx_word' id='word_1_766' title='bbox 3314 3843 3522 3905; x_wconf 76' lang='lat' dir='ltr'><strong>peccata</strong></span> <span class='ocrx_word' id='word_1_767' title='bbox 3547 3828 3728 3895; x_wconf 88' lang='lat' dir='ltr'><strong>dimitti,</strong></span> <span class='ocrx_word' id='word_1_768' title='bbox 3746 3836 3787 3881; x_wconf 83' lang='lat' dir='ltr'><strong>et</strong></span> 
     </span>
    </p>
   </div>
   <div class='ocr_carea' id='block_1_103' title="bbox 2263 3926 3787 4007">
    <p class='ocr_par' dir='ltr' id='par_1_103' title="bbox 2263 3926 3787 4007">
     <span class='ocr_line' id='line_1_104' title="bbox 2263 3926 3787 4007; baseline -0.014 -15"><span class='ocrx_word' id='word_1_769' title='bbox 2263 3950 2452 3992; x_wconf 85' lang='lat' dir='ltr'><strong>omnes</strong></span> <span class='ocrx_word' id='word_1_770' title='bbox 2482 3933 2666 4007; x_wconf 84' lang='lat' dir='ltr'><strong>fideles</strong></span> <span class='ocrx_word' id='word_1_771' title='bbox 2688 3931 2803 3987; x_wconf 82' lang='lat' dir='ltr'><strong>sine</strong></span> <span class='ocrx_word' id='word_1_772' title='bbox 2823 3929 3029 3999; x_wconf 79' lang='lat' dir='ltr'><strong>macula</strong></span> <span class='ocrx_word' id='word_1_773' title='bbox 3056 3936 3110 3983; x_wconf 92' lang='lat' dir='ltr'><strong>et</strong></span> <span class='ocrx_word' id='word_1_774' title='bbox 3135 3944 3267 3998; x_wconf 85' lang='lat' dir='ltr'><strong>ruga</strong></span> <span class='ocrx_word' id='word_1_775' title='bbox 3295 3928 3362 3983; x_wconf 90' lang='lat' dir='ltr'><strong>de</strong></span> <span class='ocrx_word' id='word_1_776' title='bbox 3389 3926 3586 3983; x_wconf 88' lang='lat' dir='ltr'><strong>lavacro</strong></span> <span class='ocrx_word' id='word_1_777' title='bbox 3608 3932 3787 3999; x_wconf 74' lang='lat' dir='ltr'><strong>regene-</strong></span> 
     </span>
    </p>
   </div>
   <div class='ocr_carea' id='block_1_104' title="bbox 2266 4011 3789 4099">
    <p class='ocr_par' dir='ltr' id='par_1_104' title="bbox 2266 4011 3789 4099">
     <span class='ocr_line' id='line_1_105' title="bbox 2266 4011 3789 4099; baseline -0.014 -17"><span class='ocrx_word' id='word_1_778' title='bbox 2266 4027 2486 4099; x_wconf 84' lang='lat' dir='ltr'><strong>rationis</strong></span> <span class='ocrx_word' id='word_1_779' title='bbox 2518 4021 2842 4084; x_wconf 82' lang='lat' dir='ltr'><strong>ascendere?</strong></span> <span class='ocrx_word' id='word_1_780' title='bbox 2874 4023 2978 4076; x_wconf 77' lang='lat' dir='ltr'><strong>Aut</strong></span> <span class='ocrx_word' id='word_1_781' title='bbox 3003 4021 3086 4076; x_wconf 90' lang='lat' dir='ltr'><strong>cui</strong></span> <span class='ocrx_word' id='word_1_782' title='bbox 3113 4019 3409 4095; x_wconf 82' lang='lat' dir='ltr'><strong>christiano</strong></span> <span class='ocrx_word' id='word_1_783' title='bbox 3449 4011 3683 4073; x_wconf 84' lang='lat' dir='ltr'><strong>catholico</strong></span> <span class='ocrx_word' id='word_1_784' title='bbox 3708 4022 3789 4063; x_wconf 89' lang='lat' dir='ltr'><strong>non</strong></span> 
     </span>
    </p>
   </div>
   <div class='ocr_carea' id='block_1_105' title="bbox 2266 4105 3791 4189">
    <p class='ocr_par' dir='ltr' id='par_1_105' title="bbox 2266 4105 3791 4189">
     <span class='ocr_line' id='line_1_106' title="bbox 2266 4105 3791 4189; baseline -0.011 -16"><span class='ocrx_word' id='word_1_785' title='bbox 2266 4119 2458 4189; x_wconf 85' lang='lat' dir='ltr'><strong>placet,</strong></span> <span class='ocrx_word' id='word_1_786' title='bbox 2486 4115 2625 4188; x_wconf 90' lang='lat' dir='ltr'><strong>quod</strong></span> <span class='ocrx_word' id='word_1_787' title='bbox 2655 4124 2709 4171; x_wconf 91' lang='lat' dir='ltr'><strong>et</strong></span> <span class='ocrx_word' id='word_1_788' title='bbox 2740 4113 2964 4170; x_wconf 88' lang='lat' dir='ltr'><strong>Domino</strong></span> <span class='ocrx_word' id='word_1_789' title='bbox 2991 4112 3187 4183; x_wconf 85' lang='lat' dir='ltr'><strong>placet,</strong></span> <span class='ocrx_word' id='word_1_790' title='bbox 3217 4110 3378 4182; x_wconf 84' lang='lat' dir='ltr'><strong>idque</strong></span> <span class='ocrx_word' id='word_1_791' title='bbox 3408 4108 3623 4167; x_wconf 88' lang='lat' dir='ltr'><strong>futurum</strong></span> <span class='ocrx_word' id='word_1_792' title='bbox 3642 4109 3727 4165; x_wconf 81' lang='lat' dir='ltr'><strong>est,</strong></span> <span class='ocrx_word' id='word_1_793' title='bbox 3746 4105 3791 4153; x_wconf 80' lang='lat' dir='ltr'><strong>ut</strong></span> 
     </span>
    </p>
   </div>
   <div class='ocr_carea' id='block_1_106' title="bbox 2268 4190 3791 4278">
    <p class='ocr_par' dir='ltr' id='par_1_106' title="bbox 2268 4190 3791 4278">
     <span class='ocr_line' id='line_1_107' title="bbox 2268 4190 3791 4278; baseline -0.014 -12"><span class='ocrx_word' id='word_1_794' title='bbox 2268 4208 2506 4266; x_wconf 87' lang='lat' dir='ltr'><strong>Ecclesia</strong></span> <span class='ocrx_word' id='word_1_795' title='bbox 2537 4214 2846 4278; x_wconf 85' lang='lat' dir='ltr'><strong>permaneat</strong></span> <span class='ocrx_word' id='word_1_796' title='bbox 2866 4203 2985 4261; x_wconf 89' lang='lat' dir='ltr'><strong>sine</strong></span> <span class='ocrx_word' id='word_1_797' title='bbox 3007 4202 3221 4258; x_wconf 83' lang='lat' dir='ltr'><strong>macula</strong></span> <span class='ocrx_word' id='word_1_798' title='bbox 3243 4211 3302 4258; x_wconf 84' lang='lat' dir='ltr'><strong>et</strong></span> <span class='ocrx_word' id='word_1_799' title='bbox 3316 4199 3478 4271; x_wconf 79' lang='lat' dir='ltr'><strong>ruga?</strong></span> <span class='ocrx_word' id='word_1_800' title='bbox 3500 4190 3791 4266; x_wconf 80' lang='lat' dir='ltr'><strong>Quandoqui-</strong></span> 
     </span>
    </p>
   </div>
   <div class='ocr_carea' id='block_1_107' title="bbox 2268 4279 3793 4368">
    <p class='ocr_par' dir='ltr' id='par_1_107' title="bbox 2268 4279 3793 4368">
     <span class='ocr_line' id='line_1_108' title="bbox 2268 4279 3793 4368; baseline -0.012 -12"><span class='ocrx_word' id='word_1_801' title='bbox 2268 4301 2390 4356; x_wconf 90' lang='lat' dir='ltr'><strong>dem</strong></span> <span class='ocrx_word' id='word_1_802' title='bbox 2419 4300 2469 4356; x_wconf 93' lang='lat' dir='ltr'><strong>id</strong></span> <span class='ocrx_word' id='word_1_803' title='bbox 2500 4312 2639 4353; x_wconf 83' lang='lat' dir='ltr'><strong>nune</strong></span> <span class='ocrx_word' id='word_1_804' title='bbox 2665 4297 2952 4368; x_wconf 86' lang='lat' dir='ltr'><strong>agitur-Dei</strong></span> <span class='ocrx_word' id='word_1_805' title='bbox 2970 4294 3341 4353; x_wconf 83' lang='lat' dir='ltr'><strong>misericordia</strong></span> <span class='ocrx_word' id='word_1_806' title='bbox 3367 4301 3421 4350; x_wconf 89' lang='lat' dir='ltr'><strong>et</strong></span> <span class='ocrx_word' id='word_1_807' title='bbox 3443 4290 3664 4355; x_wconf 82' lang='lat' dir='ltr'><strong>veritate,</strong></span> <span class='ocrx_word' id='word_1_808' title='bbox 3683 4279 3793 4340; x_wconf 85' lang='lat' dir='ltr'><strong>utad</strong></span> 
     </span>
    </p>
   </div>
   <div class='ocr_carea' id='block_1_108' title="bbox 2271 4380 3794 4463">
    <p class='ocr_par' dir='ltr' id='par_1_108' title="bbox 2271 4380 3794 4463">
     <span class='ocr_line' id='line_1_109' title="bbox 2271 4380 3794 4463; baseline -0.013 -15"><span class='ocrx_word' id='word_1_809' title='bbox 2271 4392 2413 4448; x_wconf 91' lang='lat' dir='ltr'><strong>illam</strong></span> <span class='ocrx_word' id='word_1_810' title='bbox 2442 4389 2842 4463; x_wconf 72' lang='lat' dir='ltr'><strong>perfectionem,</strong></span> <span class='ocrx_word' id='word_1_811' title='bbox 2872 4388 2963 4443; x_wconf 91' lang='lat' dir='ltr'><strong>ubi</strong></span> <span class='ocrx_word' id='word_1_812' title='bbox 2982 4388 3099 4453; x_wconf 79' lang='lat' dir='ltr'><strong>sine</strong></span> <span class='ocrx_word' id='word_1_813' title='bbox 3122 4386 3332 4445; x_wconf 81' lang='lat' dir='ltr'><strong>macula</strong></span> <span class='ocrx_word' id='word_1_814' title='bbox 3357 4394 3413 4441; x_wconf 90' lang='lat' dir='ltr'><strong>et</strong></span> <span class='ocrx_word' id='word_1_815' title='bbox 3436 4396 3557 4454; x_wconf 87' lang='lat' dir='ltr'><strong>ruga</strong></span> <span class='ocrx_word' id='word_1_816' title='bbox 3595 4380 3643 4435; x_wconf 90' lang='lat' dir='ltr'><strong>in</strong></span> <span class='ocrx_word' id='word_1_817' title='bbox 3671 4386 3794 4431; x_wconf 59' lang='grc' dir='ltr'><strong>επιει-</strong></span> 
     </span>
    </p>
   </div>
   <div class='ocr_carea' id='block_1_109' title="bbox 2271 4465 3797 4548">
    <p class='ocr_par' dir='ltr' id='par_1_109' title="bbox 2271 4465 3797 4548">
     <span class='ocr_line' id='line_1_110' title="bbox 2271 4465 3797 4548; baseline -0.014 -7"><span class='ocrx_word' id='word_1_818' title='bbox 2271 4500 2398 4541; x_wconf 92' lang='lat' dir='ltr'><strong>num</strong></span> <span class='ocrx_word' id='word_1_819' title='bbox 2419 4497 2667 4541; x_wconf 75' lang='lat' dir='ltr'><strong>mansura</strong></span> <span class='ocrx_word' id='word_1_820' title='bbox 2687 4490 2789 4543; x_wconf 81' lang='lat' dir='ltr'><strong>est,</strong></span> <span class='ocrx_word' id='word_1_821' title='bbox 2804 4488 2992 4536; x_wconf 84' lang='lat' dir='ltr'><strong>sancta</strong></span> <span class='ocrx_word' id='word_1_822' title='bbox 3015 4477 3258 4534; x_wconf 85' lang='lat' dir='ltr'><strong>Ecclesia</strong></span> <span class='ocrx_word' id='word_1_823' title='bbox 3279 4474 3603 4548; x_wconf 88' lang='lat' dir='ltr'><strong>perducatur.</strong></span> <span class='ocrx_word' id='word_1_824' title='bbox 3626 4465 3715 4524; x_wconf 87' lang='lat' dir='ltr'><strong>Sed</strong></span> <span class='ocrx_word' id='word_1_825' title='bbox 3735 4465 3797 4519; x_wconf 59' lang='lat' dir='ltr'><strong>inv</strong></span> 
     </span>
    </p>
   </div>
   <div class='ocr_carea' id='block_1_110' title="bbox 2273 4564 3796 4643">
    <p class='ocr_par' dir='ltr' id='par_1_110' title="bbox 2273 4564 3796 4643">
     <span class='ocr_line' id='line_1_111' title="bbox 2273 4564 3796 4643; baseline -0.011 -10"><span class='ocrx_word' id='word_1_826' title='bbox 2273 4587 2354 4634; x_wconf 89' lang='lat' dir='ltr'><strong>ter</strong></span> <span class='ocrx_word' id='word_1_827' title='bbox 2379 4578 2679 4635; x_wconf 84' lang='lat' dir='ltr'><strong>lavacrum.</strong></span> <span class='ocrx_word' id='word_1_828' title='bbox 2711 4573 2798 4628; x_wconf 82' lang='lat' dir='ltr'><strong>ubi</strong></span> <span class='ocrx_word' id='word_1_829' title='bbox 2824 4586 3012 4627; x_wconf 88' lang='lat' dir='ltr'><strong>omnes</strong></span> <span class='ocrx_word' id='word_1_830' title='bbox 3026 4564 3558 4643; x_wconf 66' lang='lat' dir='ltr'><strong>prtelerittemaculze</strong></span> <span class='ocrx_word' id='word_1_831' title='bbox 3593 4571 3796 4632; x_wconf 59' lang='lat' dir='ltr'><strong>rogatque</strong></span> 
     </span>
    </p>
   </div>
   <div class='ocr_carea' id='block_1_111' title="bbox 2260 4662 3799 4738">
    <p class='ocr_par' dir='ltr' id='par_1_111' title="bbox 2260 4662 3799 4738">
     <span class='ocr_line' id='line_1_112' title="bbox 2260 4662 3799 4738; baseline -0.011 -10"><span class='ocrx_word' id='word_1_832' title='bbox 2260 4671 2550 4731; x_wconf 72' lang='lat' dir='ltr'><strong>tolluntur.</strong></span> <span class='ocrx_word' id='word_1_833' title='bbox 2577 4677 2632 4725; x_wconf 93' lang='lat' dir='ltr'><strong>et</strong></span> <span class='ocrx_word' id='word_1_834' title='bbox 2654 4682 2906 4738; x_wconf 77' lang='lat' dir='ltr'><strong>regnum,</strong></span> <span class='ocrx_word' id='word_1_835' title='bbox 2936 4665 3024 4722; x_wconf 89' lang='lat' dir='ltr'><strong>ubi</strong></span> <span class='ocrx_word' id='word_1_836' title='bbox 3052 4664 3168 4719; x_wconf 86' lang='lat' dir='ltr'><strong>sine</strong></span> <span class='ocrx_word' id='word_1_837' title='bbox 3189 4662 3396 4731; x_wconf 82' lang='lat' dir='ltr'><strong>macula</strong></span> <span class='ocrx_word' id='word_1_838' title='bbox 3430 4668 3484 4717; x_wconf 89' lang='lat' dir='ltr'><strong>et</strong></span> <span class='ocrx_word' id='word_1_839' title='bbox 3506 4671 3623 4730; x_wconf 83' lang='lat' dir='ltr'><strong>ruga</strong></span> <span class='ocrx_word' id='word_1_840' title='bbox 3647 4665 3799 4726; x_wconf 81' lang='lat' dir='ltr'><strong>perpe-</strong></span> 
     </span>
    </p>
   </div>
   <div class='ocr_carea' id='block_1_112' title="bbox 2273 4744 3800 4828">
    <p class='ocr_par' dir='ltr' id='par_1_112' title="bbox 2273 4744 3800 4828">
     <span class='ocr_line' id='line_1_113' title="bbox 2273 4744 3800 4828; baseline -0.012 -10"><span class='ocrx_word' id='word_1_841' title='bbox 2273 4771 2368 4818; x_wconf 89' lang='lat' dir='ltr'><strong>tuo</strong></span> <span class='ocrx_word' id='word_1_842' title='bbox 2392 4762 2627 4818; x_wconf 89' lang='lat' dir='ltr'><strong>tnanebit</strong></span> <span class='ocrx_word' id='word_1_843' title='bbox 2643 4759 2910 4824; x_wconf 84' lang='lat' dir='ltr'><strong>Ecclesia,</strong></span> <span class='ocrx_word' id='word_1_844' title='bbox 2941 4762 3154 4828; x_wconf 86' lang='lat' dir='ltr'><strong>tempus</strong></span> <span class='ocrx_word' id='word_1_845' title='bbox 3177 4757 3281 4813; x_wconf 88' lang='lat' dir='ltr'><strong>hoe</strong></span> <span class='ocrx_word' id='word_1_846' title='bbox 3298 4753 3526 4811; x_wconf 87' lang='lat' dir='ltr'><strong>medium</strong></span> <span class='ocrx_word' id='word_1_847' title='bbox 3545 4758 3621 4805; x_wconf 86' lang='lat' dir='ltr'><strong>est</strong></span> <span class='ocrx_word' id='word_1_848' title='bbox 3640 4744 3800 4803; x_wconf 85' lang='lat' dir='ltr'><strong>oratio-</strong></span> 
     </span>
    </p>
   </div>
   <div class='ocr_carea' id='block_1_113' title="bbox 2274 4842 3800 4921">
    <p class='ocr_par' dir='ltr' id='par_1_113' title="bbox 2274 4842 3800 4921">
     <span class='ocr_line' id='line_1_114' title="bbox 2274 4842 3800 4921; baseline -0.014 -11"><span class='ocrx_word' id='word_1_849' title='bbox 2274 4856 2379 4921; x_wconf 91' lang='lat' dir='ltr'><strong>nis,</strong></span> <span class='ocrx_word' id='word_1_850' title='bbox 2410 4854 2507 4911; x_wconf 89' lang='lat' dir='ltr'><strong>ubi</strong></span> <span class='ocrx_word' id='word_1_851' title='bbox 2525 4866 2743 4908; x_wconf 85' lang='lat' dir='ltr'><strong>necesse</strong></span> <span class='ocrx_word' id='word_1_852' title='bbox 2770 4859 2853 4906; x_wconf 89' lang='lat' dir='ltr'><strong>est</strong></span> <span class='ocrx_word' id='word_1_853' title='bbox 2877 4849 3040 4916; x_wconf 86' lang='lat' dir='ltr'><strong>dicat,</strong></span> <span class='ocrx_word' id='word_1_854' title='bbox 3069 4847 3276 4903; x_wconf 77' lang='lat' dir='ltr'><strong>Dimitte</strong></span> <span class='ocrx_word' id='word_1_855' title='bbox 3298 4845 3438 4901; x_wconf 69' lang='lat' dir='ltr'><strong>nobis</strong></span> <span class='ocrx_word' id='word_1_856' title='bbox 3465 4842 3620 4897; x_wconf 73' lang='lat' dir='ltr'><strong>debita</strong></span> <span class='ocrx_word' id='word_1_857' title='bbox 3643 4845 3800 4892; x_wconf 70' lang='lat' dir='ltr'><strong>nostra.</strong></span> 
     </span>
    </p>
   </div>
   <div class='ocr_carea' id='block_1_114' title="bbox 2275 4923 3802 5014">
    <p class='ocr_par' dir='ltr' id='par_1_114' title="bbox 2275 4923 3802 5014">
     <span class='ocr_line' id='line_1_115' title="bbox 2275 4923 3802 5014; baseline -0.015 -12"><span class='ocrx_word' id='word_1_858' title='bbox 2275 4945 2499 5014; x_wconf 85' lang='lat' dir='ltr'><strong>Pr0pter</strong></span> <span class='ocrx_word' id='word_1_859' title='bbox 2522 4943 2626 5001; x_wconf 84' lang='lat' dir='ltr'><strong>hoc</strong></span> <span class='ocrx_word' id='word_1_860' title='bbox 2644 4942 2909 5012; x_wconf 75' lang='lat' dir='ltr'><strong>obiectum</strong></span> <span class='ocrx_word' id='word_1_861' title='bbox 2930 4949 3012 4996; x_wconf 90' lang='lat' dir='ltr'><strong>est</strong></span> <span class='ocrx_word' id='word_1_862' title='bbox 3033 4954 3128 4996; x_wconf 84' lang='lat' dir='ltr'><strong>eos</strong></span> <span class='ocrx_word' id='word_1_863' title='bbox 3146 4937 3346 5000; x_wconf 81' lang='lat' dir='ltr'><strong>dicere,</strong></span> <span class='ocrx_word' id='word_1_864' title='bbox 3376 4955 3395 4990; x_wconf 76' lang='grc' dir='ltr'><strong>ι</strong></span> <span class='ocrx_word' id='word_1_865' title='bbox 3424 4934 3507 4989; x_wconf 89' lang='lat' dir='ltr'><strong>hic</strong></span> <span class='ocrx_word' id='word_1_866' title='bbox 3529 4944 3641 4989; x_wconf 86' lang='lat' dir='ltr'><strong>esse</strong></span> <span class='ocrx_word' id='word_1_867' title='bbox 3663 4923 3802 4982; x_wconf 78' lang='lat' dir='ltr'><strong>Eccle-</strong></span> 
     </span>
    </p>
   </div>
   <div class='ocr_carea' id='block_1_115' title="bbox 2275 5023 3804 5102">
    <p class='ocr_par' dir='ltr' id='par_1_115' title="bbox 2275 5023 3804 5102">
     <span class='ocr_line' id='line_1_116' title="bbox 2275 5023 3804 5102; baseline -0.016 -11"><span class='ocrx_word' id='word_1_868' title='bbox 2275 5036 2411 5091; x_wconf 91' lang='lat' dir='ltr'><strong>siam</strong></span> <span class='ocrx_word' id='word_1_869' title='bbox 2435 5037 2550 5095; x_wconf 88' lang='lat' dir='ltr'><strong>sine</strong></span> <span class='ocrx_word' id='word_1_870' title='bbox 2568 5031 2772 5088; x_wconf 86' lang='lat' dir='ltr'><strong>macula</strong></span> <span class='ocrx_word' id='word_1_871' title='bbox 2789 5039 2844 5087; x_wconf 89' lang='lat' dir='ltr'><strong>et</strong></span> <span class='ocrx_word' id='word_1_872' title='bbox 2859 5046 3009 5102; x_wconf 87' lang='lat' dir='ltr'><strong>ruga,</strong></span> <span class='ocrx_word' id='word_1_873' title='bbox 3033 5048 3055 5083; x_wconf 84' lang='grc' dir='ltr'><strong>ι</strong></span> <span class='ocrx_word' id='word_1_874' title='bbox 3088 5039 3265 5083; x_wconf 87' lang='lat' dir='ltr'><strong>utrum</strong></span> <span class='ocrx_word' id='word_1_875' title='bbox 3281 5025 3362 5101; x_wconf 72' lang='grc' dir='ltr'><strong>(α)</strong></span> <span class='ocrx_word' id='word_1_876' title='bbox 3381 5041 3473 5097; x_wconf 90' lang='lat' dir='ltr'><strong>per</strong></span> <span class='ocrx_word' id='word_1_877' title='bbox 3488 5024 3615 5077; x_wconf 88' lang='lat' dir='ltr'><strong>hanc</strong></span> <span class='ocrx_word' id='word_1_878' title='bbox 3626 5023 3804 5072; x_wconf 68' lang='lat' dir='ltr'><strong>senten-</strong></span> 
     </span>
    </p>
   </div>
   <div class='ocr_carea' id='block_1_116' title="bbox 2278 5108 3804 5194">
    <p class='ocr_par' dir='ltr' id='par_1_116' title="bbox 2278 5108 3804 5194">
     <span class='ocr_line' id='line_1_117' title="bbox 2278 5108 3804 5194; baseline -0.013 -12"><span class='ocrx_word' id='word_1_879' title='bbox 2278 5129 2403 5192; x_wconf 85' lang='lat' dir='ltr'><strong>tiam</strong></span> <span class='ocrx_word' id='word_1_880' title='bbox 2444 5124 2705 5182; x_wconf 82' lang='lat' dir='ltr'><strong>auderent</strong></span> <span class='ocrx_word' id='word_1_881' title='bbox 2731 5123 3017 5194; x_wconf 88' lang='lat' dir='ltr'><strong>prohibere</strong></span> <span class='ocrx_word' id='word_1_882' title='bbox 3038 5120 3385 5185; x_wconf 84' lang='lat' dir='ltr'><strong>orationem,</strong></span> <span class='ocrx_word' id='word_1_883' title='bbox 3438 5130 3539 5187; x_wconf 88' lang='lat' dir='ltr'><strong>qua</strong></span> <span class='ocrx_word' id='word_1_884' title='bbox 3572 5108 3735 5166; x_wconf 83' lang='lat' dir='ltr'><strong>diebus</strong></span> <span class='ocrx_word' id='word_1_885' title='bbox 3763 5112 3804 5156; x_wconf 75' lang='lat' dir='ltr'><strong>et</strong></span> 
     </span>
    </p>
   </div>
   <div class='ocr_carea' id='block_1_117' title="bbox 2278 5194 3804 5286">
    <p class='ocr_par' dir='ltr' id='par_1_117' title="bbox 2278 5194 3804 5286">
     <span class='ocr_line' id='line_1_118' title="bbox 2278 5194 3804 5286; baseline -0.016 -11"><span class='ocrx_word' id='word_1_886' title='bbox 2278 5217 2523 5275; x_wconf 89' lang='lat' dir='ltr'><strong>noctibus</strong></span> <span class='ocrx_word' id='word_1_887' title='bbox 2548 5216 2755 5272; x_wconf 88' lang='lat' dir='ltr'><strong>veniam</strong></span> <span class='ocrx_word' id='word_1_888' title='bbox 2784 5223 3122 5286; x_wconf 86' lang='lat' dir='ltr'><strong>peccatorum</strong></span> <span class='ocrx_word' id='word_1_889' title='bbox 3138 5211 3249 5283; x_wconf 73' lang='lat' dir='ltr'><strong>jam</strong></span> <span class='ocrx_word' id='word_1_890' title='bbox 3274 5208 3532 5278; x_wconf 85' lang='lat' dir='ltr'><strong>baptizata</strong></span> <span class='ocrx_word' id='word_1_891' title='bbox 3552 5201 3644 5263; x_wconf 84' lang='lat' dir='ltr'><strong>sibi</strong></span> <span class='ocrx_word' id='word_1_892' title='bbox 3666 5194 3804 5269; x_wconf 69' lang='lat' dir='ltr'><strong>poscit</strong></span> 
     </span>
    </p>
   </div>
   <div class='ocr_carea' id='block_1_118' title="bbox 2280 5292 3804 5380">
    <p class='ocr_par' dir='ltr' id='par_1_118' title="bbox 2280 5292 3804 5380">
     <span class='ocr_line' id='line_1_119' title="bbox 2280 5292 3804 5380; baseline -0.019 -11"><span class='ocrx_word' id='word_1_893' title='bbox 2280 5311 2536 5369; x_wconf 89' lang='lat' dir='ltr'><strong>Ecclesia.</strong></span> <span class='ocrx_word' id='word_1_894' title='bbox 2570 5310 2652 5366; x_wconf 89' lang='lat' dir='ltr'><strong>De</strong></span> <span class='ocrx_word' id='word_1_895' title='bbox 2682 5324 2790 5380; x_wconf 87' lang='lat' dir='ltr'><strong>quo</strong></span> <span class='ocrx_word' id='word_1_896' title='bbox 2837 5307 3015 5362; x_wconf 90' lang='lat' dir='ltr'><strong>medio</strong></span> <span class='ocrx_word' id='word_1_897' title='bbox 3045 5313 3284 5374; x_wconf 88' lang='lat' dir='ltr'><strong>tempore</strong></span> <span class='ocrx_word' id='word_1_898' title='bbox 3324 5302 3459 5356; x_wconf 87' lang='lat' dir='ltr'><strong>inter</strong></span> <span class='ocrx_word' id='word_1_899' title='bbox 3484 5292 3804 5380; x_wconf 77' lang='lat' dir='ltr'><strong>remissionem</strong></span> 
     </span>
    </p>
   </div>
   <div class='ocr_carea' id='block_1_119' title="bbox 2275 5378 3808 5477">
    <p class='ocr_par' dir='ltr' id='par_1_119' title="bbox 2275 5378 3808 5477">
     <span class='ocr_line' id='line_1_120' title="bbox 2275 5378 3808 5477; baseline -0.018 -14"><span class='ocrx_word' id='word_1_900' title='bbox 2275 5412 2615 5477; x_wconf 78' lang='lat' dir='ltr'><strong>peccatorum</strong></span> <span class='ocrx_word' id='word_1_901' title='bbox 2638 5378 2758 5472; x_wconf 64' lang='lat' dir='ltr'><strong>quae</strong></span> <span class='ocrx_word' id='word_1_902' title='bbox 2789 5402 2847 5454; x_wconf 89' lang='lat' dir='ltr'><strong>tit</strong></span> <span class='ocrx_word' id='word_1_903' title='bbox 2875 5399 2928 5453; x_wconf 86' lang='lat' dir='ltr'><strong>in</strong></span> <span class='ocrx_word' id='word_1_904' title='bbox 2956 5398 3185 5461; x_wconf 82' lang='lat' dir='ltr'><strong>lavacro,</strong></span> <span class='ocrx_word' id='word_1_905' title='bbox 3211 5402 3269 5450; x_wconf 90' lang='lat' dir='ltr'><strong>et</strong></span> <span class='ocrx_word' id='word_1_906' title='bbox 3291 5388 3689 5464; x_wconf 84' lang='lat' dir='ltr'><strong>permansioncm</strong></span> <span class='ocrx_word' id='word_1_907' title='bbox 3712 5378 3808 5477; x_wconf 35' lang='lat' dir='ltr'><strong>sint):</strong></span> 
     </span>
    </p>
   </div>
   <div class='ocr_carea' id='block_1_120' title="bbox 2276 5462 3808 5569">
    <p class='ocr_par' dir='ltr' id='par_1_120' title="bbox 2276 5462 3808 5569">
     <span class='ocr_line' id='line_1_121' title="bbox 2276 5462 3808 5569; baseline -0.024 -13"><span class='ocrx_word' id='word_1_908' title='bbox 2276 5462 2512 5569; x_wconf 53' lang='lat' dir='ltr'><strong>pacatis</strong></span> <span class='ocrx_word' id='word_1_909' title='bbox 2535 5462 2673 5565; x_wconf 53' lang='lat' dir='ltr'><strong>qua;</strong></span> <span class='ocrx_word' id='word_1_910' title='bbox 2689 5492 2860 5546; x_wconf 89' lang='lat' dir='ltr'><strong>futura</strong></span> <span class='ocrx_word' id='word_1_911' title='bbox 2888 5499 2971 5544; x_wconf 88' lang='lat' dir='ltr'><strong>est</strong></span> <span class='ocrx_word' id='word_1_912' title='bbox 3006 5493 3060 5542; x_wconf 84' lang='lat' dir='ltr'><strong>in</strong></span> <span class='ocrx_word' id='word_1_913' title='bbox 3088 5502 3274 5559; x_wconf 80' lang='lat' dir='ltr'><strong>regno,</strong></span> <span class='ocrx_word' id='word_1_914' title='bbox 3294 5462 3301 5464; x_wconf 15' lang='lat' dir='ltr'><strong>ﬁ</strong></span> <span class='ocrx_word' id='word_1_915' title='bbox 3318 5498 3439 5540; x_wconf 90' lang='lat' dir='ltr'><strong>cum</strong></span> <span class='ocrx_word' id='word_1_916' title='bbox 3472 5475 3685 5569; x_wconf 66' lang='lat' dir='ltr'><strong>Pelagio</strong></span> <span class='ocrx_word' id='word_1_917' title='bbox 3703 5462 3808 5523; x_wconf 81' lang='lat' dir='ltr'><strong>nihil</strong></span> 
     </span>
    </p>
   </div>
   <div class='ocr_carea' id='block_1_121' title="bbox 2282 5562 3806 5654">
    <p class='ocr_par' dir='ltr' id='par_1_121' title="bbox 2282 5562 3806 5654">
     <span class='ocr_line' id='line_1_122' title="bbox 2282 5562 3806 5654; baseline -0.025 -8"><span class='ocrx_word' id='word_1_918' title='bbox 2282 5562 2364 5646; x_wconf 76' lang='lat' dir='ltr'><strong>est</strong></span> <span class='ocrx_word' id='word_1_919' title='bbox 2386 5562 2584 5654; x_wconf 81' lang='lat' dir='ltr'><strong>actum,</strong></span> <span class='ocrx_word' id='word_1_920' title='bbox 2616 5584 2742 5639; x_wconf 89' lang='lat' dir='ltr'><strong>nihil</strong></span> <span class='ocrx_word' id='word_1_921' title='bbox 2769 5583 2837 5638; x_wconf 84' lang='lat' dir='ltr'><strong>ab</strong></span> <span class='ocrx_word' id='word_1_922' title='bbox 2860 5581 3124 5652; x_wconf 84' lang='lat' dir='ltr'><strong>episc0pis</strong></span> <span class='ocrx_word' id='word_1_923' title='bbox 3151 5575 3537 5650; x_wconf 85' lang='lat' dir='ltr'><strong>pronuntiatum</strong></span> <span class='ocrx_word' id='word_1_924' title='bbox 3565 5587 3580 5624; x_wconf 91' lang='lat'><strong>:</strong></span> <span class='ocrx_word' id='word_1_925' title='bbox 3604 5562 3686 5622; x_wconf 88' lang='lat' dir='ltr'><strong>sed</strong></span> <span class='ocrx_word' id='word_1_926' title='bbox 3712 5571 3806 5613; x_wconf 83' lang='lat' dir='ltr'><strong>tan-</strong></span> 
     </span>
    </p>
   </div>
   <div class='ocr_carea' id='block_1_122' title="bbox 2287 5657 3807 5746">
    <p class='ocr_par' dir='ltr' id='par_1_122' title="bbox 2287 5657 3807 5746">
     <span class='ocr_line' id='line_1_123' title="bbox 2287 5657 3807 5746; baseline -0.017 -10"><span class='ocrx_word' id='word_1_927' title='bbox 2287 5694 2393 5737; x_wconf 92' lang='lat' dir='ltr'><strong>tum</strong></span> <span class='ocrx_word' id='word_1_928' title='bbox 2415 5680 2519 5736; x_wconf 90' lang='lat' dir='ltr'><strong>hoc</strong></span> <span class='ocrx_word' id='word_1_929' title='bbox 2536 5677 2676 5746; x_wconf 88' lang='lat' dir='ltr'><strong>quod</strong></span> <span class='ocrx_word' id='word_1_930' title='bbox 2707 5677 2935 5729; x_wconf 89' lang='lat' dir='ltr'><strong>hrcviter</strong></span> <span class='ocrx_word' id='word_1_931' title='bbox 2963 5670 3363 5744; x_wconf 78' lang='lat' dir='ltr'><strong>significandum</strong></span> <span class='ocrx_word' id='word_1_932' title='bbox 3402 5661 3623 5737; x_wconf 77' lang='lat' dir='ltr'><strong>putavit,</strong></span> <span class='ocrx_word' id='word_1_933' title='bbox 3650 5666 3742 5711; x_wconf 79' lang='lat' dir='ltr'><strong>Ion</strong></span> <span class='ocrx_word' id='word_1_934' title='bbox 3759 5657 3807 5700; x_wconf 70' lang='grc' dir='ltr'><strong>α</strong></span> 
     </span>
    </p>
   </div>
   <div class='ocr_carea' id='block_1_123' title="bbox 2345 5776 2812 5837">
    <p class='ocr_par' dir='ltr' id='par_1_123' title="bbox 2345 5776 2812 5837">
     <span class='ocr_line' id='line_1_124' title="bbox 2345 5776 2812 5837; baseline -0.011 -15"><span class='ocrx_word' id='word_1_935' title='bbox 2345 5785 2419 5837; x_wconf 73' lang='grc' dir='ltr'><strong>(α)</strong></span> <span class='ocrx_word' id='word_1_936' title='bbox 2456 5781 2605 5823; x_wconf 71' lang='lat' dir='ltr'><strong>Forte.</strong></span> <span class='ocrx_word' id='word_1_937' title='bbox 2631 5776 2680 5820; x_wconf 86' lang='lat' dir='ltr'><strong>ut</strong></span> <span class='ocrx_word' id='word_1_938' title='bbox 2704 5781 2812 5819; x_wconf 77' lang='lat' dir='ltr'><strong>non.</strong></span> 
     </span>
    </p>
   </div>
  </div>
