3984 6520
255 363 344 422 337

253 483 316 540 ita
340 477 560 543 dixisse,
593 483 656 530 ut
676 476 964 531 videbatur
987 471 1272 543 objectum.
1299 468 1430 523 Cum
1460 467 1600 522 enim
1629 465 1728 520 hoc
1747 464 1842 527 ait,

264 595 281 627 ι
307 573 503 627 Dictum
526 576 614 622 est
635 583 667 622 τι
691 569 876 632 nobis,
907 566 999 622 sed
1027 567 1128 629 ita;
1157 582 1176 616 t
1202 562 1323 633 quid
1348 561 1510 615 voluit
1532 559 1721 618 videri,
1744 558 1842 611 nisi

261 681 356 722 non
381 664 473 727 ita,
498 660 968 732 quemadmodum
989 658 1203 717 dixisse,
1221 655 1287 710 ab
1309 654 1390 708 his
1410 654 1499 722 qui
1515 652 1842 722 objecerant,

259 754 602 814 credebatur?
632 753 777 822 Quid
810 762 987 806 tamen
1021 747 1190 804 secuti
1219 748 1326 802 sint
1345 745 1580 816 judices,
1619 754 1674 798 ut
1699 743 1846 797 dice-

259 858 368 906 rent
399 847 499 902 sibi
524 846 632 900 hoc
649 847 888 916 placere,
921 843 972 898 id
997 851 1101 908 est,
1134 840 1456 909 Baptismum
1483 852 1588 908 quo
1615 837 1847 890 abluitur

257 959 285 996 a
321 937 575 1009 peccatis,
620 945 679 992 et
717 949 945 1005 regnum
983 932 1072 986 ubi
1116 929 1449 1001 permanebit
1472 928 1586 981 sine
1616 926 1847 995 peccatis

257 1041 453 1096 sancta,
482 1043 608 1099 qua:
624 1042 770 1082 nunc
799 1024 1104 1090 mundatur,
1128 1020 1385 1088 Ecclesia,
1413 1019 1560 1085 satis,
1589 1027 1844 1089 quantum

255 1121 520 1179 existimo.
551 1124 796 1187 apparet.

317 1209 554 1266 CAPUT
593 1208 736 1263 Xlll.
762 1236 838 1248 —
863 1205 957 1261 29.
1000 1203 1201 1260 Deinde
1227 1201 1433 1272 objecta
1462 1209 1585 1255 sunt
1611 1198 1680 1254 de
1709 1198 1846 1252 libro

251 1307 508 1369 Palatii,
540 1303 672 1373 quid
700 1304 754 1357 in
780 1313 1099 1370 unoquoque
1120 1296 1353 1366 capitulo
1373 1294 1656 1356 contineat,
1683 1291 1847 1362 magis

251 1397 546 1454 secundum
574 1409 818 1458 sensum,
850 1407 1005 1462 quam
1028 1387 1318 1445 secundum
1343 1387 1504 1441 verba
1536 1403 1548 1439 :
1585 1401 1703 1455 qnze
1731 1384 1847 1453 qui-

246 1491 362 1542 dettl
395 1489 492 1542 ille
524 1487 688 1540 latius
712 1483 1055 1553 exsequitur;
1083 1480 1177 1535 sed
1205 1489 1329 1534 tunc
1358 1478 1621 1546 subjicere
1645 1475 1843 1540 omnia,

246 1583 330 1650 qui
377 1578 631 1633 libellum
665 1576 928 1630 adversus
973 1572 1241 1641 Pelagium
1282 1569 1582 1633 dederunt,
1637 1583 1696 1624 se
1740 1583 1846 1622 non

249 1669 484 1737 potuisse
510 1666 793 1722 dixerunt.
825 1665 968 1734 Ergo
1004 1663 1054 1717 in
1100 1663 1270 1731 primo
1306 1660 1538 1729 capitulo
1575 1659 1692 1713 libri
1727 1659 1848 1714 Cm.

245 1759 381 1815 lestti
412 1759 520 1812 hoc
552 1757 817 1826 scriptum
859 1770 980 1810 esse
1016 1761 1303 1823 posuerunt
1331 1768 1342 1802 :
1380 1769 1401 1802 ι
1428 1751 1687 1816 Quoniam
1729 1750 1846 1818 plus

243 1850 486 1912 facimus,
511 1863 683 1918 quam
713 1848 766 1900 in
795 1846 934 1915 Lege
960 1853 1013 1899 et
1043 1842 1326 1912 Evangelia
1349 1841 1556 1911 jnssum
1583 1850 1681 1894 est.
1711 1859 1730 1893 s
1765 1839 1844 1895 Ad

240 1939 377 2010 quod
418 1939 686 2006 Pelagius
720 1936 1043 2005 reSpondit:
1078 1952 1097 1986 ι
1129 1933 1238 1987 Hoc
1278 1933 1426 2002 quasi
1471 1941 1708 1986 nostrum
1749 1947 1842 2001 po-

241 2040 464 2088 suerunt
497 2050 514 2085 :
544 2031 756 2084 dictum
777 2038 861 2084 est
890 2043 1020 2083 vero
1050 2042 1080 2081 a
1121 2026 1273 2082 nobis
1296 2025 1586 2080 secundum
1623 2026 1849 2094 Aposto-

243 2127 348 2181 lum
383 2126 454 2180 de
491 2124 830 2194 virginitate,
861 2121 931 2176 de
963 2135 1067 2190 qua
1113 2118 1308 2172 Paulus
1346 2116 1494 2182 dicit,
1534 2115 1847 2187 Praeceptum

253 2220 445 2274 Det-iui
472 2235 583 2272 non
605 2216 796 2272 habeo.
828 2235 847 2269 ι
881 2213 1128 2285 Synodus
1147 2213 1279 2267 dixit
1308 2231 1321 2265 :
1359 2231 1377 2263 ι
1402 2211 1513 2266 Hoc
1534 2221 1586 2265 et
1609 2210 1843 2264 Ecclesia

259 2311 451 2380 recipit.
489 2329 509 2362 ε
560 2309 702 2378 Legi
745 2322 867 2377 ego,
909 2321 1016 2376 quo
1041 2318 1202 2359 sensu
1228 2303 1279 2358 id
1309 2301 1588 2358 Caelestius
1626 2301 1678 2355 in
1712 2299 1846 2354 libro

254 2421 350 2458 suo
377 2401 662 2471 posuerit:
695 2398 742 2454 si
787 2409 964 2452 tamen
1007 2411 1129 2452 eum
1170 2409 1326 2448 suum
1369 2408 1489 2449 esse
1523 2407 1627 2446 non
1667 2401 1844 2461 negat.

245 2493 382 2547 Dixit
407 2492 558 2546 enim
583 2491 713 2554 hoc,
740 2504 849 2559 quo
869 2487 1117 2543 videlicet
1144 2483 1506 2560 persuaderet,
1530 2492 1726 2537 tantam
1751 2497 1847 2536 nos

243 2583 444 2637 habere
471 2597 576 2652 per
601 2590 852 2634 naturam
885 2578 1039 2634 liberi
1067 2575 1274 2632 arbitrii
1305 2589 1408 2630 non
1435 2574 1688 2646 peccandi
1719 2587 1846 2641 pos-

249 2675 588 2739 sibilitatem,
617 2682 678 2727 ut
707 2671 829 2742 plus
855 2672 1016 2726 etiam
1044 2683 1200 2740 quam
1226 2678 1551 2739 praeceptum
1575 2675 1659 2721 est
1683 2665 1846 2720 facia-

258 2781 421 2832 mus;
453 2765 697 2833 quoniam
722 2771 981 2834 perpetua
1013 2769 1257 2816 servatur
1284 2775 1315 2813 a
1343 2759 1609 2828 plerisque
1633 2758 1851 2828 virgini-

266 2869 374 2923 tas,
397 2874 518 2926 qua:
546 2865 795 2926 priscepta
837 2869 947 2910 non
983 2861 1084 2918 est,
1123 2867 1245 2907 cum
1274 2850 1340 2906 ad
1381 2867 1485 2905 non
1521 2850 1847 2920 peccandum

277 2958 533 3019 pnecepta
564 2948 783 3016 implere
809 2947 1054 3002 sufﬁciat.
1076 2943 1226 3010 Quod
1254 2951 1429 2998 autem
1463 2957 1494 2996 a
1531 2942 1741 3012 Pelagio
1765 2955 1852 2996 re-

274 3047 515 3108 spbnsum
537 3049 636 3104 est,
669 3046 731 3092 ut
750 3037 1110 3107 approbarent
1139 3034 1365 3105 judices,
1393 3048 1499 3087 non
1527 3033 1607 3088 sic
1628 3047 1852 3102 accepe-

269 3142 419 3195 runt,
465 3140 719 3199 tauquam
763 3128 943 3181 omnia
979 3124 1135 3196 Legis
1177 3132 1232 3180 et
1273 3123 1546 3194 Evangelii
1587 3131 1850 3192 prarcepta

264 3224 578 3288 custodiant,
609 3221 705 3291 qui
734 3219 1126 3290 virginitatem,
1171 3232 1290 3287 quat
1322 3224 1582 3285 praecepta
1613 3229 1720 3268 non
1745 3221 1846 3278 est,

265 3316 472 3382 insuper
508 3319 765 3370 servant:
813 3310 908 3367 sed
941 3309 1007 3364 ad
1048 3308 1150 3363 hoc
1193 3315 1415 3372 tantum,
1443 3304 1583 3376 quod
1615 3304 1731 3374 plus
1768 3315 1852 3360 est

271 3405 537 3474 virginitas
555 3418 679 3472 qua:
711 3417 818 3456 non
845 3413 928 3456 est
948 3408 1229 3469 pratcepta,
1255 3413 1412 3468 quam
1443 3394 1735 3466 coniugalis
1758 3411 1854 3465 pu-

267 3497 436 3550 diritia
467 3512 589 3566 qua:
620 3502 888 3564 pratcepta
917 3503 995 3547 est
1014 3532 1029 3558 ,
1073 3502 1126 3545 et
1163 3488 1433 3545 custodire
1462 3488 1615 3542 istam
1637 3528 1652 3552 ,
1693 3502 1852 3555 quam

274 3587 405 3640 illam
425 3626 442 3651 ,
487 3587 676 3653 utique
712 3585 832 3652 plus
858 3593 941 3638 est
967 3600 982 3637 :
1010 3597 1131 3636 cum
1162 3589 1338 3634 tamen
1386 3586 1634 3633 neutrum
1666 3593 1852 3632 eorum

278 3677 522 3732 habentur
544 3677 664 3731 sine
690 3675 864 3745 gratia
889 3673 981 3728 Dei
1001 3689 1014 3737 ;
1034 3670 1461 3742 quandoquidem
1486 3669 1767 3738 Apostolus
1786 3669 1854 3724 de

279 3767 368 3822 bwc
392 3784 446 3822 re
467 3767 697 3836 loquens
715 3766 810 3831 ait,
843 3763 966 3818 Volo
987 3773 1151 3816 autem
1170 3778 1340 3816 omnes
1365 3761 1589 3814 homines
1609 3776 1712 3814 esse
1727 3759 1854 3814 sicut

280 3875 350 3912 me
380 3860 544 3928 ipsum
571 3873 591 3912 :
615 3857 707 3910 sed
742 3855 1082 3925 unusquisque
1117 3852 1378 3922 proprium
1420 3851 1610 3905 donum
1639 3851 1785 3905 habet
1820 3867 1855 3903 a

283 3950 378 4002 Deo
401 3965 418 4003 :
446 3950 578 4002 alius
602 3949 696 4012 sic,
735 3948 868 4001 alius
890 3956 1060 3999 autem
1081 3945 1152 3998 sic
1183 3943 1237 4016 (Ι
1265 3941 1385 3998 Cos.
1416 3959 1516 4009 vu,
1539 3941 1630 4009 ‘33,
1663 3941 1755 4014 7).
1788 3943 1856 3997 Ει

283 4043 370 4108 ipsi
414 4040 639 4094 Domino
669 4053 792 4092 cum
824 4038 1082 4092 dixissent
1117 4035 1388 4103 discipuli,
1410 4035 1470 4090 Si
1501 4035 1607 4089 hac
1633 4034 1854 4090 hominis

284 4142 349 4186 est
374 4147 524 4185 causa
544 4147 658 4184 cum
687 4145 866 4194 uxore,
897 4144 998 4184 non
1017 4128 1214 4198 expedit
1242 4129 1457 4192 nubere,
1477 4125 1582 4190 vel,
1605 4125 1744 4196 quod
1779 4127 1853 4179 la-

285 4225 383 4278 tine
401 4222 594 4277 melius
616 4220 834 4286 dicitur,
864 4235 966 4272 non
995 4218 1196 4289 expedit
1220 4218 1402 4272 ducere
1427 4233 1446 4271 :
1477 4216 1598 4271 Non
1617 4258 1630 4282 ,
1661 4217 1848 4288 inquit,

282 4331 444 4369 omnes
461 4315 670 4385 capiunt
690 4313 890 4367 verbum
904 4312 1019 4374 hoc,
1040 4310 1128 4366 sed
1146 4310 1328 4382 quibus
1348 4309 1524 4363 datum
1543 4319 1614 4364 est
1639 4309 1848 4378 (Matth.

283 4423 391 4469 xix,
427 4405 510 4471 ιο,
543 4403 655 4476 Η).
684 4404 799 4458 lloc
829 4418 957 4474 ergo
995 4401 1232 4471 episcOpi
1277 4401 1574 4456 Ecclesiam
1615 4401 1853 4469 recipere

281 4500 704 4567 pronuntiarunt,
733 4496 873 4567 quod
921 4495 1036 4565 plus
1066 4495 1136 4549 sit
1168 4494 1443 4564 virginitas
1472 4508 1850 4562 perseverans,

278 4605 389 4659 quae
415 4597 678 4658 praecepta
706 4603 812 4642 non
835 4594 937 4649 est,
960 4599 1120 4655 quam
1144 4584 1444 4653 nuptiarum
1473 4585 1707 4649 castitas,
1735 4599 1854 4653 quae

277 4692 528 4754 praet-pta
561 4690 663 4734 est.
692 4680 810 4748 Quo
847 4687 1026 4733 autem
1067 4693 1230 4734 sensu
1257 4675 1388 4731 illud
1413 4677 1654 4747 Pelagius
1677 4716 1694 4744 ,
1741 4676 1855 4730 site

273 4774 553 4830 lecstius
581 4771 810 4838 dixerit,
833 4769 1043 4840 judices
1072 4769 1396 4824 nescierunt.

340 4889 569 4944 CAPUT
598 4886 739 4942 XIV.
764 4917 839 4929 ——-
874 4885 964 4942 30.
998 4885 1131 4940 Hinc
1153 4885 1264 4955 jam
1293 4883 1616 4955 objiciuntur
1638 4882 1856 4953 Pelagio

271 4983 374 5034 alia
403 4980 645 5036 Calestii
683 4979 913 5047 capitula
954 4977 1230 5046 capitalia,
1275 4986 1332 5030 et
1377 4977 1494 5031 sine
1530 4975 1855 5030 dubitatione

267 5073 571 5127 damnanda
601 5113 616 5134 ,
647 5086 767 5140 qua:
795 5070 893 5123 nisi
929 5068 1444 5132 anathematizasset,
1485 5081 1606 5121 cum
1638 5067 1719 5119 his
1741 5067 1856 5120 sine

269 5166 431 5218 dubio
455 5164 825 5218 damnaretur.
866 5161 924 5216 In
961 5160 1120 5216 tertio
1143 5161 1378 5230 capitulo
1420 5160 1700 5229 scripsisse
1737 5159 1857 5214 Cm-

272 5257 522 5316 testium.
558 5253 790 5308 Gratiam
835 5251 931 5306 Dei
959 5261 1004 5305 et
1028 5253 1338 5321 adjutorium
1382 5268 1483 5305 non
1524 5251 1594 5304 ad
1632 5243 1857 5320 singulos

269 5357 412 5398 actus
437 5346 574 5410 dari,
602 5345 694 5399 sed
718 5346 771 5397 in
793 5345 947 5398 libero
970 5342 1204 5396 arbritrio
1221 5359 1348 5408 esse,
1374 5344 1450 5397 uel
1469 5345 1519 5396 in
1549 5344 1656 5414 lege
1674 5360 1733 5396 ac
1761 5343 1854 5396 do-

270 5441 453 5492 ctrina.
483 5439 550 5493 Et
575 5439 770 5491 iterum
791 5477 809 5501 ,
842 5437 934 5490 Dei
957 5438 1167 5503 gratiam
1191 5437 1462 5491 secundum
1486 5440 1660 5490 merita
1689 5448 1858 5492 nostra

272 5531 422 5595 duri,
456 5530 578 5599 quia
620 5530 664 5583 si
709 5528 1048 5597 peccatoribus
1089 5528 1230 5580 illam
1261 5528 1378 5592 det,
1419 5528 1612 5581 videtur
1640 5545 1744 5581 esse
1782 5529 1860 5581 in-

273 5620 418 5689 iquus
444 5637 464 5674 :
483 5629 538 5675 et
567 5620 654 5674 his
678 5619 860 5674 verbis
890 5618 1126 5672 intulisse
1147 5659 1162 5682 ,
1197 5617 1475 5688 Propterea
1497 5628 1543 5672 et
1563 5617 1672 5687 ipsa
1697 5619 1861 5688 gratia

271 5709 330 5762 in
355 5727 463 5764 mea
487 5712 750 5765 uoluntate
773 5711 939 5779 posita
963 5718 1052 5772 est,
1085 5710 1184 5763 sive
1205 5709 1389 5779 dignus
1413 5708 1628 5777 fuerim,
1653 5710 1754 5763 sive
1779 5711 1863 5763 in-
1907 5712 1914 5717 ’

277 5802 481 5874 dignus.
523 5805 584 5861 Si
613 5803 752 5860 enim
795 5819 883 5874 per
909 5803 1120 5874 gratiam
1163 5803 1329 5856 omnia
1373 5801 1622 5870 facimus;
1664 5803 1864 5872 quando

1671 349 1865 404 unua
1912 348 2108 407 unus.
2163 319 2180 331 ’

3437 358 3542 417 538

1952 465 2197 520 uincimur
2217 483 2249 520 a
2277 476 2507 537 peccato,
2550 484 2651 523 non
2683 484 2772 522 nos
2797 469 3042 524 uinciatur
3061 510 3077 537 ,
3104 471 3194 526 sed
3219 471 3314 526 Dei
3333 479 3498 546 gratia
3519 515 3535 538 ,

1952 573 2065 627 qua:
2086 558 2240 612 voluit
2266 577 2357 614 nos
2379 561 2622 630 adjuvare
2650 563 2786 616 omni
2821 563 2970 618 modo
2992 605 3006 627 ,
3037 573 3085 618 et
3112 582 3210 619 non
3257 567 3435 636 potuit.
3469 567 3541 624 Et

1953 649 2146 704 iterum
2169 653 2244 705 ait
2273 669 2286 704 :
2317 651 2380 707 Si
2403 653 2565 722 gratia
2587 652 2680 708 Dei
2705 665 2797 718 est,
2821 656 3023 725 quando
3044 657 3285 712 vincimus
3305 668 3531 730 peccata;

1952 755 2069 810 ergo
2095 741 2205 808 ipse
2225 742 2241 773 ¹
2259 743 2402 796 estin
2428 743 2597 814 culpa,
2619 745 2824 814 quando
2847 763 2878 798 a
2905 756 3108 816 peccato
3135 748 3396 813 vincimur,
3419 749 3539 818 quia

1952 832 2157 885 omnino
2173 832 2426 887 custodire
2443 849 2534 888 nos
2552 843 2639 887 aut
2663 852 2763 890 non
2791 839 2972 906 potuit,
3000 849 3086 893 aut
3112 841 3295 894 noluit.
3325 839 3405 894 Ad
3437 840 3538 896 ista

1952 920 2196 992 Pelagius
2225 924 2532 992 respondit:
2558 922 2686 980 Hau:
2713 936 2880 980 utrum
2895 927 3108 984 Caelestii
3125 930 3248 996 sint,
3278 932 3376 1000 ipsi
3396 931 3538 987 vide-

1951 1011 2055 1066 rint
2094 1013 2179 1082 qui
2219 1013 2390 1082 dicunt
2419 1031 2478 1068 ea
2507 1014 2723 1070 (Σαειεειὶἕ
2749 1033 2854 1074 esse
2870 1032 2893 1080 ;
2919 1034 3009 1088 ego
3039 1036 3154 1076 vero
3185 1039 3441 1092 nunquam
3465 1023 3541 1078 sic

1952 1105 2122 1169 tenui,
2159 1105 2249 1158 sed
2275 1106 2646 1161 anathematizo
2673 1109 2759 1172 qui
2793 1110 2866 1162 sic
2895 1120 3043 1165 tenet.
3084 1112 3333 1184 Synodus
3356 1115 3492 1170 dixit
3519 1131 3534 1169 :

1952 1193 2150 1264 Recipit
2186 1203 2234 1249 te
2256 1205 2432 1251 sancta
2458 1197 2700 1268 Synodus
2718 1241 2732 1264 ,
2769 1200 2842 1254 ita
2865 1202 3011 1254 verba
3039 1205 3253 1272 reproba
3295 1208 3536 1260 condem-

1949 1293 2174 1338 nantem.
2199 1284 2273 1340 De
2299 1285 2383 1340 bis
2405 1297 2551 1343 certe
2575 1289 2824 1346 onmibus
2845 1330 2861 1357 ,
2894 1302 2948 1346 et
2973 1291 3171 1363 Pelagii
3194 1294 3381 1349 eadem
3409 1312 3540 1352 ana-

1951 1373 2343 1430 tltetnatisantis
2384 1376 2664 1434 manifesta
2705 1383 2984 1450 responsio
3021 1392 3138 1447 est,
3168 1394 3224 1440 et
3259 1385 3540 1457 episcOpo-

1951 1482 2069 1522 rum
2096 1467 2195 1523 ista
2223 1468 2586 1526 damnantium
2609 1473 3003 1530 absolutissima
3039 1475 3317 1545 judicatio.
3348 1476 3539 1534 Utrum
3565 1500 3572 1504 -

1950 1574 2015 1614 ea
2053 1559 2295 1630 Pelagius
2313 1601 2328 1627 ,
2364 1576 2433 1616 an
2456 1562 2740 1620 Caelestius
2759 1605 2774 1631 ,
2796 1582 2862 1620 an
2887 1575 3112 1638 uterque
3135 1611 3149 1633 ,
3175 1584 3243 1623 an
3271 1578 3458 1624 neuter
3483 1570 3544 1625 il-

1951 1651 2154 1716 lorum,
2193 1666 2260 1710 an
2287 1653 2377 1707 alii
2402 1655 2516 1710 sive
2539 1671 2660 1711 cum
2687 1657 2847 1730 ipsis,
2879 1659 2994 1715 sive
3031 1659 3132 1716 sub
3174 1659 3391 1717 nomine
3429 1661 3540 1716 illo-

1948 1761 2068 1802 rum
2095 1749 2389 1813 senserint,
2422 1747 2534 1803 sive
2560 1746 2736 1802 adhuc
2782 1749 3013 1805 stantiam
3035 1790 3053 1817 ,
3097 1754 3168 1805 sit
3205 1749 3422 1806 dubium
3453 1750 3538 1808 vel

1949 1839 2216 1894 occultum
2245 1857 2258 1893 :
2284 1840 2414 1895 satis
2446 1849 2620 1894 tamen
2667 1838 2769 1895 hoc
2805 1840 3006 1909 judicio
3038 1841 3368 1898 declaratum
3415 1853 3536 1910 est,

1948 1942 2070 1984 esse
2093 1928 2339 1984 damnata
2363 1968 2378 1994 ,
2407 1937 2462 1984 et
2487 1929 2754 2000 Pelagium
2779 1931 2935 1985 simul
2963 1929 3125 1987 luisse
3150 1931 3532 1998 damnandum,

1949 2019 2053 2076 nisi
2095 2020 2210 2076 tunc
2253 2022 2413 2078 etiam
2459 2023 2573 2093 ipse
2597 2022 2894 2079 damnaret.
2923 2023 3076 2080 Nunc
3112 2035 3258 2082 certe
3287 2036 3405 2096 post
3433 2025 3534 2081 hoc

1943 2109 2245 2181 judicium,
2267 2112 2476 2183 quando
2518 2122 2704 2169 contra
2749 2113 3050 2185 ltujusmodi
3093 2117 3390 2173 sententias
3415 2117 3532 2173 dis-

1950 2211 2226 2272 putamus,
2255 2204 2511 2259 adversus
2554 2203 2857 2260 damnatam
2895 2204 3140 2259 haeresim
3175 2205 3530 2276 disputamus.

2021 2295 2110 2351 51.
2143 2295 2321 2350 Dicam
2359 2297 2518 2360 etiam
2559 2296 2754 2366 aliquid
2781 2297 2954 2352 ltetins
2972 2299 3014 2350 ¹.
3051 2298 3304 2368 Superius
3341 2308 3539 2355 metue-

1949 2384 2072 2441 bam
2093 2384 2290 2455 (Supra
2308 2427 2324 2452 ,
2351 2403 2405 2440 n.
2435 2384 2526 2457 20)
2549 2427 2564 2453 ,
2591 2401 2712 2441 cum
2732 2386 2934 2443 diceret
2963 2388 3204 2458 Pelagius
3221 2429 3238 2455 ,
3267 2390 3538 2459 adjuoaule

1949 2479 2115 2548 gratia
2141 2476 2238 2532 Dei
2271 2493 2416 2549 posse
2443 2494 2553 2533 esse
2587 2479 2840 2534 hominem
2875 2482 2983 2534 sine
3009 2491 3212 2550 peccato
3233 2523 3248 2546 ,
3287 2498 3355 2536 nc
3399 2483 3540 2538 forte

1949 2569 2194 2626 eamdem
2215 2570 2438 2640 gratiam
2470 2571 2870 2640 possibilitatem
2899 2573 3101 2629 diceret
3127 2590 3246 2630 esse
3275 2585 3477 2631 natura:
3504 2595 3537 2632 a

1953 2660 2063 2716 Deo
2089 2660 2319 2716 conditae
2343 2676 2464 2716 cum
2503 2661 2676 2718 libero
2703 2663 2956 2729 arbitrio,
2987 2666 3124 2720 sicut
3168 2667 3222 2720 in
3266 2667 3403 2722 libro
3443 2669 3538 2725 illo

1950 2764 2033 2811 est
2051 2795 2066 2819 ,
2095 2770 2253 2825 quem
2282 2764 2531 2825 tanquam
2559 2755 2676 2826 ejus
2702 2756 2884 2826 accepi
2920 2756 2995 2830 (a)
3016 2799 3032 2825 ,
3057 2759 3142 2812 cui
3174 2760 3456 2829 respondi,
3481 2769 3540 2815 et

1950 2862 2018 2904 eo
2045 2845 2206 2901 modo
2231 2845 2532 2902 nescientes
2555 2847 2764 2916 judices
2787 2845 2998 2903 falleret
3038 2867 3053 2903 :
3091 2864 3233 2904 nunc
3263 2866 3387 2912 vero
3413 2866 3536 2906 cum

1951 2937 2370 2992 anatbematizat
2407 2953 2502 2996 eos
2541 2939 2629 3008 qui
2653 2939 2869 3011 gratiam
2897 2939 2992 2995 Dei
3027 2950 3075 2994 et
3101 2942 3540 3012 adjutoriumuan

1950 3030 2019 3083 ad
2037 3029 2262 3100 singulos
2285 3038 2430 3084 actus
2451 3030 2625 3084 dicunt
2655 3031 2789 3096 dari,
2811 3030 2901 3086 sed
2921 3031 2974 3086 in
3003 3032 3160 3087 libero
3179 3033 3387 3088 arbitrio
3409 3051 3552 3102 esse,

1951 3121 2029 3177 uel
2055 3122 2109 3176 in
2128 3120 2236 3191 lege
2253 3131 2402 3192 atque
2426 3122 2680 3187 doctrina;
2699 3123 2830 3178 satis
2853 3124 3130 3181 evidenter
3155 3137 3395 3196 apparet,
3416 3143 3553 3182 eant.~

1953 3213 2102 3269 illum
2127 3213 2307 3270 dicere
2326 3215 2549 3286 gratiam
2574 3256 2590 3284 ,
2622 3231 2742 3286 qua:
2771 3217 2824 3272 in
2852 3217 3048 3273 Christi
3077 3219 3310 3274 Ecclesia
3341 3221 3537 3289 praedi.-

1953 3312 2119 3372 catur,
2151 3321 2271 3376 qua:
2295 3306 2784 3362 subministratione
2809 3309 2978 3364 sanati
3010 3307 3238 3379 Spiritus
3265 3309 3422 3364 datur
3439 3351 3454 3376 ,
3479 3320 3538 3365 ut

1953 3396 2022 3452 ad
2052 3407 2261 3452 nostros
2279 3405 2429 3453 actus
2449 3398 2686 3468 singulos
2709 3399 3024 3469 adjuvemur
3047 3417 3060 3453 :
3085 3400 3225 3455 unde
3243 3411 3298 3456 et
3319 3415 3538 3456 oramus

1954 3501 2166 3558 semper
2189 3488 2508 3558 adiutorium
2533 3499 2910 3560 opportunum,
2930 3506 2998 3546 ne
3025 3491 3314 3546 inl'eramur
3343 3491 3396 3546 in
3423 3501 3539 3548 ten-

1955 3582 2230 3637 tationem.
2259 3581 2370 3639 Nec
2397 3582 2525 3637 illud
2561 3583 2672 3652 jam
2700 3592 2912 3649 metuo,
2959 3599 3026 3639 ne
3069 3582 3206 3638 forte
3239 3584 3327 3638 ubi
3366 3584 3536 3650 dixit,

1957 3671 2080 3728 Non
2094 3689 2246 3744 .posse
2266 3691 2372 3728 esse
2395 3675 2503 3728 sine
2523 3685 2722 3744 peccato
2741 3717 2757 3742 ,
2784 3676 2879 3730 nisi
2899 3676 2985 3746 qui
3011 3676 3269 3730 scientiam
3302 3676 3427 3747 legis
3445 3677 3538 3730 ha-

1957 3765 2140 3829 buerit,
2174 3775 2332 3836 atque
2361 3765 2412 3820 id
2442 3767 2510 3820 ita
2541 3767 2823 3836 exposuit,
2850 3777 2906 3821 ut
2934 3769 3001 3820 ad
3023 3785 3123 3821 non
3148 3769 3456 3838 peccandum
3483 3771 3538 3823 in

1955 3856 2088 3928 legis.
2105 3857 2364 3911 scientiam
2394 3867 2594 3925 poneret
2619 3857 2927 3927 adiutorium
2957 3858 3183 3928 (Supra,
3212 3876 3264 3912 n.
3293 3859 3372 3929 2),
3391 3875 3541 3914 earn-

1954 3949 2078 4005 dem
2110 3950 2240 4020 legis
2265 3950 2541 4006 scientiam
2571 3950 2663 4005 Dei
2705 3951 2928 4021 gratiam
2955 3952 3083 4006 velit
3129 3953 3370 4023 intelligi.
3402 3954 3540 4008 Ecce

1955 4041 2368 4096 anatltematizat
2410 4041 2500 4111 qui
2546 4040 2647 4097 hoc
2689 4042 2968 4099 sentiunt:
2995 4058 3121 4099 ecce
3168 4058 3266 4099 nec
3296 4053 3538 4100 naturam

1957 4132 2111 4187 liberi
2137 4132 2374 4198 arbitrii,
2405 4148 2505 4188 nec
2533 4134 2702 4204 legem
2741 4145 2898 4205 atque
2927 4134 3222 4190 doctrinam
3251 4137 3367 4191 vult
3391 4137 3544 4195 intel-

1957 4223 2045 4293 ligi
2069 4222 2293 4294 gratiam
2311 4264 2326 4290 ,
2357 4239 2462 4292 qua
2488 4239 2584 4293 per
2610 4234 2760 4280 actus
2784 4225 3021 4296 singulos
3044 4225 3376 4294 adjuvamur.
3403 4227 3545 4294 Quid

1955 4331 2084 4388 ergo
2107 4325 2312 4381 restat,
2342 4317 2442 4371 nisi
2469 4327 2528 4371 ut
2551 4332 2669 4372 eam
2693 4317 3122 4387 intelligatquam
3153 4317 3280 4373 dicit
3305 4321 3538 4388 Aposto-

1956 4408 2070 4474 lus,
2092 4408 2581 4464 subministrationc
2609 4408 2837 4478 Spiritus
2859 4409 3028 4464 sancti
3055 4409 3168 4464 dari
3191 4409 3450 4483 (Philipp.
3483 4428 3538 4478 ι,

1957 4499 2046 4570 i9)
2067 4498 2090 4551 ?
2114 4498 2181 4553 de
2219 4515 2324 4568 qua
2349 4498 2478 4552 dicit
2513 4499 2794 4564 Dominus,
2828 4497 3000 4554 Nolite
3025 4501 3245 4570 cogitare
3285 4502 3537 4571 quomodo

1955 4597 2043 4640 aut
2059 4588 2180 4658 quid
2210 4588 2516 4655 loquamini;
2543 4588 2745 4642 dabitur
2770 4589 2902 4643 enim
2922 4589 3056 4643 'vobis
3082 4590 3135 4642 in
3159 4590 3250 4644 illa
3273 4591 3400 4646 hora
3420 4592 3543 4658 quid

1957 4678 2228 4749 loquamini
2256 4693 2276 4733 :
2297 4694 2397 4732 non
2423 4680 2554 4732 enim
2574 4695 2658 4732 vos
2678 4679 2793 4732 estis
2818 4678 2902 4746 qui
2921 4679 3216 4748 loquimini,
3246 4679 3334 4734 sed
3361 4679 3546 4750 Spiri-

1957 4778 2038 4823 tus
2059 4767 2230 4824 Patris
2245 4770 2391 4824 vestri
2411 4771 2496 4840 qui
2516 4769 2737 4838 loquitur
2765 4770 2817 4823 in
2837 4770 2973 4824 vobis
2997 4768 3208 4842 (Matth.
3232 4787 3288 4836 x,
3315 4772 3401 4838 l9,
3422 4773 3540 4842 20).

1957 4859 2066 4914 Nec
2089 4859 2217 4914 illud
2245 4859 2585 4915 metuendum
2611 4869 2713 4926 est,
2746 4877 2811 4915 ne
2839 4860 2973 4916 forte
2995 4861 3081 4918 ubi
3111 4863 3219 4929 ait,
3246 4859 3432 4918 Otium
3457 4882 3542 4918 vo-

1958 4952 2148 5006 luntate
2187 4953 2394 5022 propria
2422 4954 2525 5024 regi
2545 4969 2566 5018 ;
2596 4951 2756 5024 idque
2790 4953 3068 5023 exposuit,
3099 4954 3213 5010 ideo
3239 4972 3294 5009 se
3312 4956 3502 5011 dixisse
3525 4999 3540 5020 ,

1961 5054 2163 5114 prapter
2186 5044 2395 5098 liberum
2415 5045 2704 5112 arbitrium,
2731 5046 2813 5099 cui
2841 5043 2980 5101 Deus
3005 5048 3208 5118 adjutor
3233 5057 3317 5112 est.
3342 5049 3546 5119 aligenti
3601 5092 3610 5098 .

1959 5136 2089 5190 bona
2116 5135 2346 5206 (Supra,
2377 5153 2430 5190 η.
2457 5136 2534 5208 5),
2561 5137 2721 5192 etiam
2742 5137 2829 5193 hic
2849 5154 2941 5206 per
2966 5147 3204 5193 naturam
3228 5139 3379 5196 liberi
3411 5141 3546 5193 arbi-

1961 5229 2046 5282 trii
2081 5238 2135 5283 et
2170 5243 2266 5298 per
2293 5229 2585 5282 doctrinam
2629 5227 2760 5299 legis
2799 5228 3093 5298 adjutorem
3121 5230 3142 5262 ³
3171 5231 3384 5286 dixerit.
3410 5229 3542 5285 Cmn

1960 5320 2103 5376 enim
2134 5327 2279 5374 recte
2313 5319 2837 5377 anatltematizaverit
2875 5334 2970 5376 eos
2998 5323 3083 5386 qui
3117 5321 3289 5376 dicunt
3331 5324 3546 5392 gratiam

2027 5498 2043 5531 ¹
2076 5497 2378 5560 Colbertinus
2395 5505 2494 5556 ιιι,
2526 5509 2650 5560 spsa.

2025 5561 2046 5592 ¹
2081 5560 2215 5621 aditi,
2241 5557 2398 5608 latius.
2424 5556 2678 5607 Romanum
2703 5557 2958 5621 exemplar
2991 5559 3146 5620 magis
3173 5558 3424 5614 concinne,
3465 5556 3548 5606 lte-

1965 5623 2060 5674 tt'us
2088 5633 2106 5671 :
2130 5619 2179 5669 id
2203 5628 2298 5683 est,
2321 5634 2419 5683 quo
2439 5629 2606 5670 metus
2619 5627 2670 5683 et
2681 5619 2962 5683 sollicitudo
2992 5619 3103 5669 mea
3135 5628 3434 5670 removcatm
3452 5655 3463 5666 .

2033 5685 2054 5717 ³
2087 5681 2306 5732 Nonnulli
2331 5679 2394 5745 ex
2418 5683 2580 5745 editis,
2601 5679 2918 5745 adiutorium.

2030 5745 2110 5818 (ςιλ
2126 5742 2458 5818 Liberrelagil
2475 5755 2504 5818 a
2519 5740 2692 5818 {acopo
2711 5750 2764 5794 et
2777 5742 2980 5793 “rimaslo
2995 5748 3238 5804 acceptus,
3253 5740 3331 5792 cui
3347 5749 3552 5804 respou-

1970 5806 2047 5861 (ιιι
2062 5806 2149 5858 tib.
2169 5806 2236 5857 de
2250 5814 2420 5857 Natura
2442 5813 2494 5856 et
2513 5807 2684 5856 Gratia.
3220 5851 3222 5853 .
