3984 6512
553 353 656 408 339

551 465 652 520 Dei
679 475 725 520 et
745 465 1052 536 adiutorium
1071 479 1170 517 non
1201 461 1269 514 ad
1294 459 1518 530 singulos
1546 469 1686 515 actus
1712 461 1828 515 dari
1847 502 1862 528 ,
1887 463 1975 516 sed
1995 464 2045 517 in
2072 463 2132 516 li-

549 559 670 615 bero
693 557 900 612 arbitrio
934 573 1040 611 esse
1057 597 1070 619 ,
1097 552 1180 609 vel
1196 554 1248 607 in
1279 554 1386 623 lege
1408 569 1467 608 ac
1490 552 1716 608 doctrina
1739 570 1758 609 :
1779 554 2015 624 profecto
2044 556 2132 611 Dei

549 623 717 722 gratia
763 648 847 703 vel
889 646 1208 716 adiutorium
1251 645 1317 699 ad
1362 646 1596 716 singulos
1623 655 1772 701 actus
1799 646 1988 712 datur,
2033 661 2133 701 ex-

549 751 706 811 cepto
733 740 902 795 libero
919 737 1141 792 arbitrio
1159 777 1175 802 ,
1205 736 1287 792 vel
1318 736 1433 806 lege
1460 746 1618 806 atque
1649 736 1923 793 doctrina:
1951 750 2014 791 ac
2039 751 2135 806 per

548 833 653 887 hoc
691 846 784 900 per
810 828 1046 898 singulos
1072 837 1222 883 actus
1247 843 1276 881 a
1305 828 1416 883 Deo
1449 829 1684 898 regimur
1701 869 1716 895 ,
1747 828 1962 898 quando
1989 837 2133 884 recte

545 925 785 995 agimus;
817 937 916 978 nec
944 921 1139 977 frustra
1166 929 1380 976 orantes
1404 919 1632 977 dicimus
1653 962 1668 986 ,
1695 919 1888 975 Itinera
1916 936 2026 974 mea
2055 921 2134 974 di-

542 1019 652 1085 rige
671 1015 950 1071 secundum
977 1013 1181 1068 verbum
1208 1022 1386 1076 tuum,
1416 1027 1480 1066 ne
1503 1009 1786 1066 dominetur
1817 1011 1941 1065 milii
1969 1012 2132 1066 omnis

542 1108 784 1180 iniquitas
817 1106 987 1178 (Psal.
1017 1121 1177 1162 cxvul
1196 1146 1212 1171 ,
1243 1105 1394 1176 155).

616 1198 707 1256 32.
746 1198 852 1254 Sed
879 1197 1018 1268 quod
1046 1197 1143 1252 ista
1171 1197 1434 1267 sequitur,
1486 1208 1574 1249 me
1616 1205 1827 1250 rursum
1857 1193 2128 1250 sollicitat.

544 1290 678 1346 Cum
709 1290 850 1345 enim
872 1288 942 1344 de
967 1287 1151 1358 quinto
1175 1286 1406 1356 capitulo
1433 1284 1551 1339 libri
1577 1284 1817 1340 leestii
1848 1283 1970 1340 huic
1998 1283 2129 1338 fuis-

545 1391 630 1438 set
654 1382 945 1449 objectum,
974 1377 1113 1450 quod
1149 1396 1168 1429 ς
1204 1377 1474 1432 affirmem
1502 1388 1930 1445 unumquemque
1957 1374 2129 1430 homi-

545 1489 668 1529 nem
684 1486 870 1528 omues
886 1472 1106 1526 virtutes
1121 1484 1277 1539 posse
1297 1468 1492 1523 habere
1511 1475 1565 1522 et
1581 1468 1798 1538 gratias,
1815 1475 1871 1522 et
1887 1465 2131 1524 auferant

543 1563 902 1619 diversitatem
924 1562 1233 1632 gratiarum,
1260 1573 1419 1630 quam
1442 1559 1730 1629 Apostolus
1749 1558 1941 1614 docet:
1980 1577 1999 1610 ι
2028 1559 2130 1614 Pe-

543 1656 715 1726 lagius
732 1654 1029 1725 respondit,
1065 1670 1086 1706 σ
1123 1653 1330 1708 Dictum
1350 1659 1433 1707 est
1450 1666 1480 1705 a
1507 1651 1680 1717 nobis,
1711 1651 1806 1707 sed
1827 1650 2055 1722 maligne
2075 1659 2130 1706 et

541 1747 787 1819 imperite
809 1743 1282 1815 reprehenderunt.
1311 1741 1427 1798 Non
1453 1743 1595 1798 enim
1618 1741 1907 1798 auferimus
1929 1742 2128 1813 gratia-

541 1853 661 1894 rum
694 1836 1056 1892 diversitatem
1089 1852 1102 1889 :
1134 1835 1228 1890 sed
1268 1834 1496 1890 dicimus
1537 1834 1738 1890 donare
1761 1835 1927 1890 Deum
1951 1835 2002 1891 ei
2037 1836 2127 1906 qui

541 1927 702 1984 fuerit
745 1927 937 1997 dignus
981 1925 1244 1994 accipere,
1293 1940 1480 1980 omnes
1523 1924 1739 1996 gratias,
1788 1925 1927 1980 sicut
1963 1925 2129 1982 Paulo

540 2017 782 2087 apostolo
802 2017 1038 2071 donavit.
1076 2034 1096 2068 ι
1127 2015 1208 2070 Ad
1246 2016 1347 2070 hoc
1374 2014 1622 2086 Synodus
1648 2015 1782 2070 dixit
1813 2032 1826 2068 :
1864 2034 1884 2068 ι
1919 2015 2123 2072 Conse-

537 2115 767 2176 quenter
787 2116 842 2161 et
867 2106 1228 2161 ecclesiastico
1253 2121 1412 2160 sensu
1441 2113 1497 2160 et
1524 2106 1637 2177 ipse
1661 2107 1872 2161 sensisti
1893 2107 1960 2163 de
1984 2107 2127 2164 dono

536 2200 848 2268 gratiarum,
875 2213 994 2268 qum
1019 2198 1070 2252 in
1093 2204 1278 2252 sancto
1302 2197 1558 2266 Apostolo
1581 2197 1940 2253 continentur.
1978 2215 1999 2250 ι
2029 2198 2127 2256 llic

467 2308 479 2321 ι
535 2290 681 2343 dicet
704 2289 894 2358 aliquis
914 2305 928 2342 :
947 2287 1080 2354 Quid
1107 2302 1237 2357 ergo
1260 2287 1654 2342 sollieitat?.An
1685 2297 1738 2342 tu
1765 2288 1981 2358 negabis
2005 2305 2123 2345 om-

537 2399 635 2439 nes
659 2384 882 2438 virtutes
921 2391 973 2436 et
997 2380 1194 2452 gratias
1235 2379 1397 2435 fuisse
1423 2380 1477 2435 in
1503 2380 1796 2450 Apostolo?
1825 2382 1937 2451 Ego
1973 2395 2122 2450 vero,

537 2475 583 2527 si
603 2473 708 2528 illa:
731 2471 1057 2540 accipiantur
1076 2484 1286 2536 omnes,
1307 2483 1440 2540 quas
1465 2485 1573 2525 uno
1590 2470 1818 2540 quodam
1842 2471 1956 2542 ipse
1979 2473 2123 2543 Apo-

535 2565 708 2622 stolus
751 2564 1188 2620 commemoravit
1225 2562 1364 2630 loco,
1413 2577 1546 2632 quas
1583 2572 1637 2618 et
1659 2563 1938 2634 episcopos
1965 2565 2123 2621 intel-

536 2659 732 2714 lexisse
752 2657 1002 2721 arbitror,
1032 2665 1090 2710 ut
1118 2655 1220 2710 hoc
1246 2655 1620 2725 approbarent,
1642 2664 1696 2710 et
1721 2656 2126 2726 pronuntiarent

543 2769 564 2802 ε
599 2765 760 2806 sensu
797 2749 1158 2806 ecclesiastico
1194 2748 1432 2815 dictum,
1474 2768 1492 2800 ι
1529 2763 1633 2804 non
1673 2764 1764 2803 eas
1800 2749 1986 2806 dubito
2024 2750 2122 2806 ba-

535 2842 719 2898 buisse
760 2841 1058 2912 apostolum
1108 2840 1347 2896 Paulum.
1397 2841 1484 2895 Ait
1515 2841 1656 2896 enim
1704 2857 1717 2893 :
1763 2839 1832 2896 Et
1877 2843 2124 2914 quosdam

535 2933 736 3003 quidem
786 2933 951 3003 posuit
995 2930 1135 2986 Deus
1183 2931 1239 2985 in
1297 2930 1523 2986 Ecclesia
1545 2972 1561 2998 ,
1618 2933 1782 3003 primo
1824 2936 2119 3005 apostolos,

537 3023 759 3079 secundo
800 3023 1070 3092 prophetas
1091 3063 1110 3090 ,
1151 3023 1298 3076 tertio
1349 3023 1576 3078 doctores
1600 3064 1615 3089 ,
1661 3024 1842 3080 deinde
1880 3027 2118 3096 uirtutes,

532 3117 717 3169 deinde
770 3116 1066 3170 donationes
1106 3115 1411 3180 sanitatum,
1457 3116 1744 3188 adjutoria,
1793 3117 2119 3189 gubernatio-

533 3223 642 3270 nes,
674 3223 855 3279 genera
897 3206 1185 3278 linguarum
1217 3205 1273 3279 (Ι
1311 3205 1430 3262 Cor.
1471 3223 1582 3274 xu,
1612 3206 1742 3281 28).
1785 3209 1923 3279 Quid
1951 3211 2120 3283 ergo?

532 3297 772 3354 dicemus
795 3297 932 3368 quod
961 3297 1077 3353 lituo
1100 3297 1277 3352 omnia
1305 3313 1410 3354 non
1433 3297 1674 3354 habuerit
1695 3306 1964 3368 apostolus
1983 3302 2120 3358 Pau-

531 3389 654 3444 lus?
676 3388 805 3457 Quis
837 3387 938 3444 hoc
964 3387 1156 3446 audeat
1175 3389 1391 3446 dicere?
1419 3389 1548 3445 Nam
1583 3404 1651 3445 eo
1682 3389 1798 3460 ipso
1821 3391 1961 3462 quod
1987 3407 2118 3463 apo-

532 3483 699 3538 stolus
726 3491 864 3549 erat,
892 3483 1120 3538 habebat
1149 3483 1330 3554 utique
1358 3484 1732 3553 apostolatum.
1758 3483 1862 3540 Sed
1888 3485 2117 3543 habebat

529 3583 586 3629 et
614 3573 968 3644 prophetiam.
1010 3576 1092 3629 An
1136 3589 1242 3630 non
1274 3575 1549 3645 prophetia
1577 3574 1696 3645 ejus
1737 3576 1859 3631 est?
1889 3577 2115 3647 Spiritus

527 3666 670 3721 enim
692 3666 958 3735 manifeste
976 3666 1116 3734 dicit,
1138 3667 1256 3736 quia
1274 3667 1328 3721 in
1350 3667 1632 3722 novissimis
1655 3669 1959 3738 temporibus
1977 3686 2113 3727 rece-

527 3759 650 3814 dent
671 3759 880 3828 quidam
904 3776 936 3812 a
958 3759 1062 3829 ﬁde
1078 3801 1092 3823 ,
1114 3760 1426 3814 intendentes
1461 3761 1720 3831 spiritibus
1744 3762 2110 3833 seductoribus,

525 3851 768 3905 doctrinis
806 3850 1169 3905 daemoniorum
1218 3851 1237 3922 (
1257 3850 1273 3904 I
1330 3851 1462 3906 Tim.
1506 3868 1579 3918 tv,
1631 3853 1722 3925 l).
1749 3853 1866 3925 Ipse
1903 3866 2020 3913 erat
2058 3868 2113 3914 et

524 3943 698 3996 doctor
719 3939 951 3995 Gentium
974 3942 1026 3996 in
1053 3943 1157 4011 ﬁde
1181 3953 1230 3996 et
1255 3944 1460 3998 ueritate
1479 3943 1592 4011 (Id.
1623 3961 1680 4009 tt,
1713 3945 1776 4017 7)
1802 3962 1816 4002 :
1845 3955 1900 4002 et
1919 3963 2110 4017 opera—

524 4035 680 4088 batur
715 4034 935 4089 virtutcs
959 4045 1013 4089 et
1041 4035 1327 4101 sanitates;
1360 4051 1482 4091 nam
1509 4037 1842 4094 merdentem
1872 4040 2109 4110 viperam

523 4138 683 4178 iiianu
711 4126 946 4180 excussit
975 4125 1136 4179 ill.esa
1164 4125 1301 4195 (Act.
1338 4142 1538 4193 xxvnt,
1564 4129 1598 4182 5
1616 4127 1659 4199 ),
1707 4137 1762 4184 et
1788 4131 2110 4201 paralyticus

520 4214 586 4268 ad
613 4214 832 4269 verbum
859 4215 974 4284 ejus
1000 4215 1243 4271 resﬁtuta
1271 4217 1524 4272 continuo
1553 4219 1724 4274 salute
1743 4222 1972 4276 surrexit
1993 4221 2103 4292 (Id.

524 4319 639 4370 xiv,
670 4305 705 4361 9
721 4305 1064 4376 ).~Adjutoria
1085 4322 1204 4377 quin
1223 4307 1385 4374 dicat,
1408 4309 1692 4364 obscurum
1721 4321 1804 4367 est
1821 4330 1836 4378 ;
1856 4315 2105 4384 quoniam

518 4396 598 4449 vis
643 4395 802 4466 hujus
831 4397 976 4452 verbi
1008 4398 1112 4453 late
1139 4410 1281 4468 patet
1309 4416 1322 4452 :
1351 4401 1468 4470 quis
1499 4407 1677 4457 tamen
1715 4403 1837 4460 huic
1869 4413 1923 4460 et
1952 4407 2104 4462 istam

518 4489 751 4553 gratiam
780 4488 1015 4544 defuisse
1053 4489 1228 4557 dicat,
1259 4505 1354 4560 per
1414 4493 1566 4564 cujus
1594 4493 1828 4561 laborem
1879 4499 2104 4555 salutem

522 4581 797 4640 hominum
829 4583 906 4638 sic
925 4593 1134 4638 constat
1160 4585 1438 4650 adiutam?
1463 4587 1598 4655 Quid
1622 4604 1750 4645 vero
1775 4591 1892 4661 ejus
1915 4598 2107 4664 guber-

519 4672 738 4728 natione
764 4675 1090 4743 prteclarius,
1119 4677 1331 4746 quando
1351 4686 1404 4733 et
1429 4695 1524 4749 per
1550 4695 1671 4735 eum
1696 4682 1952 4742 Dominus
1981 4694 2104 4744 tunc

521 4772 600 4818 tot
633 4764 902 4822 Eeclesias
929 4767 1266 4837 gubernavit,
1297 4780 1352 4826 et
1392 4785 1490 4842 per
1513 4773 1630 4844 ejus
1655 4775 1926 4846 Epistolas
1961 4796 2104 4839 nunc

518 4855 812 4924 gubernat?
832 4856 951 4912 Jam
971 4873 1168 4929 genera
1197 4861 1514 4932 linguarum,
1538 4881 1656 4935 quae
1684 4868 1760 4923 illi
1789 4870 1978 4927 deesse
2003 4889 2102 4943 po-

520 4955 771 5013 tuerunt,
802 4961 922 5003 cum
952 4949 1067 5019 ipse
1090 4949 1260 5014 dicat,
1300 4952 1505 5009 Gratias
1534 4955 1642 5012 Deo
1660 4999 1675 5021 ,
1718 4961 1854 5029 quod
1878 4965 2102 5018 omnium

516 5045 736 5091 vesnum
773 5039 948 5110 lingua
986 5039 1166 5110 loquor
1207 5042 1261 5112 (Ι
1310 5041 1430 5100 Cor.
1482 5061 1596 5110 xiv,
1644 5048 1790 5118 l8)?
1813 5050 1945 5117 Quia
1973 5069 2101 5124 ergo

517 5130 743 5184 istorum
770 5131 1006 5186 omnium
1047 5133 1176 5188 nihil
1219 5135 1464 5204 apostolo
1506 5136 1670 5194 Paulo
1710 5140 1942 5198 defuisse
1978 5159 2098 5200 cre-

516 5220 748 5276 dendum
772 5231 875 5287 est,
916 5234 1194 5294 propterea
1241 5227 1638 5296 responsionem
1669 5229 1888 5303 Pelagii,
1922 5251 1942 5286 ς
1977 5250 2098 5291 om-

514 5329 615 5370 nes
641 5316 839 5386 gratias
865 5316 915 5372 ei
943 5316 1165 5374 donatas
1193 5333 1312 5374 esse
1345 5339 1366 5373 ι
1397 5319 1641 5387 dicentis,
1668 5321 1873 5394 judices
1900 5342 2096 5398 appro-

514 5407 799 5464 baverunt.
826 5409 930 5466 Sed
958 5420 1080 5465 sunt
1108 5421 1163 5465 et
1188 5413 1306 5468 alia:
1338 5413 1523 5482 gratiae
1543 5454 1558 5478 ,
1593 5430 1713 5484 quae
1741 5416 1826 5473 hic
1857 5433 2095 5491 comme-

516 5509 736 5557 moratae
767 5516 872 5558 nou
897 5513 1039 5558 sunt.
1064 5502 1246 5574 Neque
1267 5505 1430 5570 enim,
1455 5508 1698 5577 quamvis
1723 5519 1866 5565 esset
1883 5521 2097 5580 aposto-

516 5592 600 5649 lus
644 5592 838 5650 Paulus
891 5594 1115 5650 multum
1175 5597 1448 5652 excellens
1503 5598 1800 5653 membrum
1851 5603 2094 5672 corporis

516 5683 736 5753 Christi,
779 5685 956 5741 nullas
993 5687 1174 5757 plures
1214 5695 1270 5743 et
1310 5687 1598 5757 ampliores
1647 5689 1847 5760 gratias
1889 5693 2096 5764 accepit

518 5776 692 5848 ipsum
733 5777 892 5835 totius
936 5779 1176 5850 corporis
1212 5789 1392 5852 caput,
1432 5780 1546 5837 sive
1575 5781 1628 5837 in
1658 5797 1840 5852 carne,
1881 5784 1994 5841 sive
2037 5786 2090 5842 in

1589 347 1677 400 DE
1716 300 1960 401 ΟΕδῶιὸ
2005 343 2300 413 PBLAGll,
2339 347 2396 402 S.
2438 349 2802 412 AUGUSTINI

2244 464 2416 518 anima
2451 466 2678 524 hominis
2699 514 2716 539 ,
2745 488 2902 543 quam
2932 488 3225 538 creaturam
3265 501 3409 546 suam
3447 493 3658 559 Verbum
3689 506 3763 566 llei

2243 555 2294 610 in
2327 559 2576 614 unitatem
2604 579 2842 632 persona:
2871 584 3000 631 suae,
3034 583 3091 626 ut
3117 586 3349 634 nostrum
3375 597 3524 654 caput
3561 555 3763 658 esseut;

2239 660 2435 716 corpus
2482 650 2596 720 ejus
2641 667 2901 720 essemus,
2945 667 3246 733 assumpsit.
3278 668 3344 724 Et
3385 650 3558 732 revera
3594 696 3633 736 st
3671 650 3764 744 esse

2239 749 2455 808 possent
2477 742 2530 796 in
2561 745 2784 815 singulis
2808 751 3008 817 omnia,
3037 753 3225 811 frustra
3254 759 3320 814 de
3345 768 3585 823 membris
3607 787 3746 843 conio

2238 830 2314 885 ris
2360 837 2527 891 nostri
2571 838 2638 893 ad
2684 840 2819 897 hanc
2856 857 2971 898 rem
3020 846 3138 902 data
3185 851 3471 911 similitudo
3513 830 3764 926 videretur.

2236 921 2371 980 Sunt
2415 928 2556 983 enim
2611 933 2852 1001 quaedam
2899 941 3201 996 communia
3247 947 3489 1004 omnibus
3527 957 3763 1026 membris,

2236 1014 2373 1071 sicut
2400 1020 2614 1088 sanitas,
2651 1023 2789 1080 sicut
2811 1026 2916 1081 vita
2945 1040 3106 1085 :sunt
3130 1043 3302 1089 autem
3330 1037 3428 1092 alia
3451 1041 3596 1096 etiam
3621 1014 3766 1119 singu:

2243 1107 2310 1163 lis
2335 1114 2568 1182 propria,
2599 1117 2739 1172 unde
2774 1134 2872 1174 nec
2895 1122 3036 1176 auris
3064 1127 3222 1180 sentit
3249 1129 3474 1198 colores,
3498 1150 3590 1190 nec
3613 1107 3767 1199 oculus

2234 1213 2424 1268 voces;
2451 1214 2666 1285 propter
2691 1209 2830 1278 quod
2861 1211 3072 1280 dicitur,
3109 1215 3172 1271 Si
3197 1227 3357 1274 totum
3393 1238 3567 1295 corpus
3600 1233 3763 1301 oculus,

2235 1291 2320 1346 ubi
2341 1295 2546 1352 auditus
2562 1297 2666 1354 i‘Si
2686 1309 2844 1356 totum
2866 1306 3089 1373 auditus,
3109 1308 3196 1363 ubi
3222 1312 3461 1370 odoratus
3478 1291 3531 1388 -(|
3557 1318 3660 1376 Cor.
3687 1291 3765 1393 xu,

2236 1380 2563 1480 ivi-Quod
2579 1389 2791 1458 quidem
2823 1408 2926 1447 non
2954 1394 3024 1450 ita
3052 1396 3264 1466 dicitur,
3291 1380 3533 1471 tanquam
3558 1380 3765 1480 impossi:

2233 1471 2341 1527 bile
2372 1473 2484 1529 Deo
2521 1475 2611 1541 sit,
2645 1487 2698 1534 et
2726 1481 2943 1538 auribus
2969 1495 3220 1554 praestare
3244 1503 3455 1547 sensum
3484 1471 3702 1569 videndi,
3726 1515 3768 1560 et

2233 1562 2406 1661 oculis
2428 1565 2696 1622 audiendi.
2729 1569 2868 1637 Quid
2901 1583 3080 1632 tamen
3113 1575 3273 1634 faciat
3300 1580 3354 1636 in
3378 1582 3562 1640 Christi
3581 1562 3768 1661 corpore

2233 1652 2373 1721 quod
2395 1665 2477 1709 est
2503 1656 2761 1726 Ecclesia,
2787 1671 2840 1717 et
2859 1679 3014 1733 quam
3036 1666 3396 1728 diversitatem
3417 1652 3766 1740 Ecclesiarittn‘

2231 1741 2380 1797 velut
2419 1760 2515 1814 per
2541 1750 2776 1805 membra
2807 1751 3029 1810 diversa
3055 1765 3116 1812 ut
3142 1769 3324 1816 essent
3349 1762 3482 1819 dona
3509 1769 3652 1824 etiam
3677 1773 3767 1828 sin-

2231 1834 2368 1903 gulis
2405 1839 2639 1909 propria,
2688 1843 3066 1915 significaverit
3103 1852 3410 1922 Apostolus,
3439 1869 3627 1916 certum
3656 1870 3765 1922 est’.

2230 1923 2584 2019 Quapropter,
2598 1939 2650 1987 et
2662 1948 2762 2002 qua
2784 1949 2944 1992 causa
2962 1938 3018 1993 hi
3033 1942 3121 2010 qui
3135 1942 3266 1998 illud
3279 1945 3595 2019 objecerunt,
3608 1955 3767 2013 auferri

2231 2016 2498 2074 noluerint
2517 2020 2821 2080 distantiam
2847 2029 3156 2098 gratiarum,
3189 2042 3246 2090 et
3269 2051 3373 2106 qua
3400 2053 3550 2096 causa
3570 2016 3766 2120 episcopi

2229 2117 2447 2179 propter
2475 2111 2693 2170 Paulum
2722 2120 3044 2190 apostolum,
3078 2124 3130 2178 in
3164 2141 3273 2196 quo
3303 2127 3438 2184 dona
3468 2111 3649 2201 omnia,
3675 2111 3767 2208 qua:

2230 2200 2350 2257 loco
2386 2219 2494 2259 uno
2535 2213 3011 2282 commemoravit,
3039 2219 3381 2286 agnoscimus
3403 2262 3419 2288 ,
3451 2223 3501 2278 id
3543 2227 3668 2295 quod
3688 2200 3768 2285 ’τε-

2229 2293 2443 2363 spondit
2464 2295 2708 2369 Pelagius
2729 2303 2997 2370 potuerint
3016 2309 3340 2378 approbare,
3355 2312 3460 2381 jam
3483 2293 3665 2372 clarum
3690 2331 3768 2376 est.

2299 2382 2388 2438 55.
2415 2384 2551 2452 Quid
2577 2396 2661 2442 est
2681 2404 2832 2461 ergo,
2859 2393 3002 2450 unde
3032 2412 3116 2451 me
3138 2398 3203 2454 de
3244 2399 3345 2455 hoc
3371 2404 3588 2474 capitulo
3609 2410 3769 2466 sollici-

2230 2479 2340 2527 tum
2370 2474 2563 2531 factum
2589 2493 2709 2534 esse
2734 2482 2996 2551 praedixi?
3019 2485 3132 2543 Hoc
3156 2489 3432 2558 videlicet,
3461 2497 3592 2563 quod
3616 2499 3679 2552 ait
3695 2499 3770 2556 Pc-

2229 2563 2419 2636 lagius,
2456 2585 2476 2620 ¢
2510 2569 2721 2628 Donare
2750 2573 2913 2630 Deum
2945 2578 3013 2642 ei,
3043 2580 3130 2648 qui
3153 2581 3323 2636 fuerit
3347 2582 3531 2656 dignus
3551 2590 3767 2660 accipere,

2232 2670 2420 2712 omnes
2449 2661 2669 2729 gratias,
2701 2664 2842 2719 sicut
2871 2666 3038 2723 Paulo
3074 2674 3328 2741 apostolo
3355 2675 3578 2733 donavit.
3613 2699 3632 2733 ι
3659 2681 3770 2739 Nihil

2227 2759 2403 2801 essem
2445 2749 2512 2805 de
2552 2750 2655 2807 hac
2681 2753 2798 2824 ejus
2840 2761 3189 2828 responsione
3215 2765 3515 2838 sollicitus,
3547 2771 3636 2827 nisi
3658 2777 3768 2844 quod

2236 2835 2432 2892 attinet
2453 2839 2520 2894 ad
2555 2839 2695 2898 hanc
2721 2858 2958 2914 causam,
2996 2850 3148 2920 cujus
3172 2856 3413 2913 maxime
3439 2835 3555 2915 cura
3580 2835 3768 2933 gerenda

2229 2937 2336 2997 est,
2367 2943 2436 2986 ne
2464 2933 2664 2991 scilicet
2688 2939 2856 3007 gratia
2891 2940 3004 3006 Dei,
3028 2944 3182 3001 nobis
3213 2951 3513 3008 tacentibus
3539 2963 3588 3010 et
3607 2964 3769 3013 tantum

2226 3022 2428 3078 malum
2458 3025 2949 3102 dissimulantibus,
2996 3050 3364 3108 oppugnetur.
3399 3043 3523 3099 Cum
3557 3033 3768 3118 ergo'non

2223 3115 2316 3177 ait,
2374 3115 2583 3174 Donare
2633 3120 2800 3176 Deum
2855 3125 2940 3180 cui
2990 3129 3266 3194 voluerit;
3311 3133 3402 3189 sed
3439 3136 3569 3201 ait,t
3599 3115 3767 3196 Donate
3829 3156 3831 3159 ·

2225 3206 2394 3264 Deum
2419 3211 2490 3278 ei,
2514 3213 2603 3283 qui
2629 3213 2792 3271 fuerit
2811 3217 3002 3289 dignus
3022 3224 3299 3293 accipere,
3327 3241 3506 3286 omnes
3522 3233 3716 3300 gratias;
3746 3253 3760 3287 ι

2221 3314 2327 3355 non
2351 3303 2520 3371 potui,
2539 3320 2660 3360 cum
2683 3307 2938 3378 legerem,
2963 3328 3069 3368 non
3091 3329 3212 3371 esse
3231 3320 3604 3390 suspiciosus'.
3627 3323 3766 3395 Ipsum
3796 3384 3801 3388 ,

2219 3392 2417 3462 quippe
2441 3395 2626 3465 gratiae
2656 3413 2852 3455 nomen
2890 3411 2946 3457 et
2983 3405 3098 3474 ejus
3128 3411 3373 3467 nominis
3398 3392 3674 3473 intellectus
3695 3433 3768 3472 an-

2219 3481 2409 3552 fertur,
2456 3485 2499 3540 si
2527 3499 2633 3542 non
2662 3491 2832 3560 gratis
2874 3492 3052 3561 datur,
3084 3499 3178 3553 sed
3218 3515 3348 3556 eam
3383 3504 3471 3574 qui
3510 3505 3768 3577 dignus'est

2217 3575 2432 3644 accipit.
2465 3578 2547 3631 An
2580 3578 2716 3636 forte
2743 3583 2864 3652 quis
2883 3583 3044 3650 dicet,
3075 3589 3347 3659 Apostolo
3372 3609 3458 3651 me
3482 3575 3768 3670 facereinju-

2220 3663 2376 3730 riam,
2403 3666 2525 3734 quia
2565 3683 2686 3723 eum
2716 3673 2886 3741 gratia
2913 3674 3130 3745 dignum
3159 3679 3332 3738 fuisse
3368 3699 3473 3739 non
3506 3685 3648 3742 dico?
3681 3663 3767 3743 lino

2218 3762 2346 3810 tunc
2385 3757 2521 3812 facio
2561 3769 2615 3813 et
2644 3759 2718 3816 illi
2761 3762 3028 3833 injuriam,
3062 3777 3116 3823 et
3145 3771 3286 3827 mihi
3325 3788 3549 3844 plenam,
3584 3778 3624 3833 si
3654 3779 3766 3849 quod

2215 3845 2332 3916 ipse
2354 3847 2502 3916 dicit,
2530 3865 2635 3906 non
2673 3853 2858 3910 credo.
2886 3857 2967 3910 An
3001 3858 3089 3914 ille
3109 3862 3344 3930 gratiam
3389 3881 3492 3922 non
3524 3867 3589 3923 ita
3609 3845 3768 3924 delini-

2219 3938 2314 4001 vit,
2365 3947 2427 4030 ut
2470 3955 2589 3996 eam
2633 3943 2728 4008 sic,
2785 3947 2926 4016 quod
2979 3948 3197 4007 daretur
3243 3957 3441 4025 gratis,
3494 3961 3767 4030 appellatam

2214 4027 2564 4085 ostenderet?
2589 4031 2792 4104 Nempe
2822 4036 2934 4106 ipse
2962 4039 3094 4095 dixit
3123 4056 3143 4096 :
3182 4041 3244 4100 Si
3287 4057 3453 4103 autem
3478 4027 3656 4122 gratia,
3675 4053 3768 4123 jam

2211 4135 2332 4176 non-
2358 4138 2422 4176 ea:
2462 4124 2728 4194 operibus;
2773 4128 3001 4203 alioquin
3049 4136 3212 4204 gratia
3242 4139 3366 4208 iam
3399 4159 3497 4196 non
3534 4155 3600 4198 est
3633 4146 3769 4216 gratia

2213 4208 2389 4280 (Rom.
2417 4229 2492 4278 xt,
2518 4214 2597 4285 6).
2629 4215 2782 4274 Unde
2807 4219 2934 4275 item
2955 4221 3090 4280 dixit
3116 4243 3130 4281 :
3155 4226 3222 4281 Ei
3243 4239 3420 4285 autem
3445 4235 3528 4303 qui
3544 4208 3765 4305 operatur,

2218 4317 2404 4357 merces
2429 4320 2529 4359 non
2556 4307 2838 4378 imputatur
2857 4314 3132 4368 secundum
3155 4321 3397 4388 gratiam,
3429 4324 3515 4377 sed
3531 4326 3769 4379 secundum

2211 4394 2432 4449 debitum
2463 4396 2572 4466 (Id.
2595 4414 2673 4466 tv,
2697 4400 2776 4472 4).
2801 4403 3050 4475 Quisquis
3069 4423 3197 4479 ergo
3221 4411 3418 4484 dignus
3437 4425 3537 4484 est,
3560 4416 3768 4473 debitum

2210 4495 2294 4540 est
2323 4487 2408 4552 ei;
2439 4487 2488 4542 si
2527 4500 2702 4547 autem
2731 4493 2968 4550 debitum
2999 4509 3082 4554 est
3104 4540 3119 4567 ,
3145 4504 3318 4572 gratia
3349 4521 3455 4562 non
3482 4518 3560 4565 est
3585 4525 3598 4564 :
3625 4509 3767 4579 gratia

2209 4577 2404 4648 quippe
2432 4581 2684 4650 donatur,
2716 4583 2956 4641 debitum
2984 4590 3244 4650 redditur.
3276 4595 3459 4653 Gratia
3483 4615 3604 4670 ergo
3627 4577 3768 4654 dona-

2210 4675 2297 4762 tur
2325 4670 2577 4762 indignis,
2609 4683 2666 4729 ut
2691 4676 2947 4734 reddatur
2973 4680 3208 4739 debitum
3237 4686 3455 4759 dignis:
3485 4692 3594 4762 ipse
3614 4702 3766 4747 autem

2209 4757 2335 4816 facit
2354 4772 2408 4816 ut
2431 4761 2663 4820 habeant
2681 4781 3033 4842 quaecumque
3057 4757 3366 4836 redditurus
3389 4792 3471 4838 est
3490 4757 3670 4855 dignis,
3691 4783 3768 4854 qui

2207 4865 2268 4906 ea
2293 4867 2411 4922 qua:
2443 4871 2546 4909 non
2580 4855 2846 4914 habebant
2872 4861 3090 4920 donavit
3117 4866 3371 4940 indignis.

2277 4944 2369 5000 54.
2399 4945 2510 5002 Hoc
2531 4947 2666 5006 forte
2691 4949 2871 5008 dicet:
2899 4953 3014 5025 Ego
3038 4971 3143 5012 non
3183 4975 3250 5015 ex
3291 4963 3562 5032 operibus,
3591 4963 3680 5019 sed
3713 4979 3766 5019 ex

2206 5033 2310 5089 ﬁde
2334 5034 2443 5126 dixi
2468 5037 2785 5107 Apostolum
2807 5043 3024 5116 dignum
3048 5048 3232 5116 fuisse,
3255 5055 3341 5108 cui
3369 5063 3528 5111 tanta:
3553 5057 3651 5113 illae
3673 5071 3770 5126 gra-

2207 5130 2297 5180 tia:
2315 5125 2677 5196 donarentur;
2707 5149 2813 5188 non
2835 5137 2980 5191 enim
3005 5153 3192 5209 opera,
3219 5157 3340 5214 qua:
3369 5145 3507 5200 bona
3535 5157 3652 5201 ante
3676 5125 3766 5198 non

2204 5215 2409 5283 habuit,
2433 5219 2527 5276 sed
2559 5231 2734 5278 tamen
2765 5225 2898 5282 ﬁdes
2915 5227 3032 5299 ejus
3053 5230 3156 5287 hoc
3191 5235 3408 5290 meruit.
3436 5237 3568 5304 Quid
3601 5237 3766 5292 enim:

2205 5317 2453 5378 putamus
2475 5311 2617 5381 quod
2644 5311 2779 5370 ﬁdes
2799 5331 2904 5371 non
2930 5321 3224 5388 operetur?
3251 5323 3368 5378 lmo
3397 5326 3508 5395 ipsa
3531 5325 3763 5381 veraciter

2203 5407 2470 5468 operatur,
2500 5415 2619 5471 qua:
2647 5417 2743 5473 per
2768 5404 3108 5465 dilectionem
3135 5421 3387 5483 operatur
3418 5413 3609 5486 (Galat.
3627 5429 3676 5482 v,
3698 5413 3754 5483 6}

2266 5551 2284 5618 ξ
2307 5557 2464 5618 Forte,
2484 5553 2769 5618 gratiarum.

2263 5612 2285 5680 ξ
2320 5614 2449 5680 Apud
2471 5612 2626 5680 Suam,
2645 5617 2883 5673 inseritur:
2899 5630 2986 5675 est.

2264 5675 2734 5757 ῗξρὲιίιὲιέὲξέεξτιδ·
2757 5690 2906 5757 Bene.
2941 5688 3182 5757 είιιιξιᾴθω
3221 5704 3370 5757 pra
3403 5692 3666 5757 legeretur.
3687 5702 3768 5740 παι

2264 5700 2285 5707 ν
2308 5700 2734 5788 cuit-ruamus.
2757 5700 2906 5747 bene,
2937 5700 3182 5803 metu
3221 5704 3370 5764 pra
3403 5700 3666 5757 legeretur.
3687 5702 3768 5740 Μ

2200 5740 2630 5866 ἔξωθὲἷί
2639 5743 2920 5812 legendum,
3089 5757 3167 5802 tus
3177 5773 3198 5817 ,-
3213 5764 3294 5807 aut
3305 5763 3448 5819 juxta
3468 5755 3768 5808 Galbanum

2270 5829 2304 5859 ι,
2325 5814 2630 5859 mutemus.
