3984 6516
254 350 334 408 SH
1668 343 1869 397 LIBER
1911 342 2110 400 UNUS.

249 461 835 535 Quantumlibetautem
848 480 1012 534 opera
1026 463 1310 518 inﬁdelium
1328 457 1848 530 pra-dicentnr,,ejns-

251 559 354 614 dem
378 555 612 625 apostoli
651 556 990 611 sententiam
1022 567 1196 609 verum
1220 550 1464 605 novimus
1489 558 1543 603 ct
1573 547 1844 614 invictam,

257 653 394 707 Omne
416 648 556 719 quod
585 663 698 702 non
721 657 798 702 est
842 664 907 702 ea:
945 647 1078 716 ﬁde,
1111 651 1364 715 peccatum
1403 651 1474 695 est
1505 641 1685 713 (llam.
1732 655 1842 705 xw,

252 744 356 809 25).
382 740 507 796 Ideo
524 754 662 795 vero
679 754 832 809 saepe
850 739 1002 805 dicit,
1022 753 1124 791 non
1142 751 1206 790 ex
1223 734 1493 802 operibus,
1517 730 1610 786 sed
1630 747 1693 785 ex
1717 731 1840 794 ﬁde,

250 835 385 892 nobis
404 832 685 903 justitiam
708 829 986 902 deputari,
1011 844 1132 884 cum
1149 825 1320 897 potius
1343 823 1471 878 ﬁdes
1494 839 1586 892 per
1606 822 1845 877 dilectio-

249 941 353 982 nem
380 933 674 994 operetur,
709 937 781 978 ne
807 922 1089 993 quisquam
1112 918 1375 975 existimet
1399 914 1466 969 ad
1493 915 1661 984 ipsam
1684 913 1838 969 fidem

249 1015 444 1070 meritis
471 1029 710 1085 operum
741 1011 1036 1084 perveniri,
1062 1025 1182 1066 cum
1210 1009 1322 1078 ipsa
1348 1007 1416 1061 sit
1445 1006 1672 1071 initium,
1701 1003 1841 1059 unde

249 1110 372 1166 luna
397 1120 572 1176 opera
602 1104 910 1175 incipiunt;
943 1100 1215 1172 quoniam,
1249 1108 1308 1153 ut
1334 1097 1531 1152 dictum
1565 1105 1669 1162 est,
1701 1095 1843 1166 quod

245 1219 302 1257 cs
330 1202 440 1268 ipsa
471 1214 587 1253 non
612 1206 720 1264 est,
753 1204 1029 1268 peccatum
1059 1203 1161 1250 est.
1189 1193 1325 1247 Hinc
1351 1201 1405 1248 et
1431 1191 1681 1247 Ecclesia:
1714 1189 1845 1244 dici-

245 1307 320 1348 tur
340 1293 390 1346 in
422 1290 665 1346 Cantico
693 1291 1052 1353 canticorum,
1086 1285 1285 1350 Venies,
1315 1299 1362 1339 et
1382 1284 1591 1338 transies
1615 1282 1677 1336 ab
1701 1282 1844 1336 initio

242 1386 350 1453 fidei
374 1382 568 1454 (Cant.
615 1399 692 1446 tv,
739 1382 796 1448 8,
836 1399 939 1437 sec.
982 1378 1185 1448 LXX).
1221 1377 1557 1446 Quapropter
1598 1373 1845 1446 quamvis

241 1481 366 1532 bene
399 1474 676 1545 Operandi
704 1467 932 1544 gratiam
979 1472 1113 1528 ﬁdes
1151 1473 1445 1540 impetret:
1486 1469 1651 1538 ipsam
1697 1476 1845 1522 certe

241 1568 390 1623 ﬁdem
425 1575 489 1621 ut
510 1565 864 1627 haberemus,
891 1563 1033 1619 nulla
1064 1563 1167 1618 ﬁde
1207 1561 1528 1626 meruimus,
1559 1559 1653 1615 sed
1698 1561 1748 1614 in
1779 1574 1841 1613 ea

238 1658 386 1714 nobis
411 1657 619 1720 danda,
671 1658 726 1711 in
765 1671 869 1726 qua
899 1654 1179 1710 Dominum
1221 1667 1585 1722 sequeremur,
1632 1650 1843 1705 miseri-

237 1749 410 1804 cordia
439 1750 570 1818 ejus
605 1748 870 1819 praevenit
907 1763 1002 1801 nos
1037 1744 1211 1817 (Psal.
1239 1760 1385 1810 LVIII,
1417 1742 1528 1814 ll).
1560 1745 1638 1802 An
1672 1743 1840 1812 ipsam

235 1842 381 1896 nobis
407 1856 511 1895 nos
541 1841 819 1904 dedimus,
851 1849 906 1894 et
933 1839 1032 1910 ipsi
1063 1852 1161 1901 nos
1195 1839 1339 1907 ipsos
1366 1836 1548 1891 ﬁdeles
1575 1834 1843 1891 fecimus?

236 1935 458 1988 Prorsus
485 1932 661 1986 etiam
693 1930 782 1985 hic
817 1931 1082 1996 clamabo,
1117 1929 1236 1999 Ipse
1261 1929 1382 2000 fecit
1403 1944 1514 1994 nos,
1545 1936 1713 1982 etnon
1747 1926 1846 1997 ipsi

223 2042 319 2088 ,nos
348 2022 522 2093 (Psal.
561 2039 718 2090 xcrx,
743 2024 824 2094 3).
847 2022 991 2078 Nihil
1015 2036 1139 2076 vero
1165 2019 1309 2074 aliud
1334 2020 1621 2090 apostolica
1644 2019 1842 2074 doctri-

237 2132 298 2170 ua
320 2115 699 2176 curmmendat,
727 2115 817 2167 ubi
843 2115 917 2168 ait
948 2131 961 2166 :
997 2111 1122 2166 Dico
1148 2121 1315 2166 autem
1347 2128 1436 2180 per
1471 2111 1692 2182 gratiam
1724 2109 1836 2176 Dei,

241 2223 342 2275 quc
361 2208 478 2258 data
507 2216 585 2259 est
610 2205 766 2271 milii,
795 2205 1027 2259 omnibus
1063 2203 1151 2272 qui
1183 2212 1301 2258 sunt
1329 2203 1383 2256 in
1411 2202 1568 2265 vobis,
1597 2218 1696 2255 non
1728 2201 1843 2270 plus

248 2316 429 2368 sapere,
461 2315 619 2368 ᾳιαηι
661 2308 862 2369 oportet
889 2314 1085 2368 sapere,
1130 2296 1218 2351 sed
1248 2313 1424 2366 sapere
1460 2296 1527 2348 ad
1551 2309 1839 2364 temperan-

244 2393 375 2454 tiam,
404 2393 529 2445 sicut
554 2391 839 2461 unicuique
867 2390 1009 2445 Deus
1047 2391 1265 2462 partitus
1287 2398 1362 2445 est
1399 2405 1683 2443 mensuram
1722 2389 1842 2457 ﬁdei

236 2483 406 2553 (Rom.
434 2499 539 2548 xu,
575 2483 656 2552 3).
694 2483 836 2537 Hinc
877 2490 962 2536 est
1004 2481 1201 2551 quippe
1241 2489 1296 2536 et
1334 2476 1460 2535 illud
1494 2496 1509 2533 :
1550 2479 1684 2544 Quid
1708 2481 1841 2534 enim

228 2575 378 2628 babes
397 2575 537 2642 quod
569 2592 672 2628 non
704 2575 944 2644 accepisti
971 2572 1026 2646 (Ι
1055 2573 1172 2628 Cor.
1197 2589 1270 2640 tv,
1293 2571 1387 2643 7)?
1407 2571 1630 2638 Quando
1651 2579 1708 2625 et
1738 2571 1839 2625 hoc

231 2668 570 2736 accepimus,
594 2666 738 2721 unde
780 2667 972 2737 incipit
1011 2665 1264 2738 quidquid
1309 2665 1362 2720 in
1409 2664 1606 2720 nostris
1631 2663 1838 2718 actibus

239 2756 511 2812 [satiemus
532 2758 675 2812 boui.

321 2849 420 2905 55.
452 2849 592 2917 Quid
609 2858 683 2903 est
707 2863 833 2919 ergo
849 2847 993 2919 quod
1011 2847 1147 2903 idem
1170 2847 1298 2902 dicit
1325 2847 1616 2917 apoSIolus,
1642 2846 1841 2902 Bonum

250 2948 502 2992 certamen
532 2939 731 3003 ccrtaoi,
752 2955 964 2993 cursum
991 2937 1352 3004 consummaui,
1377 2938 1532 3006 ﬁdem
1550 2937 1761 3004 servavi;
1778 2937 1841 2992 de

255 3043 429 3085 cetera
445 3042 668 3099 superest
695 3031 822 3085 mihi
854 3048 1044 3085 corona
1063 3030 1302 3103 justitite,
1333 3045 1485 3100 quam
1516 3028 1690 3083 reddet
1717 3029 1840 3084 mihi

250 3124 491 3178 Dominus
514 3126 568 3178 in
592 3124 683 3177 illo
719 3124 804 3178 die
829 3125 1002 3196 justus
1023 3124 1185 3194 judea:
1209 3121 1284 3195 (ll
1312 3122 1441 3176 Tim.
1473 3137 1546 3187 tv,
1573 3122 1626 3188 7,
1658 3121 1757 3192 8);
1794 3122 1839 3176 si

244 3217 357 3272 inec
393 3233 498 3272 non
550 3218 852 3273 redduntur
894 3217 1088 3287 dignis,
1133 3215 1227 3270 sed
1264 3214 1531 3270 donantur
1574 3213 1841 3284 indignis?

246 3309 353 3363 lloc
375 3309 465 3378 qui
499 3308 658 3376 dicit,
702 3325 889 3379 parum
917 3307 1220 3363 considerat
1256 3321 1509 3384 coroqam
1549 3305 1697 3360 reddi
1731 3321 1840 3361 non

191 3401 194 3407 ’
250 3404 480 3472 potuisse
518 3403 711 3472 digno,
761 3403 865 3457 nisi
906 3402 1075 3472 gratia
1129 3400 1250 3454 data
1295 3409 1438 3454 esset
1475 3399 1712 3466 indigno.
1752 3399 1842 3453 Ait

249 3497 405 3558 enim,
450 3493 659 3547 Bonum
699 3504 953 3547 certamen
1001 3491 1183 3545 certari
1209 3507 1228 3546 :
1257 3490 1352 3545 sed
1403 3490 1540 3545 idem
1589 3490 1702 3558 ipse
1744 3489 1838 3555 ait,

253 3585 446 3641 Gratias
479 3586 612 3652 Dea,
643 3585 730 3657 qui
761 3585 902 3639 dedit
941 3583 1081 3638 nobis
1123 3583 1383 3638 uictoriam
1432 3598 1521 3652 per
1563 3580 1840 3635 Dominum

256 3689 469 3732 nostram
490 3675 524 3730 J
533 3693 674 3730 esum
700 3676 981 3730 Christrum
1003 3674 1191 3747 (lCor.
1217 3688 1312 3737 xv,
1336 3673 1459 3742 57).
1484 3673 1598 3737 Ait,
1628 3671 1843 3727 Cursum

259 3769 592 3824 consmnmavi
622 3785 642 3822 :
666 3769 763 3823 sed
793 3767 907 3838 ipse
932 3767 1067 3821 idem
1091 3766 1198 3827 ait,
1234 3763 1356 3819 Non
1391 3765 1599 3820 volentis
1619 3807 1634 3831 ,
1682 3780 1843 3834 neque

261 3862 514 3926 canentis,
543 3861 634 3916 sed
659 3861 942 3915 miserantis
966 3869 1038 3914 est
1071 3858 1164 3912 Dei
1208 3857 1398 3930 (Rom.
1432 3873 1507 3924 ιχ,
1558 3858 1624 3911 lli
1648 3855 1690 3928 ).
1730 3856 1840 3921 Ait,

268 3956 436 4011 Fidem
461 3957 655 4013 servavi
680 3973 700 4011 :
730 3955 830 4012 sed
862 3957 975 4026 ipse
1002 3954 1142 4010 idem
1168 3955 1262 4018 ait,
1295 3954 1416 4009 Scio
1443 3953 1572 4007 enim
1608 3953 1692 4006 cui
1731 3968 1843 4006 cre-

267 4050 384 4114 didi,
430 4058 478 4102 et
525 4058 693 4102 certus
736 4065 850 4102 sum
882 4047 1000 4119 quia
1031 4056 1206 4117 potens
1251 4055 1323 4100 est
1360 4045 1640 4113 depositum
1676 4059 1843 4096 meum

268 4159 454 4196 mare
476 4145 529 4196 in
549 4143 698 4196 illum
724 4142 857 4195 diem
874 4141 938 4211 (Il
963 4140 1097 4195 Tim.
1119 4139 1283 4210 1,12),
1306 4138 1355 4192 id
1379 4146 1482 4204 est,
1506 4135 1845 4192 commenda-

269 4245 370 4290 tum
395 4251 571 4291 eum
605 4252 619 4288 :
651 4250 777 4290 nam
805 4234 1019 4289 codices
1043 4232 1282 4288 nonnulli
1313 4246 1418 4286 non
1442 4230 1655 4294 habent,
1683 4229 1843 4300 depo-

266 4329 410 4382 situm
430 4343 449 4391 ;
473 4328 569 4383 sed
597 4327 744 4398 quod
766 4336 850 4382 est
873 4326 1078 4396 planius
1093 4365 1110 4391 ,
1148 4324 1566 4378 conuueudatum.
1590 4321 1726 4388 Quid
1752 4337 1848 4376 au-

267 4429 369 4474 tem
390 4419 832 4474 commendamus
863 4418 990 4486 Deo,
1021 4415 1121 4470 nisi
1140 4415 1292 4485 quas‘
1315 4428 1530 4468 oramus
1558 4422 1616 4466 ut
1643 4420 1842 4477 servet,

265 4514 315 4567 in
342 4514 530 4583 quibus
567 4521 626 4567 et
651 4511 766 4580 ipsa
801 4520 883 4566 est
921 4510 1053 4564 ﬁdes
1097 4507 1316 4562 nostra?
1356 4506 1487 4560 Nam
1535 4504 1660 4574 quid
1701 4504 1845 4559 aliud

263 4605 497 4670 apostolo
519 4603 598 4673 (a)
621 4603 782 4657 Petro
799 4601 1051 4655 Dominus
1064 4596 1453 4654 commendavit
1464 4594 1688 4658 orando,
1707 4586 1848 4650 unde

266 4694 336 4748 illi
363 4696 456 4762 ait,
483 4694 595 4765 Ego
623 4693 797 4764 rogari
821 4708 913 4764 pro
941 4701 989 4746 te
1007 4732 1022 4758 ,
1067 4690 1235 4755 Patre,
1271 4705 1332 4743 ne
1369 4688 1570 4757 deﬁciat
1594 4687 1721 4756 fides
1760 4694 1846 4739 tua

262 4784 422 4852 (Luc.
451 4801 583 4850 χχιι,
616 4784 756 4856 52);
799 4783 899 4838 nisi
924 4791 981 4836 ut
1004 4780 1120 4853 ejus
1146 4780 1285 4834 Deus
1309 4786 1547 4834 servaret
1571 4778 1751 4844 ﬁdem,
1782 4793 1848 4832 ne

263 4878 536 4933 tentationi
553 4875 798 4932 cedendo
816 4873 1102 4929 deﬁceret?
1117 4871 1398 4938 Quocirca,
1416 4886 1448 4924 ο
1465 4870 1617 4924 beate
1638 4867 1844 4933 Paulo”,

263 4987 448 5042 magne
484 4971 676 5042 gratim
711 4969 1052 5039 praedicator,
1080 4965 1286 5031 dicam,
1311 4979 1412 5020 nec
1451 4965 1664 5019 timeam
1693 4961 1847 5034 (quis

259 5067 404 5120 enim
429 5065 559 5120 mihi
600 5063 774 5116 minus
812 5059 1151 5116 succensebit
1191 5059 1292 5113 ista
1325 5056 1544 5122 dicenti,
1571 5071 1726 5125 quam
1766 5064 1844 5120 tu,

259 5157 414 5225 quiea
459 5152 688 5210 dicenda
719 5151 906 5209 dixisti
934 5161 990 5206 et
1033 5149 1274 5206 docenda
1315 5148 1612 5217 docuisti?)
1641 5146 1844 5210 dicam,

260 5251 475 5318 inquam
497 5289 515 5312 ,
546 5261 650 5302 nec
678 5246 894 5300 timeam
942 5261 956 5298 :
1003 5243 1244 5299 redditur
1270 5241 1482 5311 quidem
1513 5239 1719 5294 meritis
1747 5239 1851 5294 tuis

259 5354 454 5394 corona
474 5354 594 5400 sua,
618 5337 716 5394 sed
742 5337 836 5392 Dei
856 5337 991 5391 dona
1014 5344 1136 5390 sunt
1167 5335 1353 5394 merita
1377 5341 1485 5388 tua.

330 5434 421 5489 '56.
454 5431 719 5489 Redditur
745 5445 874 5502 ergo
901 5430 1136 5485 debitum
1168 5427 1446 5498 praemium
1485 5424 1741 5494 Apostolo
1766 5423 1853 5477 di-

261 5537 373 5594 gno
397 5541 412 5578 :
438 5523 537 5578 sed
561 5525 741 5594 ipsum
759 5521 1110 5592 apostolatum
1137 5520 1427 5576 indebitum
1445 5517 1615 5590 gratia
1637 5515 1658 5547 ³
1685 5515 1849 5571 dona-

330 5638 348 5668 ⁸
375 5637 587 5686 Iseon).
609 5640 697 5685 Is.
724 5641 781 5698 at
801 5633 938 5698 editi,
955 5630 1038 5696 qui
1056 5645 1073 5694 ;
1094 5639 1207 5698 aut,
1230 5629 1377 5698 quod.

326 5699 351 5728 ³
384 5704 484 5747 Duo
513 5704 646 5757 Ias,
665 5709 698 5745 ο
719 5694 1149 5757 ὺεηεάίριεραυιε.

327 5760 353 5792 ³
383 5761 497 5821 ausu
506 5749 753 5821 plerique,
770 5753 1433 5821 gratimmlbcrtinuscodex
1444 5759 1658 5813 etSuar.,
1673 5749 1846 5816 gratia.

331 5819 407 5884 (tt)
435 5816 592 5884 Forte,
616 5816 680 5871 de
702 5816 929 5884 apostolo.

3427 360 3537 416 Si?

1950 460 2027 510 vit
2067 457 2300 530 indigno.
2348 464 2428 517 Au
2472 463 2573 521 hoc
2615 483 2701 522 me
2742 469 2941 528 dixisse
2980 475 3293 543 pmoitcbiti
3333 480 3529 536 Absit:

1949 549 2067 619 ejus
2116 553 2259 608 enim
2317 557 2618 614 testimonio
2669 561 2737 617 ab
2785 563 2884 621 hac
2933 567 3127 626 invidia
3173 572 3531 643 defensabor.

1951 657 2050 696 nec
2089 659 2175 698 me
2202 644 2478 718 quisquam
2524 653 2732 708 vocabit
2758 657 3045 728 audacem,
3091 665 3193 720 nisi
3241 669 3328 737 qui
3373 670 3534 729 fuerit

1949 750 2111 790 ausus
2139 737 2308 832 ipsum
2338 756 2528 796 vocare
2555 745 2886 804 mendacem.
2921 752 3037 822 Ipse
3063 757 3282 826 clamat,
3311 761 3424 832 ipse
3455 776 3532 820 te-

1950 833 2142 918 statur,
2188 829 2301 897 ipse
2329 838 2386 884 ut
2417 833 2471 886 in
2500 847 2557 888 se
2588 834 2681 890 Dei
2701 839 2838 894 dona
2875 849 3233 918 commendet,
3257 829 3356 909 nec
3387 855 3440 911 in
3468 873 3527 912 se

1950 916 2098 1020 ipso,
2141 919 2256 1020 sed“
2281 921 2333 976 in
2373 923 2598 1020 Domino
2612 928 2868 997 glorietur
2896 935 2912 967 ⁸
2940 936 2990 1006 (l
3017 936 3138 995 Cor.
3170 958 3186 998 ι
3256 945 3318 1001 51
3341 949 3396 1020 ),
3425 965 3528 1005 non

1949 1007 2124 1111 solum
2151 1011 2290 1066 nulla
2397 1013 2644 1076 habuisse
2667 1020 2794 1078 dicit
2822 1028 3010 1083 merita
3037 1030 3174 1089 bona
3193 1007 3292 1103 ,vut
3314 1007 3531 1111 aposto-

1949 1097 2030 1154 lus
2071 1101 2255 1169 ﬁeret;
2287 1105 2382 1161 sed
2423 1109 2582 1164 etiam
2611 1113 2749 1167 mala
2781 1117 2968 1174 merita
3003 1135 3100 1177 sua
3134 1097 3296 1194 dicit,
3337 1097 3396 1188 ut

1947 1194 2169 1264 gratiam
2191 1199 2492 1258 manifestat
2517 1212 2571 1259 et
2593 1206 2859 1274 praadicet.
2885 1209 3006 1267 Non
3025 1231 3159 1282 sum,
3190 1219 3395 1290 inquit,
3417 1226 3527 1282 ido—

1947 1303 2069 1385 neus
2113 1292 2278 1385 vocari
2315 1295 2575 1364 apostolus
2609 1301 2793 1369 :quod
2832 1305 2958 1373 quid
2997 1318 3077 1362 est
3117 1311 3295 1378 aliud,
3331 1331 3526 1385 quam,

1946 1379 2063 1435 Non
2093 1385 2211 1438 sum
2239 1384 2462 1456 dignus?
2485 1405 2606 1445 nam
2629 1391 2735 1448 hoc
2758 1395 2995 1467 plerique
3021 1400 3168 1456 latini
3190 1379 3403 1463 codices
3435 1379 3526 1464 lia;

1944 1469 2092 1526 bent.
2137 1473 2247 1529 lloc
2279 1485 2362 1532 est
2403 1495 2595 1550 nempe
2634 1485 2774 1554 quod
2813 1491 3102 1557 quzcrintus
3142 1510 3378 1566 :nempe
3422 1501 3526 1556 isto

1947 1579 2169 1620 munere
2210 1570 2541 1636 apostolatus
2585 1574 2686 1628 ill-.e
2730 1592 2916 1633 otnues
2953 1583 3138 1651 gratia:
3164 1589 3526 1647 continentur.

1943 1655 2062 1713 Non
2103 1659 2245 1715 enim
2277 1660 2500 1719 decebat
2522 1675 2615 1720 aut
2650 1671 2930 1738 oportebat
2962 1677 3262 1743 apostolum
3301 1697 3405 1738 non
3435 1684 3530 1739 ba-

1947 1748 2073 1806 bere
2123 1753 2453 1822 prophetiam
2475 1797 2493 1822 ,
2539 1767 2632 1812 aut
2669 1776 2775 1816 non
2817 1777 2940 1820 esse
2973 1765 3268 1838 doctorem,
3295 1785 3388 1830 aut
3415 1791 3523 1831 non

1943 1841 2240 1900 clarescere
2270 1846 2551 1904 virtutibus
2578 1849 3062 1928 donationibusquo
3086 1862 3408 1932 sanitatum,
3433 1879 3527 1923 aut

1944 1936 2205 2006 adjutoria
2232 1955 2336 1996 non
2361 1943 2598 2012 przebere
2615 1987 2630 2011 ,
2657 1958 2750 2002 aut
2778 1948 3044 2008 Ecclesiae
3075 1970 3180 2009 non
3205 1957 3526 2027 gubernare.

1943 2037 2038 2084 aut
2071 2031 2366 2101 linguarum
2409 2037 2696 2104 generibus
2735 2055 2844 2094 non
2868 2045 3152 2102 excellere.
3189 2049 3377 2105 Omnia
3411 2050 3528 2108 haec

1945 2137 2342 2212 unuminomen
2380 2129 2709 2196 apostolatus
2742 2133 3095 2200 amplectitur.
3145 2139 3321 2209 Ipsum
3370 2143 3528 2212 igitur

1943 2211 2320 2278 consulamus;
2355 2213 2526 2284 ipsum
2567 2218 2741 2286 potius
2783 2220 3062 2277 audiamus
3093 2240 3106 2278 :
3148 2211 3411 2284 dicamus
3435 2231 3483 2285 ei
3507 2273 3523 2294 ,

1943 2297 2138 2360 Sancte
2175 2304 2335 2361 Paule
2378 2308 2641 2376 apostolo,
2671 2309 2914 2382 Pelagius
2931 2316 3225 2371 monachus
3241 2317 3457 2388 dignum
3475 2332 3526 2376 te

1943 2395 2071 2451 dicit
2094 2392 2281 2463 fuisse,
2310 2398 2399 2470 qui
2429 2401 2699 2472 acciperes
2728 2419 2917 2461 omnes
2955 2408 3153 2477 gratias
3195 2413 3522 2480 apostolatus

1945 2490 2052 2556 tui;
2093 2499 2147 2545 tu
2200 2493 2314 2561 ipse
2356 2494 2485 2563 quid
2527 2495 2661 2550 dicis
2693 2497 2718 2551 ?
2753 2496 2873 2552 Non
2899 2517 3041 2564 sum,
3096 2503 3300 2572 inquit,
3343 2503 3526 2576 dignus

1943 2586 2110 2637 uocari
2141 2585 2402 2654 apostolus
2432 2588 2458 2641 2
2483 2587 2658 2656 Itane,
2691 2597 2748 2644 ut
2770 2588 3006 2646 deferam
3043 2592 3298 2648 honorem
3329 2596 3519 2661 Paulo,

1943 2675 2157 2746 Pelagio
2180 2679 2348 2748 magis
2366 2678 2436 2734 de
2461 2679 2625 2734 Paulo
2647 2681 2868 2738 credere
2884 2683 3112 2750 audebo,
3134 2701 3292 2756 quam
3318 2686 3481 2743 Paulo
3503 2690 3528 2743 ?

1943 2767 2057 2822 Non
2083 2767 2271 2824 faciam
2303 2787 2318 2824 :
2351 2785 2438 2825 me
2467 2786 2697 2840 namque
2719 2774 2894 2841 potius
2912 2777 3167 2844 onerabo,
3195 2794 3351 2846 quam
3379 2780 3526 2835 illum

1943 2859 2248 2924 honorabo,
2277 2860 2320 2915 si
2351 2860 2548 2917 fecero.
2600 2862 2894 2918 Audiamus
2923 2866 3106 2934 etiam,
3152 2884 3251 2924 cur
3301 2885 3407 2926 non
3458 2871 3529 2926 sit

1941 2950 2136 3022 dignus
2169 2953 2348 3008 vocari
2375 2955 2648 3023 apostolus
2673 2973 2686 3010 :
2720 2955 2852 3023 Quia
2874 2970 3160 3028 persecutus
3179 2978 3313 3029 sum,
3335 2962 3524 3032 inquit,

1945 3043 2223 3098 Ecclesium
2244 3044 2361 3100 Dei.
2395 3046 2451 3100 Si
2481 3061 2696 3102 sensum
2723 3053 3222 3122 sequeremur,qnis
3243 3069 3346 3107 non
3369 3055 3526 3108 istmu

1941 3151 1972 3190 a
1989 3136 2202 3192 Christo
2211 3137 2567 3194 damnandum
2579 3151 2822 3196 censeret
2835 3143 3009 3211 potius
3020 3160 3177 3214 «luam
3190 3147 3486 3201 vocandum
3505 3149 3530 3202 ?

1942 3228 2074 3297 Quis
2101 3229 2170 3284 ita
2197 3230 2379 3300 diligat
2405 3232 2806 3300 prtedicatorem
2825 3273 2843 3300 ,
2875 3243 2930 3288 ut
2957 3251 3062 3288 non
3083 3235 3380 3292 detestetur
3401 3255 3525 3308 per-

1943 3329 2243 3377 secutorem
2259 3321 2282 3375 ?
2293 3321 2507 3392 Optime
2518 3338 2646 3394 ergo
2663 3324 2776 3394 ipse
2790 3334 2949 3395 atque
2964 3327 3244 3394 veraciter,
3263 3328 3382 3382 Non
3394 3345 3526 3397 sunt,

1945 3413 2132 3483 inquit,
2153 3413 2336 3484 dignus
2351 3414 2520 3468 vocari
2542 3414 2821 3485 apostolus,
2842 3417 2963 3487 quia
2984 3429 3272 3486 persecutus
3299 3436 3410 3474 sum
3430 3420 3528 3474 Ec-

1944 3505 2150 3560 clesium
2171 3504 2287 3559 Dei.
2304 3505 2528 3568 Faciens
2550 3507 2710 3577 igitur
2730 3516 2932 3563 tantum
2951 3510 3097 3576 mali,
3122 3511 3262 3566 unde
3287 3513 3525 3568 meruisti

1945 3605 2149 3652 tantum
2177 3597 2299 3651 boni
2325 3599 2347 3651 Ἰ
2373 3597 2604 3653 Audiant
2636 3599 3046 3668 respondentem
3085 3615 3273 3657 omnes
3295 3613 3484 3673 gentes
3512 3621 3526 3656 :

1947 3688 2054 3744 Sed
2077 3689 2243 3760 gratia
2270 3688 2367 3742 Dei
2389 3705 2500 3742 sum
2533 3689 2587 3743 id
2630 3690 2766 3756 quod
2807 3707 2941 3746 sum.
2965 3691 3230 3762 Numquid
3272 3694 3426 3749 aliter
3448 3703 3533 3750 est

1945 3784 2111 3854 gratia
2138 3781 2542 3848 commendata,
2573 3782 2678 3836 nisi
2717 3785 2838 3853 quia
2881 3795 2964 3840 est
2993 3786 3209 3856 indigno
3250 3787 3371 3842 data
3407 3787 3432 3842 ?
3461 3787 3532 3842 Et

1945 3876 2111 3946 gratia
2153 3875 2295 3945 ejus,
2349 3874 2551 3944 inquit,
2591 3875 2647 3929 in
2691 3891 2770 3930 me
2805 3893 2966 3930 vacua
3009 3894 3110 3931 non
3157 3879 3272 3947 fuit.
3316 3879 3428 3936 lloc
3475 3891 3533 3936 et

1947 3970 2068 4024 aliis
2093 3969 2350 4040 prtecipit,
2381 3979 2439 4023 ut
2467 3969 2626 4024 etiam
2653 3970 2930 4024 arbitrium
2953 3971 3235 4026 voluntatis
3264 3973 3528 4036 ostendat,

1950 4065 2037 4120 ubi
2067 4063 2161 4131 ait,
2189 4061 2548 4130 Prtecipientes
2577 4069 2747 4115 autem
2784 4069 2831 4114 et
2856 4077 3093 4133 rogamus
3115 4105 3129 4126 ,
3152 4079 3214 4117 ne
3237 4064 3289 4117 in
3317 4079 3538 4118 vacuum

1949 4160 2165 4233 gratiam
2213 4157 2306 4212 Dei
2331 4156 2618 4226 suscipiatis
2642 4153 2720 4229 (Il
2749 4155 2866 4210 Cor.
2910 4171 2985 4220 Vl,
3031 4156 3055 4210 l
3087 4155 3126 4226 ).
3166 4154 3318 4212 Unde
3357 4166 3531 4212 autem

1951 4256 2138 4327 probat
2161 4253 2300 4325 quod
2329 4253 2494 4323 gratia
2529 4251 2645 4322 ejus
2679 4251 2730 4306 in
2770 4267 2835 4306 eo
2855 4266 3018 4306 vacua
3041 4267 3146 4304 non
3175 4250 3268 4304 fuit
3293 4293 3309 4317 ,
3339 4252 3438 4306 nisi
3465 4266 3529 4306 ex

1950 4361 2016 4404 eo
2064 4347 2204 4417 quod
2249 4346 2510 4415 sequitur,
2561 4343 2666 4398 Sed
2691 4343 2805 4413 plus
2827 4342 3058 4396 omnibus
3098 4343 3203 4396 illis
3257 4342 3535 4397 laborari?

1950 4437 2179 4494 Proinde
2207 4451 2314 4490 non
2341 4434 2598 4490 laboravit
2625 4441 2683 4487 ιιι
2701 4433 2925 4503 gratiam
2953 4434 3236 4504 acciperet,
3256 4433 3348 4486 sed
3379 4447 3532 4488 acce-

1951 4534 2028 4603 pit
2053 4540 2108 4585 ut
2132 4529 2400 4584 laboraret
2428 4541 2444 4578 :
2479 4533 2638 4594 atque
2665 4525 2758 4592 ita,
2780 4523 2921 4579 unde
2942 4524 3006 4578 ad
3027 4523 3332 4593 accipienda
3358 4523 3545 4578 debita

1951 4623 2167 4695 prmmia
2190 4623 2342 4676 ﬁeret
2356 4619 2565 4688 dignus,
2585 4618 2806 4687 gratiam
2837 4618 3001 4688 gratis
3026 4617 3231 4686 accepit
3259 4615 3528 4686 indignus.

1950 4717 2060 4773 Nec
2089 4717 2260 4786 ipsum
2282 4727 2410 4766 sane
2438 4710 2673 4764 laborem
2695 4708 2793 4762 sibi
2815 4723 2975 4763 ausus
2994 4719 3076 4763 est
3101 4722 3370 4778 arrogare.
3398 4708 3536 4761 Cum

1951 4809 2092 4864 enim
2125 4807 2378 4872 dixisset,
2425 4801 2551 4858 Plus
2586 4801 2818 4857 omnibus
2849 4802 2951 4856 illis
2985 4799 3246 4864 laboravi;
3279 4799 3535 4853 continuo

1951 4902 2195 4972 subjecit,
2230 4900 2351 4955 Non
2391 4916 2514 4970 ego,
2542 4899 2630 4953 sed
2655 4897 2818 4969 gratia
2858 4893 2955 4947 Dei
2983 4907 3174 4948 meeum
3201 4889 3255 4964 (Ι
3285 4889 3403 4946 Cor.
3435 4903 3526 4954 xv,

1954 4995 2007 5060 9,
2040 4997 2104 5050 10
2120 4995 2158 5065 ).
2181 4993 2225 5049 Ο
2248 5007 2492 5063 magnum
2511 4990 2694 5060 gratim
2712 4993 3088 5058 praeceptorem
3107 5025 3122 5051 ,
3144 4981 3520 5047 confessorem,

1955 5088 2354 5160 prtedicatorem
2373 5086 2385 5140 !
2405 5083 2542 5153 Quid
2555 5090 2637 5138 est
2654 5077 2911 5147 hoc,Plus
2924 5077 3161 5141 laboravi,
3178 5092 3276 5130 non
3290 5091 3380 5146 ego
3393 5076 3418 5130 Ρ
3431 5074 3514 5132 Ub

1955 5194 2073 5236 sese
2101 5178 2288 5234 extulit
2315 5177 2641 5245 aliquantum
2660 5171 2926 5236 voluntas,
2946 5169 3014 5224 ibi
3032 5168 3286 5224 continuo
3301 5167 3508 5238 vigilavi

1955 5271 2142 5342 pietas.
2171 5278 2225 5324 et
2251 5265 2768 5329 trenmitbumilitas,
2787 5263 2908 5332 quia
2928 5276 2986 5316 se
3003 5259 3508 5331 agnovitinllrmitas
3581 5281 3594 5302 ι

2027 5365 2116 5420 57.
2149 5363 2352 5423 Merito,
2371 5359 2513 5432 quod
2541 5369 2688 5430 gesta
2706 5356 2960 5422 indicant,
2986 5357 3145 5410 etiam
3171 5352 3273 5406 hoc
3301 5364 3428 5405 usus
3447 5359 3531 5403 est

1957 5455 2258 5511 testimonio
2305 5463 2518 5508 sanctus
2557 5451 2788 5506 Joannes
2820 5446 3275 5517 Jerosolymitantr.
3314 5443 3536 5497 antistes

1958 5547 2235 5613 Ecclesia,
2262 5546 2397 5601 sicut
2445 5545 2798 5612 interrogatus
2818 5555 2938 5610 qua:
2961 5536 3100 5606 apud
3129 5536 3277 5591 illum
3303 5533 3528 5603 anteju-

1959 5751 2039 5863 tu;
2073 5749 2312 5802 Miliones
2331 5747 2569 5813 quadam,
2593 5757 2685 5800 non
2701 5742 2752 5797 in
2769 5755 2818 5795 se
2834 5739 2954 5802 ipsa,
2978 5739 3064 5792 sed
3077 5737 3128 5791 in
3146 5746 3346 5790 Dorium
3365 5735 3538 5802 gloria-
