3984 6520
541 385 646 441 353

541 499 736 554 dicitttn
769 506 912 566 gesta
957 493 1140 547 iuerint
1173 493 1244 562 (τι)
1267 535 1279 554 ,
1309 492 1637 562 coepisclipis
1668 489 1862 543 nostris
1887 528 1903 552 ,
1931 485 2018 555 qui
2049 485 2121 537 si-

543 589 653 644 mul
671 589 723 642 in
743 589 832 642 illo
847 585 1044 655 judicio
1061 582 1434 654 praesidebant,
1458 581 1571 650 ipse
1589 580 1838 634 narravit.
1857 578 2118 642 Aitcnim,

541 691 672 736 tunc
707 677 1018 748 quibusdam
1053 673 1471 738 susurrantibus,
1512 681 1566 728 et
1609 673 1907 728 dicentibus
1929 712 1944 738 ,
1976 669 2119 740 quod

545 790 566 822 ι
602 771 718 826 sine
748 767 838 822 Dei
869 766 1034 838 gratia
1065 785 1084 818 ι
1113 766 1314 820 diceret
1339 757 1577 834 Pelagius
1609 782 1628 815 ι
1669 777 1823 832 posse
1850 762 2120 816 hominem

539 860 746 934 perfici,
783 879 802 912 ι
835 859 884 912 id
915 867 1016 924 est,
1044 857 1182 926 quod
1213 857 1456 928 superius
1484 855 1727 920 dixerat,
1761 871 1780 905 ι
1815 867 1935 908 esse
1966 867 2124 921 posse

541 951 812 1007 hominem
839 950 956 1004 sine
991 957 1208 1018 peccato
1233 965 1246 1000 :
1269 947 1505 1017 Culpans
1535 947 1553 977 ¹
1575 988 1589 1011 ,
1621 965 1640 998 ι
1671 945 1873 1014 inquit,
1909 961 1929 994 ι
1965 957 2125 1011 super

541 1045 647 1100 hoc
683 1043 844 1098 etiam
894 1041 1066 1102 intuli,
1115 1040 1238 1110 quia
1281 1049 1333 1093 et
1361 1037 1630 1107 apostolus
1670 1035 1863 1090 Paulus
1901 1033 2122 1087 multum

541 1136 792 1191 laborans
819 1175 835 1199 ,
859 1145 956 1188 seu
985 1147 1092 1185 non
1116 1130 1406 1184 secundum
1436 1145 1584 1184 suam
1610 1129 1854 1182 virtutem
1875 1168 1889 1192 ,
1917 1125 2009 1180 sed
2035 1140 2122 1179 se-

542 1227 776 1284 cundum
800 1225 1022 1296 gratiam
1053 1221 1169 1284 Dei,
1191 1221 1322 1276 dixit
1355 1239 1370 1276 :
1402 1221 1632 1290 Amplius
1657 1219 1884 1272 omnibus
1909 1217 2012 1270 illis
2042 1215 2123 1268 ia-

543 1319 755 1382 boravi;
795 1333 894 1370 non
920 1327 1011 1385 ego
1037 1323 1202 1367 autem
1225 1354 1240 1378 ,
1271 1313 1357 1366 sed
1384 1312 1546 1384 gratia
1579 1309 1668 1363 Dei
1690 1323 1917 1373 mecum;
1946 1317 1998 1362 et
2023 1308 2124 1361 ite-

544 1427 662 1464 rum
687 1451 700 1474 ,
737 1409 859 1464 Non
891 1417 964 1461 est
993 1405 1228 1472 volentis,
1255 1421 1412 1474 neque
1435 1402 1711 1466 currentis,
1740 1399 1827 1456 sed
1853 1399 2124 1454 miserearis

543 1500 645 1556 Dei
673 1502 858 1571 (Rom.
889 1511 962 1566 lx,
997 1499 1131 1570 l6);
1159 1507 1214 1551 et
1239 1495 1402 1560 illud,
1435 1493 1552 1548 Nisi
1578 1492 1822 1546 Dominus
1845 1489 2124 1558 wdiﬁcave-

531 1596 611 1648 sit
640 1595 879 1660 domum,
919 1594 1184 1647 incanum
1209 1591 1557 1644 laboraverunt
1603 1585 1690 1656 qui
1715 1583 1972 1651 adiﬁcant
2015 1597 2126 1636 eam

545 1685 728 1756 (Psal.
761 1700 946 1751 cxxvt,
985 1687 1010 1739 1
1038 1683 1091 1758 );
1119 1693 1172 1739 et
1211 1679 1503 1737 aliamnlla
1533 1676 1725 1732 similia
1754 1675 1984 1730 diximus
2007 1715 2022 1740 ,
2047 1673 2128 1726 in-

544 1775 680 1846 quit,
710 1775 776 1830 de
801 1775 1086 1845 Scripturis
1107 1775 1328 1828 sanctis.
1357 1771 1467 1825 Illis
1497 1779 1670 1824 autem
1698 1783 1800 1820 non
1829 1765 2126 1836 suscipien-

547 1867 687 1920 tibus
706 1881 824 1936 qtnc
847 1866 1159 1922 dicebautur
1173 1880 1203 1918 a
1225 1863 1378 1918 nobis
1403 1862 1468 1916 de
1490 1861 1688 1914 sanctis
1707 1857 2013 1927 Scripturis,
2033 1855 2125 1909 sed

545 1958 724 2014 adhuc
739 1959 1157 2019 snsurrantibus,
1175 1956 1308 2010 dixit
1335 1953 1595 2024 Pelagius.
1622 1951 1690 2006 Et
1717 1965 1814 2020 ego
1831 1949 1910 2003 sic
1931 1947 2124 2002 credo:

545 2049 830 2104 anathema
871 2052 941 2106 sit
981 2049 1068 2118 qui
1107 2049 1238 2103 dicit
1278 2047 1478 2116 absque
1515 2043 1778 2113 adiutorio
1831 2040 1922 2095 Dei
1971 2052 2129 2110 posse

543 2144 816 2200 hominem
861 2143 926 2196 ad
973 2140 1262 2211 profectum
1307 2138 1543 2193 omnium
1585 2135 1768 2190 venire
1789 2133 2062 2187 virtutum.
2101 2149 2122 2183 ι

617 2233 842 2290 CAPUT
873 2233 986 2288 XV.
1017 2261 1091 2274 —
1113 2232 1201 2288 '58.
1237 2231 1361 2285 Haec
1387 2227 1622 2283 narravit
1651 2227 1932 2294 episc0pns
1960 2223 2126 2278 Joan-

545 2341 664 2391 nes,
709 2325 957 2382 audiente
999 2325 1246 2393 Pelagio,
1278 2323 1368 2392 qui
1409 2321 1590 2390 utique
1619 2327 1799 2390 posset
1840 2317 2129 2372 honorifice

549 2419 729 2473 dicere
763 2437 775 2472 :
804 2417 1026 2472 Fallitur
1064 2415 1330 2470 Sanctitas
1357 2423 1465 2478 tua,
1495 2427 1598 2466 non
1643 2411 1780 2466 bene
1817 2407 2125 2474 meministi,

548 2523 654 2562 non
680 2507 788 2561 dixi
813 2505 880 2561 ad
907 2507 1004 2560 ista
1031 2505 1330 2560 testimonia
1357 2519 1476 2574 qua:
1499 2503 1566 2556 de
1587 2501 1874 2570 Scripturis
1891 2513 2128 2554 comme-

549 2599 768 2654 tnorasti
794 2639 808 2662 ,
845 2615 864 2650 t
901 2599 1009 2667 Ego
1035 2597 1114 2651 sic
1149 2595 1312 2650 credo
1342 2613 1356 2650 :
1389 2613 1408 2646 ι
1437 2593 1686 2663 quoniam
1715 2607 1818 2644 non
1853 2605 1916 2646 ea
1943 2590 2020 2644 sic
2043 2591 2128 2645 iu-

547 2693 729 2760 telligo
754 2734 770 2758 ,
800 2690 942 2762 quod
971 2689 1136 2760 gratia
1179 2688 1272 2742 Dei
1313 2689 1390 2742 sic
1417 2685 1622 2739 laboret
1646 2697 1764 2737 cum
1783 2682 2010 2736 homine
2031 2723 2045 2747 ,
2075 2689 2133 2736 ut

551 2783 692 2854 quod
723 2798 826 2836 non
861 2789 1042 2851 peccat
1066 2821 1080 2845 ,
1111 2794 1215 2834 non
1247 2777 1470 2832 volentis
1499 2789 1674 2846 neque
1699 2774 1966 2830 currentis
1990 2814 2005 2840 ,
2037 2773 2130 2828 sed

551 2875 855 2930 tnisereutis
881 2873 950 2928 sit
979 2873 1090 2926 Dei.

622 2963 844 3020 CAPUT
870 2961 1007 3017 XVI.
1035 2991 1107 3014 —.-
1127 2960 1216 3018 39.
1241 2960 1380 3015 Sunt
1404 2959 1544 3014 enim
1575 2955 1816 3027 qumdam
1839 2954 2132 3024 expositio-

553 3069 650 3110 nes
679 3053 930 3126 Epistola:
955 3051 1139 3118 Pauli,
1165 3066 1286 3121 qua:
1313 3050 1564 3104 scribitur
1589 3047 1656 3101 ad
1681 3047 1950 3101 Romanos
1971 3087 1986 3112 ,
2013 3059 2132 3115 quae

553 3145 722 3215 ipsius
756 3144 952 3214 Pelagii
989 3157 1110 3198 esse
1151 3142 1435 3206 dicuntur,
1465 3139 1556 3194 ubi
1577 3137 1680 3194 hoc
1706 3137 1844 3208 quod
1875 3137 2131 3206 scriptum

552 3246 670 3301 est,
705 3234 822 3290 Non
847 3234 1088 3301 volentis,
1117 3250 1275 3305 neque
1313 3232 1558 3287 currentis
1579 3271 1593 3295 ,
1625 3229 1714 3284 sed
1739 3228 2016 3282 miserantis
2062 3235 2134 3281 est

559 3329 654 3382 Dei
678 3343 698 3382 :
727 3345 746 3379 ι
781 3343 886 3382 non
917 3343 982 3382 ex
1024 3341 1248 3396 persona
1281 3323 1424 3379 Pauli
1463 3341 1482 3376 ο
1515 3321 1702 3376 asserit
1731 3337 1752 3372 ι
1783 3319 2013 3381 dictum;
2039 3318 2132 3373 sed

555 3434 676 3472 eum
701 3433 834 3472 voce
871 3417 1245 3486 interrogantis
1269 3423 1324 3470 et
1353 3413 1718 3484 redarguentis
1757 3425 1910 3465 usum
1949 3411 2130 3475 fuisse,

555 3525 677 3564 cum
707 3508 808 3562 hoc
835 3508 1052 3573 diceret,
1083 3517 1330 3578 tanquam
1361 3505 1462 3560 hoc
1507 3504 1608 3559 dici
1637 3504 1820 3574 utique
1843 3519 1946 3556 non
1969 3503 2133 3558 debe-

558 3611 660 3658 ret.
697 3621 718 3656 »
756 3601 870 3658 Non
907 3616 1056 3671 ergo,
1087 3615 1206 3655 cum
1239 3601 1520 3668 episcOpus
1538 3596 1772 3651 Joannes
1801 3596 1957 3665 plane
1977 3597 2132 3648 istam

557 3695 872 3749 sententiam
923 3707 1044 3747 esse
1093 3694 1112 3723 ¹
1167 3691 1406 3760 Apostoli
1459 3688 1689 3758 agnovit,
1749 3701 1974 3757 eamque
2015 3687 2134 3742 ideo

557 3783 1013 3845 commemoravit,
1045 3797 1112 3836 ne
1141 3781 1384 3851 Pelagius
1403 3781 1520 3834 sine
1555 3779 1650 3834 Dei
1679 3779 1847 3849 gratia
1875 3793 1978 3832 non
2007 3793 2134 3847 pec-

555 3891 680 3929 care
718 3889 1036 3944 quemquam
1081 3881 1310 3943 putaret,
1351 3881 1404 3924 et
1443 3870 1578 3924 dixit
1613 3869 1952 3939 respondisse
1979 3869 2136 3924 Pela-

556 3965 700 4034 gium
719 4005 736 4030 ,
771 3982 789 4016 ι
821 3963 888 4018 Ει
913 3979 1012 4033 ego
1037 3965 1114 4017 sic
1142 3963 1332 4025 credo;
1363 3979 1384 4012 ι
1417 3977 1586 4030 neque
1613 3975 1734 4015 cum
1775 3963 1874 4016 hoc
1903 3975 2138 4031 praesens

559 4055 786 4118 audiret,
825 4053 1120 4123 reSpondit,
1163 4053 1274 4106 Non
1305 4055 1382 4106 sic
1423 4051 1604 4106 credo.
1635 4051 1859 4121 Oportet
1895 4061 1954 4106 ut
1995 4053 2134 4106 illam

559 4145 944 4216 expositionem
971 4157 1272 4212 perversam
1295 4183 1312 4208 ,
1343 4143 1428 4196 ubi
1469 4142 1570 4196 hoc
1601 4158 1704 4196 non
1743 4143 1972 4196 sensisse
1998 4145 2141 4214 Apo-

561 4237 777 4303 stolttm,
825 4235 918 4290 sed
963 4233 1140 4304 potius
1181 4232 1518 4303 redargnisse
1563 4233 1780 4302 intelligi
1820 4233 2002 4290 voluit.
2048 4245 2139 4288 aut

563 4341 716 4380 suam
743 4334 935 4394 neget,
967 4333 1058 4378 aut
1083 4324 1352 4392 corrigere
1391 4331 1550 4392 atque
1577 4323 1864 4378 emendare
1893 4339 1996 4377 non
2037 4325 2138 4378 du-

561 4419 714 4472 bitet.
742 4416 874 4472 Nam
898 4415 1148 4486 quidquid
1177 4415 1312 4469 dixit
1347 4416 1626 4484 episcopus
1667 4414 1900 4470 Joannes
1927 4415 1994 4470 de
2011 4417 2134 4472 abs-

559 4509 774 4563 entibus
801 4507 1050 4562 fratribus
1079 4507 1295 4571 nostris,
1339 4507 1452 4560 sive
1477 4506 1810 4574 coepiscopis
1841 4506 2036 4562 Ilerote
2075 4523 2139 4562 ac

561 4603 786 4664 Lazaro,
815 4601 930 4656 sive
947 4601 1014 4655 de
1041 4599 1354 4672 presbytero
1379 4598 1572 4654 Oresio
1593 4641 1606 4664 ,
1639 4600 1754 4654 sive
1777 4600 1844 4654 de
1861 4600 1984 4654 aliis
2005 4616 2139 4670 quo-

563 4707 680 4746 rum
713 4692 784 4744 ibi
813 4705 920 4744 non
951 4699 1076 4744 sunt
1114 4691 1330 4744 nomina
1357 4703 1610 4758 expressa
1651 4689 1758 4760 (ὁ),
1801 4693 1964 4744 credo
1999 4689 2140 4758 quod

565 4780 826 4849 intelligat
853 4779 916 4834 ad
943 4795 1128 4834 eorum
1157 4779 1522 4848 pra-judicium
1554 4793 1658 4832 non
1697 4781 1894 4834 valere.
1917 4779 1972 4834 Si
1997 4780 2140 4836 enim

565 4880 856 4942 praesentes
878 4881 1089 4936 essent,
1120 4877 1338 4938 possent
1367 4885 1488 4926 eum
1529 4869 1753 4926 fortasse
1775 4911 1790 4934 ,
1821 4871 1956 4926 absit
1987 4873 2142 4926 utdi-

630 5052 648 5080 ι
683 5047 800 5096 Editi
821 5051 1118 5108 constanter,
1143 5043 1352 5108 culpam.
1371 5044 1646 5107 Corrigendi
1673 5057 1736 5094 ex
1761 5045 1856 5096 illis
1885 5048 2066 5106 verbis,
2089 5063 2138 5098 ιι.

564 5111 627 5159 53
651 5123 662 5156 :
706 5126 728 5154 ιι
750 5107 843 5156 hoc
861 5119 919 5155 se
942 5107 1120 5154 dixerit
1142 5105 1360 5168 culjzasse
1382 5114 1418 5153 lt
1436 5105 1605 5155 amics.
1631 5123 1654 5150 ι

627 5173 648 5202 ³
681 5169 922 5233 ιῑιιξιὶοιιεε
942 5169 1022 5217 hic
1040 5167 1282 5233 uoluunt,
1292 5181 1400 5233 esse
1421 5180 1438 5216 :
1461 5175 1513 5216 et
1533 5177 1698 5233 postea
1713 5167 1916 5233 agnovit.
1939 5178 2142 5230 mutant,

565 5236 644 5292 in,
667 5229 894 5296 cogitarit.
931 5230 1180 5296 pnettdari
1224 5231 1410 5280 debent
1443 5228 1730 5296 auctoritate
1745 5228 2018 5280 'Oolbcrtini
2043 5228 2140 5296 res,

563 5289 638 5343 ut'
663 5289 887 5342 nimirum
931 5289 1261 5354 intelligatur,
1294 5291 1596 5354 sententiam
1651 5291 1810 5352 illam,
1855 5305 1946 5341 non
1991 5289 2145 5344 vale";

565 5357 644 5410 tis.
669 5361 828 5414 etc.,a
843 5361 1027 5404 Joanne
1051 5353 1276 5414 episcopo
1293 5353 1501 5402 habitam
1525 5365 1636 5401 esse
1653 5367 1740 5416 pro
1755 5355 2000 5404 sententia
2017 5357 2142 5406 Pauli

568 5417 812 5478 loquentis
833 5429 898 5466 ex
923 5417 1121 5478 propria,
1135 5426 1356 5477 persona.

649 5431 812 5466 uenus
833 5431 898 5466 ex
923 5431 1110 5478 propria
1135 5431 1356 5477 persona.

585 5431 974 5540 o‘iuﬂlouventu
1021 5475 1209 5540 scilicet
1251 5474 1556 5540 .lerosolymis
1599 5477 1764 5540 habito
1805 5477 1852 5526 in
1909 5477 2005 5526 line
2039 5477 2143 5539 julii

565 5538 810 5602 auiti-itii,
833 5551 982 5600 queat
1003 5538 1237 5602 describit
1259 5539 1450 5586 mosius
1473 5539 1847 5602 iurlttxdogetico
1869 5553 1882 5588 :
1911 5538 2144 5590 hancha-

569 5601 667 5662 bes
682 5601 802 5650 infra
827 5599 876 5648 in
891 5599 1102 5649 secunda
1124 5607 1263 5662 parte
1287 5599 1586 5660 Appeudicis.

633 5661 703 5732 (ὁ)
738 5664 873 5710 Avito
895 5663 1112 5732 forsitan,
1127 5661 1380 5732 ’t’asserioz.
1390 5669 1444 5732 et
1468 5663 1662 5732 Domino
1685 5675 1748 5712 ex
1769 5662 1916 5724 duce,
1937 5675 2146 5725 quorum

570 5721 762 5786 nomine
781 5735 897 5786 quae
915 5725 964 5772 in
987 5721 1144 5785 gestis
1179 5721 1514 5786 Diospolitanis
1555 5736 1788 5786 expressa
1811 5721 1930 5780 ~non
1957 5721 2114 5776 'eraut
2130 5761 2145 5786 ,

571 5783 814 5856 invenies
837 5785 958 5833 infra
977 5783 1013 5845 ,“
1037 5783 1250 5847 Αιιρεῐιιι.
1286 5783 1426 5847 parte
1464 5783 1494 5835 2
1513 5819 1528 5848 ,
1561 5786 1608 5834 in
1627 5783 1940 5850 'Apologetico
1969 5783 2144 5848 Orosii,

571 5853 674 5903 cap.
699 5853 746 5894 δ.

1590 376 1674 430 [ιε
1713 372 1951 429 GESTIS
1990 369 2132 423 ιιι-1,.

2233 367 2279 432 ‘I,
2323 369 2378 422 S.
2425 369 2786 426 AIZCUSTINI
3666 391 3746 448 ιιι

2227 495 2366 548 cam,
2396 483 2710 538 convincere
2740 485 2805 540 de
2839 486 3146 554 mendacio,
3179 505 3271 545 seu
3299 491 3432 549 forte
3457 511 3750 558 commemo-

2225 587 2364 640 rare,
2393 574 2517 642 qnid
2553 575 2688 631 forte
2713 577 2900 632 fuisset
2923 579 3137 644 oblitus,
3164 591 3254 636 aut
3282 583 3332 636 in
3356 601 3457 654 quo
3483 603 3593 643 eum
3619 592 3747 651 fefel-

2224 661 2342 718 lerit
2371 663 2563 720 latinus
2585 665 2861 736 interpres,
2884 669 2982 723 etsi
3003 685 3105 723 non
3124 672 3296 727 studio
3313 675 3601 745 mentiendi,
3626 695 3748 742 certe

2227 753 2414 808 aliena:
2440 755 2629 826 lingunt
2659 758 2836 812 minus
2865 757 3142 813 inlellcctte
3169 764 3414 818 nonnulla
3438 765 3746 830 difﬁcultate:

2225 848 2515 912 prmsertim
2540 848 2660 917 quia
2684 865 2785 902 non
2811 850 2860 903 in
2881 851 3044 920 gestis
3060 853 3310 921 agebatur
3332 855 3371 920 ί,
3394 871 3522 926 qum,
3551 859 3743 930 improbi

2227 950 2292 989 ne
2321 939 2643 991 mentiantur
2666 983 2682 1006 ,
2713 940 2835 994 boni
2867 949 3044 995 autem
3073 958 3135 996 ne
3167 944 3362 1014 aliquid
3385 947 3748 1018 obliviscantur,

2225 1027 2428 1082 utiliter
2472 1030 2707 1084 instituta
2749 1040 2889 1086 sunt.
2919 1031 2972 1088 Si
3011 1033 3130 1102 quis
3154 1043 3328 1089 autem
3369 1041 3650 1094 memoratis
3671 1043 3752 1098 fra-

2228 1119 2401 1174 tribus
2427 1121 2622 1176 nostris
2648 1138 2712 1175 ex
2741 1123 2840 1180 hoc
2863 1123 3058 1193 aliquid
3085 1125 3386 1194 quaestionis
3407 1127 3639 1198 intulerit,
3657 1147 3755 1188 eos-

2225 1225 2330 1280 que
2355 1211 2420 1264 ad
2445 1211 2698 1281 judicium
2727 1215 3029 1284 episcopale
3057 1219 3322 1272 vocaverit
3347 1219 3395 1284 ’,
3425 1219 3520 1274 sibi
3557 1231 3607 1276 ιιι
3631 1233 3754 1293 pote-

2227 1311 2370 1367 runt,
2420 1302 2682 1358 aderunt:
2729 1305 2884 1360 nobis
2930 1305 3016 1360 hic
3057 1305 3302 1364 laborare
3347 1311 3468 1380 quid
3499 1326 3618 1382 opus
3659 1325 3748 1383 est;

2225 1392 2437 1462 quando
2474 1410 2542 1448 ne
2585 1395 2682 1464 ipsi
2717 1397 2929 1467 quidem
2971 1397 3194 1467 iudices,
3235 1409 3358 1470 post
3381 1405 3654 1476 coepiscopi
3677 1425 3754 1463 no-

2225 1486 2320 1538 SIri
2370 1487 2769 1554 narrationem,
2811 1488 3006 1559 aliquid
3046 1489 3168 1546 inde
3223 1493 3558 1562 pronuntiare
3601 1498 3754 1556 volue-

2226 1575 2386 1629 runt?

2295 1667 2520 1724 CAPUT
2549 1667 2710 1724 XVII.
2739 1700 2810 1709 —
2837 1669 2923 1727 40.
2955 1669 3087 1727 Cum
3126 1689 3254 1746 ergo
3273 1673 3510 1745 Pelagius
3534 1695 3753 1748 praesens,

2227 1757 2293 1811 ad
2317 1759 2402 1812 illa
2437 1761 2734 1814 testimonia
2759 1763 3149 1832 Scripturarum
3181 1765 3380 1820 dixisse
3403 1781 3458 1821 se
3487 1770 3550 1822 ita
3574 1771 3756 1828 credere

2227 1852 2416 1906 tat-itus
2447 1853 2756 1922 agnoverit,
2795 1855 3063 1924 quomodo
3107 1857 3234 1912 illud
3281 1859 3511 1928 Apostoli
3557 1864 3757 1917 testimo-

2227 1944 2370 1996 nium
2433 1947 2590 2014 paulo
2638 1949 2880 2017 superius
2931 1949 3208 2016 recolens,
3267 1957 3324 2006 et
3367 1951 3622 2008 inveniens
3661 1971 3756 2010 eum

2227 2033 2425 2088 dixisse
2445 2075 2459 2100 ,
2496 2033 2614 2089 Non
2642 2053 2751 2090 sum
2781 2039 2959 2108 dignus
2983 2041 3154 2093 vocari
3177 2041 3434 2110 apostolus
3453 2083 3468 2108 ,
3495 2043 3602 2110 quia
3629 2061 3758 2112 pcne-

2227 2135 2373 2179 culus
2405 2143 2516 2179 smn
2565 2125 2844 2182 Ecclesium
2873 2127 2968 2183 Dei
2986 2172 3000 2196 ,
3027 2131 3116 2184 sed
3142 2133 3306 2202 gratia
3335 2131 3426 2184 Dei
3461 2149 3562 2185 sum
3589 2133 3636 2186 id
3653 2137 3758 2204 quod

2227 2231 2376 2278 sunt;
2399 2231 2499 2270 noo
2531 2217 2682 2286 vidit,
2715 2237 2818 2273 non
2851 2235 2911 2276 se
2930 2219 3107 2276 dicere
3134 2223 3402 2288 debuisse,
3423 2239 3536 2278 cum
3557 2239 3760 2296 ageretur

2229 2307 2294 2362 de
2319 2309 2636 2364 abundantia
2661 2314 2972 2380 gratiarum
2995 2356 3008 2378 ,
3036 2331 3168 2385 quas
3201 2317 3344 2370 idem
3375 2319 3568 2388 accepit
3591 2333 3761 2389 aposto-

2231 2399 2332 2465 lus,
2371 2421 2388 2452 ι
2427 2402 2639 2471 dignum
2661 2404 2823 2458 fuisse
2849 2407 2938 2474 qui
2967 2408 3270 2476 acciperet;
3307 2427 3324 2460 ι
3357 2423 3470 2463 cum
3496 2411 3596 2480 ipse
3615 2427 3760 2468 senon

2234 2493 2407 2545 solum
2437 2493 2648 2559 dixerit,
2678 2495 2770 2549 sed
2799 2508 2853 2550 et
2872 2497 3026 2550 aliam
3050 2513 3274 2552 causam
3303 2499 3542 2568 reddens,
3572 2503 3763 2572 probarit

2232 2583 2499 2654 indignum
2523 2627 2537 2650 ,
2561 2595 2612 2640 et
2637 2603 2702 2640 eo
2731 2588 2844 2657 ipso
2880 2591 3102 2659 gratiam
3129 2607 3266 2646 vere
3294 2595 3506 2662 gratiam
3535 2611 3762 2653 commcn-

2231 2675 2466 2730 daverit?
2487 2677 2590 2734 Sed
2623 2679 2665 2732 si
2690 2679 2823 2735 forte
2845 2681 2971 2736 illud
2995 2683 3316 2752 jamdudum
3347 2699 3375 2738 a
3413 2697 3584 2742 sancto
3601 2687 3763 2746 Joanne

2231 2781 2526 2838 narratum,
2559 2775 2790 2843 cogitare
2815 2775 2896 2828 vel
2927 2776 3242 2831 meminisse
3267 2792 3371 2832 non
3399 2781 3580 2849 potuit;
3613 2797 3760 2836 reccn«

2233 2862 2487 2914 tissimam
2507 2879 2653 2916 suam
2682 2865 3080 2934 responsionem
3101 2869 3418 2937 respiceret,
3441 2879 3492 2924 et
3509 2885 3614 2939 qua:
3635 2871 3755 2940 paulo

2233 2965 2357 3009 ante
2401 2955 2468 3009 de
2496 2955 2748 3011 lecstio
2800 2957 2896 3011 sibi
2925 2958 3126 3028 objecta
3158 2975 3222 3013 an
3235 2961 3666 3017 athematizaverit
3688 2965 3762 3016 ad-

2231 3055 2480 3102 verteret.
2509 3047 2710 3118 Nempe
2752 3051 2913 3104 etiam
2943 3051 3080 3105 inter
3104 3053 3190 3105 illa
3213 3063 3306 3106 est
3328 3095 3342 3120 ,
3374 3053 3508 3124 quod
3545 3053 3762 3124 objectum

2233 3144 2316 3189 cst
2345 3136 2541 3191 dixisse
2561 3137 2866 3192 Ctnlestium
2901 3181 2915 3205 ,
2955 3157 2972 3190 ι
3013 3139 3106 3195 Dei
3132 3143 3365 3210 gratiam
3395 3142 3761 3197 secnndtunme-

2233 3227 2330 3280 rita
2377 3235 2556 3281 nostra
2607 3227 2742 3282 dari.
2775 3245 2794 3280 ι
2853 3229 2908 3283 Si
2944 3245 3070 3300 ergo
3109 3233 3380 3286 veraciter
3430 3232 3526 3288 hoc
3572 3233 3762 3304 Pelagius

2232 3318 2718 3386 anathematizauit,
2763 3319 2886 3390 quid
2917 3331 2996 3374 est
3045 3321 3186 3391 quod
3214 3323 3354 3378 dicit
3372 3365 3386 3387 ,
3411 3325 3592 3392 gratias
3614 3337 3762 3380 omnes

2233 3411 2490 3477 Apostolo
2536 3411 2828 3465 secundum
2871 3411 3115 3466 meritum
3169 3413 3364 3468 datas?
3416 3419 3493 3468 An
3541 3415 3664 3470 aliud
3703 3426 3766 3469 est

2231 3500 2446 3570 dignum
2463 3515 2584 3555 esse
2595 3501 2865 3570 accipere;
2887 3502 3052 3566 aliud,
3073 3505 3373 3559 secundum
3399 3507 3626 3560 meritum
3650 3507 3762 3560 acci~

2239 3592 2399 3663 pere?
2428 3599 2484 3647 et
2514 3601 2684 3662 potest
2704 3595 2876 3665 aliqua
2915 3597 3204 3652 subtilitate
3231 3597 3601 3668 disputationis
3622 3609 3765 3653 osten-

2235 3685 2382 3749 dere,
2405 3684 2626 3753 'diguum
2653 3699 2774 3738 esse
2803 3685 3057 3754 aliquem,
3088 3685 3180 3739 scd
3212 3703 3241 3739 ιι
3253 3703 3328 3743 on
3355 3689 3572 3744 mereri?
3597 3689 3770 3742 Verum-

2237 3783 2410 3826 tamen
2445 3773 2726 3827 leestius
2745 3815 2760 3841 ,
2797 3777 2882 3828 vel
2925 3775 3043 3845 quis
3069 3773 3224 3845 alius,
3274 3779 3423 3848 cujus
3447 3795 3618 3834 omnes
3640 3795 3769 3847 Supe-

2235 3863 2406 3916 riores
2430 3865 2893 3918 anathematizavit
2927 3867 3218 3920 sententias
3239 3907 3262 3932 ,
3297 3883 3394 3923 nec
3432 3867 3496 3923 de
3523 3869 3615 3924 hoc
3639 3871 3772 3922 verba

2236 3969 2355 4009 eum
2385 3957 2606 4010 nebulas
2639 3957 2927 4011 obtendere
2966 3969 3120 4027 atque
3157 3959 3208 4012 in
3240 3959 3328 4014 eis
3355 3961 3516 4016 latere
3541 3962 3769 4031 permittit.

2237 4047 2399 4118 Urget
2433 4049 2574 4102 enim
2606 4057 2660 4102 et
2695 4049 2824 4103 dicit
2853 4067 2866 4102 :
2904 4067 2922 4094 ο
2956 4049 3018 4103 Ει
3062 4051 3174 4120 ipsa
3205 4055 3380 4120 gratia
3411 4053 3461 4106 in
3487 4069 3595 4108 mea
3619 4055 3772 4106 volun-

2240 4149 2345 4195 tate
2373 4142 2541 4212 posita
2565 4150 2666 4208 est,
2695 4143 2807 4196 sive
2823 4142 3012 4212 dignus
3035 4145 3224 4198 fuerim
3248 4184 3270 4208 ,
3296 4149 3406 4200 sive
3427 4147 3668 4217 indignus.
3701 4145 3772 4199 »εἰ

2238 4249 2364 4303 ergo
2392 4243 2536 4287 recte
2574 4232 2672 4286 hoc
2695 4247 2722 4285 a
2751 4233 2961 4304 Pelagio
2989 4237 3364 4307 veraciterqne
3383 4237 3667 4290 damnatum
3692 4245 3774 4298 est,

2241 4325 2326 4378 ubi
2357 4324 2567 4390 dicitur,
2604 4341 2624 4376 t
2663 4327 2750 4378 Dei
2777 4327 2999 4394 gratiam
3025 4328 3321 4383 scentulum
3351 4333 3530 4384 merita
3561 4338 3611 4384 et
3631 4329 3774 4398 dignis

2239 4414 2353 4467 dari
2387 4431 2400 4468 :
2432 4432 2450 4465 ι
2481 4429 2586 4484 quo
2622 4416 2782 4469 corde
2808 4417 3076 4486 cogitavit,
3111 4432 3291 4487 quove
3321 4435 3414 4475 ore
3439 4421 3640 4490 protulit
3663 4419 3775 4490 quod

2239 4504 2346 4566 ait,
2383 4519 2402 4554 t
2453 4505 2683 4559 Dicimus
2721 4505 2921 4560 donare
2965 4507 3128 4560 Deum
3179 4509 3250 4574 ei,
3295 4511 3382 4579 qui
3421 4510 3571 4566 fuerit
3621 4511 3778 4580 dignus

2240 4597 2501 4664 accipere,
2541 4609 2727 4650 omnes
2751 4597 2981 4666 gratias?
3017 4597 3148 4665 Quis
3187 4615 3298 4654 non
3323 4601 3422 4656 ista
3447 4603 3490 4655 si
3535 4603 3778 4671 diligenter

2241 4687 2566 4754 adverterit,
2608 4692 2700 4741 liat
2725 4688 2792 4742 de
2827 4689 2971 4744 illius
3005 4691 3355 4760 responsione
3397 4695 3478 4749 vel
3512 4695 3779 4749 defensione

2241 4779 2530 4833 sollicitus?

2313 4871 2401 4926 41.
2433 4871 2540 4925 Cur
2565 4885 2692 4941 ergo
2718 4913 2733 4937 ,
2761 4872 2832 4925 ait
2865 4871 3088 4942 aliquis,
3123 4873 3227 4930 hoc
3257 4875 3466 4945 indices
3489 4875 3781 4946 approbave-

2243 4963 2402 5017 runt?
2437 4963 2630 5018 Fateor
2651 5005 2665 5030 ,
2697 4963 2818 5020 ideo
2852 4964 2962 5035 jam
2997 4966 3110 5035 ipse
3133 4967 3346 5038 ambigo
3375 4985 3391 5022 :
3421 4968 3512 5024 sed
3543 4967 3781 5028 nimirum,

2243 5063 2336 5106 aut
2363 5055 2526 5108 breve
2567 5053 2768 5107 dictum
2813 5069 2996 5108 eorum
3023 5055 3354 5111 audientiam
3381 5066 3446 5112 ει·
3475 5057 3782 5112 intentionem

2245 5143 2396 5206 facile
2419 5143 2752 5214 subterfugit,
2786 5153 2878 5198 aut
2901 5145 3080 5215 aliquo
3105 5147 3264 5200 modo
3293 5147 3344 5202 id
3379 5157 3523 5204 recte
3547 5161 3692 5218 posse
3710 5157 3776 5197 ac-

2243 5235 2346 5304 cipi
2373 5235 2756 5300 existimantes,
2779 5237 2933 5306 cujus
2955 5237 3026 5292 de
3055 5239 3156 5294 hac
3185 5253 3244 5295 re
3269 5240 3627 5296 confessiones
3653 5237 3782 5307 liqui-

2243 5327 2340 5382 das
2363 5328 2462 5382 sibi
2499 5327 2695 5382 habere
2719 5329 3056 5396 videbantur,
3089 5345 3226 5400 pene
3253 5331 3322 5387 de
3345 5347 3451 5388 uno
3475 5333 3652 5396 verbo,
3675 5327 3784 5384 nihil

2311 5481 2599 5555 ‘Aplerique,
2625 5494 2728 5555 non.
2759 5481 2810 5555 in
2853 5481 3010 5555 gestis
3027 5483 3250 5555 agitatur.
3276 5487 3446 5536 verius
3485 5477 3786 5555 ξηαπ-βιω-

2243 5543 2480 5608 bertiuus
2499 5543 2600 5608 iis,
2625 5543 2877 5608 agelmluﬂ
2911 5543 3353 5608 Forte'legendum,
3397 5559 3489 5595 non
3525 5543 3673 5608 gestis
3698 5554 3787 5604 egr-

2247 5605 2416 5664 batur;
2452 5605 2614 5668 deleta
2641 5605 2978 5668 przepositione
2995 5644 3008 5664 ,
3033 5606 3085 5658 in
3103 5605 3197 5665 {ut
3219 5605 3358 5667 intra,
3397 5622 3446 5656 n.
3489 5605 3564 5657 55.
3589 5607 3694 5654 Dicit
3711 5615 3787 5668 Atl-

2245 5669 2470 5728 gustinus
2489 5668 2552 5714 de
2577 5665 2764 5728 iis'qua':
2787 5667 2912 5731 apud
2933 5675 3162 5731 Joannem
3185 5665 3462 5731 episcopum
3499 5669 3548 5718 in
3581 5665 3786 5726 Jemsoly-

2245 5727 2425 5777 ntitauo
2445 5727 2685 5792 consessu
2697 5727 3058 5792 autejudicium
3079 5727 3451 5792 Diospolitatitnn
3482 5736 3584 5779 aeta
3606 5731 3788 5780 luet-aut,

2246 5797 2298 5838 ut
2323 5790 2625 5850 perspicuum
2649 5796 2726 5838 est
2749 5803 2808 5837 ex
2835 5805 2884 5838 η.
2907 5791 2986 5840 57.

2311 5853 2330 5882 ³
2365 5865 2514 5910 enata,
2541 5851 2842 5901 revocaverit.
