3984 6510
80 3972 85 3981 ι

34 5008 47 5125 l

224 367 307 422 διε

222 487 264 533 ei
293 475 665 533 melioremne
713 476 1044 532 movendum
1093 484 1357 544 putarunt.
1387 475 1537 544 Quod
1564 485 1616 531 et
1640 476 1795 531 nobis

226 571 417 626 fusum
434 569 784 638 contigisset,
817 570 866 624 si
891 585 1013 624 eum
1036 571 1116 624 eis
1132 570 1194 622 'iu
1222 570 1312 623 illo
1332 570 1534 638 judicio
1562 571 1797 626 sedisse-

224 676 340 715 nuts.
363 658 584 713 Sieuim
610 674 811 729 proco
839 659 985 729 quod
1021 660 1250 731 positum
1275 659 1361 717 est
1388 661 1584 732 Dignus
1609 702 1625 728 ,
1656 661 1801 731 posi-

222 760 466 807 tumesset
508 751 961 817 andestinatus,
988 753 1070 806 vel
1096 751 1290 821 aliquid
1311 751 1633 821 ltujusmodi,
1664 753 1797 808 nihil

219 854 342 899 certe
384 844 634 912 scrupuli
688 854 934 914 tangeret
968 853 1128 914 atque
1169 852 1391 911 augeret
1434 844 1670 898 animum
1704 852 1799 900 :et

217 947 370 991 tamen
398 937 447 989 si
472 937 879 1002 dieatur,eum
921 936 1008 1007 qui
1039 953 1136 1006 per
1158 936 1476 991 electionem
1501 938 1687 1007 gratia:
1706 936 1796 1006 ju-

216 1027 479 1092 stiﬁcatur,
498 1028 672 1081 nullis
689 1028 910 1096 quidem
930 1027 1362 1096 praecedentibus
1389 1028 1595 1082 Inertis
1616 1027 1792 1093 bonis,

214 1117 293 1173 sed
308 1118 674 1172 destinatione
692 1117 915 1188 dignum
943 1117 1140 1182 vocari,
1166 1116 1303 1170 sicut
1330 1119 1539 1172 electus
1553 1127 1792 1183 vocatur,

213 1220 369 1263 utrum
400 1208 489 1263 vel
535 1218 710 1271 certe,
742 1209 832 1263 vel
860 1209 1077 1263 minima
1101 1208 1397 1263 oll‘ensione
1434 1206 1796 1277 intelligentia:

207 1303 296 1357 dici
326 1303 516 1371 possit,
572 1301 796 1358 diflicile
834 1303 1121 1370 judicatur.
1169 1301 1302 1356 Nam
1328 1310 1582 1369 quantum
1614 1300 1797 1356 ad'nte

204 1394 397 1455 attinet.
424 1393 500 1447 ab
531 1394 640 1448 hoc
668 1394 840 1448 verbo
882 1391 1033 1447 facile
1062 1393 1346 1446 transirem
1369 1432 1384 1455 ,
1414 1391 1515 1446 nisi
1546 1407 1632 1447 me
1662 1392 1797 1446 liber

201 1485 297 1549 ille,
320 1481 404 1537 cui
416 1484 713 1554 respondi.
729 1485 816 1539 ubi
826 1486 1054 1538 omnino
1070 1482 1265 1537 nullam
1287 1482 1416 1536 dicit
1433 1482 1528 1537 Dei
1545 1483 1792 1553 gratiam,

200 1576 288 1629 nisi
302 1584 556 1629 naturam
576 1584 822 1629 nostram
838 1590 959 1629 cum
979 1574 1142 1629 libero
1153 1574 1394 1640 arbitrio,
1412 1575 1636 1643 gratiam
1653 1589 1797 1629 crea-

200 1676 354 1719 turam
378 1665 417 1729 ¹,
432 1665 506 1719 de
531 1665 707 1734 ipsius
730 1663 927 1734 Pelagii
948 1679 1108 1718 sensu
1129 1663 1411 1718 sollicitum
1442 1664 1709 1725 redderet,
1729 1678 1796 1719 ne

196 1754 321 1809 forte
350 1755 453 1808 hoc
504 1755 740 1809 verbum
769 1770 872 1808 non
901 1754 972 1809 de
996 1754 1308 1823 negligentia
1343 1754 1629 1809 locutionis
1649 1795 1666 1819 ,
1698 1754 1794 1809 sed

193 1848 254 1902 ile
282 1847 569 1917 dirgentia
619 1847 893 1918 dogmatis
936 1849 1136 1903 curarit
1160 1848 1420 1902 inserere.
1441 1846 1560 1901 Jam
1586 1861 1794 1916 ea~qute

192 1947 383 1993 rest-tut
414 1939 725 1993 novissima
744 1980 760 2004 ,
792 1939 863 1992 ita
888 1938 1096 2007 judices
1120 1948 1547 2006 commoverunt,
1577 1948 1635 1993 ut
1670 1946 1796 1995 ante

192 2032 599 2102 responsionem
622 2032 828 2102 Pelagii
851 2031 1149 2086 damnanda
1169 2041 1473 2088 censerent.
1578 2070 1585 2071 κ
1724 2094 1731 2095 ί

258 2125 478 2182 CAPUT
520 2124 721 2180 XVIII.
753 2154 828 2164 —
860 2125 955 2179 42.
992 2124 1124 2181 Nam
1148 2124 1200 2180 iu
1224 2133 1378 2179 sexto
1405 2124 1640 2194 capitulo
1665 2121 1793 2180 Cte-

202 2218 329 2274 lestii
356 2218 472 2271 libri
490 2218 739 2287 positum
765 2217 1031 2286 objectum
1063 2224 1163 2282 est,
1196 2234 1216 2268 ι
1240 2216 1405 2272 Filios
1427 2216 1518 2273 Dei
1539 2232 1643 2269 non
1666 2229 1794 2284 pos-

212 2325 271 2364 se
304 2309 503 2372 vocari,
542 2308 651 2363 nisi
699 2306 848 2361 omni
889 2306 1291 2376 modoabsque
1335 2315 1555 2375 peccato
1596 2305 1792 2361 fuerint

207 2401 422 2455 clibi-tia
458 2399 615 2455 Unde
652 2398 952 2469 secundum
998 2398 1167 2467 ipsum
1217 2397 1415 2452 dictum
1466 2406 1569 2462 est,
1620 2412 1794 2465 neque

190 2493 487 2562 apostolum
542 2491 772 2546 Paulum
809 2505 931 2545 esse
963 2489 1127 2544 lilium
1162 2489 1289 2552 .Dei,
1323 2489 1411 2558 qui
1464 2488 1620 2553 dixit,
1669 2486 1793 2542 Non

186 2585 322 2650 quod
486 2583 795 2652 acceperim,
820 2591 911 2635 mit
934 2582 1070 2651 quod
1090 2582 1201 2653 jam
1232 2580 1481 2650 perfectus
1512 2581 1612 2636 sint
1641 2578 1795 2653 (Plii-

190 2678 330 2747 lipp.
384 2692 467 2739 ιιι,
513 2675 623 2747 1‘2).
658 2674 714 2728 ln
761 2675 997 2744 septimo
1034 2673 1288 2743 capitulo,
1326 2692 1345 2724 ι
1369 2671 1700 2731 Oblivionem
1739 2680 1794 2728 et

196 2771 565 2841 ignorantiam
590 2786 687 2823 non
709 2770 990 2838 subjacere
1024 2776 1262 2839 peccato,
1284 2768 1541 2838 quoniam
1567 2784 1677 2823 non
1702 2784 1793 2825 se-

202 2861 449 2917 cundum
480 2863 791 2916 voluntatem
816 2862 1093 2926 eveniunt,
1122 2859 1214 2916 sed
1240 2860 1532 2917 secundum
1553 2860 1795 2917 necessi-

216 2962 403 3006 tatem.
432 2971 453 3004 ι
479 2953 607 3006 Cum
632 2950 795 3005 David
822 2950 1007 3013 dicat,
1039 2949 1233 3005 Delicta
1252 2951 1533 3021 jureututis
1569 2966 1691 3005 mere
1730 2966 1795 3004 ne

208 3045 487 3099 mendacis
510 3053 557 3097 et
582 3045 889 3115 ignorantiae
926 3059 1049 3099 mete
1072 3042 1244 3114 (Psal.
1271 3059 1420 3110 xxnv,
1447 3042 1503 3118 7)
1536 3061 1549 3098 :
1579 3053 1634 3098 et
1670 3059 1790 3100 cum

200 3136 258 3188 in
284 3135 679 3205 legerstcu'ticia
708 3150 808 3203 pro
837 3135 1129 3204 ignorantia
1159 3135 1296 3189 sicut
1331 3151 1427 3204 pro
1462 3142 1680 3204 peccato
1706 3133 1791 3189 of-

196 3227 428 3279 ferantur
452 3223 641 3295 (Lavit.
663 3225 769 3296 tv).
796 3225 850 3279 In
873 3225 1080 3281 decimo
1106 3225 1361 3296 capitulo,
1395 3244 1413 3277 ι
1433 3225 1551 3280 Non
1577 3241 1695 3280 esse
1722 3225 1791 3280 li-

202 3316 380 3370 berum
400 3316 709 3379 arbitrium,
738 3316 911 3372 siDei
943 3316 1174 3385 indigeat
1198 3317 1423 3389 auxilio,
1445 3318 1696 3385 quoniam
1737 3317 1789 3371 in

201 3409 401 3478 pmjiria
415 3408 697 3465 voluntate
715 3407 880 3463 habet
890 3408 1250 3478 unusquisque
1262 3417 1352 3471 aut
1375 3407 1550 3464 facere
1566 3408 1786 3479 aliquid,

204 3511 288 3555 aut
314 3517 414 3555 non
444 3500 648 3557 facere.
690 3520 711 3554 ι
747 3501 807 3556 ln
832 3500 1150 3557 duodecimo
1174 3501 1427 3571 capitulo,
1457 3520 1475 3551 ι
1502 3501 1789 3558 Victoriam

211 3603 426 3647 nostram
449 3611 569 3647 non.
583 3609 655 3649 ex
686 3595 782 3649 Dei
803 3609 925 3649 esse
948 3593 1233 3663 adjutorio,
1257 3594 1349 3648 sed
1367 3609 1434 3648 ex
1453 3593 1620 3648 libero
1646 3593 1791 3649 arbi-

216 3684 307 3736 trio
333 3701 350 3738 :
383 3704 402 3734 ι
431 3685 575 3754 quod
596 3684 800 3741 inferre
824 3686 998 3740 dictus
1025 3684 1206 3741 estltis
1226 3684 1424 3749 verbis,
1452 3704 1470 3735 ι
1490 3683 1681 3744 Nostra
1708 3692 1794 3740 est

221 3773 441 3839 victoria,
482 3770 748 3845 quoniam
789 3777 1002 3845 prepria
1048 3775 1317 3831 voluntate
1360 3790 1508 3829 arma
1551 3776 1791 3845 suscepi-

175 3862 179 3873 ‘
222 3878 357 3928 mus;
382 3865 517 3919 sicut
538 3881 569 3920 e
598 3866 875 3919 contrario
895 3874 1130 3921 nostrum
1160 3875 1243 3920 est
1270 3863 1484 3934 quando
1510 3866 1788 3933 vincimur,

225 3956 446 4023 quoniam
476 3958 671 4011 armari
700 3958 914 4027 propria
937 3958 1203 4011 voluntate
1227 3958 1699 4029 contempsimus:
1729 3960 1792 4013 Et

225 4045 284 4100 de
312 4047 545 4116 apoSlolo
577 4048 742 4107 Petro
783 4048 962 4118 posuit
1009 4048 1391 4114 testimonium,
1420 4068 1439 4100 ι
1464 4049 1654 4104 divinae
1691 4066 1791 4106 nos

227 4153 329 4192 esse
376 4149 655 4196 consortes
690 4150 894 4196 natura:
928 4160 947 4194 ›
985 4139 1049 4214 (ll
1077 4139 1223 4196 Pctr.
1268 4158 1303 4205 ι,
1358 4124 1539 4214 4).Ἐι
1576 4144 1792 4215 syllogi-

226 4244 379 4284 smum
414 4230 589 4286 facere
617 4233 849 4289 dicitur:
885 4252 904 4285 ι
926 4234 1182 4302 Quoniam
1208 4235 1254 4290 si
1281 4235 1457 4291 anima
1486 4251 1590 4291 nou
1618 4246 1793 4307 potest

223 4336 329 4377 ease
372 4323 486 4377 sine
522 4336 764 4394 peccato,
795 4340 927 4395 ergo
971 4336 1027 4381 et
1074 4327 1212 4381 Deus
1263 4328 1507 4397 subjacet
1548 4339 1788 4399 peccato,

221 4414 359 4481 cujus
391 4429 535 4484 pus,
560 4416 666 4472 hoc
690 4427 775 4471 est
800 4418 973 4472 anima
998 4458 1011 4483 ,
1043 4428 1263 4489 peccato
1288 4420 1517 4477 obnoxia
1542 4432 1642 4476 est.
1678 4442 1697 4477 ι
1733 4423 1786 4477 ln

223 4507 366 4558 tertio
387 4507 595 4561 decimo
620 4509 854 4576 capitulo
877 4508 1026 4572 dicit,
1055 4528 1075 4561 ι
1113 4509 1372 4578 Quoniam
1402 4514 1785 4582 paruiteutihus

219 4597 360 4651 venia
380 4614 484 4653 non
522 4600 683 4654 datur
708 4601 1000 4656 secundum
1028 4606 1253 4674 gratiam
1278 4614 1335 4661 et
1371 4607 1789 4664 misericordiam

217 4689 325 4757 Dei,
353 4692 444 4747 sed
471 4693 766 4747 secundum
788 4694 977 4748 merita
1008 4706 1059 4750 et
1076 4696 1311 4752 laborem
1340 4711 1549 4764 eorum,
1578 4700 1667 4770 qui
1696 4715 1792 4770 per

210 4782 569 4852 pmnitentiam
588 4783 735 4851 digni
764 4785 959 4849 fuerint
977 4787 1361 4842 misericordia.
1397 4807 1417 4841 ι

272 4874 500 4931 CAPUT
538 4874 687 4931 XIX.
723 4905 798 4916 —
831 4877 923 4935 45.
963 4877 1058 4933 Uis
1082 4879 1318 4939 recitatis
1343 4880 1591 4952 Synodus
1615 4881 1785 4936 dixit:

211 4981 230 5013 ι
260 4965 397 5034 Quid
427 4967 495 5021 ad
532 4967 650 5021 haec
676 4982 795 5037 quae
819 4967 955 5023 lecta
992 4978 1111 5025 sunt
1139 4972 1364 5040 capitula
1392 4972 1521 5027 dicit
1548 4988 1788 5042 praesens

203 5055 442 5127 Pelagius
467 5060 766 5113 monachus
783 5059 808 5114 τ
825 5059 937 5115 Hoc
959 5062 1100 5138 enim
1129 5064 1378 5132 reprobat
1405 5075 1587 5120 sancta
1615 5065 1789 5138 Syno-

201 5148 332 5215 dus,
363 5159 417 5203 et
439 5157 627 5204 sancta
660 5150 752 5205 Dei
794 5151 1050 5207 catholica
1068 5134 1338 5209 .Ecclesia.
1369 5173 1389 5207 ι
1419 5134 1672 5225 Pelagius
1704 5171 1791 5213 re-

196 5242 409 5309 spondit
440 5260 458 5297 :
494 5260 513 5294 ι
537 5242 740 5297 lterum
767 5242 887 5298 dico
924 5245 1044 5313 quia
1073 5244 1187 5300 huic
1211 5254 1267 5302 et
1304 5247 1596 5303 secundum
1641 5248 1783 5318 ipso-

200 5349 317 5389 rum
340 5336 714 5397 testimonium
743 5350 850 5390 non
877 5344 1004 5393 sunt
1030 5352 1181 5403 mea;
1211 5353 1308 5409 pro
1334 5340 1560 5410 quibus,
1579 5351 1636 5396 ut
1657 5343 1783 5409 dixi,

195 5426 618 5482 satisfactionem
644 5441 754 5480 non
797 5426 1004 5482 debeo:
1034 5444 1151 5499 qua:
1191 5446 1322 5485 vero
1350 5448 1465 5487 mea
1500 5447 1622 5488 esse
1655 5448 1786 5486 eon-

196 5516 374 5574 fessus
399 5535 543 5579 sum.
578 5518 697 5574 hmo
726 5529 870 5574 recta
899 5535 1018 5576 esse
1046 5522 1255 5577 aflirmo
1284 5540 1297 5575 :
1326 5539 1445 5595 quze
1472 5535 1649 5581 autem
1677 5527 1786 5582 dixi

197 5625 304 5665 non
336 5626 457 5667 esse
482 5627 629 5679 mea,
659 5611 956 5666 secundum
980 5613 1235 5682 judicium
1275 5626 1481 5671 sanctae
1532 5615 1788 5673 Ecclesiae

196 5702 449 5773 reprobo,
498 5702 794 5759 anathema
841 5702 1023 5761 dicens
1064 5706 1210 5762 omni
1261 5708 1682 5765 contraveuienti
1732 5718 1789 5765 et

264 5874 285 5893 ο
314 5865 469 5922 ποι-ιε,
494 5857 651 5927 gratis
674 5863 904 5910 creatam

1648 360 1844 417 LlBhll
1887 356 2078 418 lNUS.

1899 496 2278 552 contradicenti
2319 507 2515 556 sancta:
2561 502 2836 561 catholicae
2891 506 3151 564 Ecclesia!
3201 508 3481 569 doctrinis.

1900 586 2015 657 Ego
2041 587 2184 643 enim
2206 589 2260 644 in
2300 592 2459 646 unius
2502 596 2807 652 substantia:
2840 598 3151 656 Trinitatem
3187 602 3371 669 credo,
3429 615 3485 660 et

1899 677 2390 735 omnia‘secundum
2428 682 2720 740 doctrinam
2758 698 2956 744 sanctae
2983 691 3259 746 catholicae
3288 692 3477 749 Eccle-

1899 770 2031 825 size:
2060 771 2104 825 si
2157 773 2276 843 quis
2326 789 2455 829 vero
2506 776 2678 831 aliena
2728 779 2796 834 ab
2847 779 2950 836 ha’c
2994 784 3154 853 sapit,
3198 784 3481 840 anathema

1900 861 1988 917 sit.
2018 883 2037 917 ι

1972 956 2195 1014 CAPUT
2225 958 2342 1013 XX.
2381 988 2455 1001 -—
2488 960 2578 1023 ιι.
2618 961 2866 1034 Synodus
2907 964 3081 1021 dixit:
3111 986 3130 1019 ι
3153 966 3306 1024 Nunc
3350 984 3483 1040 quo-

1900 1052 2043 1106 niam
2072 1051 2397 1105 satisfactum
2442 1064 2522 1107 est
2569 1054 2720 1109 nobis
2751 1050 3207 1124 prosecutionibus
3247 1075 3481 1130 praesen-

1901 1145 1970 1198 tis
1987 1143 2187 1215 Pelagii
2213 1145 2477 1205 monachi.
2494 1145 2581 1215 qui
2608 1147 2820 1215 quidem
2850 1148 2950 1217 piis
2969 1148 3224 1205 doctrinis
3251 1158 3481 1206 consen~

1900 1234 1982 1300 tit,
2009 1235 2271 1290 comraria
2303 1250 2428 1289 vero
2464 1226 2722 1291 Ecclesia:
2757 1236 2876 1292 ﬁdei
2908 1239 2925 1270 ί
2950 1239 3201 1308 reprobat
3243 1250 3298 1296 et
3346 1256 3477 1296 ana-

1901 1325 2223 1392 thematizat,
2250 1327 2643 1381 communionis
2669 1328 3048 1383 ecclesiasticae
3090 1344 3215 1385 eum
3261 1344 3383 1387 esse
3427 1338 3482 1387 'et

1897 1417 2171 1472 catholica:
2191 1417 2526 1472 confitemur.
2564 1437 2583 1470 ι

1966 1508 2193 1565 CAPUT
2231 1507 2374 1563 XXI.
2412 1537 2486 1550 -—
2523 1509 2613 1565 45.
2653 1507 2709 1565 Si
2758 1509 2870 1564 ista
2898 1508 3006 1565 sint
3049 1517 3197 1581 gesta
3213 1511 3256 1575 ⁸,
3284 1509 3479 1579 quibus

1897 1593 2055 1653 amici
2081 1598 2276 1670 Pelagii
2301 1598 2529 1670 gaudent
2555 1614 2675 1654 eum
2703 1614 2821 1655 esse
2848 1610 3126 1671 purgatum
3152 1617 3165 1654 :
3194 1616 3312 1668 nos,
3340 1617 3479 1672 quo-

1899 1691 2037 1747 niam
2088 1708 2211 1763 erga
2251 1708 2311 1747 se
2359 1703 2594 1747 nostram
2639 1708 2851 1764 quoque
2908 1694 3216 1761 amicitiam,
3258 1694 3480 1764 prolatis

1897 1784 2055 1838 etiam
2086 1782 2434 1839 familiaribus
2457 1784 2695 1853 epistolis
2723 1785 2952 1850 nostris,
2983 1795 3141 1855 atque
3169 1785 3221 1839 in
3257 1785 3358 1841 hoc
3388 1784 3478 1855 ju-

1895 1873 2037 1929 dicio
2074 1874 2338 1940 recitatis,
2379 1889 2512 1945 quas
2550 1872 2781 1930 insertas
2824 1875 3100 1929 continent
3138 1883 3310 1946 gesta,
3347 1876 3479 1931 satis

1896 1966 2122 2036 probare
2144 1967 2368 2032 curavit,
2396 1966 2618 2021 salutem
2642 1966 2855 2037 quidem
2882 1964 2997 2034 ejus
3022 1968 3074 2020 in
3097 1966 3311 2021 Christo
3329 1966 3482 2037 cupi-

1895 2073 2015 2114 mus
2052 2070 2106 2115 et
2130 2068 2405 2129 optamus;
2434 2058 2500 2114 de
2526 2059 2625 2113 ista
2668 2074 2801 2114 vero
2826 2058 2943 2129 ejus
2979 2060 3304 2128 purgatione,
3357 2072 3477 2129 quze

1894 2151 2062 2222 magis
2105 2148 2340 2205 creditur
2358 2191 2373 2217 ,
2402 2165 2559 2220 quam
2587 2150 2786 2219 liquido
2805 2149 3220 2211 demonstratur,
3241 2148 3478 2218 gaudere

1894 2254 2092 2298 temere
2119 2258 2223 2297 non
2253 2241 2527 2296 debemus.
2565 2241 2742 2310 Neqtie
2767 2240 2868 2295 hoc
2892 2240 3095 2303 dicens,
3120 2240 3356 2309 judicum
3382 2254 3477 2294 ar-

1894 2344 1996 2404 guo
2026 2332 2107 2386 vel
2134 2332 2524 2403 negligentiam,
2554 2331 2637 2387 vel
2661 2332 3074 2397 conniventiam,
3107 2331 3211 2396 vel,
3238 2331 3381 2402 quod
3404 2332 3474 2387 ab

1894 2418 1973 2478 eis
2002 2424 2157 2494 longe
2194 2418 2483 2478 abhorrere
2519 2423 2874 2477 certissimum
2901 2433 3003 2487 est,
3036 2423 3317 2492 impiorum
3341 2424 3477 2494 dog-

1895 2524 2095 2569 matum
2145 2514 2521 2568 conscientiam
2553 2530 2566 2566 :
2595 2511 2687 2567 sed
2715 2527 2899 2565 eorum
2941 2512 3139 2581 judicio
3167 2528 3261 2581 pro
3289 2515 3481 2567 merito

1893 2606 2185 2676 approbato
2212 2614 2368 2675 atque
2412 2603 2645 2672 laudato,
2697 2604 2940 2674 Pelagius
2981 2613 3157 2659 tamen
3193 2604 3332 2673 apud
3383 2619 3480 2659 eos

1892 2700 2083 2769 quibus
2111 2696 2335 2767 amplius
2365 2695 2667 2766 certiusque
2688 2705 2848 2751 notus
2873 2705 2958 2751 est
2978 2695 3021 2761 ⁸,
3049 2712 3153 2749 non
3181 2696 3309 2751 mihi
3330 2697 3482 2751 vide-

1895 2799 1983 2845 tur
2004 2804 2122 2843 esse
2150 2799 2423 2859 purgatus.
2456 2786 2532 2841 Illi
2574 2787 2716 2842 enim
2747 2798 2995 2857 tanquam
3027 2788 3095 2843 de
3129 2787 3308 2858 ignoto
3333 2787 3481 2858 judi-

1893 2893 2097 2948 cantes,
2147 2882 2230 2935 bis
2278 2880 2574 2950 prmserliut
2615 2879 2927 2935 absentibus
2980 2880 3068 2949 qui
3120 2888 3304 2933 contra
3356 2894 3479 2934 eum

1893 2975 2126 3030 libellqu
2155 2973 2434 3038 dederant,
2477 2973 2745 3027 hominem
2777 2971 2992 3042 quidem
3014 2972 3321 3042 diligentius
3347 2988 3479 3028 exa-

1894 3066 2096 3119 minare
2117 3064 2335 3119 minime
2366 3070 2649 3132 potuerunt
2677 3080 2695 3116 ι
2723 3062 2965 3118 haeresim
2991 3071 3169 3117 tamen
3205 3063 3373 3134 ipsam
3394 3105 3408 3129 ,
3434 3065 3479 3119 si

1891 3171 2076 3211 eortnn
2114 3162 2405 3225 sequantur
2426 3154 2693 3223 judicium
2722 3154 2809 3224 qui
2842 3168 2939 3223 pro
2979 3155 3099 3223 ejus
3129 3155 3481 3224 perversitate

1892 3249 2186 3314 certabant,
2232 3248 2446 3319 penitus
2484 3256 2845 3316 peremerunt.
2877 3245 2956 3300 illi
3000 3255 3177 3301 autem
3221 3247 3310 3318 qui
3346 3247 3482 3301 bene

1893 3340 2068 3394 sciunt
2117 3354 2238 3409 quae
2278 3334 2522 3408 Pelagius
2550 3338 2746 3393 docere
2785 3338 3080 3400 consuevit,
3105 3338 3220 3394 sive
3254 3340 3343 3410 qui
3366 3339 3481 3409 ejus

1891 3430 2337 3500 disjmtationibus
2354 3430 2682 3491 restiterunt.
2714 3429 2828 3483 sive
2859 3430 2948 3498 qui
2984 3444 3048 3483 ex
3077 3430 3193 3500 ipso
3221 3444 3481 3486 errorese

1890 3521 2150 3577 liberatos
2195 3535 2317 3576 esse
2362 3521 2715 3590 gratulantur,
2765 3518 3034 3588 quomodo
3085 3530 3306 3589 possunt
3356 3535 3479 3576 eum

1892 3630 1997 3668 non
2049 3613 2248 3667 habere
2293 3622 2619 3681 suspectum,
2655 3612 2867 3683 quando
2899 3612 3015 3679 ejus
3050 3628 3153 3666 non
3184 3613 3478 3683 simplicem

1890 3704 2284 3760 Confessionem
2315 3704 2575 3772 praaterita
2610 3711 2785 3758 errata
2797 3703 3138 3757 damnantem
3161 3744 3175 3769 ,
3201 3702 3296 3757 sed
3321 3703 3477 3757 talem

1890 3793 2550 3862 confessionemHegmu,
2589 3794 2739 3862 quasi
2780 3807 3047 3863 nunquam
3088 3791 3244 3846 aliter
3287 3804 3478 3846 sensu-

1891 3888 1982 3951 rit,
2010 3902 2168 3956 quam
2195 3887 2297 3940 isto
2319 3884 2522 3955 judicio
2548 3885 2599 3939 in
2635 3885 2754 3954 ejus
2789 3892 2871 3938 est
2912 3882 3347 3968 responsionibus
3380 3896 3479 3954 ap-

1892 3978 2215 4049 probatum?
2816 3986 2821 3989 '

1962 4067 2186 4124 CAPU'I‘
2223 4067 2388 4122 XXII.
2426 4094 2501 4107 —-
2534 4066 2623 4120 ιϐ.
2662 4063 2795 4119 Nam
2816 4106 2828 4129 ,
2857 4072 2913 4118 ut
2948 4064 3017 4119 de
3045 4079 3130 4119 me
3164 4064 3280 4135 ipso
3309 4063 3478 4135 potis-

1893 4162 2085 4216 simum
2138 4161 2332 4226 dicam,
2388 4160 2536 4229 prius
2582 4158 2817 4212 absentis
2870 4167 2924 4211 et
2972 4157 3155 4211 Bonna
3202 4155 3475 4211 constituti

1877 4255 2090 4323 Pelagii
2117 4266 2308 4307 nomen
2331 4267 2449 4305 curn
2474 4265 2661 4320 magna
2683 4250 2796 4321 ejus
2828 4250 2984 4305 laude
3008 4249 3228 4319 cognovi
3254 4266 3268 4302 :
3288 4258 3473 4320 postea

1892 4347 2053 4419 cmpit
2077 4345 2141 4399 ad
2171 4359 2266 4398 nos
2288 4344 2431 4396 fatua
2446 4342 2703 4409 perferre,
2745 4341 2885 4411 quod
2928 4340 3184 4396 adversus
3221 4341 3319 4396 Dei
3349 4356 3475 4411 gra-

1894 4438 2369 4505 tianrtlisputaret;
2401 4434 2540 4499 quod
2568 4434 2693 4488 licet
2729 4433 2966 4487 dolerent
2989 4475 3004 4498 ,
3038 4440 3092 4487 et
3129 4433 3196 4486 ab
3226 4433 3303 4486 eis
3344 4432 3473 4487 mihi

1891 4533 2154 4587 diceretur
2182 4526 2374 4599 quibus
2397 4526 2691 4589 crederem,
2726 4526 2794 4579 ab
2818 4526 2954 4594 ipso
2997 4534 3172 4579 tamen
3222 4526 3326 4580 tale
3370 4526 3468 4578 ali-

1890 4624 2037 4695 quid,
2079 4622 2163 4675 vel
2215 4621 2267 4674 in
2307 4619 2422 4690 ejus
2471 4620 2647 4690 aliqua
2670 4619 2805 4672 libro
2834 4632 2993 4673 nosse
3020 4618 3318 4687 cupiebam,
3353 4618 3473 4671 utsi

1890 4714 2181 4783 inciperem
2214 4711 2553 4781 redarguere,
2577 4723 2772 4781 negare
2801 4722 2904 4763 non
2927 4714 3124 4779 posset.
3158 4707 3348 4763 Postea
3373 4723 3472 4763 ve-

1889 4812 1952 4861 ro
1979 4820 2135 4875 quam
2163 4805 2212 4856 in
2242 4801 2474 4857 Africam
2504 4801 2663 4857 venit.
2688 4816 2774 4855 me
2795 4802 3037 4865 absente,
3068 4809 3269 4865 nostro,
3294 4800 3345 4854 id
3366 4810 3469 4866 est,

1891 4897 2214 4969 Hipponensi
2263 4896 2435 4949 littore
2473 4904 2726 4962 exceptus
2760 4903 2861 4959 est,
2909 4893 2995 4947 ubi
3042 4895 3281 4959 omnino,
3334 4893 3474 4948 sicut

1888 4988 2127 5059 comperi
2174 5003 2202 5041 a
2229 4988 2253 5020 ⁸
2287 4986 2503 5051 nostris,
2533 4985 2659 5039 nihil
2688 4984 2755 5039 ab
2781 4984 2871 5038 illo
2901 4984 3199 5053 lmjusmodi
3231 4982 3468 5039 auditum

1889 5090 1972 5135 est
2000 5098 2012 5133 :
2040 5079 2161 5149 quia
2213 5088 2265 5132 et
2297 5077 2452 5131 citius
2485 5092 2640 5147 quam
2688 5076 2987 5146 putabatur,
3029 5076 3151 5130 inde
3201 5074 3471 5145 profectus

1888 5183 1992 5231 est.
2038 5172 2379 5227 l’ostmodum
2428 5170 2547 5241 ejus
2585 5169 2771 5225 faciem
2821 5170 3161 5240 Carthagine,
3213 5176 3471 5239 quantum

1889 5265 2089 5333 recolo,
2120 5263 2287 5319 semel
2313 5262 2394 5318 vel
2418 5262 2612 5317 iterum
2636 5260 2779 5328 vidi,
2811 5260 3025 5332 quando
3053 5274 3181 5315 cura
3210 5259 3470 5315 Collatlo-
3570 5276 3587 5297 ι

1952 5495 1968 5560 ξ
2003 5492 2309 5560 qilhertinus
2328 5488 2557 5560 ttsﬂgecol
2582 5488 2790 5560 tiasticte
2809 5488 2946 5556 ﬁdei.

1951 5558 1972 5589 ι
2005 5556 2134 5604 Idem
2160 5560 2265 5611 hts.,
2284 5553 2368 5602 sed
2386 5551 2478 5615 ista
2499 5551 2592 5601 sint
2613 5558 2763 5615 (leua.

1951 5620 1973 5652 ³
2006 5625 2104 5667 Duo
2128 5623 2254 5673 Mss,
2278 5612 2551 5677 (tutiusque
2570 5612 2707 5677 notus
2732 5618 2820 5663 est.

1949 5680 1972 5712 δ
2003 5688 2135 5730 Suar.
2163 5684 2216 5727 et
2236 5674 2366 5725 Oolb.
2382 5673 2495 5737 Δλιες..
2517 5673 2857 5737 defensionem.

1949 5744 1972 5775 ⁸
2004 5748 2068 5803 tta
2087 5748 2221 5789 suar.
2248 5733 2734 5806 etmlbertintisgus.
2761 5741 2811 5806 In
3029 5733 3263 5806 editione
3285 5734 3476 5787 Velset'l

1886 5798 2083 5861 curiaso,
2101 5798 2316 5861 comperi
2344 5810 2411 5859 a;
2446 5795 2725 5861 legebatur,
2747 5795 2870 5847 sicut
2890 5795 3081 5861 nostris.
3125 5799 3243 5849 uiue
3263 5810 3386 5851 vero
3424 5812 3475 5850 ut

1889 5856 2238 5931 insternit-ibus
2261 5856 2551 5911 editionibus
2569 5861 2743 5909 factum
2769 5866 2890 5920 erat,
2914 5856 3038 5910 sicut
3061 5862 3245 5946 nostis.
