4042 6492
542 344 650 406 547

541 459 628 516 nis
655 460 699 527 ',
723 472 882 529 quam
908 469 1029 510 cum
1046 450 1312 508 lncrcticis
1337 449 1624 504 Donatistis
1645 447 1873 503 habituri
1896 459 2130 508 eramus,

541 548 983 620 occupatissimus
1026 545 1144 598 fut:
1177 542 1267 597 ille
1294 557 1422 597 vero
1464 541 1623 596 etiam
1667 539 1736 594 ad
1783 538 2133 594 transmarina

544 640 870 712 properavit.
903 638 1108 690 Interea
1137 649 1235 706 per
1259 647 1353 688 ora
1375 648 1559 688 eorum
1599 632 1689 703 qui
1733 632 1852 701 ejus
1887 628 2134 699 discipuli

548 732 876 795 ferebantur,
903 727 1151 798 dogmata
1180 726 1280 780 ista
1328 723 1639 780 fervebant:
1671 723 1740 777 ita
1769 731 1826 776 ut
1852 718 2136 776 leestius

548 823 617 878 ad
655 819 1075 877 ecclesiasticum
1123 815 1379 887 judicium
1416 813 1738 885 perveniret,
1768 821 1822 866 et
1841 819 2137 880 reportaret

545 914 759 985 dignam
789 926 883 974 sua
925 910 1276 980 perversitate
1317 906 1656 962 sententiam.
1696 904 1970 962 Salubrius
2007 918 2136 958 sane

546 1007 806 1061 adversus
832 1019 926 1060 eos
955 1005 1036 1073 agi
1072 1002 1410 1073 putabamus,
1441 1001 1486 1054 si
1523 1000 1795 1054 hominum
1835 997 2138 1053 nominibus

547 1096 740 1159 tacitis,
771 1095 871 1166 ipsi
910 1093 1267 1149 refutarentur
1297 1101 1351 1148 et
1398 1091 1847 1161 redarguerentur
1901 1102 2133 1152 errores,

548 1198 708 1259 atque
737 1187 810 1242 ita
839 1195 984 1242 metu
1022 1185 1198 1255 potius
1223 1183 1568 1240 ecclesiastici
1590 1181 1774 1251 judicii
1805 1182 2138 1252 corrigeren-

548 1290 637 1335 tur
660 1280 931 1343 homines,
957 1293 1116 1350 quam
1139 1278 1255 1347 ipso
1277 1274 1479 1346 judicio
1511 1275 1843 1344 punirentur.
1867 1272 2137 1328 Neclibris

548 1371 708 1442 igitur
731 1371 988 1426 adversus
1015 1369 1152 1424 mala
1192 1368 1283 1423 illa
1320 1367 1608 1434 disserere,
1658 1380 1758 1421 nec
1798 1363 2137 1435 popularibus

549 1462 866 1518 tractatibus
892 1460 1256 1516 cessabamus.

621 1553 848 1610 CAPUT
888 1551 1078 1608 XXIII.
1118 1581 1189 1591 —
1224 1552 1315 1606 47.
1353 1548 1486 1611 Cum
1509 1563 1638 1604 vero
1663 1547 1794 1603 mihi
1823 1547 1980 1603 etiam
2003 1546 2140 1602 liber

549 1645 640 1700 ille
657 1645 816 1700 datus
843 1654 987 1700 esset
1013 1643 1232 1699 aservis
1258 1642 1372 1707 Dei,
1415 1641 1568 1696 bonis
1618 1650 1672 1696 et
1726 1639 1964 1694 honestis
2011 1639 2140 1693 viris

558 1736 794 1792 Timasio
821 1747 874 1791 et
894 1734 1114 1800 Iacobo,
1147 1733 1235 1789 ubi
1256 1733 1589 1803 apertissime
1616 1731 1858 1802 Pelagius
1877 1729 2138 1800 objectam

548 1831 650 1886 sibi
677 1845 707 1884 a
737 1844 796 1884 se
825 1830 942 1899 ipso
967 1837 1217 1897 tanquam
1238 1827 1306 1881 ab
1330 1824 1662 1891 adversario,
1692 1824 1831 1878 unde
1853 1822 1966 1893 jam
1983 1837 2141 1893 gran-

549 1921 605 1976 di
641 1920 836 1974 invidia
870 1918 1171 1983 laborabat,
1198 1917 1266 1973 de
1293 1917 1386 1972 Dei
1423 1917 1593 1987 gratia
1643 1915 1989 1986 qumstionem
2035 1929 2139 1969 non

547 2011 708 2066 aliter
740 2010 839 2065 sibi
871 2009 1081 2065 solvere
1108 2008 1253 2063 visus
1278 2016 1378 2072 est,
1410 2007 1510 2062 nisi
1533 2015 1588 2061 ut
1607 2015 1848 2060 naturam
1862 2020 1983 2060 cum
2004 2005 2141 2060 libe-

550 2120 612 2160 ru
636 2103 858 2157 arbitrio
885 2101 1178 2168 conditam,
1204 2101 1293 2156 Dei
1317 2101 1522 2156 diceret
1545 2100 1803 2170 gratiam;
1833 2099 2138 2170 aliquando,

550 2194 710 2265 idque
756 2193 985 2248 tenuiter
1009 2195 1054 2258 ⁸,
1083 2209 1184 2249 nec
1212 2200 1420 2262 aperte,
1451 2192 1498 2246 ei
1539 2191 1868 2262 conjungens
1897 2190 1982 2246 vel
2012 2191 2142 2261 legis

551 2285 903 2356 adjutorium,
935 2283 1020 2340 vel
1048 2285 1416 2340 remissionem
1442 2284 1604 2339 etiam
1624 2293 1958 2354 peccatorum
1985 2299 1999 2337 :
2029 2290 2141 2341 tum

553 2392 684 2431 vero
730 2376 848 2431 sine
878 2376 981 2430 ulla
1019 2375 1351 2432 dubitatione
1394 2375 1520 2430 mihi
1551 2375 1761 2440 claruit,
1804 2391 1962 2446 quam
2001 2384 2146 2431 esset

551 2466 857 2525 christiana;
885 2467 1044 2522 saluti
1075 2482 1340 2522 venenum
1387 2467 1528 2523 illius
1554 2467 1917 2537 pervcrsitatis
1965 2467 2144 2522 inimi-

551 2577 701 2617 cum.
727 2559 836 2616 Nec
865 2561 944 2616 sic
972 2570 1149 2618 tamen
1172 2561 1320 2630 operi
1353 2574 1502 2626 meo,
1529 2576 1635 2630 quo
1673 2559 1918 2615 eumdem
1950 2559 2144 2616 librant

556 2654 752 2720 refelli,
785 2653 984 2726 Pelagii
1005 2668 1198 2710 nomen
1230 2653 1427 2708 inserui
1455 2671 1468 2706 :
1495 2651 1704 2707 facilius
1730 2668 1816 2708 me
1834 2652 2146 2710 existimans

553 2745 911 2816 profuturmn,
939 2747 982 2801 si
1003 2755 1211 2801 servata
1239 2746 1493 2813 amicitia,
1519 2745 1695 2801 adhuc
1733 2746 1852 2816 ejus
1879 2762 2145 2803 verecun-

553 2836 657 2890 diu:
684 2853 978 2905 parcerem,
1006 2837 1159 2906 cujus
1198 2837 1389 2892 litteris
1430 2837 1540 2906 jam
1573 2853 1790 2908 parcere
1847 2853 1952 2894 non
1982 2839 2147 2894 debe-

555 2943 692 2982 rem.
726 2929 858 2982 llinc
883 2938 986 2994 est,
1017 2927 1160 3000 quod
1189 2945 1331 2984 nunc
1346 2930 1571 2986 moleste
1599 2931 1732 2997 fero,
1758 2932 1809 2985 in
1836 2931 1936 2986 hoc
1947 2931 2148 3002 judicio

555 3020 756 3075 dixisse
786 3021 934 3075 illum
974 3020 1205 3091 quodam
1241 3021 1382 3088 loco,
1421 3040 1441 3075 ι
1471 3022 1887 3079 Anathematizo
1914 3025 2033 3080 illos
2057 3026 2145 3095 qui

555 3113 634 3169 sic
660 3123 860 3179 tenent,
883 3123 974 3168 aut
999 3114 1286 3185 aliquando
1310 3126 1612 3172 tenuerunt.
1635 3136 1656 3170 ι
1683 3116 1977 3174 Sull‘ecerat
2003 3118 2149 3175 dice-

556 3220 639 3272 re,
669 3223 688 3256 ι
715 3205 805 3274 qui
822 3205 899 3260 sie
927 3214 1142 3269 tenent;
1173 3225 1191 3258 ι
1219 3215 1276 3260 ιιι
1313 3223 1435 3264 eum
1473 3208 1816 3263 crederemus
1861 3225 1980 3265 esse
2025 3225 2146 3265 cor-

557 3306 761 3352 rectum
794 3312 955 3351 :eum
1004 3313 1132 3354 vero
1175 3297 1399 3363 addidit,
1452 3308 1588 3354 «aut
1626 3299 1912 3369 aliquando
1959 3311 2147 3356 tenue-

557 3396 719 3451 runt;
751 3405 770 3440 ι
815 3388 1062 3456 primum,
1100 3403 1260 3458 quam
1304 3389 1502 3458 injuste
1543 3389 1802 3445 damnare
1852 3391 2150 3446 immeritos

557 3493 720 3534 ausus
747 3487 850 3541 est,
877 3478 966 3548 qui
991 3477 1105 3543 illo,
1135 3494 1296 3549 quem
1323 3480 1438 3534 sive
1473 3479 1612 3544 aliis,
1644 3480 1761 3536 sive
1787 3481 1903 3551 ipso
1928 3481 2152 3537 doctore

559 3569 884 3635 didicerant,
915 3583 1101 3624 errore
1125 3570 1444 3626 caruerunt?
1468 3571 1688 3636 Deinde,
1711 3573 1830 3642 quis
1847 3588 2032 3628 eorum
2059 3573 2149 3642 qui

557 3677 680 3714 etim
713 3662 813 3717 ista
842 3677 945 3717 non
986 3663 1158 3718 solum
1187 3662 1475 3734 aliquando
1498 3663 1751 3729 tenuisse,
1778 3681 1961 3720 verum
1989 3665 2150 3720 etiam

556 3752 803 3808 docuisse
832 3763 1129 3822 noverunt,
1159 3770 1265 3810 non
1308 3756 1499 3810 merito
1539 3755 1875 3826 suspicetur,
1905 3755 2152 3811 simulate

556 3847 1035 3903 anatliematizasse
1061 3847 1150 3917 qui
1192 3845 1308 3902 haec
1355 3856 1557 3913 tenent,
1593 3862 1712 3901 cum
1749 3847 1938 3903 eodem
1990 3846 2152 3901 modo

557 3937 1010 3992 anathematizare
1036 3954 1143 3992 non
1176 3938 1436 3992 dubitavit
1463 3938 1554 4009 qui
1595 3938 1709 3993 hazc
1745 3939 2030 4010 aliquando
2075 3948 2152 3995 te-

558 4037 810 4094 nuerunt,
839 4027 892 4083 in
931 4027 1123 4098 quibus
1148 4043 1270 4083 eum
1307 4027 1479 4097 ipsum
1523 4027 1948 4084 recordabuntur
1981 4031 2150 4100 magi-

557 4123 764 4177 strum?
789 4121 946 4188 Ecce,
978 4132 1039 4175 ut
1065 4121 1200 4174 alios
1229 4130 1455 4185 taceam,
1486 4120 1778 4187 Timasium
1803 4121 2147 4189 etJacobum,

557 4212 755 4283 quibus
777 4211 967 4274 oculis,
984 4225 1087 4280 qua
1119 4209 1292 4266 fronte
1311 4211 1624 4281 conspiciet,
1638 4227 1764 4267 suos
1780 4222 1828 4267 et
1841 4211 2150 4279 dilectores,

559 4301 1259 4372 etaliquando-discipulos,
1288 4302 1356 4357 ad
1397 4317 1532 4372 quos
1559 4303 1752 4358 librum.
1804 4305 2016 4374 scripsi,
2062 4307 2151 4361 ubi

561 4391 698 4450 libro
725 4391 842 4459 ejus
865 4392 1113 4462 respondi
1137 4393 1210 4464 (a)
1229 4393 1252 4447 ?
1271 4392 1362 4463 qui
1382 4404 1529 4450 certe
1545 4395 1994 4464 quemadmodum
2019 4399 2151 4454 mihi

563 4480 971 4552 rescripserint,
1003 4483 1284 4538 tacendum
1311 4495 1366 4539 et
1402 4485 1831 4554 praetereundum
1856 4503 1961 4543 non
1995 4498 2150 4558 puta-

561 4566 644 4626 vi;
675 4566 767 4620 sed
795 4566 1096 4636 exemplum
1122 4567 1417 4623 litterarum
1447 4570 1630 4624 subter
1653 4571 1903 4626 aunexui.

633 4657 856 4713 CAPUT
896 4658 1088 4714 XXIV.
1128 4689 1203 4702 —-
1237 4659 1328 4716 48.
1374 4679 1393 4712 ι
1422 4661 1645 4717 Domino
1669 4674 1797 4718 vere
1817 4663 2150 4734 beatissimo,

559 4757 616 4806 et
644 4749 836 4803 merito
861 4751 1152 4805 venerabili
1187 4752 1321 4821 patri
1344 4755 1595 4826 episcopo
1629 4756 1943 4826 Augustino,
1971 4759 2153 4814 Tima-

559 4841 677 4896 sius
694 4851 748 4894 et
774 4841 1025 4905 Jacobus,
1059 4843 1108 4898 in
1141 4844 1366 4899 Domino
1391 4846 1636 4902 salutem.
1668 4847 1742 4903 lta
1775 4865 1874 4905 nos
1892 4850 2078 4906 refecit
2097 4859 2154 4906 et

562 4933 828 4988 recreavit
850 4935 1020 5004 gratia
1071 4935 1163 4989 Dei
1191 4929 1486 4991 ministrata
1516 4954 1610 5008 per
1637 4941 1855 4996 verbum
1889 4950 2058 5008 tuum,
2099 4952 2157 4998 ut

565 5039 786 5096 prorsus
818 5039 1072 5094 germane
1117 5026 1378 5090 dicamus,
1411 5028 1551 5082 Misit
1578 5031 1779 5084 verbum
1803 5047 1969 5097 suum,
1997 5041 2042 5085 et
2065 5049 2154 5086 sa-

565 5118 705 5172 navit
723 5134 807 5173 eos
838 5118 1007 5189 (Psal.
1031 5134 1135 5185 cvi,
1151 5119 1268 5190 20),
1292 5118 1508 5177 domine
1535 5121 1862 5188 beatissime,
1891 5131 1945 5178 et
1966 5123 2156 5178 merito

563 5211 882 5267 venerabilis
910 5223 1080 5282 pater.
1103 5214 1244 5270 Sane
1278 5229 1338 5269 ea
1369 5214 1643 5284 diligentia
1688 5216 1974 5272 ventilasse
2017 5215 2155 5272 Sau-

562 5304 802 5359 ctitatem
831 5311 976 5358 tuam
1003 5315 1202 5360 textum
1225 5304 1464 5374 ejusdem
1483 5305 1648 5360 libelli
1678 5307 1994 5376 reperimus,
2019 5307 2154 5362 utad

561 5395 802 5467 singulos
828 5397 1010 5466 apices
1039 5412 1294 5467 responsa
1335 5397 1542 5452 reddita
1571 5408 1880 5469 stupeamus
1900 5441 1915 5466 ,
1937 5400 2050 5456 sive
2103 5401 2154 5456 in

561 5486 648 5543 his
672 5503 794 5558 qua:
819 5488 1074 5556 refutare,
1100 5489 1374 5554 detestari,
1405 5503 1469 5544 ac
1496 5489 1678 5561 fugere
1705 5489 1893 5550 deceat
1915 5491 2158 5548 christia-

623 5645 642 5709 ξ
677 5652 833 5709 εφη-ο
849 5643 1044 5709 {mande
1063 5645 1199 5709 cich
1215 5643 1545 5700 collationem.

621 5706 648 5769 ξ
679 5705 896 5769 βάἰιίίὶὶι
916 5706 1044 5769 quod
1066 5706 1235 5759 tenuit.

627 5765 704 5829 (ι)
857 5765 1118 5823 desatura
1142 5778 1195 5824 et
1211 5771 1386 5822 cn'ia.

1599 334 1688 389 DE
1727 331 1963 388 CESTIS
1992 327 2285 394 PELAGII,
2325 329 2382 384 S.
2417 331 2784 390 AUGUSTINI
3710 349 3801 408 διε

2241 458 2368 498 num
2395 461 2409 509 ;
2433 447 2544 500 sive
2571 447 2622 500 in
2653 448 2777 514 illis,
2811 449 2862 504 in
2883 450 3074 521 quibus
3104 466 3209 506 non
3254 454 3382 510 satis
3424 454 3683 517 invenitur
3721 481 3800 522 er-

2240 551 2418 601 mssa;
2455 540 2716 608 quamvis,
2745 543 2926 595 nescio
2947 557 3048 612 qua
3069 543 3373 611 calliditate,
3393 545 3445 600 in
3468 545 3594 617 ipsis
3613 566 3804 624 quoque

2237 630 2460 698 gratiam
2495 630 2586 685 Dei
2629 632 2854 686 credidit
2881 634 3332 704 supprimendum.
3382 636 3486 692 Sed
3537 653 3692 696 unum
3735 658 3806 699 est

2239 720 2380 789 quod
2414 736 2510 776 nos
2530 722 2582 776 in
2614 733 2758 776 tanto
2782 724 3040 780 beneficio
3061 726 3244 792 allicit,
3267 727 3388 797 quia
3419 728 3564 783 tarde
3592 730 3690 788 hoc
3711 744 3804 790 tam

2240 813 2552 882 prmclarum
2576 816 2761 885 gratia:
2805 817 2896 872 Dei
2929 833 3122 874 munus
3146 819 3364 874 ell'ulsit.
3399 820 3661 891 Siquidem
3686 842 3805 882 con-

2243 902 2358 972 tigit
2389 903 2676 986 ‘absentes
2701 907 2816 962 lieri
2859 907 3138 978 quosdam,
3185 925 3412 980 quormn
3465 913 3683 968 uocitati
3720 917 3807 971 ista

2242 1003 2350 1049 tam
2376 997 2672 1066 perspicere
2698 999 2936 1053 veritatis
2961 1000 3242 1056 illustratio
3261 1001 3574 1067 deberetur;
3588 1004 3652 1059 ad
3667 1022 3804 1076 quos,

2239 1087 2339 1141 etsi
2380 1088 2603 1154 tardius,
2659 1105 2766 1144 non
2815 1089 3110 1146 diffidimus
3157 1097 3387 1162 propitio
3433 1094 3541 1148 Deo
3585 1097 3808 1151 eamdem

2240 1182 2463 1248 gratiam
2507 1182 2819 1251 pervenire,
2850 1184 2938 1252 qui
2985 1185 3096 1238 vult
3137 1200 3328 1240 omnes
3371 1186 3611 1241 homines
3650 1189 3812 1244 salvos

2242 1273 2379 1338 fieri,
2407 1281 2463 1328 et
2484 1274 2550 1328 ad
2577 1274 2904 1344 agnitionem
2930 1276 3171 1330 veritatis
3198 1277 3382 1332 venire
3405 1279 3447 1347 (Ι
3480 1276 3614 1331 Tim.
3648 1294 3716 1346 ιι,
3741 1281 3812 1349 4).

2241 1367 2349 1423 Nos
2383 1382 2536 1435 vero,
2567 1367 2669 1423 etsi
2697 1368 2826 1422 olim
2852 1370 3038 1437 spiritu
3066 1370 3348 1425 charitatis
3369 1373 3411 1435 ',
3444 1373 3544 1442 qui.
3563 1373 3626 1426 in.
3645 1384 3694 1429 te
3717 1385 3810 1440 est,

2241 1463 2424 1530 docti,
2479 1464 2865 1535 subjectioncm
2897 1464 2917 1499 ⁸
2943 1465 3064 1535 ejus
3105 1466 3458 1535 ahjecerimus
3507 1469 3722 1534 erroris,
3767 1470 3816 1525 in

2243 1557 2347 1612 hoc
2382 1558 2543 1612 etiam
2580 1573 2722 1612 nunc
2762 1559 2960 1628 gratias
2992 1559 3220 1629 agimus,
3251 1559 3392 1628 quod
3426 1561 3540 1614 lucc
3561 1576 3679 1630 qtae
3703 1572 3818 1618 ante

2243 1648 2588 1714 credidimus,
2613 1664 2754 1704 nunc
2777 1650 2898 1706 aliis
2927 1654 3136 1720 aperire
3163 1651 3466 1715 didicimus,
3499 1651 3637 1705 viam
3669 1653 3819 1708 facili-

2245 1743 2368 1796 tatis
2393 1740 2415 1773 ⁸
2441 1742 2692 1798 uberiore
2741 1740 3051 1797 Saurtitatis
3105 1751 3209 1796 tute
3261 1757 3510 1797 sermone
3550 1743 3801 1811 pandente

2246 1834 2313 1889 Et
2340 1836 2442 1890 alia
2470 1844 2663 1889 manu:
2691 1834 3016 1891 Incolumem
3041 1835 3433 1890 'Beatitudiuetn
3454 1845 3622 1901 tuam,
3645 1839 3822 1890 nostri-

2244 1942 2350 1998 que
2377 1937 2691 1991 memorem,
2739 1927 3101 1983 misericordia
3147 1927 3239 1982 Dei
3285 1927 3453 1982 nostri
3492 1927 3753 1998 gloriticet
3777 1930 3822 1983 in

2245 2028 2504 2074 atternum
2531 2039 2550 2072 ι
2578 2019 2772 2090 (Epist.
2807 2019 2930 2089 168,
2960 2019 3092 2074 inter
3115 2018 3563 2090 Augustinianas).

2316 2109 2544 2168 CAPUT
2583 2111 2947 2168 XXV.—49.
2989 2111 3045 2168 Si
3081 2126 3212 2182 ergo
3241 2121 3296 2166 et
3326 2113 3428 2167 iste
3456 2111 3823 2176 confiteretur,

2249 2201 2320 2257 ita
2349 2203 2401 2258 in
2445 2203 2545 2257 hoc
2581 2217 2766 2258 errore
2803 2217 2864 2258 se
2903 2204 3066 2258 fuisse
3101 2203 3424 2273 aliquando,
3462 2213 3525 2258 ut
3568 2203 3825 2258 hominem

2249 2305 2714 2365 praeoccupatum,
2759 2295 2856 2350 sed
2908 2310 3049 2350 nunc
3089 2294 3548 2350 anathematizare
3596 2295 3686 2366 qui
3727 2295 3830 2349 hac

2252 2395 2479 2452 tenent;
2547 2388 2788 2459 quisquis
2847 2387 2897 2443 ei
2966 2405 3073 2443 non
3141 2390 3542 2459 gratularetur,
3629 2399 3830 2445 tenente

2243 2479 2353 2551 jam
2422 2481 2514 2535 illo
2575 2481 2712 2534 viam
2772 2481 3047 2546 veritatis,
3120 2481 3234 2551 ipse
3299 2482 3575 2537 amitteret
3641 2484 3831 2538 viscera

2249 2571 2545 2626 charitatis.
2573 2571 2725 2628 Nunc
2771 2588 2899 2629 vero
2955 2589 3139 2644 parum
3177 2583 3259 2629 est
3300 2575 3446 2645 quod
3486 2590 3551 2630 se
3589 2591 3692 2630 non
3719 2591 3834 2630 con-

2251 2662 2422 2720 fessus
2468 2673 2551 2719 est
2585 2665 2653 2718 ab
2699 2680 2759 2719 ea
2802 2674 2950 2735 peste
2991 2665 3271 2720 liberatum
3297 2708 3312 2733 ,
3353 2666 3447 2722 sed
3487 2667 3836 2723 anathemati-

2249 2758 2387 2811 zavit
2436 2757 2655 2827 insuper
2707 2757 2999 2824 liberatos,
3051 2757 3140 2827 qui
3191 2769 3314 2813 eum
3355 2758 3434 2813 sic
3473 2758 3743 2828 diligunt,
3784 2769 3836 2813 ut

2251 2850 2409 2905 etiam
2438 2850 2610 2919 ipsum
2639 2851 2860 2919 cupiant
2893 2850 3107 2904 liberari
3135 2868 3151 2905 :
3177 2850 3230 2906 in
3255 2851 3448 2921 quibus
3473 2861 3529 2906 et
3572 2851 3661 2907 isti
3687 2859 3834 2918 sunt,

2252 2943 2341 3012 qui
2380 2943 2801 2998 benevolentiam
2831 2959 2983 2997 suam
3023 2958 3152 3013 erga
3181 2943 3330 2999 illum
3359 2945 3798 3016 significaverunt
3819 2987 3834 3011 ,

2254 3034 2336 3090 his
2365 3034 2430 3088 ad
2461 3051 2546 3088 me
2575 3034 2712 3089 datis
2741 3034 3100 3098 litteris-suis;
3132 3050 3255 3090 nam
3286 3044 3341 3092 et
3371 3037 3550 3106 ipsum
3588 3037 3840 3108 prmipue

2253 3127 2589 3198 cogitabant,
2629 3142 2748 3181 eum
2783 3126 3056 3192 dicerent,
3092 3127 3193 3182 hoc
3227 3142 3286 3184 se
3311 3128 3489 3195 afﬁci;
3519 3130 3672 3201 quod
3703 3131 3840 3186 tarde

2255 3220 2402 3275 illum
2426 3220 2618 3275 librum
2647 3219 2993 3290 scripserim?
3027 3237 3046 3271 ι
3093 3219 3371 3291 Siquidem
3399 3222 3654 3294 contigit,
3703 3241 3721 3276 ι
3763 3223 3839 3277 in-

2254 3311 2462 3382 quiunt,
2511 3330 2530 3365 ι
2575 3312 2824 3368 absentes
2867 3309 2981 3366 fieri
3025 3313 3318 3382 quosdam,
3349 3329 3591 3385 quorum
3631 3310 3843 3372 uocitati

2256 3402 2354 3457 ista
2383 3411 2488 3456 tam
2515 3403 2809 3472 perspicuae
2834 3405 3074 3460 veritatis
3115 3405 3398 3460 illustratio
3425 3404 3754 3471 deberetur;
3781 3403 3843 3459 ad

2255 3509 2389 3564 quos
2416 3495 2518 3549 etsi
2549 3496 2787 3564 tardius,
2825 3516 2845 3550 ι
2872 3498 3159 3568 inquiunt,
3205 3515 3225 3550 ι
3264 3515 3370 3553 non
3399 3498 3706 3555 difﬁdimus
3733 3513 3848 3570 pro-

2258 3586 2388 3657 pitio
2407 3589 2516 3643 Deo
2536 3589 2778 3644 eamdem
2795 3591 3018 3661 gratiam
3040 3591 3339 3660 pervenire.
3371 3609 3392 3644 ι
3416 3590 3636 3648 Nomen
3660 3593 3846 3662 quippe

2255 3679 2340 3733 vel
2367 3679 2580 3734 nomina
2619 3678 2716 3749 ipsi
2761 3697 2973 3751 quoque
3013 3681 3186 3736 adhuc
3225 3682 3445 3738 tacenda
3483 3689 3844 3752 putaverunt,

2257 3781 2313 3825 ut
2328 3772 2538 3827 vivente
2557 3771 2808 3835 amicitia,
2827 3789 2980 3828 error
3010 3773 3186 3843 potius
3206 3783 3507 3829 moreretur
3532 3775 3847 3829 amicorum.

2328 3862 2416 3918 50.
2459 3864 2532 3917 At
2561 3877 2700 3918 nunc
2740 3864 2785 3918 si
2815 3863 3059 3935 Pelagius
3088 3865 3253 3918 Deum
3279 3865 3512 3935 cogitat,
3551 3866 3599 3920 si
3643 3880 3748 3920 non
3779 3872 3856 3918 est

2257 3954 2495 4026 ingratus
2520 3955 2638 4025 ejus
2668 3956 3068 4022 misericordiae,
3097 3957 3187 4028 qui
3214 3973 3336 4012 eum
3362 3957 3429 4012 ad
3466 3959 3853 4027 episcoporum

2250 4046 2514 4116 judicium
2543 4057 2824 4118 propterea
2854 4047 3119 4118 perduxit,
3151 4057 3210 4103 ut
3239 4048 3354 4103 haec
3383 4048 3741 4104 anathemata
3771 4047 3860 4102 de-

2257 4139 2474 4195 fendere
2510 4150 2698 4209 postea
2739 4156 2845 4196 non
2889 4140 3143 4204 auderet,
3185 4141 3402 4210 jamque
3446 4140 3776 4195 detestanda
3811 4147 3862 4192 et

2229 4230 2552 4300 .abjicienda
2581 4240 2963 4302 cognosceret,
2996 4236 3197 4302 gratius
3241 4231 3468 4302 accipiet
3511 4232 3737 4287 litteras
3768 4245 3863 4285 no—

2257 4329 2419 4387 stras,
2436 4321 2652 4391 quando
2667 4337 2922 4392 expresso
2945 4323 3162 4377 nomine
3184 4323 3333 4377 ulcus
3353 4323 3665 4378 sanandum
3691 4322 3864 4393 potius

2258 4416 2547 4484 aperimus,
2565 4430 2722 4485 quam
2743 4415 2858 4468 illas
2875 4414 2973 4487 (a),
2990 4415 3076 4470 ubi
3097 4430 3218 4470 cum
3235 4414 3476 4471 dolorem
3499 4416 3694 4472 facere
3711 4416 3865 4470 time-

2257 4523 2440 4563 remus
2459 4550 2473 4570 ,
2505 4519 2803 4573 tumorem,
2833 4508 2972 4580 quod
3004 4525 3102 4564 nos
3129 4509 3348 4579 paenitet
3370 4550 3385 4574 ,
3413 4510 3780 4580 augebamus.
3810 4507 3866 4561 Si

2257 4609 2436 4655 autem
2464 4600 2592 4655 mihi
2619 4601 2776 4656 fuerit
2798 4601 2983 4667 iratus,
3006 4617 3163 4672 quam
3189 4602 3368 4673 inique
3397 4602 3868 4657 irascaturattem

2259 4692 2370 4756 dat,
2399 4701 2454 4747 et
2477 4701 2535 4748 ut
2558 4694 2734 4749 vincat
2764 4693 2918 4759 iram,
2945 4693 3156 4748 tandem
3183 4693 3469 4764 aliquando
3495 4693 3597 4750 Dei
3630 4689 3872 4764 postulet

2258 4784 2483 4854 gratiam
2504 4825 2518 4848 ,
2550 4799 2708 4854 quam
2750 4784 2800 4838 in
2843 4783 2943 4838 hoc
2967 4783 3167 4853 judicio
3207 4783 3487 4840 confessus
3515 4794 3608 4840 est
3639 4782 3869 4855 singulis

2262 4878 2459 4932 nostris
2495 4876 2701 4932 actibus
2730 4862 3116 4942 necessariam;
3155 4887 3216 4932 nt
3241 4894 3422 4932 veram
3450 4887 3834 4947 consequatur
3854 4916 3869 4939 ,

2261 4968 2354 5023 illo
2373 4968 2676 5038 adjuvante,
2709 4969 3006 5023 victoriam.
3034 4969 3170 5038 Quid
3195 4970 3337 5023 enim
3365 4969 3412 5023 ci
3441 4978 3685 5040 pmsunt
3713 4978 3875 5022 tanta:

2261 5062 2381 5130 ejus
2401 5062 2586 5116 laudes
2609 5062 2662 5116 in
2689 5061 2928 5133 epistolis
2947 5063 3342 5134 episcoporum,
3360 5077 3492 5132 quas
3515 5077 3626 5131 pro
3650 5077 3715 5116 se
3731 5074 3878 5115 eom-

2263 5155 2638 5210 memorandas
2662 5199 2678 5222 ,
2720 5156 2810 5212 vel
2852 5160 3012 5211 etiam
3061 5155 3310 5226 legendas
3351 5165 3510 5225 atque
3550 5153 3882 5224 allegandas

2263 5246 2496 5316 putavit;
2525 5248 2674 5318 quasi
2703 5263 2824 5303 eum
2853 5246 2968 5301 hmo
3000 5262 3250 5316 perversa
3281 5247 3480 5301 sentite
3500 5287 3513 5311 ,
3551 5259 3767 5302 omnes
3792 5245 3884 5315 qui

2263 5339 2609 5396 vehementes
2660 5348 2714 5396 et
2764 5337 2994 5409 quodam
3042 5337 3203 5392 modo
3253 5337 3500 5393 ardentes
3549 5336 3627 5393 ad
3676 5337 3884 5393 bonam

2329 5529 2536 5598 ἔειπον
2559 5523 2805 5598 σοιιιέῖιθίι·
3047 5580 3080 5598 ί.

2327 5592 2348 5656 ξ
2371 5591 2446 5656 sie
2465 5580 2596 5656 suac.
2617 5580 2742 5637 ιι]ᾱὶιῖ
2769 5598 2888 5637 vero
2897 5582 3015 5656 _alii,_
3025 5580 3286 5656 plurimm.

2329 5652 2351 5684 ³
2380 5649 2687 5700 Florentinus
2710 5657 2811 5706 δίδη
2833 5645 3194 5699 subsectionem.

2329 5713 2348 5745 δ
2387 5720 2503 5760 suar
2525 5747 2539 5770 ,
2565 5708 2823 5774 felicitatis.

2332 5775 2406 5837 (a)
2439 5771 2663 5835 Subaudi,
2683 5771 2886 5836 accepit.
