3938 6496
185 370 266 430 389
1668 367 1747 423 LII

1854 369 1865 420 l
1907 363 2106 424 UNUS.

186 486 316 540 vitam
334 479 763 540 exhortationes
783 482 900 556 ejus
924 482 1222 551 audiebant,
1251 480 1401 539 facile
1423 481 1560 539 scire
1584 493 1760 554 potue-

189 578 278 635 rint
289 575 312 630 ?

241 664 444 725 CAPUT
482 664 692 722 XXVI.
725 697 802 708 —
830 668 918 724 5|.
958 667 1026 722 Et
1056 681 1156 738 ego
1195 665 1408 736 quidem
1449 665 1500 722 in
1536 664 1760 736 epistola

188 777 295 825 mea,
320 773 478 829 quam
507 760 764 827 protulit,
792 775 898 814 non
929 759 1099 814 solum
1127 759 1194 814 ab
1219 757 1334 828 ejus
1362 757 1606 812 laudibus
1627 766 1762 812 tem-

185 855 365 928 peravi;
393 853 492 908 sed
513 853 685 907 etiam
717 862 971 922 quantum
1001 851 1168 920 potui,
1197 851 1313 905 sine
1337 849 1454 921 ejus
1475 851 1491 882 ¹
1517 865 1758 906 commo-

184 951 300 1004 tione
316 946 660 1016 quzestionis,
689 946 759 1000 de
787 945 882 1000 Dei
906 944 1075 1015 gratia
1103 953 1249 999 recte
1274 956 1464 1014 sapere
1482 943 1755 998 admonui.

182 1040 274 1095 hixi
294 1053 410 1092 eum
437 1039 646 1108 quippe
677 1039 733 1092 in
763 1037 1101 1102 salutatione,
1127 1036 1408 1091 Dominum
1439 1053 1452 1090 :
1480 1035 1621 1106 quod
1643 1035 1757 1107 epi-

177 1132 329 1186 stolari
352 1144 512 1186 more
535 1134 700 1185 etiam
730 1146 838 1184 non
860 1129 1162 1185 christianis
1183 1128 1499 1199 quibusdam
1521 1129 1756 1184 scribere

175 1221 422 1285 solemus;
458 1235 639 1290 neque
671 1220 722 1288 id
755 1219 1106 1287 mendaciter,
1134 1219 1386 1290 quoniam
1417 1219 1663 1274 omnibus
1683 1219 1750 1275 ad

171 1312 395 1373 salutem,
419 1326 546 1382 qua:
569 1313 623 1366 in
649 1309 866 1366 Christo
891 1319 991 1374 est,
1021 1309 1470 1379 consequendam,
1499 1309 1755 1365 debemus

170 1401 376 1474 quodam
395 1401 565 1456 modo
582 1401 807 1456 liberam
825 1401 1157 1456 servitutem.
1183 1400 1295 1454 Dixi
1313 1399 1714 1455 dilectissimum
1735 1418 1750 1456 :

165 1494 289 1565 quod
315 1505 369 1550 et
394 1511 546 1550 nunc
588 1494 748 1558 dico,
779 1493 882 1548 etsi
924 1494 1090 1548 iratus
1116 1491 1306 1559 fuerit,
1339 1491 1513 1548 adhuc
1539 1493 1747 1559 dicam;

163 1588 398 1659 quoniam
430 1587 539 1642 nisi
563 1601 691 1656 erga
720 1601 844 1641 eum
871 1585 1208 1642 dilectionem
1237 1595 1492 1651 tenuero,
1523 1585 1613 1640 illo
1642 1584 1751 1640 ira-

160 1687 366 1744 scente,
397 1678 522 1747 ipse
567 1678 698 1731 mihi
730 1676 900 1746 magis
930 1675 1155 1731 nocebo.
1188 1675 1304 1730 Dixi
1349 1675 1749 1731 Desideratlssi-

158 1783 321 1836 mum;
351 1767 616 1840 quoniam
637 1768 793 1823 valde
820 1767 1100 1838 cupiebam
1127 1782 1246 1822 cum
1270 1775 1534 1838 praesente
1554 1765 1749 1840 aliquid

153 1862 372 1932 colloqui
405 1879 419 1914 :
448 1861 568 1931 jam
610 1860 755 1915 enim
798 1861 1074 1915 audieram
1118 1867 1303 1915 contra
1343 1860 1599 1930 gratiam,
1643 1875 1748 1931 qua

149 1952 518 2024 justiﬁeamur,
540 1950 760 2022 quando
779 1949 904 2006 hinc
919 1950 1092 2021 aliqua
1113 1949 1552 2006 commemoratio
1573 1949 1744 2016 fleret,

152 2053 324 2113 aperta
366 2057 494 2096 eum
529 2042 883 2097 contentione
922 2041 1124 2096 conari.
1172 2040 1412 2112 Denique
1449 2041 1746 2096 litterarum

155 2137 378 2207 ipsarum
403 2134 592 2191 brevis
623 2142 803 2190 textus
831 2133 934 2188 hoc
963 2133 1157 2188 indicat
1178 2149 1191 2186 :
1212 2149 1334 2188 nam
1361 2147 1484 2188 cum
1514 2133 1745 2203 egissem

163 2229 376 2298 gratias,
404 2226 549 2296 quod
591 2241 686 2280 me
727 2223 940 2294 scriptis
975 2225 1086 2279 suis
1122 2224 1470 2279 exhilarasset
1492 2265 1508 2291 ,
1537 2231 1746 2278 certum

167 2318 399 2374 faciendo
416 2318 479 2373 de
502 2332 605 2372 sua
631 2317 898 2372 salute‘ac
917 2331 1157 2382 suorum,
1184 2333 1318 2386 quos
1343 2315 1525 2386 utique
1551 2314 1594 2369 si
1620 2330 1745 2370 cor-

157 2420 328 2465 recros
354 2409 630 2472 volumus,
675 2407 838 2462 etiam
887 2407 1151 2475 corporali
1199 2408 1368 2462 salute
1407 2407 1583 2461 salvos
1611 2404 1747 2460 velle

146 2499 432 2563 debemus;
456 2515 586 2553 mox
613 2497 668 2553 ei
693 2500 833 2553 bona
858 2498 1034 2566 optavi
1061 2513 1089 2551 a
1119 2498 1342 2554 Domino
1371 2499 1614 2565 retribui,
1639 2513 1742 2552 non

141 2589 206 2642 ad
235 2589 466 2644 stlutem
496 2588 748 2658 corporis
778 2588 1097 2656 pertinentia
1117 2629 1133 2655 ,
1160 2587 1256 2644 sed
1293 2603 1353 2643 ea
1383 2591 1594 2659 potius,
1625 2602 1745 2658 qua:

142 2683 376 2750 putabat
398 2695 523 2736 esse
545 2721 560 2745 ,
588 2679 674 2734 vel
702 2677 845 2732 forte
874 2677 1054 2734 adhuc
1087 2687 1264 2748 putat,
1298 2678 1348 2732 in
1388 2679 1502 2733 solo
1527 2677 1744 2732 arbitrio

143 2771 457 2824 voluntatis
479 2780 535 2824 et
563 2769 763 2840 propria
793 2778 1056 2838 potestate
1082 2768 1270 2838 posita,
1297 2769 1454 2822 simul
1477 2781 1666 2837 optans
1690 2778 1745 2823 et

153 2872 390 2932 propter
418 2861 523 2915 hoc
549 2861 696 2914 vitam
719 2869 998 2914 maternam.
1033 2859 1232 2913 Deinde
1257 2859 1375 2929 quia
1401 2858 1589 2912 litteris
1609 2857 1741 2923 suis,

155 2951 356 3020 quibus
385 2949 787 3020 respondebam,
821 2951 946 3004 talia
974 2951 1214 3019 qumdam
1245 2949 1297 3004 in
1332 2966 1416 3005 me
1441 2951 1580 3004 bona
1610 2950 1746 3004 mul-

161 3056 275 3099 tum
303 3045 627 3114 benigneque
665 3042 1010 3108 laudaverat;
1042 3042 1200 3098 etiam
1243 3041 1312 3096 ibi
1350 3041 1510 3112 petivi
1540 3042 1608 3097 ab
1645 3055 1741 3108 eo,

151 3145 212 3189 ut
237 3151 337 3204 pro
363 3151 447 3189 me
476 3143 659 3189 oraret
680 3176 696 3201 ,
723 3149 832 3205 quo
859 3135 1038 3204 potius
1066 3149 1093 3187 a
1125 3133 1349 3188 Domino
1377 3135 1492 3188 talis
1522 3135 1703 3188 fierem
1725 3174 1742 3202 ,

146 3228 356 3299 qualem
378 3243 466 3282 me
480 3242 604 3282 esse
617 3227 732 3296 jam
753 3227 996 3282 crederet
1018 3242 1033 3280 :
1059 3235 1112 3280 ut
1133 3242 1251 3280 eum
1270 3227 1347 3282 sic
1363 3227 1704 3281 admonerem
1725 3268 1741 3295 ,

147 3330 330 3373 contra
377 3317 524 3387 quod
561 3317 650 3372 ille
691 3317 966 3389 sapiebat,
1007 3318 1174 3387 ipsam
1217 3332 1429 3387 quoque
1449 3317 1742 3386 justitiam,

147 3424 300 3478 quam
331 3409 385 3463 in
416 3424 504 3462 me
536 3408 862 3462 laudandam
891 3419 1188 3478 potaverat,
1220 3423 1326 3462 non
1351 3422 1472 3462 esse
1494 3407 1742 3475 volentis,

150 3515 318 3570 neque
344 3500 652 3566 currentis,
683 3498 780 3554 sed
811 3500 1111 3554 misereutis
1143 3498 1240 3553 Dei
1281 3499 1469 3568 (Rom.
1502 3515 1581 3565 nt,
1615 3497 1742 3572 l6).

154 3591 261 3646 [loc
280 3602 363 3646 est
380 3600 580 3660 totum,
599 3590 746 3661 quod
778 3590 955 3645 brevis
984 3591 1068 3643 illa
1094 3589 1317 3660 epistola
1347 3603 1463 3644 mea
1484 3591 1743 3652 continet.

155 3700 316 3752 eaque
345 3684 651 3739 intentione
679 3683 878 3738 dictata
907 3691 989 3738 est
1021 3700 1034 3736 :
1063 3698 1184 3737 nam
1215 3683 1283 3736 ita
1309 3698 1368 3738 se
1398 3682 1557 3738 habet
1584 3701 1599 3738 :

221 3772 444 3831 CAPUT
473 3773 672 3830 XXVII
703 3783 751 3828 et
784 3773 1121 3842 XXVIII..—
1149 3773 1239 3830 52.
1285 3791 1304 3826 σ
1353 3775 1579 3831 Domino
1612 3773 1744 3831 dile-

164 3867 423 3937 stissimo,
457 3877 513 3926 et
563 3866 1022 3924 desideratissimo
1071 3866 1218 3921 fratri
1266 3865 1515 3937 Pelagio,
1557 3867 1743 3938 Augu-

168 3960 359 4024 stinus,
391 3961 445 4014 in
485 3960 716 4014 Domino
753 3957 1004 4014 salutem.
1035 3955 1243 4012 Gratias
1280 3971 1381 4027 ago
1418 3957 1703 4028 plurimum
1728 3997 1743 4023 ,

171 4051 301 4120 quod
319 4068 403 4106 me
427 4051 621 4106 litteris
644 4051 750 4105 tuis
773 4051 1071 4105 exhilarare
1095 4047 1339 4119 dignatus
1360 4063 1442 4115 es,
1469 4055 1745 4103 etcertum

173 4142 338 4199 facere
359 4144 428 4199 de
453 4144 628 4210 salute
648 4153 844 4196 vestra.
869 4143 1144 4198 Retribuat
1178 4140 1271 4198 tibi
1300 4141 1554 4196 Dominus
1582 4140 1743 4210 bona,

173 4235 353 4302 quitus
379 4249 598 4304 semper
622 4232 699 4288 sis
728 4234 920 4299 bonus,
951 4241 1149 4288 etcum
1178 4233 1271 4289 illo
1295 4243 1497 4289 :eterno
1522 4233 1670 4286 vivas
1692 4232 1745 4287 in

174 4336 444 4389 a-ternum,
499 4325 722 4380 domine
771 4325 1151 4392 dilectissime,
1198 4335 1254 4382 et
1295 4326 1748 4384 desideratissime

173 4416 346 4471 frater.
371 4417 488 4487 Ego
514 4427 692 4470 autem
715 4459 731 4482 ,
756 4418 856 4471 etsi
884 4417 935 4471 in
967 4432 1054 4471 me
1083 4429 1186 4472 non
1223 4432 1453 4488 agnosco
1481 4419 1745 4488 pra-conia

169 4506 230 4560 de
254 4523 340 4562 me
363 4517 453 4560 tua
474 4547 492 4573 ,
518 4523 640 4578 qtae
680 4516 785 4562 tute
827 4506 1172 4578 Benignitatis
1209 4509 1433 4578 epistola
1472 4510 1744 4577 continet;

166 4595 421 4652 benevolo
441 4607 622 4652 tamen
648 4599 828 4653 animo
847 4614 971 4666 erga
995 4597 1333 4669 exiguitatem
1357 4615 1553 4667 meam,
1574 4600 1748 4670 ingra-

167 4697 245 4742 tus
270 4704 398 4745 esse
428 4707 535 4744 non
560 4706 778 4760 possunt
801 4691 986 4745 :simul
1012 4691 1326 4757 admonens,
1348 4703 1408 4747 ut
1437 4694 1612 4763 potius
1627 4708 1748 4748 ores

165 4795 258 4848 pm
285 4796 394 4848 me,
433 4797 544 4852 quo
574 4783 692 4836 talis
729 4797 760 4836 a
813 4782 1040 4836 Demino
1082 4782 1239 4851 flatu,
1270 4784 1480 4854 qualem
1527 4800 1612 4839 me
1636 4784 1746 4854 jam

162 4885 278 4927 esse
314 4873 616 4929 arbitraris.
659 4872 724 4928 Et
752 4874 857 4928 alia
904 4890 1055 4927 manu
1085 4889 1104 4928 :
1140 4874 1342 4929 Memor
1367 4874 1569 4941 nostri,
1598 4874 1748 4930 inco-

163 4964 319 5019 tumis
348 4966 578 5020 Domino
608 4966 848 5035 placeas,
876 4966 1092 5020 domine
1120 4965 1494 5028 dilectissime.
1521 4976 1575 5023 et
1602 4966 1747 5023 desi-

161 5055 504 5111 (lentissime
541 5057 706 5112 frater
739 5076 759 5110 ι
798 5056 986 5129 (Epist.
1019 5058 1166 5129 M6).

222 5147 456 5204 CAPUT
487 5147 679 5204 XXIX.
700 5179 774 5188 —
791 5149 880 5203 55.
913 5148 967 5204 In
997 5149 1107 5219 ipsa
1125 5165 1334 5220 quoque
1360 5149 1751 5220 subscriptione

158 5239 299 5305 quod
327 5240 502 5309 posui,
528 5251 591 5295 ut
615 5241 843 5295 Domino
868 5241 1092 5310 placeat,
1121 5242 1290 5313 magis
1316 5243 1416 5298 hoc
1446 5259 1564 5298 esse
1584 5243 1751 5314 signi-

162 5332 313 5386 ﬁcavi
343 5333 397 5386 in
423 5333 544 5401 ejus
568 5333 766 5402 gratia,
795 5348 951 5400 quam
981 5333 1033 5387 in
1060 5335 1171 5388 sola
1202 5333 1436 5388 hominis
1457 5333 1751 5402 voluntate,

160 5424 372 5491 quando
397 5425 451 5479 id
483 5439 588 5480 nec
615 5424 860 5479 hortatus
885 5440 1022 5492 sum,
1051 5441 1146 5480 nec
1174 5425 1423 5496 praecepi,
1450 5440 1552 5481 nec
1571 5424 1748 5490 docui,

160 5515 250 5566 sed
297 5515 500 5584 optavi.
557 5514 1018 5584 Quemadmodum
1066 5531 1194 5572 vero
1242 5517 1287 5572 si
1330 5516 1606 5582 hortarer,
1663 5523 1754 5571 aut

162 5608 553 5678 praeciperem,
608 5607 701 5664 vel
755 5606 1040 5675 docerem,
1105 5609 1370 5680 pertinere
1421 5608 1524 5665 hoc
1573 5616 1629 5663 et
1682 5608 1749 5663 ad

95 5749 100 5752 ’
195 5771 242 5821 4·
274 5769 514 5812 munus
544 5769 654 5821 Its,
680 5759 848 5810 ullius.
887 5760 1200 5820 Colbertinus,
1239 5761 1369 5814 illius
1404 5773 1749 5815 conmemora-

169 5819 310 5877 εκ.
345 5825 476 5876 alitis
495 5819 702 5890 quidam
724 5821 885 5873 codex
901 5857 916 5873 .
939 5819 1303 5874 commtmitione.

3352 381 3456 436 550

1875 483 2099 536 liberum
2153 483 2430 541 arbitrium
2482 485 2934 553 demonstraretn,
2989 505 3090 545 nec
3138 500 3312 548 tanten
3359 495 3452 550 Dei

1867 577 2052 646 gratia:
2099 575 2412 649 derogarem
2463 597 2477 634 :
2536 582 2608 637 ita
2655 585 2774 655 quia
2826 585 3041 656 optavi,
3095 585 3187 640 Dci
3234 586 3450 657 quidem

1868 668 2234 723 commendavi
2295 671 2558 740 gratiam,
2620 689 2723 727 non
2783 685 2957 731 tamen
3021 677 3298 732 arbitrium
3355 693 3453 731 vo-

1868 759 2085 815 luntatis
2108 763 2357 817 exstinxi.
2390 762 2585 833 thuid
2621 781 2750 836 ergo
2795 767 2846 820 in
2883 767 2984 822 hoc
3005 767 3206 838 judicio
3235 769 3454 839 protulit

1866 851 2005 908 hanc
2032 853 2345 922 epistolam?
2374 857 2662 911 secundum
2693 873 2850 928 quam
2886 861 2930 914 si
2967 860 3034 915 ab
3064 861 3214 915 initio
3241 863 3450 932 sapuis-

1863 951 1965 1009 set,
1998 943 2142 997 nullo
2169 944 2329 999 modo
2355 943 2619 1012 fortassis,
2652 947 2776 1002 licet
2804 964 2833 1002 a
2861 948 3018 1003 bonis
3047 949 3318 1017 fratribus,
3350 952 3446 1006 sed

1865 1041 2039 1089 tamen
2085 1037 2430 1104 perversitate
2472 1036 2892 1108 disputationum
2942 1041 3058 1110 ejus
3099 1041 3352 1108 offensis,
3380 1044 3446 1097 ad

1860 1127 2162 1198 episcopale
2201 1116 2461 1198 judicium
2505 1140 2804 1186 vocaretur.
2858 1131 3026 1186 Porro
3067 1143 3265 1198 autem,
3312 1135 3450 1190 sicut

1860 1233 1960 1288 ego
1980 1219 2240 1274 rationem
2261 1220 2329 1276 de
2351 1219 2449 1276 hac
2469 1237 2588 1276 mea
2609 1222 2830 1292 epistola
2863 1223 3098 1288 reddidi;
3127 1225 3198 1278 ita
3223 1224 3292 1280 de
3310 1226 3444 1290 suis,

1858 1310 1900 1362 si
1923 1318 2066 1364 esset
2089 1325 2334 1376 necesse,
2358 1311 2645 1367 redderent
2667 1328 2894 1387 quorum
2916 1315 3181 1385 allegavit,
3207 1314 3448 1370 dicentes

1858 1401 1940 1454 vel
1979 1400 2104 1471 quid
2137 1401 2471 1471 putaverint,
2503 1403 2588 1458 vel
2630 1403 2755 1474 quid
2798 1403 3191 1474 ignoraverint,
3221 1405 3306 1459 vel
3341 1422 3445 1476 qua

1856 1490 2062 1564 ratione
2098 1491 2427 1562 scripserint.
2463 1492 2691 1550 Proinde
2720 1493 2966 1564 Pelagius
2992 1495 3060 1550 de
3088 1495 3448 1566 quorumlibet

1855 1589 2160 1636 sanctorum
2183 1582 2418 1638 amicitia
2446 1597 2506 1638 se
2530 1583 2833 1654 iactaverit,
2861 1585 3220 1655 quorumlibet
3243 1585 3308 1640 de
3330 1585 3446 1640 suis

1855 1669 2098 1727 laudibus
2143 1672 2349 1728 litteras
2396 1673 2622 1744 legerit,
2664 1674 2916 1744 qumlibet
2958 1675 3285 1744 purgationis
3331 1690 3444 1730 sua:

1853 1774 2000 1833 gesta
2029 1765 2332 1835 protulerit,
2364 1766 2466 1820 nisi
2496 1783 2559 1822 ea
2588 1783 2706 1838 qua:
2734 1779 2922 1823 contra
2942 1768 3039 1823 Dei
3067 1769 3312 1839 gratiam,
3339 1783 3443 1838 qua

1853 1870 2107 1910 vocamur
2149 1865 2205 1912 et
2241 1853 2628 1928 justilic'amur,
2673 1859 2919 1930 posuisse
2970 1861 3023 1916 in
3077 1860 3227 1915 libris
3270 1861 3287 1892 ι
3326 1861 3442 1916 suis

1851 1944 2166 2003 idoneorum
2198 1949 2412 2004 testium
2455 1950 2558 2005 fide
2603 1951 2884 2020 probatur.
2914 1950 3194 2006 confessus
3218 1951 3440 2006 anathe-

1851 2038 2213 2108 matizaverit,
2252 2056 2316 2097 ac
2369 2041 2565 2098 deinde
2593 2043 2615 2075 ’
2642 2054 2826 2098 contra
2862 2041 2979 2099 hate
3019 2044 3132 2115 ipsa
3168 2043 3442 2116 scripserit

1849 2141 1902 2187 et
1932 2131 2299 2201 disputaverit,
2334 2148 2671 2204 nequaquam
2699 2133 2786 2190 his
2814 2134 3006 2206 quibus
3035 2135 3244 2206 plenius
3277 2145 3434 2191 notus

1848 2235 1951 2292 est,
1979 2224 2245 2281 videbitur
2277 2241 2397 2282 esse
2427 2237 2721 2283 correctus.

1917 2314 2146 2372 CAPUT
2172 2315 2342 2372 XXX.
2368 2347 2441 2357 —
2465 2318 2554 2373 54.
2584 2317 2702 2374 Jam
2734 2319 2898 2385 enim,
2921 2335 3040 2390 qua:
3070 2328 3190 2390 post
3220 2320 3320 2376 hoc
3344 2321 3436 2391 ju-

1857 2403 2055 2460 dicium
2085 2416 2369 2462 consecuta
2399 2408 2522 2474 sint,
2556 2424 2674 2479 qua:
2711 2407 2851 2464 hanc
2880 2410 3237 2480 suapicionem
3269 2412 3437 2482 magis

1847 2507 2093 2567 augeant,
2126 2513 2230 2552 non
2261 2499 2464 2554 tacebo.
2493 2499 2743 2554 Pervenit
2771 2499 2824 2554 in
2850 2515 3040 2555 manus
3068 2511 3276 2556 nostras
3302 2518 3438 2558 non-

1851 2590 1990 2644 nulla
2015 2590 2255 2661 epistola,
2279 2606 2397 2662 qu:e
2418 2591 2583 2662 ipsius
2609 2590 2807 2663 Pelagii
2833 2592 3122 2660 diceretur,
3147 2594 3436 2650 scribentis

1845 2679 1912 2734 ad
1943 2680 2169 2736 amicum
2213 2697 2365 2737 suum
2405 2682 2690 2752 quemdam
2735 2683 3142 2756 presbyterum,
3182 2685 3271 2754 qui
3311 2701 3434 2740 eum

1848 2771 2058 2839 litteris,
2088 2771 2225 2827 sicut
2249 2771 2435 2827 eadem
2472 2773 2694 2843 epistola
2733 2774 3053 2840 continetur,
3082 2774 3308 2846 benigne
3335 2775 3434 2830 ad-

1847 2873 2160 2932 monuerat,
2187 2881 2254 2921 ne
2279 2880 2374 2936 per
2399 2865 2517 2937 ejus
2549 2867 2887 2922 occasionem
2933 2882 2993 2924 se
3019 2868 3210 2939 aliquis
3248 2885 3279 2923 a
3309 2884 3434 2924 cor-

1847 2971 1976 3027 pore
1993 2957 2246 3013 Ecclesire
2263 2969 2556 3029 separaret.
2574 2958 2649 3015 lbi
2672 2959 2814 3016 inter
2827 2969 3044 3027 caetera,
3062 2976 3180 3031 quae
3198 2951 3436 3018 inserere

1848 3045 2062 3116 longum
2092 3057 2195 3114 est,
2226 3063 2325 3103 nec
2350 3063 2485 3120 opus
2521 3058 2638 3113 est,
2669 3049 2744 3104 ait
2770 3049 3013 3120 Pelagius
3047 3068 3062 3105 :
3098 3068 3118 3103 ι
3165 3051 3434 3120 Quatuor-

1845 3135 2022 3192 decim
2053 3137 2428 3210 episcoporum
2472 3140 2735 3196 sententia
2779 3139 3020 3196 definitio
3063 3151 3243 3196 nostra
3282 3158 3437 3196 com-

1848 3227 2066 3298 probata
2091 3238 2202 3297 est,
2233 3244 2335 3299 qua
2365 3227 2596 3284 diximus
2618 3271 2633 3296 ,
2661 3245 2821 3300 posse
2855 3229 3125 3285 hominem
3153 3231 3270 3287 sine
3301 3247 3428 3301 pec-

1847 3328 1969 3374 cato
2005 3334 2125 3374 esse
2147 3361 2162 3385 ,
2193 3329 2250 3376 et
2282 3319 2374 3375 Dei
2405 3319 2652 3376 mandata
2691 3320 2850 3377 facile
2893 3320 3164 3377 custodire
3206 3323 3250 3376 si
3285 3323 3436 3377 velit.

1847 3409 1976 3478 Qua:
1999 3411 2258 3465 sententia
2279 3452 2294 3476 ,
2342 3429 2362 3464 ι
2406 3411 2606 3482 inquit,
2653 3431 2672 3466 ι
2717 3411 3156 3468 contradictionis
3176 3428 3237 3468 os
3259 3412 3280 3445 ³
3305 3429 3438 3469 cen-

1851 3499 2057 3556 fusione
2091 3500 2354 3570 perfudit,
2395 3513 2449 3556 et
2474 3516 2687 3557 omnem
2719 3503 2770 3558 in
2802 3504 3000 3558 malum
3037 3503 3437 3572 conSpirantem

1849 3592 2158 3646 societatem
2195 3591 2264 3646 ab
2303 3591 2528 3647 invicem
2569 3595 2862 3662 separavit.
2906 3613 2926 3647 »
2969 3595 3093 3651 Sive
3121 3611 3249 3666 ergo
3277 3597 3435 3650 istam

1848 3681 2126 3750 epistolam
2157 3681 2400 3753 Pelagius
2437 3698 2563 3737 vere
2587 3683 2892 3754 scripserit,
2923 3686 3034 3740 sive
3063 3687 3162 3740 sub
3187 3685 3303 3756 ejus
3335 3702 3432 3740 no-

1851 3775 1992 3829 mine
2011 3789 2040 3828 a
2056 3789 2391 3845 quocumque
2407 3775 2630 3830 conficta
2658 3775 2747 3839 sit,
2764 3775 2884 3846 quis
2902 3792 3006 3830 non
3025 3776 3224 3844 videat,
3247 3793 3437 3846 quem-

1847 3862 2134 3920 admodum
2161 3865 2248 3920 hic
2273 3880 2425 3920 error
2450 3875 2504 3921 et
2529 3865 2597 3921 de
2621 3865 2821 3936 judicio
2847 3866 2935 3922 ubi
2967 3868 3245 3922 convictus
3273 3875 3441 3936 atque

1848 3956 2132 4010 damnatus
2179 3965 2300 4024 est,
2347 3967 2596 4027 tanquam
2640 3957 2708 4013 de
2745 3958 2964 4013 victoria
3008 3957 3302 4029 glorietur?
3343 3959 3436 4014 Sic

1847 4047 1990 4101 enim
2018 4046 2196 4116 posuit
2231 4046 2345 4102 hare
2381 4047 2541 4103 verba
2561 4087 2576 4111 ,
2607 4048 3052 4118 quemadmodum
3101 4049 3345 4120 leguntur
3372 4051 3438 4106 in

1849 4137 1986 4193 libro
2016 4137 2130 4208 ejus
2153 4180 2168 4205 ,
2210 4139 2297 4208 qui
2341 4138 2702 4210 Capitulorum
2731 4150 2952 4195 vocatur
2974 4181 2990 4208 ,
3031 4157 3138 4196 non
3181 4142 3436 4212 quemad-

1848 4229 2064 4284 modum
2089 4229 2296 4299 objecta
2336 4239 2462 4284 sunt
2502 4231 2554 4284 in
2594 4230 2829 4301 judicio,
2861 4231 2943 4286 vel
2985 4231 3100 4300 ejus
3141 4232 3308 4288 etiam
3349 4247 3439 4287 re-

1849 4324 2137 4394 Sponsione
2162 4321 2406 4392 repetita.
2433 4321 2566 4377 Nam
2595 4333 2649 4378 et
2673 4321 2749 4377 illi
2772 4323 2862 4392 qui
2889 4322 3224 4392 objecerunt,
3254 4324 3447 4378 nescio

1849 4432 1950 4486 qua
1981 4415 2184 4470 incuria
2208 4456 2223 4480 ,
2252 4415 2428 4468 minus
2471 4422 2764 4484 posuerunt
2800 4415 3020 4470 verbum
3047 4457 3062 4482 ,
3095 4416 3162 4470 de
3187 4433 3295 4486 quo
3323 4432 3438 4471 non

1851 4522 2013 4576 parva
2040 4515 2123 4561 est
2143 4507 2524 4561 controversia.
2562 4507 2858 4562 Posuerunt
2882 4507 3027 4561 enim
3056 4523 3176 4562 eum
3203 4506 3441 4572 dixisse,

1856 4617 1875 4650 ι
1921 4597 2086 4654 Posse
2115 4597 2408 4664 hominem,
2443 4598 2487 4652 si
2517 4599 2663 4664 velit,
2693 4613 2813 4652 esse
2838 4600 2954 4653 sine
2980 4607 3226 4668 peccato,
3258 4607 3310 4653 et
3343 4599 3439 4653 Dei

1853 4688 2098 4744 mandata
2125 4687 2393 4743 custodire
2433 4689 2478 4743 si
2519 4688 2686 4743 velit:
2728 4707 2748 4741 ι
2786 4688 2854 4743 de
2896 4688 3145 4744 facilitate
3184 4689 3314 4744 nihil
3356 4700 3442 4746 est

1850 4780 2072 4836 dictum.
2113 4779 2314 4834 Deinde
2340 4779 2452 4848 ipse
2477 4779 2807 4850 respondens
2833 4779 2938 4844 ait,
2974 4797 2993 4831 ‹
3032 4780 3194 4834 Posse
3218 4778 3442 4849 quidem

1853 4873 2121 4929 hominem
2141 4887 2259 4928 esse
2281 4872 2394 4926 sine
2416 4880 2654 4942 peccato,
2678 4882 2730 4925 et
2755 4871 2844 4925 Dei
2868 4870 3116 4926 mandata
3139 4870 3429 4934 custodire,

1852 4969 1896 5022 si
1925 4966 2079 5032 velit,
2111 4965 2342 5020 diximus
2374 4984 2389 5020 ε
2426 4983 2450 5017 ι
2481 4980 2652 5035 neque
2682 4965 2796 5034 ipse
2822 4965 2980 5032 dixit,
3015 4983 3034 5018 ι
3074 4963 3229 5020 facile
3258 4976 3439 5018 custo-

1852 5057 2004 5122 dire;
2045 5075 2065 5110 ι
2098 5055 2192 5110 sed
2219 5055 2605 5119 tantummodo,
2641 5071 2660 5105 t
2700 5055 2990 5110 custodire.
3027 5074 3047 5106 ι
3085 5055 3161 5109 lta
3187 5053 3291 5108 alio
3320 5055 3445 5109 loco

1854 5149 1992 5204 inter
2026 5147 2113 5202 illa
2142 5146 2210 5202 de
2237 5146 2432 5216 quibus
2465 5162 2550 5201 me
2580 5145 2812 5200 Hilarius
2835 5145 3141 5210 consuluit,
3172 5154 3331 5215 atque
3352 5160 3440 5202 re-

1854 5242 2063 5312 scripsi,
2083 5241 2160 5296 sic
2179 5239 2448 5310 objectum
2472 5249 2554 5294 est
2587 5257 2599 5292 :
2638 5257 2656 5290 ι
2698 5239 2864 5293 Posse
2889 5237 3159 5293 hominem
3180 5253 3300 5293 esse
3321 5239 3440 5292 sino

1856 5345 2095 5406 peccato,
2112 5335 2155 5387 si
2170 5333 2314 5388 velit.
2342 5352 2360 5384 ι
2385 5333 2464 5387 Ad
2483 5331 2622 5403 quod
2644 5333 2760 5401 ipse
2785 5334 2857 5386 ita
2880 5331 3154 5400 respondit
3179 5348 3191 5383 :
3225 5349 3246 5382 ι
3272 5329 3438 5384 Posse

1855 5427 2068 5498 quidem
2097 5426 2364 5481 hominem
2406 5426 2519 5480 sine
2549 5434 2766 5494 peccato
2809 5439 2929 5480 esse
2950 5466 2966 5492 ,
2999 5424 3198 5478 dictum
3231 5431 3312 5476 est
3339 5436 3437 5475 sn-

1858 5518 2054 5590 perius.
2095 5535 2115 5570 ›
2147 5516 2328 5586 Neque
2357 5516 2443 5570 hic
2465 5531 2622 5586 ergo,-
2640 5517 2722 5571 vel
2753 5515 2823 5570 ab
2851 5515 2931 5569 eis
2956 5514 3046 5584 qui
3081 5513 3395 5584 ohjecerunt
3418 5551 3434 5578 ,

1921 5696 1938 5729 ί
1973 5702 2105 5745 Suar.
2125 5699 2176 5744 et
2187 5689 2490 5742 Oolbertiuus
2509 5697 2611 5750 Μέθη,
2637 5688 2826 5741 litteris.

1920 5760 2197 5838 tuopganps
2218 5761 2322 5838 ωδε
2344 5765 2404 5802 ac
2426 5755 2636 5838 άειζιηηξτ

1925 5821 1944 5852 ³
1967 5818 2264 5856 l‘ﬂlhnlﬂinnc
2285 5822 2351 5852 υς
2377 5847 2388 5856 .
2420 5821 2580 5846 ρ1κ⁶⁸“⁴“
2603 5811 2702 5833 ’.άξ
2715 5825 2755 5833 ’⁸³
2771 5823 2786 5834 ⁴
2839 5824 2851 5831 ⁵
