3938 6518
557 349 653 408 351

558 463 640 518 vel
662 462 729 518 ab
753 460 869 532 ipso
893 458 981 529 qui
1003 450 1292 523 respondit,
1317 447 1553 503 additum
1579 455 1681 511 est,
1714 463 1732 497 ι
1771 442 1941 496 facile.
1984 458 2003 492 ι
2036 436 2135 493 Sa-

560 554 742 625 perius
771 531 928 605 etiam
959 549 1009 601 in
1041 546 1347 599 narratione
1374 538 1543 594 sancti
1569 535 1789 593 Joannis
1812 532 2047 604 episcopi
2071 531 2138 582 ita

561 621 1031 698 commemoratum
1058 643 1182 690 est:
1221 651 1240 684 (
1279 631 1418 696 Illis,
1454 648 1473 682 ι
1508 628 1713 698 inquit,
1761 643 1781 678 ι
1821 621 2141 678 instantibus

562 742 620 790 et
637 730 955 794 dicentibus,
978 728 1108 795 Quia
1137 723 1418 779 haereticus
1437 728 1519 775 est
1541 736 1557 785 ;
1581 718 1709 799 dicit
1725 717 1867 773 enim
1889 712 2141 784 quoniam

566 830 739 892 potest
766 821 944 883 homo,
973 817 1016 872 si
1042 815 1289 881 voluerit,
1317 828 1436 869 esse
1457 811 1573 866 sine
1594 817 1813 880 peccato
1839 825 1854 861 :
1877 816 1930 861 et
1953 805 2019 859 de
2041 803 2143 857 hoe

564 910 1011 981 interrogantibus
1040 907 1193 963 nobis
1221 920 1365 971 eum,
1397 902 1691 972 respondit,
1721 897 1837 955 Non
1865 896 1975 952 dixi
2004 909 2141 966 quo-

566 1003 705 1056 niam
730 1000 932 1070 recepit
961 1000 979 1031 ί
1007 1007 1191 1053 natura
1210 993 1444 1051 hominis
1466 1002 1523 1048 ut
1542 988 1901 1061 impeccabilis
1922 988 2023 1052 sit;
2047 984 2143 1040 sed

564 1092 671 1147 dixi
701 1092 950 1163 quoniam
975 1090 1064 1161 qui
1091 1086 1315 1143 voluerit
1344 1100 1441 1156 pro
1464 1082 1685 1154 propria
1707 1081 1877 1136 salute
1901 1079 2145 1134 laborare

563 1192 619 1237 et
643 1183 954 1254 agonizare,
986 1188 1043 1234 ut
1067 1196 1172 1234 non
1205 1186 1389 1248 peccet
1442 1185 1497 1230 et
1520 1173 1754 1229 ambulet
1780 1173 1832 1227 in
1866 1169 2146 1240 prteceptis

564 1277 659 1332 Dei
685 1319 701 1339 .
743 1275 940 1330 habere
978 1290 1098 1329 eum
1131 1271 1269 1329 hanc
1310 1269 1710 1341 possibilitatem
1754 1282 1783 1319 a
1825 1264 1955 1320 Deo.
1995 1264 2145 1318 Tunc

564 1367 878 1439 quibusdam
906 1364 1307 1421 susurrautibus
1326 1372 1381 1419 et
1404 1361 1703 1417 dicentibus
1722 1402 1737 1428 ,
1759 1358 1901 1430 quod
1918 1358 2034 1411 sine
2054 1356 2146 1410 Dei

566 1460 733 1531 gratia
760 1461 966 1516 diceret
996 1457 1240 1528 Pelagius
1269 1470 1425 1525 posse
1451 1453 1722 1509 hominem
1754 1449 1937 1521 perlici
1973 1468 1987 1505 :
2019 1446 2146 1502 Cul-

567 1565 721 1621 pans,
757 1568 777 1602 ι
814 1551 1003 1620 inquit,
1040 1566 1060 1600 ι
1098 1562 1260 1617 super
1282 1545 1385 1601 hoc
1407 1545 1567 1600 etiam
1592 1542 1768 1608 intuli,
1791 1541 1912 1612 quia
1935 1549 1991 1594 et
2013 1556 2145 1609 apo-

566 1641 735 1695 stolus
764 1639 959 1694 Paulus
997 1637 1223 1692 multum
1260 1635 1513 1690 laborans
1536 1675 1551 1699 ,
1583 1633 1675 1689 sed
1717 1647 1824 1687 non
1854 1629 2148 1685 secundum

568 1746 719 1786 suam
760 1731 1007 1785 virtutem
1033 1770 1047 1792 ,
1079 1727 1173 1783 sed
1214 1726 1503 1781 secundum
1548 1724 1773 1796 gratiam
1820 1723 1953 1787 Dei,
1981 1720 2148 1784 dixit,

569 1822 807 1890 Amplius
837 1821 1065 1876 omnibus
1098 1817 1202 1873 illis
1253 1818 1506 1884 laboravi,
1541 1833 1642 1871 non
1686 1830 1775 1887 ego
1818 1822 2020 1876 autem,
2061 1810 2147 1865 sed

569 1911 857 1986 gratiaIDei
899 1927 1094 1966 mecum
1136 1930 1155 1964 ι
1198 1910 1252 1981 (l
1279 1908 1516 1970 Conxv,
1552 1906 1674 1978 10.)
1702 1922 1718 1959 :
1743 1915 1799 1962 et
1815 1914 2007 1961 caetera
2032 1917 2152 1975 qua:

569 2006 678 2076 jam
705 1986 1119 2060 commemoravi
1141 2002 1364 2073 (Supra,
1396 2017 1448 2054 η.
1478 1999 1591 2071 57).

554 2080 561 2087 ⁸
646 2098 736 2154 55.
778 2097 913 2167 Quid
943 2096 1043 2150 sibi
1082 2110 1210 2165 ergo
1238 2094 1385 2159 vnlt,
1430 2091 1571 2161 quod
1611 2091 1663 2146 in
1695 2089 1797 2145 hac
1830 2088 2053 2158 epistola
2081 2087 2153 2143 ita

573 2189 788 2262 gloriari
819 2187 934 2242 ausi
975 2193 1133 2252 sunt,
1164 2194 1221 2240 ut
1250 2201 1356 2239 non
1388 2184 1561 2238 solum
1606 2180 2015 2253 possibilitatem
2048 2194 2152 2233 non

577 2278 848 2351 peccandi,
876 2276 971 2333 sed
997 2277 1157 2349 etiam
1187 2275 1516 2341 facilitatem,
1540 2275 1677 2329 sicut
1704 2274 1755 2327 in
1784 2272 1919 2327 libro
1940 2269 2158 2341 Capitu-

572 2370 746 2427 lorum
773 2367 1010 2439 ejusdem
1037 2366 1236 2438 Pelagii
1265 2365 1492 2438 positum
1513 2373 1615 2430 est,
1641 2360 2003 2433 judicantibus
2023 2376 2156 2431 qua-

575 2459 868 2515 tuordecim
911 2457 1175 2528 episcopis
1223 2471 1282 2511 se
1325 2455 1655 2527 persuasisse
1688 2453 1989 2524 iactarent,
2035 2468 2155 2508 cum

576 2551 734 2608 toties
771 2549 957 2606 eadem
992 2549 1201 2619 objecta
1242 2548 1407 2620 gestis
1454 2556 1612 2617 atque
1641 2546 1865 2616 repetita
1895 2560 2157 2617 nusquam

578 2642 682 2697 hoc
716 2641 914 2696 habere
948 2639 1319 2695 inveniantur?
1349 2636 1628 2707 Quomodo
1668 2637 1811 2692 enim
1852 2637 2011 2691 etiam
2059 2635 2158 2706 ipsi

576 2732 873 2789 defensioni
896 2740 948 2787 et
974 2730 1309 2801 responsioni
1337 2729 1539 2800 Pelagii
1567 2745 1673 2784 non
1698 2738 1780 2784 est
1808 2728 1913 2783 hoc
1936 2727 2157 2783 verbum

577 2826 926 2892 contrarimn,
944 2839 1064 2879 cum
1081 2832 1134 2878 et
1151 2822 1434 2894 episcopus
1452 2821 1682 2876 Joannes
1706 2820 1781 2875 sic
1801 2835 1922 2874 eum
1944 2817 2083 2890 apud
2101 2834 2161 2875 se

580 2914 918 2985 reSpondisse
954 2913 1179 2978 dixerit,
1218 2922 1275 2967 ut
1323 2932 1342 2966 ι
1389 2900 1509 2968 eum
1537 2911 1700 2966 vellet
1740 2910 1962 2981 intelligi
2001 2924 2162 2981 posse

566 2996 685 3064 non
700 3023 936 3080 peccare,
957 3008 1045 3079 qni
1063 3005 1291 3061 voluerit
1308 3020 1403 3074 pro
1419 3004 1589 3058 salute
1605 3018 1699 3057 sua
1713 3003 1954 3057 laborare
1965 3012 2019 3057 et
2036 3018 2165 3074 ago-

531 3121 538 3131 ”
581 3104 789 3168 uizare;
816 3121 834 3153 ι
855 3111 910 3158 et
926 3101 1039 3170 ipse
1068 3101 1171 3170 iam
1187 3099 1350 3170 gestis
1368 3111 1532 3170 agens
1558 3097 1632 3168 (a)
1664 3111 1827 3167 seque
1843 3094 2161 3163 defendens,

589 3214 609 3248 α
634 3195 849 3267 proprio
876 3194 1056 3249 labore
1085 3201 1139 3248 et
1165 3191 1261 3246 Dei
1286 3190 1454 3262 gratia
1477 3230 1493 3256 ,
1530 3208 1550 3241 ι
1584 3188 1799 3251 dixerit,
1835 3206 1854 3239 ‹
1894 3187 2164 3241 hominem

583 3303 743 3359 posse
769 3302 889 3342 esse
917 3287 1031 3341 sine
1061 3283 1316 3356 peccato?
1350 3300 1369 3334 ι
1413 3280 1693 3349 Quomodo
1731 3295 1858 3351 ergo
1899 3280 2052 3336 facile
2084 3279 2161 3347 lit,

582 3379 629 3433 si
654 3378 925 3433 laboratur
953 3386 1010 3431 ut
1053 3375 1179 3430 tiat?
1205 3374 1341 3430 Puto
1379 3373 1521 3429 enim
1562 3387 1775 3427 omnem
1815 3386 2034 3427 sensum
2064 3371 2167 3426 ho-

584 3471 788 3526 minum
824 3469 1098 3525 nobiscum
1127 3481 1417 3539 agnoscere
1440 3464 1581 3537 quod
1607 3464 1695 3520 ubi
1727 3464 1877 3519 labor
1897 3473 2002 3533 est,
2033 3464 2167 3520 faci-

585 3561 708 3618 litas
732 3575 839 3615 non
866 3568 965 3616 est.
1009 3558 1078 3615 Et
1105 3568 1280 3614 tamen
1322 3555 1545 3627 epistola
1583 3555 1812 3611 carnalis
1838 3556 2170 3623 ventositatis

584 3661 640 3708 et
668 3651 913 3706 elationis
937 3650 1121 3714 volat,
1165 3658 1221 3705 et
1262 3662 1532 3720 gestorum
1564 3645 1813 3702 tarditate
1852 3655 2131 3716 procurata
2153 3688 2168 3712 ,

584 3736 857 3796 celeritate
884 3738 1189 3809 praecedens
1208 3779 1226 3807 ,
1255 3738 1307 3792 in
1334 3752 1523 3793 manus
1560 3736 1839 3792 hominum
1878 3738 2133 3807 praevolat
2152 3779 2168 3804 ,

566 3834 647 3888 'ut
671 3832 1072 3904 quatuordecim
1103 3832 1369 3902 episcopis
1407 3829 1753 3886 orientalibus
1783 3828 2047 3900 placuisse
2086 3828 2173 3884 di-

586 3933 757 3990 catur,
781 3939 889 3978 non
910 3923 1080 3978 solum
1116 3942 1135 3976 ‹
1172 3938 1331 3993 posse
1359 3937 1479 3978 esse
1500 3921 1771 3976 hominem
1794 3921 1910 3976 sine
1931 3931 2171 3991 peccato,

587 4026 639 4071 et
668 4015 764 4071 Dei
807 4015 1052 4070 mandata
1092 4014 1360 4071 custodire
1384 4056 1399 4079 ,
1440 4033 1459 4067 ι
1494 4013 1588 4069 sed
1627 4022 1684 4069 et
1732 4031 1751 4066 ι
1791 4012 1945 4068 facile
1985 4024 2172 4069 custo-

589 4108 740 4176 dire;
774 4127 794 4161 ι
828 4123 928 4163 nec
956 4108 1225 4163 nominato
1257 4108 1365 4162 Deo
1388 4106 1607 4177 juvante
1630 4147 1647 4174 ,
1677 4106 1770 4161 sed
1812 4116 2032 4171 tantum,
2072 4125 2093 4159 ι
2127 4106 2176 4161 si

592 4198 721 4253 velit
748 4214 761 4251 :
799 4217 818 4250 ι
851 4207 908 4252 ιιι
932 4197 1179 4253 videlicet
1210 4197 1365 4252 tacita
1386 4238 1401 4264 ,
1443 4212 1541 4267 pro
1567 4211 1669 4267 qna
1709 4196 2177 4252 vehementissime

593 4290 957 4361 pugnabatur,
980 4289 1157 4344 divina
1181 4289 1380 4359 gratia,
1409 4298 1607 4354 restet,
1639 4297 1695 4343 ut
1723 4289 1836 4343 sola
1872 4288 1925 4343 in
1954 4288 2177 4357 epistola

593 4380 800 4455 legatur
820 4380 1018 4446 infelix,
1037 4388 1093 4436 et
1118 4394 1176 4435 se
1195 4381 1359 4449 ipsam
1382 4378 1655 4449 decipiens
1680 4378 1823 4433 velut
1842 4378 2051 4443 victrix,
2070 4372 2178 4435 “hu-

596 4486 752 4527 mana
781 4466 1048 4543 superbia.
1096 4469 1257 4539 Quasi
1305 4485 1413 4529 non
1460 4469 1563 4525 hoe
1606 4484 1665 4525 se
1707 4469 1901 4526 dixerit
1934 4471 2179 4540 culpasse

593 4563 828 4620 Joannes
845 4562 1148 4633 episc0pus,
1172 4571 1226 4618 et
1248 4561 1394 4617 velut
1408 4546 1682 4634 giganteos
1701 4571 1907 4639 montes
1923 4562 2179 4619 adversus

597 4655 1100 4724 supereminentiam
1121 4654 1305 4723 gratiae
1327 4654 1562 4710 ctelestis
1588 4662 1820 4708 structos
1850 4654 2017 4709 tribus
2045 4654 2182 4710 divi-

596 4762 791 4821 norum
841 4747 1266 4821 testimoniorum
1329 4755 1580 4815 tanquam
1644 4744 1920 4799 fulminum
1987 4746 2181 4801 ictibus

580 4824 859 4909 {deiecisse
874 4854 889 4890 :
904 4848 997 4893 aut
1012 4854 1141 4893 vero
1158 4854 1278 4893 cum
1301 4839 1389 4892 illo
1409 4840 1569 4893 etiam
1592 4839 1769 4894 ereteri
1788 4839 2020 4911 episcopi
2037 4840 2182 4911 judi-

598 4943 707 4993 ces,
725 4928 804 4983 vel
823 4938 1017 4992 mente,
1035 4930 1113 4982 vel
1129 4928 1258 4997 ipsis
1272 4928 1489 4983 auribus
1508 4926 1705 4982 ferrent
1722 4928 1984 4999 Pelagium
1999 4929 2183 4985 dicen-

604 5031 734 5089 tem,
762 5039 781 5073 ‹
816 5020 976 5075 Posse
992 5020 1204 5089 quidem
1222 5019 1492 5075 hominem
1510 5020 1624 5075 sine
1639 5031 1853 5087 peccato
1865 5035 2003 5086 esse,
2021 5020 2181 5076 etDei

602 5113 851 5171 mandata
872 5112 1163 5175 custodire,
1191 5112 1236 5167 si
1263 5112 1411 5178 velit,
1439 5110 1703 5175 diximus;
1743 5129 1761 5162 ι
1798 5110 1899 5165 nisi
1927 5112 2183 5166 continuo

600 5215 951 5276 sequeretur,
1002 5222 1023 5255 ι
1079 5203 1226 5258 llanc
1269 5202 1412 5257 enim
1470 5201 1873 5272 possibilitatem
1922 5201 2063 5256 Deus
2110 5201 2184 5257 illi

602 5297 748 5353 dedit
785 5315 803 5349 ι
843 5293 1014 5367 (quod
1045 5294 1351 5350 nesciebant
1375 5293 1469 5357 illi,
1499 5309 1620 5349 eum
1658 5293 1837 5349 dicere
1863 5292 1931 5349 de
1960 5303 2143 5347 natura
2164 5334 2180 5361 ,

604 5403 714 5445 non
737 5386 805 5443 dc
831 5387 954 5455 illa,
992 5402 1149 5458 quam
1196 5384 1249 5441 in
1279 5386 1570 5458 apostolica
1608 5384 1987 5457 prtedicatione
2022 5396 2186 5440 nove-

670 5607 687 5638 ¹
711 5613 777 5657 Ex
797 5615 952 5666 Suar.,
975 5605 1174 5668 recepit.
1202 5613 1257 5656 At
1280 5607 1329 5656 in
1351 5604 1458 5656 aliis
1494 5606 1817 5668 editionihus,
1849 5603 2039 5668 recipit.

671 5668 745 5733 (a)
775 5669 964 5719 Scilicet
982 5666 1106 5730 apud
1127 5669 1377 5733 episcopos
1397 5668 1565 5733 synodi
1580 5666 1930 5733 Diospolitanae,
1952 5666 2036 5730 qui
2059 5667 2192 5729 prius

756 5737 1004 5795 Joannem,
1015 5728 1126 5780 'non
1148 5728 1383 5795 confectis
1403 5728 1575 5795 gestis,
1598 5729 1658 5780 ad
1674 5728 1768 5781 sibi
1787 5728 1983 5793 objecta
1991 5728 2192 5792 respon-

609 5791 798 5844 derant.
828 5792 940 5843 t'ide
957 5804 1120 5856 supra,
1143 5805 1193 5841 ιι.
1217 5791 1293 5842 39.

1586 330 1672 385 DE
1712 324 1953 384 GIiSTIS
1989 318 2282 383 PELM‘JI,
2322 318 2380 374 S.
2425 318 2786 376 AUGUSTINI
3653 343 3738 401 ‘5:

2252 444 2369 488 rant
2388 476 2402 497 .
2429 432 2664 505 gratia);
2702 451 2767 489 ac
2802 433 2995 490 deinde
3031 435 3389 510 coniungeret,
3421 462 3440 498 ι
3471 444 3578 506 Non
3601 467 3739 513 autem

2249 526 2512 592 diximus,
2540 525 2681 596 quod
2724 526 3022 581 inveniatur
3049 526 3266 599 aliquis,
3291 533 3356 588 ab
3392 535 3585 595 infantia
3608 559 3739 616 usque

2249 616 2320 685 ad.
2344 628 2648 685 senectam,
2675 618 2764 688 qni
2788 633 3058 691 nunquam
3099 624 3409 691 peccaverit;
3435 628 3521 685 sed
3541 638 3739 701 quoniam

2251 723 2282 763 a
2323 708 2558 780 peccatis
2601 725 2891 765 conversus
2914 750 2932 776 ,
2962 713 3175 781 proprio
3216 714 3391 772 labore
3417 728 3467 774 et
3499 722 3580 779 Dei
3612 733 3740 796 gratia

2254 801 2420 869 possit
2441 816 2562 856 esse
2581 801 2696 857 sine
2718 810 2955 872 peccato.
2991 820 3012 854 ι
3046 802 3192 869 Quod
3212 805 3366 861 etiam
3391 808 3407 840 ¹
3434 823 3519 865 sua
3536 826 3743 876 sententia

2251 891 2613 960 declararunt,
2645 893 2881 948 dicentes
2901 935 2916 959 ,
2945 908 3066 949 eum
3096 906 3235 951 recte
3260 902 3591 972 respondisse,
3616 906 3746 967 homi.

2253 1000 2375 1038 nem
2405 1000 2526 1039 eum
2552 985 2816 1055 adjutorio
2843 986 2934 1041 Dei
2966 996 3020 1041 et
3045 989 3208 1057 gratia
3232 982 3382 1058 posse
3406 1006 3518 1050 esse
3539 997 3638 1053 sine
3653 1017 3742 1070 pec-

2252 1086 2372 1129 tano
2403 1093 2416 1129 :
2452 1095 2472 1129 ι
2506 1076 2629 1146 quid
2659 1076 2800 1131 aliud
2839 1087 3137 1134 metuentes
3156 1121 3171 1142 ,
3204 1079 3301 1135 nisi
3330 1097 3394 1136 ne
3414 1084 3505 1140 hoc
3527 1092 3747 1158 negando,

2254 1182 2358 1220 non
2388 1167 2717 1235 possibilitati
2750 1166 3021 1232 hominis,
3052 1168 3145 1224 sed
3187 1170 3286 1239 ipsi
3326 1171 3411 1225 Dei
3437 1176 3599 1244 gratia:
3619 1180 3751 1239 facere

2256 1257 2563 1313 viderentur
2590 1258 2873 1328 iujuriam?
2904 1259 3012 1315 Nec
3048 1270 3220 1315 tamen
3247 1262 3506 1320 definitum
3524 1277 3610 1332 est,
3632 1287 3753 1341 quan.

2254 1347 2324 1403 do
2347 1350 2435 1402 tiat
2462 1348 2623 1403 homo
2650 1351 2768 1405 sine
2792 1358 3032 1420 peccato,
3058 1350 3195 1420 quod
3227 1353 3337 1407 fieri
3364 1368 3510 1424 posse
3531 1358 3753 1427 adjuvante

2258 1441 2348 1494 Dei
2365 1442 2553 1511 gratia,
2573 1442 2865 1512 judicatum
2888 1452 2967 1497 est
2994 1460 3007 1494 :
3034 1457 3137 1497 non
3158 1450 3259 1508 est,
3277 1443 3497 1514 inquam,
3516 1446 3757 1520 definitum,

2256 1542 2431 1585 utrum
2456 1532 2506 1585 in
2539 1531 2635 1586 hac
2660 1546 2821 1587 carne
2844 1535 3256 1601 concupiscente
3283 1535 3524 1608 adversus
3545 1540 3757 1611 spiritum,

2255 1621 2455 1686 fuerit,
2484 1623 2566 1678 vel
2610 1625 2717 1687 sit,
2748 1625 2833 1679 vel
2865 1624 3072 1679 futurus
3120 1625 3192 1680 sit
3236 1626 3422 1697 aliquis
3442 1670 3456 1694 ,
3477 1629 3575 1699 jam
3601 1639 3755 1693 ratione

2257 1726 2415 1768 utens
2445 1724 2498 1769 et
2535 1715 2820 1771 voluntatis
2866 1716 3125 1784 arbitrio,
3163 1717 3275 1772 sive
3318 1718 3367 1771 in
3405 1720 3495 1773 ista
3524 1721 3755 1792 frequentia

2258 1804 2533 1860 hominum
2556 1847 2571 1871 ,
2603 1807 2716 1861 sive
2754 1807 2806 1861 in
2837 1807 3122 1863 solitudine
3162 1810 3560 1879 monachorum,
3586 1815 3657 1869 cui
3680 1833 3759 1872 non

2256 1899 2328 1953 sit
2366 1899 2478 1969 jam
2512 1901 2869 1954 necessarium
2890 1942 2907 1967 ,
2945 1916 3052 1955 non
3103 1910 3318 1971 propter
3343 1904 3502 1971 alios,
3538 1905 3618 1961 sed
3640 1909 3761 1965 etiam

2260 1996 2477 2058 propter
2499 2004 2560 2043 se
2586 1988 2757 2059 ipsum
2788 1989 2967 2045 dicere
2990 1990 3041 2045 in
3067 1994 3331 2059 oratione,
3362 1992 3550 2050 Dimitte
3573 1999 3686 2054 nobis
3703 2002 3760 2057 da-

2260 2078 2360 2132 bita
2384 2088 2554 2132 nostra
2584 2079 2803 2150 (Matth.
2841 2097 2894 2136 νι
2914 2068 2935 2149 ,“
2965 2082 3064 2153 te)
3094 2100 3107 2135 ε
3136 2098 3205 2137 an
3231 2098 3355 2138 vero
3385 2094 3501 2141 tunc
3524 2090 3763 2157 perﬁciatur

2260 2169 2362 2226 hoc
2388 2170 2607 2238 donum,
2636 2172 2848 2243 quando
2886 2173 3088 2229 similes
3115 2175 3168 2230 ei
3203 2175 3419 2243 erimus,
3448 2180 3633 2248 quando
3652 2183 3761 2238 vide.

2262 2261 2437 2318 bimus
2456 2280 2608 2331 eum,
2639 2265 2793 2320 sicuti
2823 2275 2907 2321 est
2953 2265 3003 2339 (l
3022 2264 3195 2329 .Joau.
3222 2283 3301 2333 ιιι,
3326 2268 3423 2339 ‘2);
3450 2270 3636 2338 quando
3657 2274 3764 2329 dice~

2262 2368 2370 2424 tur,
2396 2374 2500 2413 non
2529 2373 2557 2412 a
2586 2358 2959 2429 pugnantibus,
2998 2357 3154 2414 Video
3180 2361 3339 2415 aliam
3364 2363 3511 2432 legem
3530 2364 3577 2417 in
3594 2366 3765 2435 utentibus

2263 2452 2385 2505 meis
2405 2461 2772 2521 repugnantem
2799 2451 2896 2522 legi
2922 2452 3103 2508 mentis
3126 2468 3259 2508 mea:
3283 2451 3450 2525 (Rom.
3475 2471 3559 2519 vn,
3581 2455 3681 2525 23);
3703 2459 3769 2514 sed

2261 2560 2294 2600 a
2322 2543 2786 2615 triumphantibus,
2819 2543 2917 2619 Ubi
2940 2552 3036 2612 est,
3062 2562 3208 2601 mors
3225 2588 3240 2609 ,
3266 2546 3464 2601 victoria
3487 2548 3605 2602 tua?
3628 2550 3769 2615 alia,

2264 2652 2431 2702 mors,
2455 2635 2660 2690 aculeus
2699 2646 2816 2690 tuus
2853 2635 2912 2707 (Ι
2940 2633 3060 2692 Cor.
3091 2653 3183 2704 xv,
3222 2639 3364 2709 55)?
3392 2639 3534 2706 Quod
3555 2658 3646 2696 non
3673 2643 3771 2699 inter

2265 2724 2569 2782 Catholieos
2605 2736 2659 2783 et
2706 2726 2988 2784 haereticos
3012 2770 3028 2795 ,
3065 2730 3159 2784 sed
3219 2730 3356 2786 inter
3381 2731 3516 2801 ipsos
3539 2731 3775 2791 Catholica:

2267 2815 2495 2872 fortasse
2510 2820 2540 2891 θ’
2571 2818 2788 2888 pacilice
2815 2821 3207 2891 requirendum
3235 2830 3318 2878 est
3343 2823 3440 2895 (a).

2338 2910 2562 2965 CAPUT
2585 2909 2778 2968 XXXI.
2797 2942 2868 2952 —
2886 2911 2975 2968 56.
2998 2912 3289 2982 Quomodo
3316 2915 3467 2986 igitur
3482 2916 3613 2972 credi
3630 2928 3775 2988 potest,

2269 3003 2537 3074 Pelagium
2585 3003 2672 3074 (si
2722 3013 2898 3060 tamen
2943 3004 3059 3060 haec
3104 3005 3339 3076 epistola
3381 3007 3491 3078 ejus
3522 3009 3775 3078 est)etl)ei

2269 3094 2491 3166 gratiam
2512 3136 2528 3163 ,
2555 3110 2675 3165 qua:
2699 3110 2872 3166 neque
2898 3106 3083 3152 natura
3124 3106 3221 3152 esl.
3256 3113 3375 3153 cum
3413 3098 3567 3154 libero
3597 3100 3777 3165 arbitrio,

2272 3205 2443 3260 neque
2473 3190 2602 3262 legis
2627 3190 2871 3259 scientia,
2902 3205 3076 3261 neque
3106 3201 3190 3246 tan
3204 3199 3320 3246 tum
3347 3191 3575 3247 remissio
3599 3202 3781 3262 peccatov

2271 3301 2389 3340 rum
2409 3329 2425 3351 ,
2464 3286 2558 3343 sed
2586 3302 2647 3343 ea
2678 3302 2797 3357 qua:
2831 3286 2882 3340 in
2912 3285 3135 3366 singulis
3169 3287 3378 3341 nostris
3415 3295 3493 3341 est
3523 3286 3691 3340 actibus
3710 3298 3777 3339 ue-

2271 3376 2524 3443 cessaria,
2547 3376 2809 3432 veraciter
2836 3375 2997 3431 fuisse
3017 3376 3353 3444 confessum,
3378 3384 3433 3432 et
3451 3377 3677 3432 veraciter
3693 3390 3782 3430 ana-

2275 3466 2646 3522 thematizasse
2671 3467 2912 3537 quisquis
2935 3475 3119 3521 contra
3145 3466 3259 3523 ista
3286 3467 3534 3533 sentiret;
3559 3465 3730 3537 quando
3745 3465 3783 3519 in

2273 3558 2495 3628 epistola
2537 3572 2629 3612 sua
2676 3566 2729 3615 et
2771 3556 3077 3613 facilitatem
3115 3561 3309 3630 posuit
3347 3575 3451 3615 non
3488 3558 3787 3630 peecandi,de

2274 3665 2376 3719 qua
2406 3649 2545 3703 nulla
2575 3648 2627 3704 in
2656 3648 2758 3704 hoc
2777 3648 2980 3720 judicio
3003 3650 3241 3720 quzestio
3266 3650 3393 3716 fuit,
3420 3652 3559 3723 quasi
3582 3650 3788 3721 judicibus

2276 3741 2435 3796 etiam
2463 3739 2531 3795 de
2557 3741 2658 3796 hoc
2682 3741 2844 3797 verbo
2872 3741 3148 3813 placuerit,
3176 3752 3242 3797 et
3266 3744 3484 3814 gratiam
3514 3744 3596 3799 Dei
3622 3758 3706 3797 non
3723 3758 3791 3811 po-

2277 3833 2419 3901 suit,
2453 3849 2610 3901 quam
2642 3832 2948 3887 confitendo
2968 3820 3029 3888 'ct
3057 3832 3334 3903 addendo,
3371 3849 3572 3905 poenam
3597 3833 3794 3890 ecclesia.

2277 3924 2425 3978 sticze
2451 3922 2806 3979 damnationis
2830 3922 3036 3978 evasit?

2349 4013 2575 4071 CAPUT
2602 4013 2818 4069 XXXII.
2840 4044 2915 4056 -—
2937 4015 3027 4071 5'1.
3050 4015 3145 4070 Est
3164 4024 3227 4072 et
3252 4016 3396 4072 aliud
3416 4016 3551 4089 quod
3573 4017 3799 4073 silerenon

2280 4108 2470 4164 debeo.
2511 4108 2566 4162 In
2607 4108 2846 4164 chartula
2888 4107 3220 4165 defensionis
3253 4126 3390 4178 suae,
3420 4127 3571 4183 quam
3602 4109 3711 4166 mihi
3734 4123 3802 4179 per

2279 4200 2563 4271 quemdam
2607 4200 2837 4256 Charum
2890 4210 3135 4256 nostrum
3169 4201 3190 4233 ³
3230 4202 3615 4274 Hipponensem
3653 4202 3802 4264 civem,

2280 4293 2593 4348 orientalem
2614 4302 2790 4347 autem
2812 4292 3117 4358 diaconum,
3139 4293 3311 4361 misit,
3334 4293 3462 4351 fecit
3485 4294 3683 4365 aliquid,
3698 4292 3806 4362 quod

2280 4384 2440 4439 aliter
2467 4400 2525 4439 se
2553 4384 2743 4439 habeat
2761 4425 2777 4448 ,
2806 4400 2964 4455 quam
2992 4384 3158 4455 gestis
3194 4386 3584 4456 episcopalibus
3612 4385 3805 4440 contine-

2286 4487 2389 4532 tur.
2421 4477 2570 4545 Quod
2608 4488 2786 4531 antem
2828 4475 3027 4532 habent
3062 4486 3234 4546 gesta,
3266 4479 3423 4549 longe
3461 4477 3637 4535 melius
3668 4485 3736 4531 est
3764 4488 3811 4527 ac

2286 4570 2508 4633 firmius,
2546 4578 2600 4623 et
2638 4569 2857 4623 omnino
2895 4569 3173 4625 enodatius
3215 4568 3318 4639 pro
3353 4570 3605 4625 catholica
3637 4567 3815 4625 veritate

2285 4670 2468 4719 contra
2519 4661 2663 4715 illius
2709 4659 2930 4715 ha-resis
2981 4670 3207 4730 pestem.
3243 4660 3412 4728 Nam,
3459 4676 3572 4717 cum
3618 4656 3814 4713 eamdem

2285 4753 2584 4809 chartulam
2609 4752 2861 4821 legerem,
2881 4752 3189 4821 priusquam
3209 4746 3280 4807 ad
3302 4768 3402 4808 nos
3420 4762 3560 4825 gesta
3576 4750 3818 4806 venissent.

2288 4846 2590 4900 nesciebam
2614 4858 2692 4897 .ca
2732 4843 2845 4912 ipsa
2880 4842 3039 4897 verba
3072 4844 3346 4914 posuisse,
3371 4846 3588 4915 quibus,
3616 4856 3722 4898 cum
3745 4837 3823 4891 silli

2287 4937 2520 5000 adesset,
2546 4950 2672 4989 usus
2700 4942 2784 4989 est
2813 4935 2866 4989 in
2889 4934 3089 5004 judicio
3116 4954 3129 4990 :
3152 4950 3320 5005 pauca
3346 4936 3514 5002 enim,
3535 4945 3587 4991 et
3605 4949 3698 4988 non
3716 4928 3823 4986 mul-

2289 5040 2399 5085 tum
2429 5029 2583 5082 aliter
2610 5043 2668 5083 se
2696 5027 2921 5095 habent,
2946 5027 3013 5082 de
3038 5027 3228 5095 quibus
3255 5044 3367 5083 non
3399 5028 3554 5082 nimis
3576 5040 3711 5081 curo.

2359 5121 2585 5177 CAPUT
2623 5119 2861 5176 XXXIII.
2886 5150 2959 5160 —
2980 5119 3199 5175 Moleste
3227 5132 3408 5174 autem
3438 5118 3692 5180 ferebam,
3714 5108 3825 5182 (ιιωά

2290 5215 2582 5285 aliquarum
2602 5214 2985 5269 sententiarum
3001 5210 3259 5278 Caelestii,
3276 5226 3413 5281 quas
3427 5225 3545 5265 cum
3560 5206 3711 5278 gestis
3721 5216 3826 5256 ana-

2294 5306 2665 5375 thematizasse
2695 5304 3032 5375 perspicuum
3057 5312 3160 5370 est,
3188 5317 3442 5357 servasse
3474 5301 3572 5357 sibi
3602 5293 3829 5354 delensio-

2363 5482 2379 5513 ί
2403 5487 2637 5529 Romanus
2662 5487 2763 5539 .vs.,
2783 5477 2866 5539 qui
2883 5476 3046 5528 etiam.

2358 5545 2379 5575 ¹
2403 5545 2484 5591 nic
2504 5545 2704 5606 fortasse
2724 5536 3007 5598 addidimus,
3033 5552 3093 5589 ex
3117 5536 3246 5588 Colb.
3266 5544 3351 5587 Ms.

2361 5606 2381 5636 ³
2401 5611 2636 5653 Romanus
2658 5610 2762 5662 Ms...
2787 5610 3011 5652 uestrum.
3168 5660 3180 5666 Α
3578 5655 3591 5666 _
3627 5653 3653 5666 _
3685 5652 3696 5666 ,

2360 5646 3120 5727 (di‘iiég'iike‘iasi'ﬁiiaﬁaur
3137 5660 3346 5727 alterum
3363 5671 3541 5709 annum
3557 5652 3741 5727 deﬁnita

2298 5740 2328 5778 a
2347 5716 2947 5790 carthaginensi'opncilio,
2966 5724 3133 5790 eam}?
3145 5726 3232 5790 8._\
3245 5722 3329 5790 ide
3350 5733 3499 5790 supra
3509 5716 3849 5770 Admotum

2301 5792 2351 5840 in
2370 5784 2544 5838 librum
2565 5789 2631 5839 de
2653 5784 2954 5839 l‘et'fcctioue
2972 5787 3169 5851 iustitia:
3190 5784 3423 5836 hominis.
