3938 6494
153 322 234 380 5Ξῶ

160 455 268 496 netu,
287 435 453 503 potest
475 426 684 480 videri.
714 426 848 479 Nam
877 439 1055 478 earum
1079 431 1328 490 quasdam
1360 431 1483 470 suas
1512 414 1721 480 negavit

161 541 266 586 che,
298 521 474 574 dicens
522 517 935 580 tantummodo,
970 532 987 563 ι
1020 527 1114 580 pro
1161 510 1238 563 eis
1277 523 1383 561 non
1425 521 1483 560 se
1526 504 1724 558 debere

164 611 530 672 satisfactionem
575 623 590 659 :
648 626 669 659 ι
707 603 1158 661 anathematizare
1204 609 1381 653 autem
1434 597 1487 651 in
1537 595 1722 650 cadent

163 703 350 763 chartula
375 698 570 762 noluit,
594 714 722 768 quae
753 698 870 751 ista:
891 703 1014 749 sunt
1038 711 1049 746 :
1075 709 1094 741 ι
1117 690 1282 745 Adam
1307 686 1583 742 mortalem
1606 699 1726 740 esse

169 802 336 856 factum,
374 792 465 861 qui
512 789 634 844 sive
685 795 956 857 peccaret,
993 792 1105 837 sive
1143 796 1247 834 non
1286 786 1551 850 peccaret,
1583 783 1727 830 esset

166 884 427 944 moriturus.
453 880 619 946 Quod
649 888 929 948 peccatum
957 873 1083 928 Athe
1114 871 1283 925 solum
1317 870 1491 938 ipsum
1525 881 1721 920 nocue-

166 983 213 1035 rit
239 987 285 1032 et
322 991 423 1028 non
467 987 644 1044 genus
685 971 1001 1025 humanum.
1027 964 1177 1032 Quod
1219 964 1302 1016 lex
1343 962 1421 1015 sic
1458 961 1629 1013 mittat
1658 958 1724 1012 ad

135 1067 337 1143 'regnum
389 1069 664 1122 ctelorum
692 1107 708 1131 ,
752 1059 1201 1134 quemadmodum
1252 1065 1308 1110 et
1353 1053 1722 1122 Evangelium.

155 1142 274 1232 Quod
300 1159 538 1215 infantes
563 1171 740 1226 nuper
765 1155 873 1208 nati
903 1155 954 1206 in
984 1152 1073 1205 illo
1104 1157 1244 1203 statu
1273 1148 1400 1207 sint,
1424 1145 1474 1198 in
1505 1158 1612 1214 quo
1633 1142 1728 1197 fuit

157 1255 293 1308 Adam
334 1259 464 1305 ante
512 1246 1035 1321 przevaricatiouem.
1065 1239 1215 1308 Quod
1246 1251 1419 1307 neque
1451 1251 1547 1304 per
1579 1249 1726 1288 mor-

154 1361 236 1401 tem
259 1344 338 1399 vel
367 1340 877 1412 praevaricationem
898 1335 1026 1389 Adae
1055 1346 1213 1386 omne
1239 1343 1409 1399 genus
1436 1327 1727 1380 humanum

152 1437 402 1495 moriatur.
430 1448 613 1503 neque
639 1445 734 1502 per
764 1426 1208 1483 resurrectionem
1233 1420 1426 1474 Christi
1450 1433 1609 1474 omne
1637 1432 1731 1487 ge-

148 1547 232 1585 nus
258 1529 556 1582 humanum
598 1531 864 1592 resurgat.
893 1519 1149 1582 Infantes,
1187 1513 1393 1569 etiamsi
1423 1527 1528 1565 non
1560 1509 1738 1578 bapti--

148 1631 330 1684 tentur,
377 1618 584 1671 habere
626 1615 789 1668 vitam
838 1621 1115 1665 :eternam.
1154 1605 1361 1661 Divites
1404 1601 1724 1671 baptizatos,

143 1715 231 1769 nisi
256 1709 512 1764 omnibus
541 1700 1058 1763 abrenuntiaverint,
1089 1697 1133 1751 si
1159 1695 1283 1765 quid
1327 1693 1449 1747 boni
1485 1691 1729 1744 videntur

141 1804 322 1864 facere,
361 1813 472 1852 non
516 1797 626 1850 illis
667 1792 936 1862 reputari,
967 1803 1137 1858 neque
1167 1785 1444 1840 habituros
1485 1781 1605 1835 illos
1642 1794 1731 1834 re—

139 1910 285 1966 gnum
324 1891 659 1947 caelorum)
692 1885 795 1956 (a).
824 1883 904 1938 Ad
937 1883 1033 1936 ista
1063 1879 1256 1949 quippe
1287 1875 1340 1928 in
1371 1871 1611 1928 chartula
1641 1870 1727 1923 illa

139 1962 206 2044 ita
229 1983 509 2055 respondit
536 1999 549 2032 :
581 1999 601 2031 ι
633 1979 761 2033 Hurc
783 1975 961 2030 omnia
990 1969 1277 2026 secundum
1307 1967 1544 2036 ipsorum
1578 1962 1729 2018 testi-

144 2083 366 2137 monium
397 2095 425 2131 a
458 2091 554 2131 me
584 2074 730 2128 dicta
762 2087 869 2125 non
910 2074 1052 2130 sunt,
1082 2079 1178 2119 nec
1203 2076 1299 2132 pro
1329 2061 1408 2115 eis
1433 2057 1603 2113 debeo
1640 2070 1730 2109 sa-

153 2172 510 2227 tisfactionem.
550 2185 570 2217 ι
602 2163 666 2218 1η
694 2163 858 2233 gestis
887 2167 1061 2211 autem
1090 2154 1154 2208 ad
1187 2151 1378 2207 eadem
1407 2151 1516 2218 ipsa
1547 2151 1616 2200 ita
1647 2147 1728 2200 lo-

156 2275 300 2318 cutus
336 2271 447 2315 est:
479 2277 498 2309 ι
537 2253 854 2310 Secundum
903 2251 1141 2320 ipsorum
1189 2243 1550 2300 testimonium
1583 2255 1611 2293 a
1643 2254 1730 2295 me

153 2357 288 2409 dicta
318 2369 414 2405 non
440 2359 584 2411 sunt,
609 2363 714 2417 pro
735 2345 930 2416 quibus
949 2357 1046 2412 ego
1075 2337 1381 2394 satisfacere
1403 2350 1506 2389 non
1530 2333 1750 2397 debeo;

143 2449 236 2503 sed
270 2456 441 2500 tamen
474 2443 545 2497 ad
582 2439 1006 2496 satisfactionem
1048 2442 1244 2488 sancta:
1271 2428 1472 2502 Synodi
1511 2425 1734 2481 anathe-

127 2539 328 2593 ‘matizo
359 2551 455 2590 eos
481 2534 573 2605 qni
604 2533 685 2587 sic
717 2539 926 2594 tenent,
953 2535 1043 2582 aut
1070 2524 1352 2596 aliquando
1375 2528 1674 2577 tenuerunt.
1707 2538 1726 2571 ι

131 2630 242 2685 Cur
259 2645 391 2699 ergo
411 2643 522 2680 nou
546 2626 617 2680 ita
645 2634 699 2678 et
723 2623 780 2678 in
814 2622 904 2676 illa
930 2617 1166 2674 chartula
1194 2617 1447 2685 scriptum
1476 2613 1596 2668 est?
1615 2612 1733 2667 Non

136 2723 399 2784 multum,
434 2728 496 2772 ut
532 2718 732 2787 opinor,
776 2711 1095 2775 atramenti,
1133 2723 1233 2763 nec
1275 2707 1590 2767 litterarum,
1635 2717 1735 2758 nec

142 2829 342 2877 morae,
369 2826 471 2865 nec
492 2810 652 2879 ipsius
667 2805 938 2869 chartula},
958 2803 1000 2856 si
1027 2802 1097 2856 ita
1119 2801 1290 2866 ﬁeret,
1315 2795 1732 2867 impenderetur.

133 2904 262 2960 "Scd
282 2904 404 2973 quis
420 2918 525 2955 non
546 2900 717 2954 credat
744 2897 797 2952 id
825 2896 990 2950 fuisse
1012 2899 1375 2964 procuratum,
1403 2897 1462 2942 ut
1487 2897 1737 2958 tanquam

154 3011 259 3066 pro
287 3004 550 3064 gestorum
578 2991 792 3045 illorum
816 2986 1167 3049 breviatione,
1204 2983 1300 3037 ista
1335 2979 1517 3035 charta
1548 2992 1741 3048 usque-

149 3102 364 3158 quaque
383 3081 741 3139 discurreret‘
756 3080 783 3132 Ἰ
807 3080 893 3133 ubi
924 3084 1214 3147 putaretur,
1239 3086 1346 3127 non
1368 3085 1487 3126 esse
1512 3069 1739 3124 ablatam

143 3180 436 3249 quamlibet
461 3192 650 3231 earum
689 3173 1072 3228 sententiarum
1101 3165 1420 3224 defendendi
1449 3164 1739 3229 licentiam,

147 3272 282 3340 quod
314 3273 360 3325 ei
394 3265 775 3323 tantummodo
804 3264 1056 3334 objectaz,
1081 3275 1179 3314 nec
1203 3259 1320 3329 ejus
1347 3257 1580 3328 probatae
1610 3253 1745 3309 fuis-

139 3373 282 3424 sent,
315 3377 423 3415 non
456 3370 637 3413 tamen
667 3353 1128 3410 anathematizatze
1153 3359 1310 3419 atque
1335 3348 1620 3402 damnatae.

217 3457 306 3511 5-8.
351 3455 551 3510 Postea
602 3453 765 3506 etiam
811 3449 879 3504 de
924 3448 1059 3500 libro
1095 3442 1329 3500 leestii
1375 3439 1602 3510 capitula
1648 3436 1749 3492 sibi

153 3548 356 3618 objecta
384 3547 439 3600 in
467 3543 660 3599 eadem
685 3539 929 3596 chartula
955 3537 1120 3592 multa
1142 3533 1448 3604 congessit;
1472 3545 1645 3602 neque
1669 3526 1750 3584 his

151 3638 456 3696 intervallis
496 3652 621 3707 quae
663 3634 944 3689 continent
983 3638 1150 3700 gesta,
1179 3627 1311 3682 duas
1349 3623 1749 3694 responsiones,

163 3734 345 3803 quibus
388 3730 584 3786 eadem
630 3727 861 3797 capitula
909 3719 1409 3784 anathematizavit,
1455 3717 1548 3772 sed
1593 3729 1752 3770 unam

167 3824 319 3877 simul
335 3821 590 3877 omnibus
611 3817 868 3873 subdidit.
887 3814 1036 3882 Quod
1057 3813 1232 3868 studio
1251 3808 1528 3865 brevitatis
1557 3805 1753 3861 factum

163 3925 424 3985 putarem,
451 3914 555 3968 nisi
587 3912 874 3983 plurimum
910 3907 976 3961 ad
1005 3906 1054 3961 id
1081 3904 1221 3975 quod
1250 3919 1348 3958 nos
1371 3909 1566 3966 movet,
1589 3885 1756 3954 inter-

175 4025 284 4064 esse
323 4008 705 4079 perspicerem.
746 4003 822 4056 Ita
865 3999 1005 4056 enim
1045 3998 1232 4054 clausit
1277 4013 1290 4050 :
1325 4014 1344 4047 ι
1388 3995 1582 4049 lterum
1613 3991 1754 4056 dico,

178 4101 415 4172 quoniam
461 4099 566 4152 ista
615 4105 669 4151 et
713 4091 1004 4149 secundum
1045 4105 1227 4145 eorum
1262 4084 1618 4142 testimonium
1651 4096 1756 4136 non

181 4202 296 4246 sunt
325 4206 464 4253 mea,
494 4203 594 4259 pro
618 4186 834 4257 quibus,
860 4193 916 4238 ut
939 4181 1072 4246 disi,
1104 4177 1519 4234 satisfactionem
1547 4189 1652 4228 non
1673 4172 1761 4228 de-

181 4284 306 4348 beo;
337 4298 457 4352 quae
483 4289 664 4334 autem
697 4291 814 4332 mea
840 4289 962 4331 esse
979 4271 1261 4328 confessus
1291 4284 1443 4334 sum,
1475 4268 1588 4321 haec
1617 4273 1763 4320 recte

182 4390 262 4430 me
303 4374 482 4428 dicere
525 4370 782 4425 afﬁrmo:
814 4382 934 4438 qute
976 4373 1150 4418 autem
1187 4362 1298 4417 dixi
1339 4375 1456 4414 mea
1483 4373 1587 4412 non
1618 4371 1758 4420 esse,

180 4465 469 4522 secundum
513 4462 771 4535 judicium
816 4466 1018 4514 sancta!
1053 4455 1306 4510 Ecclesia:
1355 4451 1605 4522 reprobo,
1637 4462 1765 4501 ana-

180 4560 354 4614 thema
376 4558 563 4612 dicens
583 4554 728 4609 omni
752 4547 1166 4608 contravenieuti
1193 4553 1392 4601 sanctae
1415 4552 1470 4598 et
1488 4539 1766 4596 catholica

178 4652 434 4706 Ecclesiae
464 4647 758 4710 doctrinis;
787 4642 1030 4698 similiter
1063 4649 1117 4696 et
1151 4638 1232 4692 his
1260 4637 1351 4708 qui
1392 4635 1519 4690 falsa
1560 4633 1767 4703 fingen-

178 4755 277 4809 tes,
305 4744 460 4798 nobis
484 4739 806 4796 calumniam
835 4741 1257 4792 commoverunt.
1290 4749 1308 4781 ι
1341 4729 1492 4784 Hunc
1520 4726 1766 4781 ultimum

177 4851 391 4890 versum
419 4849 530 4889 non
559 4831 761 4888 habent
798 4837 947 4900 gesta
968 4869 982 4892 ,
1022 4826 1117 4882 sed
1158 4824 1288 4880 nihil
1318 4823 1384 4878 ad
1414 4837 1526 4877 rem
1567 4820 1634 4875 de
1667 4833 1770 4889 qua

178 4929 391 4984 solliciti
434 4941 557 4982 esse
597 4923 878 4979 debemus.
899 4921 1018 4976 Sint
1057 4920 1198 4975 enim
1232 4931 1452 4988 prorsus
1488 4913 1771 4968 anathema

159 5029 231 5098 iet
278 5018 336 5071 hi
381 5017 473 5087 qui
523 5014 656 5070 falsa
700 5014 982 5084 fingentes,
1014 5010 1092 5066 eis
1120 5007 1439 5064 calumniam
1469 5018 1775 5060 commoveo

157 5095 327 5164 3runt.
358 5108 469 5164 Sed
496 5122 621 5163 cum
652 5108 890 5176 primum
923 5101 1046 5172 legi,
1083 5120 1101 5152 ι
1127 5099 1256 5168 Quae
1295 5107 1470 5152 autem
1510 5095 1616 5150 dixi
1657 5107 1775 5150 mea

179 5219 287 5256 non
331 5216 473 5266 esse,
515 5196 813 5253 secundum
855 5193 1110 5264 judicium
1156 5197 1355 5246 sancta:
1399 5186 1648 5243 Ecclesiae
1685 5201 1776 5240 re-

177 5299 381 5368 probo:
406 5317 425 5349 ι
455 5297 652 5350 factum
679 5290 809 5346 illud
834 5303 952 5345 esse
970 5288 1221 5359 judicium
1241 5284 1490 5340 Ecclesia:
1508 5282 1776 5344 nesciens,

183 5391 438 5459 quoniam
472 5387 562 5441 hic
589 5385 809 5440 tacitum
837 5391 938 5448 est,
966 5391 1018 5435 et
1046 5389 1191 5450 gesta
1219 5392 1325 5431 non
1357 5377 1584 5446 legeram
1607 5414 1621 5435 ,
1648 5371 1780 5426 nihil

183 5483 331 5538 aliud
369 5478 699 5544 existimavi,
739 5489 899 5546 quam
932 5488 1051 5528 eum
1087 5472 1246 5526 fuisse
1275 5469 1565 5541 pollicitum
1593 5465 1695 5520 hoc
1723 5479 1783 5519 se

252 5643 272 5673 ³
296 5638 606 5688 Polbertinus
625 5641 735 5692 Its,
759 5637 995 5683 curreret.

249 5704 330 5765 ια)
357 5703 576 5765 anei-esis
597 5689 878 5765 [relegante
909 5693 1143 5756 pracipua
1172 5691 1396 5756 dogmata
1419 5689 1602 5754 repetit
1626 5697 1787 5750 Augu-

192 5759 352 5816 stinus
370 5763 493 5814 infra
515 5775 567 5811 ιι.
593 5759 675 5812 ὣ.

1545 299 1740 354 LIBER
1777 295 1972 355 UNUS.

3304 296 3411 354 354

1825 411 1892 465 de
1938 411 2020 464 his
2060 425 2339 464 sensurum
2383 423 2504 466 esse
2549 408 2821 479 capitulis,
2853 409 2993 480 quod
3024 410 3258 465 Ecclesia
3294 412 3405 482 jam

1827 517 1930 556 non
1958 502 2270 570 judicasset,
2294 503 2386 557 sed
2415 502 2732 571 quandoque
2754 503 3044 572 judicaret,
3073 513 3126 559 et
3151 515 3213 558 ea
3238 520 3298 560 se
3320 521 3410 560 re-

1827 595 2194 662 probaturum,
2225 609 2342 664 quae
2372 594 2458 647 illa
2484 596 2591 662 jam
2623 609 2725 648 non
2755 595 3107 664 reprobasset,
3131 595 3225 650 sed
3247 611 3412 664 quan-

1826 686 2001 754 doque
2037 687 2381 754 reprobaret;
2412 693 2468 737 ut
2508 685 2574 738 ad
2616 685 2716 740 hoc
2756 687 3044 754 pertineret
3083 687 3241 741 etiam
3269 687 3410 757 quod

1827 777 2066 847 adjunxit
2086 818 2100 840 ,
2139 795 2157 829 ι
2187 777 2467 830 anathema
2497 775 2680 830 dicens
2707 777 2848 829 omni
2879 779 3296 832 contravenienti
3327 779 3408 832 vel

1826 867 2206 922 contradicenti
2253 875 2450 920 sanctae
2490 865 2763 919 catholica:
2794 867 3044 921 Ecclesite
3072 868 3348 923 doctrinis.
3386 887 3405 922 ι

1833 958 2025 1014 Verum
2055 967 2252 1023 autem,
2284 965 2342 1011 ut
2368 966 2512 1026 gesta
2555 964 2834 1021 testantur,
2866 957 2976 1026 jam
3014 958 3080 1011 de
3123 958 3204 1012 his
3233 960 3412 1013 eccle-

1828 1048 2099 1102 siasticum
2127 1047 2381 1116 judicium
2410 1046 2478 1100 ab
2501 1047 2766 1117 episcopis
2789 1047 3186 1116 quattuordecim
3216 1050 3410 1104 factum

1829 1150 1965 1205 erat,
1993 1141 2283 1195 secundum
2310 1139 2448 1208 quod
2472 1139 2728 1210 judicium
2757 1154 2816 1195 se
2839 1139 2972 1193 dixit
3002 1139 3098 1192 ista
3128 1143 3304 1195 omnia
3329 1159 3413 1198 re-

1831 1233 2074 1302 probare,
2107 1241 2160 1287 et
2188 1232 2468 1287 anathema
2511 1232 2688 1286 dicere
2724 1232 2806 1285 his
2835 1233 2924 1302 qui
2961 1233 3083 1287 talia
3112 1234 3410 1299 sentiendo,

1829 1333 2014 1378 contra
2039 1323 2292 1396 judicium
2319 1324 2559 1389 veniunt,
2583 1323 2720 1392 quod
2739 1322 2847 1393 jam
2871 1323 3064 1377 factum
3089 1321 3250 1378 fuisse
3267 1335 3414 1394 gesta

1831 1416 2086 1471 indicant.
2114 1416 2229 1471 Jam
2257 1418 2400 1471 enim
2423 1416 2666 1472 dixerant
2687 1416 2912 1486 judices,
2949 1435 2968 1468 ι
2999 1417 3135 1484 Quid
3163 1417 3230 1472 ad
3262 1417 3377 1472 haec
3399 1459 3415 1484 ,

1828 1527 1948 1580 qua:
1979 1511 2115 1565 lecta
2141 1521 2259 1564 sunt
2285 1510 2536 1579 capitula,
2564 1510 2692 1564 dicit
2713 1526 2948 1578 prmsens
2970 1511 3213 1581 Pelagius
3233 1525 3418 1565 mona-

1829 1603 2000 1657 chus?
2024 1603 2148 1657 Htec
2187 1603 2326 1656 enim
2369 1602 2623 1671 reprobat
2651 1611 2831 1656 sancta
2859 1601 3126 1674 Synodus,
3156 1611 3208 1658 et
3235 1611 3419 1658 sancta

1832 1696 1925 1751 Dei
1956 1695 2219 1750 catholica
2266 1695 2528 1750 Ecclesia.
2569 1713 2588 1745 ι
2635 1693 2742 1748 Sed
2789 1693 2892 1748 hoc
2936 1695 3026 1764 qui
3074 1694 3334 1758 nesciunt,
3365 1703 3422 1749 et

1831 1787 1989 1841 istam
2034 1787 2275 1841 chartam
2323 1787 2526 1856 legunt,
2567 1795 2755 1856 putant
2796 1787 2990 1857 aliquid
3033 1787 3242 1841 illorum
3277 1786 3422 1842 licite

1833 1893 1989 1949 posse
2014 1879 2249 1946 defendi,
2281 1887 2535 1950 tanquam
2566 1895 2672 1932 non
2711 1878 2870 1933 fuerit
2904 1879 3194 1949 judicatnm
3233 1881 3422 1934 catho-

1832 1971 1947 2025 licae
1987 1971 2313 2025 contrarium
2354 1985 2472 2026 esse
2499 1971 2776 2038 doctrinm,
2812 1979 3162 2041 paratumque
3186 1986 3244 2027 se
3269 1969 3424 2026 Pela-

1838 2063 1955 2134 gius
1995 2063 2207 2128 dixerit,
2251 2063 2302 2118 id
2342 2062 2409 2117 de
2453 2063 2536 2117 his
2579 2061 2739 2117 rebus
2779 2077 2984 2131 sapere,
3018 2062 3158 2132 quod
3186 2062 3423 2116 Ecclesia

1840 2170 1945 2209 non
1969 2154 2245 2224 judicavit,
2273 2153 2369 2209 sed
2395 2153 2728 2224 judicaverit.
2750 2153 2864 2207 Non
2895 2153 3072 2223 itaque
3099 2154 3178 2208 sic
3214 2153 3429 2222 scripsit

1839 2248 1892 2301 in
1923 2261 2006 2308 ea,
2037 2246 2106 2301 de
2134 2261 2236 2317 qua
2268 2259 2412 2300 nunc
2439 2245 2645 2315 agimus
2675 2244 2935 2307 chartula,
2965 2252 3025 2297 ut
3050 2251 3430 2314 agnosceretur

1839 2339 1980 2410 quod
2005 2339 2165 2394 habet
2187 2349 2456 2409 gestorum
2486 2337 2638 2402 fides,
2662 2337 2838 2391 omnia
2863 2335 3068 2392 scilicet
3097 2337 3186 2390 illa
3209 2336 3432 2405 dogma-

1836 2439 1906 2494 ta,
1933 2431 2126 2501 quibus
2154 2429 2343 2485 eadem
2371 2428 2594 2484 lueresis
2622 2427 2989 2497 proserpebat,
3017 2434 3071 2481 et
3095 2425 3430 2480 contentiosa

1837 2522 2246 2578 convalescebat
2269 2520 2509 2588 audacia,
2532 2519 2896 2575 ecclesiastico
2915 2517 3117 2588 judicio
3141 2516 3433 2585 prmsiden-

1841 2613 1983 2669 tibus
2027 2611 2431 2683 quatuordecim
2475 2609 2739 2680 episcopis
2784 2623 2904 2664 esse
2951 2608 3220 2662 damnata.
3262 2606 3432 2675 Quam

1844 2719 1983 2771 rem,
2017 2703 2060 2758 si
2093 2711 2151 2757 ut
2175 2711 2276 2769 est,
2307 2702 2642 2756 innotescere
2673 2699 2867 2764 timuit,
2891 2712 2948 2752 se
2980 2698 3153 2766 potius
3180 2697 3432 2766 corrigat,

1841 2809 2003 2865 quam
2037 2802 2234 2848 nostra:
2265 2792 2390 2848 licet
2431 2806 2565 2847 sera:
2593 2790 2880 2861 vigilantia:
2915 2790 3285 2859 qualicumque
3313 2801 3438 2842 sue-

1845 2899 2084 2943 censeat.
2111 2887 2168 2942 Si
2215 2895 2392 2940 autem
2437 2885 2539 2940 hoc
2567 2899 2688 2940 eum
2730 2883 2968 2938 timuisse
3011 2882 3202 2937 falsum
3247 2889 3349 2948 est,
3381 2889 3438 2937 et

1846 2980 1986 3034 sicut
2029 2979 2272 3033 homines
2315 2977 2667 3047 suspicamur,
2705 2976 2962 3048 ignoscat,
2992 2975 3118 3030 dum
3159 2984 3336 3029 tamen
3373 2989 3438 3029 ea

1850 3086 1970 3141 quae
1995 3070 2180 3140 gestis,
2212 3068 2404 3140 quibus
2433 3067 2645 3122 auditus
2669 3075 2770 3133 est,
2797 3066 3237 3120 anathematizata
3265 3074 3320 3120 et
3347 3080 3438 3119 re-

1853 3162 2077 3232 probata
2125 3168 2284 3224 sunt,
2329 3159 2398 3215 de
2445 3169 2642 3214 caetero
2689 3165 3002 3226 Oppugnet;
3051 3170 3122 3210 ne
3177 3154 3442 3224 parcendo

1850 3254 1976 3320 illis,
2024 3268 2129 3307 non
2175 3251 2350 3306 solum
2391 3249 2510 3305 haec
2553 3257 2708 3304 antea
2749 3247 3062 3314 credidisse,
3091 3245 3186 3302 sed
3217 3245 3442 3301 credere

1851 3347 2112 3400 videatur.

1923 3436 2148 3493 CAPUT
2184 3435 2430 3492 XXXIV.
2451 3463 2521 3475 —
2546 3434 2634 3489 59.
2670 3432 2896 3488 Proinde
2929 3432 3085 3488 istum
3126 3431 3320 3486 librum
3341 3473 3354 3495 .
3387 3431 3444 3486 in

1854 3540 1961 3586 tam
1990 3530 2136 3600 gravi
2171 3540 2225 3584 et
2262 3527 2446 3599 grandi
2487 3542 2645 3582 causa
2677 3541 2782 3580 non
2813 3524 3010 3579 frustra
3051 3524 3275 3578 fortasse
3313 3523 3444 3594 pro-

1855 3621 2041 3686 lixum,
2073 3620 2142 3675 ob
2170 3619 2270 3673 hoc
2300 3618 2366 3672 ad
2398 3626 2540 3672 tuam
2574 3615 2980 3672 Venerationem
3010 3615 3250 3670 scribere
3274 3613 3442 3678 volui,

1859 3723 1917 3767 ut
1941 3713 1986 3766 si
2015 3711 2118 3765 tuis
2140 3709 2384 3764 sensibus
2412 3723 2518 3761 non
2546 3707 2896 3777 displicuerit,
2927 3703 3244 3759 auctoritate
3272 3705 3450 3773 potius

1861 3812 1969 3868 tua,
2001 3817 2119 3870 qum
2149 3801 2304 3870 longe
2332 3799 2502 3866 major
2520 3805 2781 3867 estquam
2809 3806 3008 3850 nostra:
3035 3795 3339 3866 exiguitatis
3369 3795 3448 3848 in-

1861 3891 2086 3958 dustria,
2110 3891 2300 3959 quibus
2323 3889 2681 3943 necessarium
2704 3885 3105 3950 existimaverit,
3129 3886 3446 3950 innotescat,

1862 3983 1930 4038 ad
1957 3997 2142 4037 eorum
2163 3981 2422 4036 vanitates
2442 3977 2913 4046 contentionesque
2935 3976 3333 4047 opprimendas,
3355 3978 3448 4048 qui

1863 4081 2050 4145 putant
2073 4072 2318 4127 absoluto
2344 4071 2576 4141 Pelagio,
2610 4069 2878 4140 judicibus
2905 4069 3170 4140 episcopis
3207 4070 3450 4125 orienta-

1866 4167 2002 4222 libus
2029 4167 2117 4220 illa
2147 4166 2394 4236 dogmata
2428 4161 2708 4234 placuisse,
2744 4174 2864 4231 qua:
2892 4161 3173 4215 adversum
3203 4160 3452 4216 christia-

1867 4273 1987 4313 nam
2028 4257 2215 4321 fidem,
2245 4264 2300 4311 et
2331 4255 2423 4309 Dei
2452 4253 2677 4324 gratiam
2702 4265 2804 4320 qua
2833 4265 3089 4305 vocamur
3113 4259 3168 4306 et
3191 4250 3454 4320 justifica-

1869 4365 2018 4416 tnnr,
2060 4347 2510 4419 perniciosissime
2546 4343 2888 4415 pullulentia,
2918 4341 3207 4396 christiana
3243 4356 3457 4410 semper

1869 4443 2068 4497 veritas
2093 4441 2340 4500 damnat,
2371 4444 2427 4491 et
2464 4438 2685 4490 istorum
2711 4435 2876 4490 etiam
2902 4432 3302 4503 quatuor-decim
3339 4433 3457 4502 epi-

1871 4546 2154 4602 scoporum
2198 4527 2514 4583 auctoritate
2553 4523 2853 4590 damnavit,
2885 4539 3006 4592 qua:
3041 4523 3272 4578 simulet
3300 4523 3448 4578 Pela-

1871 4625 2016 4696 gium
2035 4664 2050 4688 ,
2080 4621 2181 4676 nisi
2211 4621 2279 4674 ab
2304 4619 2394 4674 illo
2422 4625 2602 4671 essent
2626 4616 3065 4670 anathematizato
3087 4655 3102 4680 ,
3130 4613 3452 4670 damnasset.

1872 4715 2167 4784 Nuncjam,
2183 4709 2431 4782 quoniam
2448 4705 2778 4763 reddidimus
2799 4703 3002 4760 homini
3020 4719 3198 4758 curam
3214 4704 3459 4758 fraterna

1875 4806 2181 4871 charitatis,
2214 4811 2268 4859 et
2306 4801 2373 4857 de
2400 4801 2493 4855 illo
2520 4814 2582 4854 ac
2611 4813 2706 4868 pro
2735 4797 2826 4851 illo
2864 4805 3100 4850 nostram
3144 4794 3462 4850 sollicitudi-

1878 4915 1999 4956 nem
2031 4897 2253 4954 fideliter
2280 4893 2656 4965 prompsimus,
2688 4889 2963 4944 videamus
2987 4887 3254 4958 quomodo
3285 4887 3465 4942 brevi-

1880 5004 1962 5050 ter
1989 4992 2157 5064 possit
2183 4988 2405 5053 adverti,
2439 4987 2598 5041 etiam
2629 4983 2743 5047 illo,
2776 4981 2918 5052 quod
2945 4983 3168 5046 clarum,
3199 4980 3339 5050 apud
3367 4981 3465 5033 ho-

1881 5075 2054 5140 mines
2081 5081 2353 5143 absoluto,
2387 5077 2633 5133 lueresim
2663 5086 2838 5129 tamen
2871 5074 3038 5143 ipsam
3065 5073 3245 5127 divino
3269 5072 3469 5141 judicio

1883 5191 2095 5250 semper
2118 5174 2492 5237 damnabilem,
2526 5172 2683 5224 etiam
2701 5168 2904 5239 judicio
2923 5165 3324 5236 quattuordecim
3352 5165 3467 5235 epie

1885 5286 2168 5342 scaporum
2195 5264 2534 5322 orientalium
2568 5277 2686 5318 esse
2715 5261 3038 5313 damnatam.

1959 5361 2183 5420 CAPUT
2222 5357 2442 5415 XXXV.
2466 5386 2536 5396 —
2575 5355 2662 5409 60.
2695 5353 2820 5408 llaec
2848 5363 2929 5405 est
2969 5351 3108 5405 illius
3149 5348 3328 5414 judicii
3369 5361 3470 5416 po-

1887 5466 2084 5513 strema
2115 5452 2399 5508 sententia.
2430 5446 2672 5519 Synodus
2697 5444 2864 5499 dixit:
2892 5460 2910 5493 ο
2941 5442 3088 5495 Nunc
3107 5440 3355 5508 quoniam
3385 5453 3474 5492 sa-

1891 5551 2154 5608 tisfactum
2185 5555 2265 5602 est
2293 5544 2446 5599 nobis
2481 5536 2945 5612 prosecntionibus
2975 5533 3252 5604 przcseutis
3279 5531 3474 5600 Pelagii

1894 5639 2174 5704 monachi,
2211 5637 2299 5707 qui
2339 5632 2550 5705 quidem
2592 5630 2692 5704 piis
2724 5625 2982 5682 doctrinis
3020 5624 3313 5686 consentit,
3341 5638 3476 5678 con-

1897 5735 2056 5791 traria
2083 5747 2209 5788 vero
2239 5726 2489 5784 Ecclesia:
2517 5724 2639 5786 fidei
2665 5721 2914 5795 reprobat
2940 5727 2992 5775 et
3031 5717 3477 5786 anathematizrt,
