3938 6504
533 276 638 337 555

533 392 923 452 communionis
969 384 1342 445 ecclesiastica:
1388 397 1510 440 eum
1562 397 1682 438 esse
1733 391 1786 438 et
1835 379 2111 436 catholicae

537 489 875 546 conﬁtemur.
907 504 925 538 ι
959 485 1070 539 Duo
1089 479 1329 552 qumdam
1355 478 1484 532 satis
1505 477 1779 546 perspicua
1805 475 1873 530 de
1899 474 2114 544 Pelagio

533 579 796 636 monacho
819 575 986 631 sancti
1019 570 1253 642 episcopi
1272 569 1480 640 judiees
1503 583 1614 622 sum
1639 565 1916 620 sententia:
1936 563 2114 618 brevi-

533 678 642 724 tate
686 664 947 734 complexi
989 671 1148 716 sunt:
1189 675 1350 715 unum
1385 657 1598 730 quidem
1643 658 1789 726 «piis
1826 671 1947 711 eum
1984 669 2116 710 con-

535 763 734 817 sentire
766 757 1056 822 doctrinis;
1089 775 1107 808 ι
1143 756 1366 809 alterum
1401 760 1606 816 autem,
1657 770 1673 803 ι
1707 750 1956 806 Ecclesiae
1997 746 2117 804 ﬁdei

537 851 829 920 reprobare
883 859 934 905 et
984 846 1434 902 anathematizare
1485 841 1769 898 contraria.
1806 861 1824 893 ι
1875 839 2118 910 Pelagius

536 953 752 1013 propter
792 943 905 996 lucc
932 941 1038 995 duo
1068 957 1086 991 ‹
1116 935 1505 992 communionis
1537 933 1906 988 ecclesiasticae
1936 939 1990 986 et
2025 945 2119 984 ca-

537 1038 749 1091 tholicm
779 1054 799 1087 ι
846 1033 1214 1104 pronuntiatus
1253 1039 1354 1084 est.
1403 1027 1604 1096 Quibus
1645 1039 1772 1094 ergo
1802 1023 1976 1076 verbis
2005 1021 2121 1088 ejus

536 1130 770 1191 interim,
805 1133 1056 1197 quantum
1085 1122 1406 1176 hmuinesin
1436 1117 1713 1188 prmsentia
1739 1115 1807 1170 de
1828 1111 2122 1168 manifestis

533 1219 777 1289 judicare
805 1223 1106 1286 potuerunt,
1136 1222 1417 1280 utrumque
1445 1208 1714 1271 claruerit,
1745 1205 1920 1261 omnia
1947 1201 2124 1258 brevi-

542 1321 624 1366 ter
647 1307 1044 1378 recapitulando
1065 1305 1359 1358 videamus.
1390 1301 1444 1356 in
1475 1300 1558 1354 his
1585 1297 1725 1352 enim
1750 1297 1850 1352 sibi
1879 1293 2122 1363 objectis,

541 1418 662 1471 quae
687 1415 781 1454 sua
808 1414 913 1453 non
943 1411 1062 1452 esse
1100 1393 1405 1464 respondit,
1436 1391 1610 1444 dictus
1639 1397 1722 1442 est
1745 1386 2031 1455 reprobare
2073 1391 2128 1438 et

539 1491 992 1544 anathematizare
1023 1485 1312 1541 contraria.
1357 1481 1598 1536 Breviter
1625 1494 1752 1549 ergo
1779 1486 1941 1532 totam
1971 1476 2126 1531 istam

541 1596 759 1638 causam
781 1581 873 1643 ita,
903 1579 946 1634 si
979 1589 1278 1648 possumus,
1309 1574 1642 1642 colligamus.

619 1672 707 1727 61.
728 1671 986 1738 Quoniam
1005 1681 1220 1723 necesse
1237 1672 1355 1720 erat
1369 1662 1576 1734 impleri
1593 1659 1731 1731 quod
1753 1656 1995 1729 praedixit
2009 1670 2130 1725 apo-

543 1766 716 1822 stolus
744 1764 958 1827 Paulus,
985 1761 1190 1831 Oportet
1213 1767 1257 1812 et
1286 1757 1502 1811 hcereses
1528 1769 1652 1817 esse,
1674 1761 1727 1805 ut
1750 1749 1944 1822 probati
1967 1748 2130 1801 mani-

545 1858 660 1928 [esti
685 1858 812 1926 ﬁant
827 1856 881 1908 in
909 1853 1045 1908 vobis
1071 1852 1108 1923 (Ι
1127 1850 1244 1906 Cor.
1265 1865 1339 1914 xi,
1361 1847 1452 1919 l9)
1478 1864 1492 1900 :
1516 1853 1635 1916 post
1649 1852 1858 1900 veteres
1875 1842 2126 1907 haereses,

546 1949 754 2004 invecta
785 1946 942 2001 etiam
992 1943 1151 1998 modo
1180 1939 1402 1995 lia-rosis
1430 1947 1548 2003 est,
1591 1951 1697 1990 non
1733 1934 1800 1989 ab
1829 1931 2126 2004 episcopis,

545 2055 641 2095 seu
682 2035 1041 2108 presbyteris,
1084 2034 1166 2088 vel
1211 2033 1631 2101 quibuscumque
1673 2025 1917 2090 clericis;
1963 2023 2056 2078 sed
2097 2037 2128 2076 a

544 2129 860 2201 quibusdam
889 2125 1049 2181 veluti
1080 2122 1374 2187 monachis,
1407 2136 1525 2190 quae
1549 2129 1733 2174 contra
1761 2117 1854 2171 Dei
1879 2115 2124 2186 gratiam,

543 2236 663 2292 quae
683 2219 838 2274 nobis
859 2228 938 2272 est
962 2215 1251 2286 perJesum
1272 2211 1542 2268 Christum
1564 2209 1841 2264 Dominum
1864 2217 2124 2270 nostrum,

545 2322 797 2382 tanquam
835 2305 1171 2364 defendendo
1211 2304 1433 2360 liberum
1463 2300 1772 2364 arbitrium,
1803 2297 2125 2369 disputaret,

545 2413 602 2460 et
626 2410 907 2458 conaretur
925 2397 1230 2454 christiana:
1255 2395 1374 2450 ﬁdei
1397 2393 1786 2447 ﬁrmamentum
1813 2397 2056 2444 evertere
2083 2385 2122 2452 ‘,

545 2495 615 2550 de
639 2509 744 2564 quo
767 2492 1022 2559 scriptum
1047 2496 1153 2554 est,
1187 2486 1288 2540 l’er
1315 2501 1472 2539 unum
1501 2483 1755 2538 hominem
1781 2495 1940 2545 mors,
1970 2487 2018 2531 et
2042 2491 2130 2548 per

544 2601 704 2639 unum
746 2582 999 2636 hominem
1035 2577 1334 2633 resurrectio
1361 2584 1713 2629 mortuorum:
1759 2571 1888 2630 sicut
1916 2571 2047 2624 enim
2077 2569 2130 2622 in

544 2675 712 2730 Adam
737 2690 908 2728 omnes
933 2672 1238 2736 moriuntur,
1267 2669 1340 2723 sic
1377 2677 1421 2720 et
1447 2668 1500 2721 in
1537 2665 1738 2721 Christo
1773 2678 1946 2717 omnes
1970 2661 2132 2730 viviﬁ-

545 2767 795 2824 cabuntur
823 2762 931 2835 (Id.
958 2778 1063 2826 xv,
1102 2761 1203 2828 21,
1242 2759 1333 2830 22)
1363 2777 1377 2814 :
1408 2768 1464 2812 et
1501 2757 1551 2811 in
1577 2756 1785 2810 actibus
1813 2753 2009 2809 nostris
2034 2751 2131 2806 Dei

545 2855 868 2928 adjutorium
908 2853 1218 2923 denegaret,
1247 2848 1504 2914 dicendo,
1548 2866 1568 2900 ‹
1597 2857 1654 2902 ιιι
1679 2861 1784 2901 non
1814 2858 2093 2916 peccemus
2111 2884 2128 2909 ,

551 2951 974 3020 impleamusque
993 2945 1276 3016 justitiam,
1305 2957 1461 3014 posse
1488 2940 1733 2996 sufﬁcere
1757 2947 1996 2993 naturam
2029 2937 2128 2991 hu-

545 3059 781 3109 manam,
811 3058 930 3112 quae
950 3038 1162 3096 condita
1188 3047 1271 3093 est
1293 3052 1414 3092 eum
1442 3035 1610 3091 libero
1629 3032 1881 3097 arbitrio;
1907 3044 2133 3101 eamque

545 3151 666 3192 esse
695 3133 790 3190 Dei
813 3133 1058 3204 gratiam,
1090 3131 1211 3202 quia
1240 3130 1318 3184 sic
1358 3127 1557 3185 conditi
1587 3141 1794 3192 sumus,
1823 3133 1880 3180 ut
1907 3123 2010 3178 hoc
2033 3137 2132 3177 vo-

545 3229 751 3284 luntate
777 3226 1062 3296 possimus,
1089 3232 1144 3280 et
1169 3221 1306 3292 quod
1331 3219 1653 3291 adjutorium
1681 3218 1812 3288 legis
1851 3214 2131 3270 mandato-

543 3333 772 3387 rumque
800 3331 1018 3371 suorum
1049 3312 1225 3378 dedit,
1265 3321 1320 3368 et
1343 3311 1483 3382 quod
1509 3309 1574 3364 ad
1610 3323 1669 3364 se
1706 3307 1979 3362 conversis
2007 3317 2134 3375 pec-

542 3419 658 3467 cata
686 3407 947 3480 prmterita
977 3405 1234 3476 ignoscit;
1266 3423 1286 3457 ι
1320 3403 1372 3457 in
1395 3403 1479 3457 his
1498 3401 1627 3456 solis
1647 3413 1769 3455 esse
1791 3398 1884 3454 Dei
1905 3398 2130 3468 gratiam

545 3501 926 3573 deputandam,
955 3498 1136 3553 nonin
1160 3495 1424 3567 adjutorio
1452 3502 1754 3549 nostrorum
1783 3499 1995 3545 actuum
2022 3489 2134 3543 sin-

543 3596 809 3668 gulorum.
842 3611 862 3645 (
892 3593 1056 3647 Posse
1076 3590 1218 3646 enim
1242 3588 1508 3643 hominem
1530 3599 1651 3641 esse
1670 3583 1787 3640 sine
1808 3591 2048 3654 peccato,
2077 3589 2132 3637 ct

542 3687 790 3744 mandata
823 3685 915 3740 Dei
944 3682 1096 3739 facile
1120 3679 1411 3746 custodire,
1441 3678 1487 3733 si
1509 3677 1654 3732 velit.
1687 3695 1706 3727 ι

613 3781 704 3835 62.
721 3780 822 3834 Ista
841 3777 1062 3833 haeresis
1079 3789 1200 3831 cum
1223 3773 1480 3845 plurimos
1499 3768 1818 3839 decepisset,
1842 3774 1897 3822 et
1914 3764 2127 3831 fratres,

541 3889 678 3946 quos
707 3887 812 3927 non
849 3870 1164 3938 deceperat,
1189 3865 1568 3926 conturbaret;
1605 3859 1886 3916 Caelestius
1913 3856 2129 3928 quidam

542 3965 668 4021 talia
708 3962 978 4023 sentiens,
1008 3959 1076 4014 ad
1117 3957 1374 4027 judicium
1401 3953 1840 4024 Carthaginiensis
1877 3951 2130 4007 Ecclesiae

540 4054 852 4126 perductus,
870 4051 1242 4122 episcoporum
1255 4046 1514 4104 sententia
1530 4043 1913 4100 condemnatus
1929 4051 2012 4096 est
2028 4040 2126 4113 (a).

542 4145 758 4202 Deinde.
771 4151 891 4215 post
913 4142 1114 4212 aliquot
1149 4154 1319 4194 annos
1344 4136 1578 4206 Pelagio,
1614 4134 1705 4204 qui
1730 4133 1983 4204 magister
2010 4132 2128 4201 ejus

541 4237 936 4310 perhiberetnr,
975 4247 1098 4290 cum
1144 4231 1244 4284 ista
1286 4228 1507 4284 ha-resis
1547 4225 1741 4281 fuisset
1777 4223 2016 4293 objecta,
2061 4221 2127 4278 ad

543 4329 848 4401 episcopale
883 4323 1327 4397 judicium-etiam
1369 4321 1483 4392 ipse
1522 4318 1764 4388 pervenit
1790 4317 1863 4389 (b)
1889 4333 1902 4370 :
1932 4316 2127 4370 recita-

543 4423 718 4494 tisque
743 4419 988 4475 omnibus
1012 4432 1132 4488 qua:
1159 4415 1211 4470 in
1243 4413 1420 4468 libello
1446 4417 1633 4467 contra
1660 4424 1781 4465 eum
1806 4408 1932 4463 dato
1958 4405 2128 4464 Heres

540 4523 598 4573 et
623 4515 858 4570 Lazarus
885 4509 1121 4582 episcopi
1152 4507 1288 4564 Galli
1317 4513 1634 4576 posuerant;
1663 4502 1766 4557 illis
1790 4501 2001 4572 quidem
2027 4501 2127 4555 ab-

541 4607 802 4670 sentibus,
833 4613 887 4658 et
914 4603 980 4657 de
1001 4599 1313 4671 :rgritudine
1335 4598 1490 4652 unius
1509 4610 1696 4652 eorum
1727 4593 2124 4658 excusantibus,

542 4695 812 4766 Pelagium
860 4694 926 4748 ad
983 4692 1158 4747 omnia
1222 4689 1672 4760 respondentem,
1725 4685 2127 4758 quatuordecim

544 4787 779 4858 episcopi
804 4785 1086 4856 provinciae
1109 4783 1404 4862 Palmstinm
1431 4781 1722 4838 secundum
1751 4781 2127 4851 reSponsiones

543 4879 663 4952 ejus
683 4881 912 4933 alienum
946 4892 974 4930 a
1003 4874 1351 4946 perversitate
1379 4873 1536 4944 hujus
1567 4873 1788 4929 haeresis
1813 4871 2125 4942 pronuntia-

543 4983 698 5039 runt;
725 4987 845 5027 eam
873 4979 1049 5025 tamen
1078 4967 1326 5022 haeresim
1353 4966 1470 5022 sine
1494 4965 1600 5020 ulla
1619 4964 1948 5020 dubitatione
1970 4963 2124 5019 datu-

543 5075 753 5121 nantes.
787 5061 1223 5133 Approbaverunt
1253 5058 1395 5114 enim
1435 5056 1728 5113 secundum
1758 5057 1898 5126 quod
1925 5057 2015 5112 ille
2056 5056 2124 5112 ad

523 5168 604 5214 tea
625 5172 743 5228 quae
762 5155 970 5224 objecta
990 5161 1132 5217 sunt,
1157 5149 1530 5220 respondebat,
1560 5167 1580 5200 ‹
1603 5147 1836 5216 adjuvari
1856 5147 2123 5204 hominem

544 5265 644 5323 per
669 5248 800 5319 legis
819 5243 1093 5301 scientiam
1122 5241 1189 5296 ad
1211 5256 1316 5296 non
1341 5239 1686 5312 peccandum,
1709 5239 1843 5294 sicut
1868 5239 2122 5309 scriptum

601 5386 620 5418 ³
644 5383 794 5434 Editio
814 5388 969 5440 Suar.,
1003 5376 1630 5442 evertere.
1674 5370 1864 5434 Confer,
1888 5370 2028 5433 infra,
2061 5371 2121 5422 li-

535 5448 680 5498 brum
692 5447 758 5496 de
778 5437 976 5495 Peccato
994 5437 1242 5498 originali,
1261 5451 1310 5487 n.
1333 5437 1410 5487 26.

599 5495 675 5572 id)
705 5495 940 5572 meum.
967 5495 1101 5572 ἓεωδ
1124 5495 1315 5572 “uelit:
1334 5497 1696 5572 εθῖιὲιθβίὲβιὲξί
1739 5497 1964 5572 epis???
1979 5495 2122 5572 13?”:

539 5557 747 5622 ἐει
763 5557 855 5620 sub
879 5566 1065 5616 initium
1087 5563 1198 5612 anni
1222 5561 1329 5621 412,
1354 5568 1409 5612 ιιι
1442 5557 1732 5623 intelligitur
1751 5557 1814 5623 ex
1839 5557 2043 5623 Epistola
2059 5559 2119 5609 ad

536 5632 881 5693 innocentium,
899 5641 1010 5693 qua:
1033 5625 1156 5693 apud
1182 5629 1483 5693 Augu§t._est
1511 5622 1766 5693 l75,_nn..l
1788 5622 1916 5693 etp.

601 5641 878 5689 iocenuum,
899 5641 1010 5741 tgna:
1033 5641 1156 5736 alpug
1182 5641 1483 5696 Allgll§hf3$l
1511 5641 1528 5670 ι
1543 5641 1612 5681 to,
1634 5641 1731 5694 una
1745 5641 1766 5671 ι
1788 5641 1847 5695 ,ει
1867 5641 1924 5694 ρ..

601 5693 673 5756 (b)
705 5702 838 5758 anno
858 5691 912 5740 41
951 5726 967 5751 ,
991 5697 1052 5738 Pe
1074 5699 1212 5758 agnis
1228 5685 1431 5758 hiereSIs
1451 5691 1700 5758 accusa_tus
1722 5684 2012 5758 m_ju_dtc1um
2036 5696 2120 5736 τοο

537 5747 629 5818 ωιζ
651 5747 1379 5815 ἐθιοὺηιωηένυὸὐὶοειιοιίω
1403 5759 1574 5798 mense
1597 5747 1861 5798 decembri.

1577 263 1668 323 DE
1707 263 1946 321 GESTIS
1985 259 2274 329 PELAGII,
2315 259 2373 316 S.
2413 259 2778 320 AUGUSTlNl

2218 302 2274 329 ..,
2315 302 2373 316 υ.
2413 302 2774 320 ..υυνυιμη

2218 386 2318 439 est,
2343 376 2520 448 Legem
2536 377 2589 431 in
2609 378 2917 450 adjutoriunt
2938 379 3072 435 dedit
3094 380 3220 440 illisi
3247 388 3387 462 (lsai.
3409 415 3510 466 vm,
3527 407 3608 466 20.

2310 434 2315 439 '
2411 434 2435 448 ν
2669 434 2690 450 δ
2981 434 2984 435 '
3247 434 3387 462 νοω·
3415 434 3589 472 mutu
3629 434 3695 474 σοι

2217 468 2362 524 LXX
2389 472 2427 540 ).
2477 469 2592 524 Non
2626 479 2799 526 tamen
2830 487 2894 527 ex
2934 471 3034 526 hoc
3075 479 3305 545 eamdem
3331 486 3450 559 legis
3489 455 3710 559 malum;

2220 523 2232 572 ζ
2321 523 2324 524 ,
2389 523 2425 540 Γ
2467 523 2488 572 ’κ
2537 523 2543 524 κ
2583 523 2589 524 κ
2838 523 2892 527 νη
2936 523 3030 526 η--
3080 523 3305 545 ν’·--ξϊι-
3331 523 3450 559 ινδιθ
3489 523 3711 568 amentiam

2219 561 2363 615 illam
2392 561 2479 615 Dei
2509 569 2729 632 gratiam
2755 577 2876 617 esse
2909 565 3322 633 approbaverunt
3345 580 3382 644 ⁸,
3411 583 3472 638 de
3493 603 3582 657 qua
3610 603 3711 656 sui.

2509 615 2538 632 υ
2647 615 2688 666 ,ί
2768 615 2870 666 ηεξ
2944 615 3322 633 ιιηπυ-η--υ-
3367 618 3382 644 s
3411 615 3582 657 “aqua
3610 615 3716 656 seu.

2221 661 2367 745 ptum
2409 661 2520 745 est,
2555 653 2683 718 Quis
2713 671 2792 708 me
2828 654 3052 745 liberabit
3079 657 3140 712 de
3165 677 3363 734 corpore
3385 679 3539 733 mortis
3564 685 3719 745 Ιιυίιηρ

2223 707 2265 760 ,⁸
2356 745 2368 757 .
2421 707 2431 708 κ
2507 707 2597 758 ..η
2666 707 2675 708 κ
2770 707 2781 708 κ
2831 707 2914 710 ίαν
3167 707 3539 734 -νπννσυυευιιιδ
3564 707 3719 757 ηψπ

2223 745 2401 798 Gratia
2447 744 2543 800 Det
2589 762 2679 815 per
2724 745 2902 800 Jesum
2951 744 3201 806 Christum
3250 754 3503 820 Dominum
3535 787 3720 837 nostra...

2226 837 2398 934 (RAom.
2445 839 2711 934 vn,_9.4,
2757 839 2875 913 25).
2929 840 3060 934 Neci
3088 842 3203 899 ideo
3248 847 3434 908 dixisse
3477 857 3694 934 Pelagium

2229 949 2248 982 ι
2275 929 2474 986 Omnes
2502 932 2774 987 voluntate
2818 947 2912 987 sua
2956 933 3097 1002 regi,
3127 953 3146 988 ι
3195 948 3250 992 ut
3289 956 3390 997 non
3434 915 3532 1004 eos,

2224 1022 2405 1078 Deus:
2439 1022 2712 1091 respondit
2736 1023 2901 1090 enim,
2939 1043 2959 1077 ς
2983 1023 3093 1078 lloe
3120 1040 3178 1081 se
3199 1028 3390 1088 dixisse
3417 1022 3724 1108 propterlibe

2225 1128 2342 1167 rum
2372 1113 2648 1167 arbitrium
2669 1153 2685 1180 ,
2725 1113 2812 1171 cui
2853 1114 2989 1168 Deus
3033 1113 3240 1184 adjutor
3274 1128 3352 1176 est
3378 1124 3568 1196 eligenti
3593 1133 3724 1196 bona;

2227 1203 2497 1296 hominem
2527 1219 2656 1258 vero
2685 1215 2992 1274 peccantem
3023 1206 3191 1277 ipsum
3220 1224 3336 1267 esse
3358 1213 3407 1268 in
3433 1181 3728 1296 culpa-qugd

2230 1293 2379 1348 liberi
2418 1294 2648 1348 arbitrii.
2695 1312 2715 1346 ι
2763 1296 3136 1364 Approbarunt
3187 1300 3378 1369 etiam,
3435 1323 3453 1358 ι
3497 1293 3658 1382 iniquis
3689 1329 3732 1374 et

2228 1388 2598 1458 peccatoribus
2632 1387 2684 1443 in
2716 1388 2802 1445 die
2838 1389 3022 1460 judicii
3052 1406 3156 1446 non
3183 1406 3300 1448 esse
3327 1403 3639 1474 parcendum,
3660 1412 3732 1468 sed

2229 1479 2442 1534 :eternis
2467 1493 2561 1534 eos
2600 1479 2806 1549 ignibus
2832 1480 3144 1550 puniendos.
3178 1502 3199 1535 ι
3231 1484 3479 1550 Quoniam
3505 1511 3523 1545 ς
3547 1493 3632 1552 hoc
3649 1515 3730 1556 sei

2231 1569 2323 1625 ille
2371 1589 2391 1622 ι
2421 1570 2714 1626 secundum
2767 1571 3113 1644 Evangelium
3163 1573 3391 1642 dixisse,
3419 1597 3438 1631 ι
3487 1589 3734 1658 respondit,

2237 1679 2257 1713 ‹
2284 1661 2372 1717 ubi
2401 1661 2658 1731 scriptum
2683 1671 2799 1729 est,
2828 1662 2925 1717 Isti
2961 1664 3102 1718 ibunt
3124 1665 3176 1718 in
3201 1667 3492 1738 supplicium
3515 1684 3736 1746 curuum;

2230 1753 2351 1818 iusti
2374 1764 2563 1820 autem,
2593 1754 2647 1808 in
2665 1754 2817 1808 vitam
2841 1765 3082 1808 retentam
3111 1775 3131 1808 ι
3160 1755 3368 1828 (Matth.
3394 1776 3518 1830 xxv,
3537 1765 3634 1835 46).
3651 1768 3738 1826 Non

2230 1855 2407 1899 autem
2442 1846 2687 1914 dixerat,
2718 1861 2906 1901 omnes
2932 1857 3240 1916 peccatores
3263 1849 3328 1904 ad
3355 1861 3588 1910 aeternum
3613 1861 3739 1927 perti.

2231 1951 2360 1991 nere
2386 1935 2705 2007 supplicium
2722 1979 2738 2005 ,
2764 1947 2824 1991 ut
2845 1939 3038 1993 merito
3065 1948 3252 1994 contra
3277 1941 3568 2010 Apostolum
3587 1948 3743 2008 dixisse

2230 2026 2522 2094 videretur,
2556 2027 2646 2098 qui
2674 2028 2930 2098 quosdam
2960 2031 3137 2084 salvos
3160 2032 3234 2085 ait
3275 2030 3498 2098 futuros,
3535 2038 3596 2090 sic
3617 2048 3744 2096 tam

2231 2119 2379 2188 quasi
2405 2137 2498 2192 per
2523 2121 2689 2190 ignem
2715 2119 2758 2194 (l
2788 2119 2906 2175 Cor.
2929 2137 3011 2186 tu,
3035 2122 3150 2192 15).
3187 2139 3208 2173 ι
3237 2122 3465 2193 Regnum
3491 2127 3702 2184 caelorum
3725 2149 3740 2182 ι

2233 2211 2354 2268 ideo
2373 2212 2800 2281 approbaverunt
2821 2231 2840 2264 ‹
2866 2213 3027 2268 etiam
3050 2212 3101 2266 in
3121 2211 3316 2269 Vetere
3335 2214 3642 2272 Testamento
3657 2235 3746 2276 esse

2233 2304 2551 2372 promissum
2569 2344 2585 2370 ,
2612 2322 2633 2356 ι
2661 2304 2909 2374 quoniam
2927 2305 3290 2360 testimonium
3309 2305 3451 2362 dedit
3465 2307 3527 2362 de
3545 2309 3747 2380 propheta

2233 2395 2486 2461 Daniele,
2518 2396 2604 2452 ubi
2634 2395 2835 2451 dictum
2861 2405 2970 2462 est,
3022 2395 3088 2451 Et
3127 2397 3372 2469 accipient
3409 2399 3556 2453 sancti
3586 2417 3748 2472 regunt

2233 2488 2479 2542 Attissimi
2503 2487 2663 2558 (Dan.
2685 2504 2779 2556 vn,
2809 2487 2920 2562 18).
2948 2488 3059 2544 lloc
3091 2489 3213 2544 loco
3241 2489 3400 2545 Vetus
3418 2489 3748 2550 Testament

2235 2581 2593 2651 intelligentes
2611 2580 2681 2635 ab
2703 2581 2796 2636 illo
2816 2581 3168 2651 appellatum,
3196 2596 3302 2636 non
3331 2580 3454 2636 illud
3475 2582 3626 2638 solum
3645 2584 3750 2654 quod

2235 2671 2429 2729 factum
2470 2682 2555 2730 est
2580 2673 2634 2728 in
2661 2684 2844 2731 monte
2868 2675 3024 2741 Sina;
3055 2675 3156 2730 sed
3192 2674 3485 2746 Scripturas
3508 2692 3668 2732 omnes
3687 2692 3752 2732 ca-

2235 2765 2454 2821 nonicas
2470 2776 2598 2822 ante
2615 2765 2900 2822 adventum
2921 2767 3131 2822 Domini
3153 2768 3471 2823 ministratas
3488 2769 3528 2823 ’.
3553 2786 3571 2820 ι
3591 2769 3747 2826 Posset

2233 2872 2410 2914 autem
2445 2877 2465 2912 ι
2494 2858 2768 2916 hominem
2809 2874 2930 2916 esse
2969 2860 3087 2916 sine
3129 2871 3367 2932 peccato,
3398 2861 3441 2915 si
3469 2861 3608 2926 velit,
3634 2879 3650 2914 ι
3674 2877 3752 2917 non

2234 2951 2313 3007 sic
2340 2951 2690 3022 approbatum
2719 2960 2822 3018 est,
2853 2952 3121 3022 quomodo
3146 2953 3217 3007 ab
3243 2953 3332 3008 illo
3359 2952 3412 3007 in
3435 2951 3562 3008 libro
3586 2967 3666 3007 suo
3687 2968 3754 3023 po-

2235 3043 2394 3098 situm
2422 3043 2721 3110 videbatur,
2748 3051 2997 3114 tanquam
3026 3044 3130 3099 hoc
3160 3044 3216 3098 in
3241 3044 3354 3100 sola
3391 3052 3626 3114 potestate
3649 3052 3755 3099 esset

2237 3133 2467 3189 hominis
2492 3149 2586 3204 per
2608 3133 2836 3190 liberum
2865 3133 3185 3202 arbitrium;
3218 3135 3322 3192 hoc
3347 3135 3534 3207 quippe
3553 3134 3756 3205 argueba-

2237 3236 2323 3282 tur
2346 3226 2578 3283 sensisse
2599 3225 2828 3282 dicendo
2845 3268 2862 3294 ,
2895 3243 2915 3280 ι
2942 3227 2989 3283 si
3010 3226 3174 3282 velit:
3206 3247 3227 3280 ι
3260 3225 3356 3283 sed
3375 3225 3635 3298 quomodo
3653 3239 3756 3281 nunc

2236 3316 2349 3388 ipse
2377 3316 2682 3387 respondit;
2717 3319 2824 3372 imo
2848 3317 3117 3389 quomodo
3165 3319 3220 3374 id
3249 3318 3462 3374 brevius
3497 3325 3548 3373 et
3578 3316 3758 3386 apertius

2230 3408 2437 3478 iudices
2451 3409 2685 3480 episcopi
2705 3424 2800 3464 sua
2819 3409 3233 3466 interlocutione
3248 3416 3757 3472 commemoraverunt,

2235 3497 2506 3555 hominem
2529 3513 2650 3554 cum
2675 3499 2938 3570 adjutorio
2965 3500 3062 3556 Dei
3089 3510 3148 3557 et
3175 3501 3348 3572 gratia
3381 3513 3532 3570 posse
3554 3513 3658 3555 esse
3675 3497 3760 3553 sine

2237 3601 2473 3664 peccato.
2501 3593 2611 3648 Nec
2639 3603 2816 3650 tamen
2840 3592 3114 3649 deﬁnitum
3142 3604 3250 3659 est,
3279 3593 3490 3665 quando
3510 3592 3646 3648 istam
3669 3605 3760 3661 per-

2236 3685 2518 3740 fectionem
2558 3686 2726 3740 sancti
2769 3686 3064 3741 assecuturi
3109 3694 3272 3752 sunt,
3322 3695 3494 3741 utrum
3519 3685 3570 3741 in
3589 3697 3764 3755 corpore

2234 3777 2423 3832 mortis
2449 3775 2626 3848 hujus,
2654 3791 2725 3832 an
2752 3777 2967 3848 quando
2992 3777 3375 3835 absorbebitur
3399 3791 3539 3834 mors
3565 3776 3614 3832 in
3632 3775 3764 3830 victo-

2233 3883 2367 3922 nam
2375 3906 2390 3921 .

2304 3958 2392 4015 63.
2419 3958 2496 4014 Ex
2539 3958 2602 4014 iis
2631 3959 2824 4027 etiam,
2862 3959 3324 4032 quamelestium
3352 3961 3543 4018 dixisse
3567 3960 3639 4016 vel
3661 3956 3765 4015 seri-

2234 4053 2426 4123 psisse,
2465 4061 2714 4122 tanquam
2743 4053 2987 4126 dogmata
3017 4055 3268 4127 discipuli
3297 4057 3432 4127 ejus,
3462 4064 3579 4109 sunt
3601 4051 3768 4121 objecta

2235 4146 2488 4216 Pelagio;
2517 4161 2613 4201 sua
2639 4147 2883 4216 quaedam
2907 4156 2961 4203 et
2981 4147 3095 4218 ipse
3119 4151 3376 4220 cegnovit
3394 4191 3409 4215 ,
3438 4147 3529 4204 sed
3553 4147 3685 4200 aliter
3707 4156 3769 4205 se,

2231 4253 2391 4308 quam
2413 4237 2817 4308 objiciebantur,
2839 4241 3069 4294 sensisse
3087 4240 3388 4311 respondit.
3412 4239 3542 4294 Hine
3558 4245 3633 4293 est
3651 4232 3767 4298 illud,

2239 4347 2258 4380 ι
2287 4328 2438 4397 Quod
2462 4338 2586 4386 ante
2603 4329 2886 4386 adventum
2909 4330 3109 4386 Christi
3126 4333 3381 4388 vixerunt
3399 4330 3602 4403 quidam
3625 4334 3773 4381 sancte

2231 4434 2296 4476 ac
2333 4419 2516 4489 juste:
2545 4439 2564 4473 ι
2597 4421 2880 4477 Caelestius
2926 4431 3104 4478 autem
3151 4423 3358 4479 dixisse
3406 4420 3772 4493 perhibebatun

2238 4529 2258 4564 ι
2286 4512 2427 4582 quod
2465 4513 2584 4569 sine
2627 4523 2846 4584 peccato
2893 4513 3108 4570 fuerint.
3137 4533 3157 4566 ι
3211 4515 3347 4570 Item
3390 4514 3648 4584 objectum
3685 4517 3774 4570 est,

2232 4603 2433 4659 dixisse
2455 4603 2794 4670 Cielcstium,
2847 4624 2867 4658 ι
2894 4607 3188 4662 Ecclesiam
3225 4622 3350 4666 esse
3387 4605 3500 4661 sine
3532 4599 3712 4656 macula
3735 4602 3777 4651 et

2232 4711 2382 4766 ruga.
2415 4715 2434 4749 ι
2468 4696 2710 4767 Pelagius
2735 4707 2909 4752 autem
2936 4698 3086 4765 dixit,
3123 4716 3144 4750 ι
3172 4699 3377 4753 dictum
3406 4712 3435 4751 a
3471 4711 3528 4751 se
3564 4691 3778 4764 quidem,

2231 4787 2327 4842 sed
2349 4787 2439 4852 ita,
2467 4788 2718 4857 quoniam
2744 4788 2956 4844 lavacro
2980 4789 3049 4844 ab
3074 4791 3220 4844 omni
3243 4787 3450 4844 macula
3474 4796 3524 4841 et
3544 4787 3659 4854 ruga
3682 4795 3780 4852 put-

2231 4887 2387 4950 gatur
2412 4879 2669 4942 Ecclesia,
2692 4894 2850 4951 quam
2885 4880 3014 4936 velit
3053 4881 3314 4936 Dominus
3334 4881 3406 4934 ita
3431 4887 3739 4950 permanere.
3762 4887 3777 4921 ι

2233 4967 2361 5025 Item
2397 4969 2524 5026 illud
2553 4969 2752 5026 dictum
2789 4987 2820 5024 a
2857 4970 3132 5036 leestio,
3171 4990 3190 5023 ι
3219 4970 3483 5038 Quoniam
3511 4967 3621 5036 plus
3648 4960 3782 5015 facia-

2231 5077 2371 5125 mus.
2401 5079 2560 5133 quam
2587 5064 2638 5118 in
2665 5063 2807 5135 Lege
2834 5072 2888 5119 et
2916 5063 3209 5134 Evangelia
3233 5063 3448 5134 jussum
3485 5068 3584 5116 est.
3611 5074 3630 5109 ι
3657 5051 3782 5110 Pelt-

2229 5156 2347 5227 gius
2388 5167 2564 5212 autem
2611 5176 2631 5210 ι
2659 5158 2728 5214 de
2760 5157 3064 5228 virginitate
3109 5171 3169 5212 se
3209 5157 3416 5212 dixisse
3445 5173 3463 5206 s
3511 5144 3782 5218 respondit.

2235 5267 2256 5301 ι
2283 5249 2349 5304 de
2373 5265 2475 5320 qua
2501 5249 2694 5306 Paulus
2707 5250 2857 5317 dicit,
2877 5249 3196 5322 Praeceptum
3220 5248 3432 5303 Domini
3459 5262 3559 5300 non
3577 5233 3784 5305 habeat“

2228 5343 2348 5401 Cor.
2377 5361 2482 5411 vn,
2520 5344 2650 5416 25).
2697 5343 2828 5400 Item
2872 5344 3138 5415 objectum
3177 5353 3288 5407 est,
3339 5341 3604 5396 afﬁrmare
3639 5330 3786 5388 Cutic-

2228 5440 2414 5508 stium,
2443 5458 2462 5492 ‹
2490 5439 2930 5510 Unumquemque
2947 5437 3216 5493 hominem
3241 5449 3404 5508 posse
3421 5432 3612 5488 habere
3625 5434 3786 5482 omnes

2291 5622 2308 5654 ⁸
2348 5627 2479 5670 Suar.
2507 5628 2560 5672 et
2579 5618 2882 5682 Colhcrtinus
2904 5627 3006 5678 Ms,
3019 5617 3384 5682 Iudicauerunt.
3619 5669 3629 5678 _

2225 5683 2318 5796 ul;
2349 5685 2494 5746 Editi,
2517 5680 2895 5735 administratas.
2945 5673 3003 5733 At
3019 5673 3358 5732 'Colbertiuus
3403 5685 3483 5728 Ms.
3504 5707 3522 5738 ,
3563 5673 3782 5723 ..θυι-ω
