3938 6496
176 291 260 350 ,5,
1520 271 1692 328 LIBEI

1802 271 1950 327 NLS.

173 410 354 462 virtutes
377 409 425 454 et
445 394 634 467 gratias
653 435 669 460 ,
702 411 723 446 ν
758 408 821 448 ac
845 394 921 448 sic
955 391 1149 446 auferri
1177 389 1544 446 diversitatem
1572 405 1692 456 gra-

174 500 356 555 tiarum,
393 502 534 558 quam
567 485 858 554 Apostolus
896 483 1069 538 doct-t.
1113 482 1352 551 Pelagius
1392 491 1568 534 autem
1615 495 1697 534 rc-

172 585 360 654 spondit,
391 596 406 629 ι
429 575 537 631 Non
557 590 617 630 se
636 573 852 629 auferre
870 576 1156 644 gratiarum
1179 572 1538 626 diversitatem
1560 586 1574 634 ;
1599 567 1694 624 sed

176 679 338 734 dicere,
362 669 549 724 donare
587 667 756 722 Deum
784 665 868 731 ei,
906 665 997 736 qui
1028 664 1187 719 fuerit
1209 663 1398 734 dignus
1417 663 1692 732 accipere,

176 781 315 825 amnes
335 760 538 830 gratias,
565 759 704 812 sicut
726 757 895 813 Paulo
924 756 1165 826 apostolo
1189 754 1424 810 donavit.
1457 773 1476 807 ι

219 861 287 915 ﬁt.
316 855 409 910 llas
432 867 493 906 ex
516 850 733 905 nomine
759 848 993 905 leestii
1017 858 1243 918 quatuor
1263 847 1556 903 sententias
1583 861 1691 901 non

169 955 224 1004 sic
245 944 639 1016 approbaverunt
677 939 916 1009 episcopi
953 938 1160 1008 judices
1179 979 1194 1003 ,
1225 937 1364 992 situt
1393 952 1486 993 eas
1522 935 1695 992 Coale-

166 1043 266 1096 stius
295 1037 508 1090 semisse
533 1034 850 1089 dicebatur:
878 1031 976 1088 sed
1014 1032 1152 1086 sicut
1181 1030 1252 1086 de
1289 1031 1372 1086 his
1418 1031 1696 1101 respondit

169 1132 375 1200 Pelagius.
405 1127 657 1181 Viderunt
680 1127 823 1180 enim
852 1129 892 1193 ',
919 1126 1060 1197 quod
1087 1124 1229 1178 aliud
1251 1125 1319 1178 sit
1339 1127 1453 1178 sine
1478 1131 1694 1192 peccato

165 1242 282 1286 esse,
307 1220 434 1275 aliud
477 1229 664 1274 sancte
694 1228 747 1274 et
772 1220 915 1290 juste
949 1219 1161 1284 vivere,
1206 1218 1342 1272 sicut
1381 1217 1539 1271 etiam
1571 1228 1695 1271 ante

165 1319 393 1371 adventum
419 1310 616 1366 Christi
640 1311 902 1381 quosdam
928 1311 1123 1367 vixisse
1141 1310 1416 1379 Scriptura
1448 1317 1689 1363 testatur.

163 1411 211 1466 Et
228 1404 432 1478 quamvis
457 1417 566 1457 non
599 1403 670 1458 sit
698 1402 786 1456 hic
815 1402 1051 1458 Ecclesia
1084 1403 1200 1456 sine
1227 1400 1430 1455 macula
1455 1409 1510 1455 et
1535 1414 1692 1470 ruga;

163 1514 296 1555 tamen
319 1511 423 1552 eam
447 1505 499 1549 et
523 1495 747 1550 lavacro
780 1493 1198 1564 regenerationis
1223 1494 1288 1546 ab
1314 1495 1459 1546 omni
1487 1495 1694 1546 macula

162 1605 344 1661 rugaque
379 1587 623 1659 purgari,
669 1595 726 1640 et
757 1602 876 1641 eam
906 1587 976 1639 ita
1003 1585 1141 1640 velle
1171 1585 1451 1640 Dominum
1488 1598 1696 1654 perma-

164 1698 258 1736 nere
281 1696 293 1733 :
320 1693 424 1731 nam
461 1685 516 1732 et
568 1676 642 1731 ita
675 1675 1046 1746 permanebit,
1079 1674 1200 1745 quia
1245 1675 1363 1730 sine
1409 1675 1613 1728 macula
1641 1683 1694 1727 et

162 1787 258 1842 ruga
297 1769 452 1839 utique
493 1767 552 1821 in
603 1776 805 1822 azterna
849 1765 1103 1821 felicitate
1144 1766 1402 1835 regnabit.
1444 1767 1510 1820 Et
1549 1765 1692 1836 quod

162 1873 359 1936 perpetua
377 1859 675 1930 virginitas,
701 1876 821 1930 qua:
848 1869 1112 1930 przecepta
1133 1867 1363 1923 nonest,
1388 1858 1504 1913 sine
1530 1857 1693 1912 dubio

165 1959 254 2028 plus
271 1957 343 2020 sit,
364 1968 506 2024 quam
533 1952 844 2022 conjugalis
867 1952 1136 2022 pudicitia,
1158 1967 1276 2022 qum
1298 1961 1559 2020 prazcepta
1577 1961 1690 2017 est;

165 2049 350 2121 quamvis
374 2047 421 2101 in
455 2045 646 2100 multis
676 2045 955 2115 virginitas
991 2053 1330 2114 perseveret,
1380 2043 1469 2112 qui
1515 2051 1692 2098 tamen

173 2157 251 2195 non
273 2138 496 2193 suutsine
537 2145 793 2205 peccato.
828 2133 896 2190 Et
932 2133 1072 2205 quod
1114 2149 1206 2189 eas
1247 2149 1437 2188 omnes
1461 2134 1689 2203 gratias,

178 2249 278 2304 quas
289 2234 378 2288 loco
393 2245 484 2284 uno
505 2238 931 2294 Commemorat,
956 2227 1138 2284 habuit
1161 2227 1433 2297 apostolus
1457 2225 1650 2281 Paulus
1674 2242 1689 2281 :

183 2341 284 2395 quas
305 2338 434 2378 tamen
457 2339 582 2376 eum
617 2323 837 2392 dignum
870 2322 1031 2378 fuisse
1055 2321 1318 2392 accipere.
1349 2331 1442 2376 aut
1471 2338 1576 2376 non
1601 2337 1692 2377 se-

177 2416 354 2471 cundum
378 2414 543 2468 merita
562 2455 582 2478 ,
618 2413 717 2468 sed
744 2412 920 2485 potius
947 2413 1238 2468 secundum
1268 2413 1692 2483 prrcdestinatio-

168 2523 262 2562 nem
297 2507 444 2575 aliquo
477 2505 649 2560 modo
695 2505 992 2575 intelligere
1033 2513 1349 2574 potuerunt;
1396 2505 1511 2575 ipse
1549 2505 1690 2559 enim

164 2599 296 2663 dicit,
334 2596 436 2651 Non
458 2614 564 2651 sitm
594 2597 784 2667 dignus
803 2637 820 2664 ,
851 2597 958 2662 vel,
985 2613 1085 2650 non
1113 2613 1228 2650 sum
1272 2597 1487 2654 idoneus
1525 2597 1694 2652 vocari

63 2706 66 2708 '
165 2688 433 2760 apostolull
455 2687 562 2742 Cor.
603 2703 701 2754 xv,
733 2687 790 2758 9)
823 2705 836 2741 :
867 2697 962 2742 aut
987 2704 1171 2742 eorum
1191 2688 1537 2743 intentionem
1559 2686 1691 2742 sub-

171 2779 359 2849 terl‘ugit
380 2780 603 2844 verbum,
645 2779 788 2849 quod
821 2777 1062 2849 Pelagius
1102 2777 1554 2849 quemadmodum
1599 2795 1690 2848 po-

173 2875 337 2935 suerit,
360 2874 454 2942 ipse
477 2873 673 2926 viderit.
718 2872 847 2926 llmc
871 2881 995 2926 sunt
1019 2872 1071 2926 in
1107 2873 1298 2942 quibus
1322 2873 1554 2942 episcnpi
1583 2872 1691 2930 Pe-

181 2966 339 3035 lagium
361 2966 807 3034 pronuntiaverunt
835 2964 938 3035 piis
961 2965 1264 3021 consentire
1289 2963 1574 3023 doctrinis.

233 3057 304 3111 65.
330 3057 447 3111 Nunc
468 3057 721 3113 similiter
759 3057 1160 3128 recapitulando
1189 3058 1275 3114 illa
1317 3060 1478 3128 paulo
1513 3070 1691 3116 atten-

165 3148 254 3202 tius
276 3147 518 3212 videarnas,
541 3165 674 3219 qua:
701 3149 850 3204 illum
881 3150 1146 3204 contraria
1172 3151 1461 3220 reprobare
1486 3161 1541 3208 et
1563 3168 1692 3208 aua-

159 3238 443 3294 thematizare
466 3239 750 3295 dixerunt.
783 3240 840 3296 lu
869 3240 973 3297 hoc
1001 3242 1023 3274 ⁹
1052 3241 1198 3298 enim
1235 3243 1411 3313 potius
1441 3251 1546 3300 tota
1577 3243 1690 3300 lun-

155 3331 260 3386 rsis
289 3331 374 3386 ista
399 3333 670 3388 consistit.
698 3333 950 3403 Exceptis
974 3349 1102 3406 ergo
1122 3334 1249 3402 illis,
1279 3351 1398 3406 qum
1425 3336 1476 3390 in
1504 3336 1690 3392 adula-

153 3427 265 3480 tione
286 3427 448 3481 nescio
473 3427 639 3497 cujus
665 3427 842 3482 vidua:
865 3428 917 3483 in
939 3428 1090 3484 libris
1114 3429 1226 3484 suis
1252 3430 1492 3500 posuisse
1517 3431 1690 3487 dictus

148 3527 235 3581 est,
259 3534 361 3589 qua:
388 3519 471 3574 ille
498 3539 519 3573 σ
546 3535 736 3590 neque
763 3520 814 3575 in
855 3520 1004 3576 libris
1041 3522 1155 3576 suis
1178 3535 1328 3586 esse,
1362 3538 1535 3594 neque
1565 3522 1690 3583 lala

147 3625 332 3679 unquam
356 3625 410 3666 se
433 3611 646 3667 dixisse
668 3629 689 3664 ι
722 3611 1025 3682 respondit;
1063 3631 1083 3663 ι
1107 3620 1162 3668 et
1187 3628 1282 3668 eos
1307 3613 1396 3684 qui
1443 3614 1563 3670 talia
1599 3630 1692 3669 sa-

142 3708 295 3768 perent
313 3741 327 3764 ,
357 3716 456 3756 non
485 3710 753 3773 tanquam
791 3702 1072 3758 haereticos
1094 3743 1110 3768 ,
1156 3702 1251 3758 sed
1282 3711 1530 3774 tanquam
1558 3706 1691 3761 stul-

142 3795 710 3849 tnsanathematizavit:
741 3811 760 3846 ι
794 3793 910 3850 Ικιιθ
937 3801 1063 3849 sunt
1085 3795 1279 3866 quibus
1303 3795 1524 3852 hatresis
1548 3797 1690 3854 illius

141 3882 311 3939 dumeta
337 3885 575 3956 quotidie
611 3885 911 3956 pullulare,
954 3887 1064 3941 imo
1087 3886 1196 3957 jam
1227 3887 1511 3944 silvescere
1538 3888 1690 3945 dole-

139 3975 303 4030 hamus.
334 3995 353 4028 ι
381 3977 553 4032 Adam
582 3978 873 4032 mortalem
900 3976 1096 4033 factum
1118 4020 1134 4046 ,
1164 3978 1253 4049 qui
1281 3979 1399 4036 sive
1425 3990 1688 4050 peccaret,

139 4066 225 4120 sive
251 4083 346 4121 non
371 4077 664 4137 peccaret,
696 4069 989 4124 moriturus
1025 4079 1188 4125 esset.
1224 4070 1377 4138 Quod
1415 4082 1688 4141 peccatum

137 4156 235 4212 Adae
256 4159 416 4227 ipsum
461 4159 650 4214 solum
680 4159 902 4225 laeserit,
943 4168 1000 4216 et
1029 4175 1138 4216 non
1179 4177 1346 4233 genus
1374 4163 1688 4221 ltumauum.

138 4249 252 4316 Quod
286 4251 390 4308 Lex
419 4253 502 4309 sic
545 4252 734 4308 mittat
764 4253 832 4308 ad
867 4269 1124 4324 regnum,
1165 4255 1610 4326 quemadmodum
1637 4266 1693 4314 et

136 4339 460 4413 Erangelium.
503 4343 672 4412 Quod
716 4342 947 4402 infantes
987 4361 1156 4416 nuper
1190 4347 1299 4402 nati
1340 4349 1391 4404 in
1432 4348 1524 4403 illo
1552 4357 1692 4405 statu

137 4433 242 4498 sint,
267 4435 315 4488 in
347 4453 454 4506 quo
480 4437 667 4492 Adam
709 4435 809 4492 fuit
843 4447 966 4493 ante
1001 4441 1508 4508 prmvaricationem.
1537 4443 1692 4511 Quod

136 4537 272 4593 neque
311 4542 404 4594 per
444 4535 688 4582 mortem
728 4527 813 4582 vel
853 4529 1344 4599 przevarieationcot
1376 4531 1504 4587 Adae
1532 4548 1692 4589 omne

135 4627 269 4683 genus
294 4615 575 4672 hominum
613 4619 897 4684 moriatur,
929 4635 1100 4690 neque
1129 4636 1224 4690 per
1250 4625 1691 4680 resurrectionem

141 4701 293 4763 Christi
329 4725 492 4765 omne
532 4726 716 4780 genus
749 4711 1018 4767 hominum
1050 4725 1309 4785 resurgat.
1345 4716 1495 4784 Quod
1525 4718 1695 4774 infan-

141 4805 223 4862 tes,
253 4801 344 4854 etsi
385 4816 496 4856 non
541 4801 905 4874 baptizentur,
949 4803 1181 4860 habeant
1218 4806 1378 4862 vitam
1414 4818 1690 4866 aeternam.

142 4887 258 4956 Quod
277 4891 467 4950 divites
494 4893 781 4964 baptizati,
811 4895 910 4952 nisi
937 4896 1184 4951 omnibus
1206 4897 1615 4968 abrenuntient,
1647 4903 1694 4958 sl

143 4981 233 5047 Quid
253 4982 372 5038 boni
405 4984 511 5041 visi
552 4983 762 5040 fuerint
788 4984 998 5051 facere,
1032 5001 1136 5042 non
1161 4987 1242 5043 eis
1265 4998 1562 5058 repetetur,
1595 5007 1694 5047 ne-

144 5083 217 5140 με
239 5086 453 5144 regnum
486 5075 590 5132 Dei
633 5077 841 5146 possint
874 5077 1092 5134 habere.
1119 5078 1274 5146 Quod
1311 5081 1479 5151 gratia
1507 5083 1601 5138 Dei
1641 5093 1696 5140 et

143 5160 418 5230 aliutorium
460 5180 579 5221 non
629 5166 697 5222 ad
737 5167 973 5238 singulos
997 5179 1149 5225 actus
1177 5170 1366 5238 detur;
1411 5173 1506 5229 sed
1535 5190 1586 5230 In
1628 5174 1694 5230 li-

140 5247 241 5308 bero
262 5254 480 5312 arbitrio
510 5257 612 5322 sit,
645 5268 698 5313 et
725 5259 778 5312 in
800 5258 917 5330 lege
944 5269 1102 5332 atque
1129 5262 1390 5320 doctrina.
1419 5265 1571 5332 Quod
1602 5267 1696 5324 Dei

139 5345 272 5409 gratia
296 5349 607 5404 secundum
655 5351 841 5404 merita
882 5361 1061 5407 nostra
1101 5353 1288 5419 detur;
1321 5363 1376 5411 et
1413 5366 1695 5427 propterea

141 5434 227 5505 ipsa
242 5442 399 5511 gratia
427 5441 487 5497 in
509 5441 755 5498 hominis
773 5444 843 5498 sit
866 5445 1033 5514 posita
1053 5447 1343 5514 voluntate,
1367 5450 1482 5506 sive
1506 5451 1698 5522 dignus

141 5526 265 5594 ἣν,
287 5533 395 5588 sive
428 5535 714 5604 indignus.
755 5533 905 5603 Quod
950 5536 1039 5592 ﬁlii
1077 5538 1167 5594 Dci
1216 5555 1319 5596 nOu
1356 5542 1562 5613 possint
1599 5557 1696 5598 vo-

189 5640 203 5708 ξ
224 5645 281 5690 tta
300 5643 429 5708 Colh.
456 5653 546 5696 Its.
567 5653 631 5699 At
655 5646 790 5708 editi,
811 5647 1012 5701 videtur.

187 5704 365 5765 lForte,
389 5707 440 5757 in
464 5709 566 5759 his.

191 5764 209 5794 ³
226 5764 357 5816 Pot-te
379 5804 396 5830 ,
417 5770 596 5831 fuerit.

1799 387 1950 453 cari,
2007 388 2106 443 nisi
2159 391 2376 446 omnino
2433 390 2634 464 alisque
2682 405 2899 466 peccato
2944 397 3140 458 fuerint
3184 403 3383 462 cfl‘eeti.

1801 479 1952 548 Quod
1998 482 2196 537 oblivio
2240 495 2294 540 et
2339 488 2630 556 ignorantia
2687 507 2792 545 non
2838 493 3146 564 subjaceant
3193 511 3353 568 pecca

1803 581 1886 637 to;
1925 575 2172 643 quoniam
2215 592 2319 630 non
2373 581 2619 634 eveniant
2672 583 2963 640 secundum
3009 587 3332 644 voluntatem
3364 631 3381 659 ,

1799 663 1894 718 sed
1951 667 2240 722 secundum
2295 673 2682 728 necessitatem.
2740 675 2893 742 Quod
2947 693 3052 734 non
3112 679 3181 734 sit
3238 681 3377 736 Ithe-

1799 770 1920 812 rum
1964 757 2272 828 arbitrium,
2328 763 2372 817 si
2424 763 2656 834 indigeat
2708 769 2908 824 auxilio
2953 771 3084 838 Dei;
3131 775 3382 844 quoniam

1797 849 2066 918 propriam
2095 851 2418 907 voluntatem
2459 853 2651 909 habent
2686 859 3050 931 unusquisque
3075 872 3168 917 aut
3205 864 3380 921 facere

1797 939 2028 1010 aliquid,
2057 951 2150 996 aut
2176 959 2283 998 non
2325 944 2517 1000 facere.
2545 946 2700 1015 Quod
2730 950 2950 1005 victoria
2979 963 3161 1009 nostra
3191 970 3255 1010 ex
3288 957 3380 1012 Dei

1800 1047 1907 1086 non
1933 1032 2002 1086 sit
2025 1033 2308 1103 adjutorio,
2333 1035 2426 1091 sed
2449 1052 2513 1091 ex
2541 1038 2710 1094 libero
2729 1040 2970 1095 arbitrio.
3000 1043 3152 1110 Quod
3178 1061 3244 1101 ex
3267 1047 3380 1111 illo,

1798 1121 1942 1191 quod
1979 1123 2056 1178 ait
2096 1124 2315 1190 Petrus,
2343 1125 2540 1180 divina:
2568 1142 2665 1182 nos
2694 1143 2813 1184 esse
2841 1141 3123 1188 consortes
3147 1140 3381 1201 natura},

1797 1229 2129 1285 consequens
2158 1217 2228 1271 sit
2261 1227 2317 1272 ut
2341 1217 2411 1273 ita
2442 1220 2612 1289 possit
2645 1235 2767 1276 esse
2791 1223 2968 1276 anima
2999 1225 3115 1280 sine
3141 1237 3382 1296 peccato,

1798 1307 2244 1374 quemadmodum
2279 1309 2436 1365 Deus.
2466 1329 2487 1362 ι
2519 1310 2631 1367 Hoc
2659 1311 2802 1369 enim
2843 1315 2894 1369 in
2926 1314 3207 1372 undecimo
3233 1319 3381 1388 capi-

1799 1395 1912 1449 tulo
1937 1395 2093 1462 libri,
2123 1412 2228 1452 non
2258 1398 2472 1468 quidem
2501 1401 2746 1458 habentis
2768 1405 3000 1462 auctoris
3027 1407 3110 1462 sui
3139 1409 3382 1477 titulum,

1798 1487 1891 1542 sed
1919 1489 2006 1559 qni
2041 1490 2351 1560 perhibetur
2375 1508 2497 1549 esse
2516 1490 2754 1551 C(elestii
2777 1538 2792 1561 ,
2826 1496 2908 1553 his
2933 1499 3112 1556 verbis
3153 1501 3382 1569 positum

1800 1577 1914 1647 ipse
1941 1579 2041 1647 legi
2068 1598 2080 1633 :
2119 1599 2137 1632 ‹
2167 1582 2450 1648 Quomodo
2473 1585 2761 1655 quispiam,
2793 1606 2813 1640 ρ
2846 1588 3048 1659 inquit,
3085 1607 3105 1642 ι
3134 1590 3276 1646 illius
3305 1591 3384 1647 rei

1799 1669 2127 1724 consortium
2150 1673 2420 1742 suscepit,
2449 1689 2479 1728 a
2502 1675 2656 1746 cujus
2685 1683 2824 1732 statu
2849 1687 2906 1734 et
2928 1679 3122 1735 virtute
3143 1696 3262 1738 esse
3289 1696 3386 1737 ex-

1800 1767 2013 1816 traneas
2035 1760 2325 1819 deﬁnitur?
2351 1783 2374 1819 ο
2401 1765 2526 1822 Ideo
2558 1767 2750 1824 fratres
2771 1771 2862 1841 qui
2899 1771 3016 1827 hmc
3041 1771 3382 1843 objecerunt,

1798 1851 1874 1907 sic
1894 1867 2018 1907 eum
2046 1853 2450 1923 intellexerunt,
2488 1866 2739 1929 tanquam
2767 1861 3005 1930 ejusdem
3043 1871 3244 1920 natura:
3267 1863 3385 1918 ani-

1798 1960 1938 2000 mam
1976 1955 2032 2002 et
2069 1948 2272 2016 Deum,
2303 1956 2358 2006 et
2398 1962 2602 2022 partem
2642 1951 2734 2009 Dei
2765 1954 2962 2012 dixerit
3000 1957 3232 2013 animam
3261 1977 3276 2015 :
3305 1961 3384 2017 sic

1798 2037 1944 2091 enim
1975 2051 2332 2110 acceperunt,
2363 2041 2508 2115 quod
2531 2045 2776 2114 ejusdem
2804 2055 2972 2103 status
2998 2058 3155 2119 atque
3175 2051 3384 2106 virtutis

1797 2146 1915 2187 eam
1945 2141 2213 2190 esse'cum
2247 2135 2358 2192 Deo
2380 2139 2631 2193 senserit.
2668 2137 2726 2195 in
2752 2152 2995 2197 extrario
3026 2153 3203 2198 autem
3231 2145 3383 2213 obje-

1797 2234 2005 2280 ctorum
2039 2226 2270 2295 positum
2301 2235 2421 2284 est:
2455 2246 2475 2280 ς
2501 2228 2655 2298 Quod
2692 2231 3074 2307 penitentibus
3100 2235 3249 2290 venia
3276 2251 3383 2290 non

1798 2315 1956 2371 detur
1978 2317 2272 2373 secundum
2317 2320 2542 2390 gratiam
2573 2329 2628 2384 et
2666 2322 3086 2378 misericordiam
3128 2323 3257 2393 Dei,
3288 2327 3382 2382 sed

1799 2407 2092 2463 secundum
2120 2419 2368 2465 meritum
2395 2421 2450 2466 et
2476 2411 2715 2470 laborem
2739 2428 2948 2478 eorum,
2979 2432 3066 2484 qui
3091 2431 3186 2486 per
3215 2418 3386 2485 pomi-

1800 2501 2023 2556 tentiam
2051 2501 2198 2573 digni
2222 2501 2419 2558 fuerint
2456 2505 2844 2560 misericordia.
2877 2525 2896 2560 ›
2924 2505 3052 2563 Iliae
3089 2511 3265 2564 omnia
3285 2552 3300 2578 ,
3330 2521 3386 2566 et

1798 2592 1843 2646 si
1871 2609 1989 2663 qua:
2017 2583 2508 2664 argumentationes
2546 2595 2612 2651 ad
2651 2611 2716 2652 ea
2754 2599 3118 2655 conﬁrmanda
3151 2603 3386 2672 interpo-

1796 2683 1914 2737 sita:
1937 2691 2088 2750 sunt,
2117 2699 2210 2739 sua
2242 2696 2522 2756 negantem
2541 2728 2556 2753 ,
2583 2697 2638 2742 et
2662 2689 3202 2748 anathematizantem
3229 2693 3383 2750 Pela-

1796 2776 1944 2846 gium
1980 2776 2190 2847 judices
2227 2778 2660 2848 approbaverunt
2691 2798 2705 2835 :
2751 2790 2808 2836 et
2847 2782 2968 2838 ideo
3005 2788 3385 2855 pronuntiave-

1798 2876 1942 2932 runt,
1969 2883 2091 2923 eum
2119 2869 2390 2925 contraria
2418 2872 2796 2928 ecclesiastica:
2820 2872 2940 2929 ﬁdei
2972 2877 3307 2946 reprobando
3326 2889 3388 2935 et

1797 2959 2318 3028 anathematizando,
2345 2961 2650 3018 damnasse.
2681 2965 2759 3020 Ac
2791 2981 2888 3035 per
2925 2967 3027 3023 hoc
3054 2971 3387 3040 quomodoli-

1796 3049 1889 3106 bet
1920 3066 1983 3106 ea
2007 3051 2290 3107 Caelestius
2319 3055 2559 3122 posuerit
2581 3065 2673 3110 aut
2694 3071 2798 3110 non
2829 3060 3099 3127 posuerit,
3127 3061 3208 3116 vel
3232 3060 3389 3118 Pela-

1796 3142 1912 3212 gius
1941 3143 2174 3198 senserit
2196 3151 2290 3198 aut
2325 3159 2431 3198 non
2459 3149 2690 3201 senserit
2709 3189 2722 3210 ,
2753 3156 2894 3202 tanta
2922 3151 3058 3204 mala
3101 3161 3206 3206 tam
3235 3169 3389 3210 novzo

1797 3231 1955 3304 hujus
2016 3233 2239 3292 ha‘resis
2302 3235 2393 3291 illo
2458 3237 2822 3298 ecclesiastico
2875 3241 3078 3312 judicio
3137 3245 3390 3302 danmata

1795 3326 2152 3396 gaudeamus,
2199 3336 2253 3384 et
2295 3328 2407 3384 Deo
2443 3331 2642 3401 gratias
2679 3346 2932 3403 agamus,
2973 3336 3264 3408 laudesque
3302 3338 3390 3394 di-

1795 3435 2000 3476 camus.

1867 3511 1956 3566 66.
1989 3511 2064 3568 De
2089 3511 2175 3566 his
2195 3523 2373 3590 autem
2403 3528 2524 3584 qua:
2563 3523 2685 3587 post
2718 3516 2823 3572 hoc
2843 3516 3099 3588 judicium
3126 3519 3198 3576 ibi
3224 3537 3254 3582 ι
3283 3539 3384 3580 ne-

1796 3603 1908 3659 scio
1949 3619 2056 3674 quo
2093 3619 2264 3660 cuneo
2289 3605 2614 3676 perditorum
2639 3649 2654 3673 ,
2681 3609 2771 3680 qui
2799 3609 2955 3666 valde
2981 3611 3035 3666 in
3075 3627 3390 3684 perversum

1801 3695 2151 3766 perhibentur
2192 3695 2408 3766 Pelagio
2461 3697 2777 3770 suﬂ‘ragari,
2827 3701 3117 3758 incredibili
3165 3705 3390 3761 audacia

1801 3799 2106 3859 perpetrata
2136 3789 2407 3858 dicuntur,
2430 3800 2488 3845 ut
2516 3791 2609 3846 Dei
2633 3793 2774 3848 servi
2798 3803 2857 3850 et
2877 3794 3084 3851 ancilla:
3107 3797 3173 3850 ad
3202 3812 3391 3854 curam

1800 3883 1970 3938 sancti
2002 3882 2312 3954 Hieronymi
2341 3881 2638 3954 presbyteri
2664 3885 3011 3953 pertinentes,
3039 3887 3388 3945 sceleratissi-

1797 3989 1882 4029 ma
1923 3974 2071 4029 caede
2105 3973 2464 4038 afﬁcerentur,
2492 3974 2750 4032 diaconus
2774 3977 3128 4044 occideretur,
3159 3979 3388 4038 aediﬁcia

1799 4066 2242 4121 monasteriorum
2271 4065 2705 4134 incenderentur,
2733 4067 2820 4122 vix
2848 4068 3026 4138 ipsum
3049 4069 3118 4126 ab
3143 4071 3244 4126 hoc
3283 4072 3390 4127 im-

1797 4167 1924 4229 petu
1953 4167 2114 4228 atque
2144 4157 2359 4214 incursu
2386 4158 2668 4229 impiorum
2695 4159 2748 4214 in
2771 4159 2865 4215 Dei
2885 4161 3252 4220 misericordia
3277 4172 3394 4220 tur-

1795 4249 1873 4306 ris
1899 4251 2153 4306 munitior
2179 4259 2420 4310 tueretur
2444 4251 2521 4323 (α)
2546 4269 2561 4318 ;
2591 4251 2874 4308 tacendum
2901 4253 3057 4309 nobis
3100 4257 3277 4325 potius
3303 4257 3386 4312 vi-

1797 4340 1917 4407 deo,
1945 4351 2000 4396 et
2025 4341 2439 4411 exspectandum
2459 4341 2586 4414 quid
2611 4343 2718 4399 illic
2741 4342 2933 4400 fratres
2953 4345 3119 4402 nostri
3149 4347 3392 4416 episcopi

1797 4436 1865 4492 de
1895 4435 1978 4492 his
2008 4437 2164 4491 tantis
2187 4436 2343 4491 malis
2367 4435 2628 4506 agendum
2659 4437 2985 4502 existiment,
3025 4453 3055 4491 a
3080 4437 3270 4507 quibus
3293 4453 3392 4494 eos

1797 4525 2134 4581 dissimulare
2161 4541 2339 4596 posse,
2363 4527 2481 4595 quis
2501 4526 2719 4581 credat?
2740 4527 2902 4596 Impia
2927 4527 3122 4598 quippe
3140 4527 3390 4599 dogmata

1799 4615 2162 4688 hujuscemodi
2185 4617 2482 4683 hominum,
2502 4632 2532 4670 a
2553 4618 2875 4688 quibuslibet
2890 4616 3198 4684 Catholicis,
3220 4620 3385 4675 etiam

1798 4710 1886 4780 qui
1914 4709 1980 4764 ah
2007 4710 2108 4764 illis
2135 4710 2290 4766 terris
2313 4710 2468 4781 longe
2493 4710 2705 4778 absunt,
2735 4711 3098 4782 redarguenda
3127 4723 3284 4780 sunt;
3317 4731 3392 4772 ne

1801 4802 2117 4873 ubicumque
2146 4817 2339 4858 nocere
2368 4802 2602 4873 possint,
2633 4817 2737 4872 quo
2761 4805 3044 4874 pervenire
3077 4805 3343 4875 potuerint
3367 4823 3386 4860 .-

1800 4892 1960 4965 impia
2015 4908 2142 4950 vero
2201 4895 2334 4949 facta
2359 4934 2377 4962 ,
2442 4909 2669 4966 quorum
2741 4894 2997 4950 coercitio
3056 4896 3072 4928 ¹
3129 4895 3199 4950 ad
3269 4898 3392 4968 cpi-

1865 5163 1883 5194 ι
1908 5162 2076 5211 Primae
2101 5159 2344 5227 editiones
2360 5197 2374 5221 ,
2389 5161 2586 5227 egerito.
2602 5161 2917 5213 Consentium
2937 5165 3262 5227 mantiserlpti,
3287 5177 3392 5214 uno

1803 5230 2014 5288 excepto
2035 5223 2118 5286 qui
2135 5223 2302 5282 habet,
2324 5220 2564 5288 cohibitig.

1863 5283 1946 5350 (a)'
1968 5283 2077 5350 huc,
2088 5291 2277 5347 spectat
2300 5283 2503 5350 epistola
2525 5284 2589 5334 52
2627 5285 2890 5350 Innocentii
2913 5297 3049 5348 papae
3071 5285 3130 5350 ad
3163 5292 3394 5350 Ioannem

1800 5347 2281 5420 JetjpSolymitanum,
2307 5347 2546 5420 incipiens
2575 5360 2588 5396 :
2623 5365 2645 5394 ι
2668 5347 2992 5420 Djreptiones,
3016 5348 3140 5396 cede
3162 5361 3194 5406 ι,
3217 5348 3391 5420 incen-

1810 5430 1832 5459 ι
1854 5410 1930 5460 dia
1948 5446 1963 5470 ,
1990 5408 2144 5459 omne
2183 5408 2367 5458 facinus
2405 5408 2645 5458 extrema:
2680 5408 2975 5471 dementire,
2999 5410 3395 5471 generosissimaa

1810 5492 1832 5520 α
1853 5468 2037 5534 sancte
2055 5471 2271 5534 virgines
2301 5471 2600 5520 Eustochium
2648 5477 2701 5520 et
2721 5468 2883 5534 ‘Paula
2924 5468 3301 5534 deploraverunt
3342 5472 3393 5534 in

1811 5555 1833 5581 ι
1857 5533 1974 5584 locis
1995 5531 2219 5594 Ecclesiae
2242 5539 2340 5582 tua:
2373 5543 2682 5594 perpetrasse
2703 5531 2973 5594 diabolum,
2995 5531 3092 5594 etc.
3130 5546 3152 5594 ρ
3189 5531 3394 5593 Epistula

1803 5608 1999 5661 quoque
2022 5593 2242 5661 ejusdem
2278 5595 2342 5661 5.}
2377 5593 2835 5661 ’ad_’lliemnymum,
2877 5593 3016 5661 cujus
3045 5593 3232 5661 initium
3252 5601 3348 5661 _es_t
3373 5628 3387 5642 .

1812 5652 1835 5705 ἑ
1859 5652 2102 5720 Nunquam
2125 5657 2236 5706 boni
2263 5655 2452 5726 _aliquid
2467 5652 2841 5726 rcpntcniionem
3078 5655 3126 5701 in
3149 5652 3390 5726 oFedesia,

1813 5741 1835 5765 σι
1859 5715 2065 5784 testatur
2089 5715 2373 5780 Apostolus]
2392 5735 2416 5762 ι
2445 5719 2558 5784 illa:
2581 5717 2801 5784 epistolae
2825 5716 3122 5767 exhibentur
3148 5715 3298 5776 infra,
3345 5718 3394 5766 in

1811 5782 2091 5843 Appendicis
2115 5789 2250 5840 parte
2275 5782 2502 5830 secunda.
