3938 6482
183 351 255 412 56!
1297 338 1502 399 LIBER
1544 338 1630 398 DE
1669 336 1927 398 CRATIA
1965 339 2255 398 CHRISTI.

176 463 367 523 Citrisms
400 459 556 517 “venit
601 459 661 516 in
701 459 856 517 hunc
897 457 1147 515 mundum
1189 466 1499 528 peccatores
1541 454 1717 508 salvos

177 554 382 627 facere“
408 551 544 607 Tim.
567 560 617 618 ἰ,
653 552 773 625 i5),
805 567 912 608 non
942 546 1112 607 solum
1143 565 1236 619 per
1263 549 1496 619 singulas
1536 547 1717 611 horas,

178 654 246 701 aut
280 661 360 715 per
400 643 614 712 singula
658 652 954 708 momenta,
992 640 1090 696 sed
1132 640 1292 696 etiam
1345 655 1440 709 per
1480 637 1723 706 singulos

177 747 291 794 actus
327 745 537 791 nostros
577 750 690 789 non
731 749 855 789 esse
895 731 1294 795 necessariam;
1345 739 1398 784 et
1446 729 1533 798 qui
1579 727 1723 784 hanc

177 840 388 890 conantur
408 829 647 894 auferre,
677 839 866 897 patrias
890 826 1178 880 sortiantur
1204 824 1225 856 ‘
1249 833 1495 877 aeternas.
1521 840 1541 873 ι
1565 819 1722 886 Quis-

180 927 267 997 quis
302 926 408 979 bzec
448 920 619 986 audit,
668 927 724 974 et
765 931 981 974 sensum
1028 917 1143 986 ejus
1193 915 1419 986 ignorat,
1464 927 1622 982 quem
1668 911 1722 966 in

183 1018 294 1074 libris
330 1013 437 1069 suis
480 1011 615 1066 satis
657 1008 936 1066 evidenter
975 1007 1271 1077 expressit,
1305 1019 1409 1059 non
1456 1003 1557 1058 illis
1587 1015 1722 1072 quos

185 1108 280 1164 dicit
310 1101 672 1160 inemendatos
703 1100 807 1156 sibi
846 1097 1009 1154 fuisse
1037 1097 1340 1168 subreptos,
1380 1107 1470 1150 aut
1502 1096 1720 1151 omnino

189 1214 279 1258 suos
302 1205 465 1268 negat,
497 1193 594 1250 sed
625 1193 679 1248 in
708 1193 816 1248 illis
834 1205 967 1262 quos
993 1189 1182 1244 litteris
1205 1189 1315 1243 suis
1338 1202 1469 1258 quas
1495 1187 1717 1241 Romam

189 1292 297 1352 misit
329 1292 730 1352 commemorat,
774 1284 993 1340 omnino
1031 1297 1152 1338 eum
1201 1290 1347 1351 putat
1392 1279 1494 1336 hoc
1520 1281 1721 1335 sentire

189 1383 293 1457 quod
312 1382 491 1436 veritas
521 1378 704 1433 habet.
735 1375 989 1447 Quisquis
1013 1384 1190 1430 autem
1218 1373 1344 1444 quid
1374 1374 1426 1428 in
1456 1373 1535 1430 eis
1559 1387 1718 1443 aper-

191 1477 266 1530 tius
299 1471 428 1528 dicat
468 1469 724 1536 advertit,
767 1467 924 1522 debet
970 1466 1167 1520 habere
1210 1465 1371 1520 etiam
1417 1464 1513 1519 ista
1556 1464 1717 1520 verba

189 1572 402 1635 suspecta.
447 1561 580 1630 Quia
611 1559 714 1615 etsi
755 1559 979 1630 gratiam
1018 1558 1148 1624 Dei,
1175 1572 1276 1628 qua
1305 1553 1549 1612 Christus
1576 1557 1719 1612 venit

191 1656 467 1714 inmundum
505 1663 816 1724 peccatores
849 1653 1024 1706 salvos
1049 1650 1254 1716 facere,
1289 1651 1341 1706 in
1381 1650 1490 1705 sola
1532 1651 1720 1705 remis-

191 1753 306 1808 sione
326 1757 648 1820 peccatorum
675 1746 988 1810 constituat,
1015 1753 1184 1814 potest
1212 1743 1332 1798 huic
1350 1743 1528 1798 sensui
1555 1742 1716 1797 verba

190 1844 265 1900 ista
293 1849 518 1911 cooptare
552 1839 778 1905 dicens,
808 1838 927 1894 ideo
959 1853 1075 1894 eam
1123 1852 1215 1906 per
1255 1836 1492 1907 singulas
1534 1836 1713 1903 horas,

188 1932 459 2007 persinguia
495 1943 797 1995 momenta,
831 1938 886 1985 et
926 1944 1019 1999 per
1055 1937 1213 1983 actus
1251 1927 1488 1997 singulos
1527 1941 1715 1984 ncces-

194 2028 450 2091 sariatn,ut
485 2038 700 2093 semper
730 2024 782 2077 in
819 2022 1072 2077 memoria
1103 2021 1392 2076 retinentes
1416 2030 1470 2075 et
1501 2019 1718 2078 remini-

198 2129 361 2176 scentes
392 2116 599 2173 dimissa
641 2116 798 2170 nobis
838 2129 959 2170 esse
1004 2124 1248 2184 peccata,
1287 2129 1396 2172 non
1436 2127 1716 2183 peccemus

202 2210 390 2274 uberius,
409 2206 559 2276 adjnti
607 2221 716 2259 non
757 2206 932 2275 aliqua
968 2205 1457 2261 subministrationc
1484 2203 1712 2267 virtutis,

204 2301 453 2358 scdviribus
490 2298 722 2369 propriae
748 2297 1056 2364 voluntatis,
1098 2296 1223 2366 quid
1264 2295 1363 2350 sibi
1401 2295 1715 2352 remissione

194 2401 467 2463 peccatorum
503 2389 803 2459 prmstitum
845 2387 1004 2445 fuerit
1043 2403 1138 2459 per
1175 2396 1326 2442 actus
1363 2386 1598 2457 singulos
1627 2402 1714 2442 re-

185 2483 409 2539 cordantis
430 2484 469 2538 ³.
509 2481 638 2537 item
667 2482 922 2553 quaniam
957 2481 1136 2535 solent
1161 2479 1360 2546 dicere,
1389 2478 1541 2534 nobis
1567 2479 1620 2532 in
1649 2495 1714 2534 co

179 2573 415 2628 Christum
439 2572 499 2626 ad
535 2587 636 2626 non
679 2571 1008 2641 peccandum
1045 2569 1339 2641 praebuisse
1369 2569 1710 2639 adjutorinm,

178 2665 290 2734 quia
326 2664 453 2733 juste
487 2664 593 2732 ipse
633 2661 861 2716 vivendo
899 2661 1150 2732 justeque
1186 2661 1428 2717 docendo
1455 2661 1476 2694 ⁸
1505 2662 1716 2732 reliquit

179 2755 489 2824 exemplum:
511 2763 710 2826 possunt
739 2754 900 2809 etiam
923 2753 987 2808 ad
1015 2752 1116 2808 hoc
1137 2754 1234 2808 ista
1257 2755 1416 2810 verba
1438 2764 1712 2824 coaptarc,

182 2853 236 2900 ut
262 2845 442 2903 dicant.
472 2861 559 2914 per
590 2845 788 2915 singula
817 2853 1118 2912 momenta,
1150 2861 1244 2916 per
1285 2847 1521 2917 singulos
1562 2858 1714 2903 actus

187 2937 499 2992 necessariam
537 2939 679 2992 nobis
724 2954 848 2994 esse
889 2937 1190 3008 lmjusmodi
1230 2940 1475 3011 gratiam,
1516 2940 1569 2998 id
1607 2951 1709 3010 est,

188 3029 304 3082 utin
321 3028 442 3082 omni
462 3029 859 3084 conversatione
893 3039 1076 3085 nostra
1106 3030 1408 3086 intueamur
1431 3032 1712 3088 dominica:

175 3122 547 3176 conversationis
583 3122 916 3191 exemplum.
957 3123 1205 3179 Pervidet
1242 3132 1418 3179 autem
1459 3124 1589 3180 fides
1623 3140 1714 3181 ve-

170 3219 282 3276 stra,
308 3226 334 3264 a
356 3211 675 3268 confessione
704 3215 912 3285 gratim,
937 3214 1004 3271 de
1036 3229 1139 3285 qua
1171 3216 1393 3288 qzttestio
1425 3224 1528 3282 est,
1555 3232 1712 3289 quam

170 3301 224 3356 sit
248 3301 590 3373 distinguenda
624 3304 725 3359 ista
763 3304 1072 3361 confessio:
1109 3315 1163 3360 ct
1199 3315 1372 3363 tamen
1401 3307 1574 3378 obtegi
1616 3321 1712 3377 po-

168 3402 251 3447 test
284 3394 487 3449 istorum
515 3397 864 3467 ambiguitate
890 3397 1192 3452 verborum.

220 3505 424 3562 CAPUT
453 3506 537 3564 lii.
556 3537 629 3550 —-
651 3508 706 3563 '5.
733 3509 838 3564 Sed
864 3508 991 3580 quid
1017 3509 1249 3566 mirum?
1274 3508 1710 3579 Quandoquidem

159 3597 255 3667 ipse
272 3597 500 3668 Pelagius
526 3614 650 3654 cum
679 3599 1070 3671 episc0palibus
1092 3600 1260 3671 gc5tis
1284 3600 1400 3656 sine
1430 3601 1533 3656 ulla
1559 3615 1714 3655 recn-

156 3690 336 3747 satione
371 3691 710 3747 damnaverit
757 3707 871 3755 cos,
917 3693 1005 3764 qui
1041 3693 1226 3748 dicunt
1266 3694 1489 3764 gratiam
1528 3693 1622 3749 Dei
1659 3702 1715 3748 et

155 3780 442 3851 adjutorium
477 3798 585 3838 non
613 3783 680 3838 ad
707 3784 948 3855 singulos
978 3793 1128 3840 actus
1154 3783 1288 3849 dari,
1330 3783 1423 3840 sed
1462 3785 1512 3838 in
1547 3783 1714 3840 libero

154 3873 348 3929 arbitrio
373 3890 518 3942 esse,
560 3877 648 3931 vel
685 3877 737 3931 in
782 3877 899 3948 lege
925 3887 1081 3948 atque
1107 3877 1385 3942 doctrina;
1430 3877 1518 3933 ubi
1557 3887 1712 3948 puta-

154 3962 316 4018 huius
351 3965 469 4036 ejus
511 3966 582 4022 de
627 3967 728 4021 hac
770 3983 828 4022 re
870 3981 1056 4023 omnes
1097 3969 1562 4039 tcrgiversationes
1593 3983 1713 4024 esse

151 4071 505 4130 consumptas;
537 4060 873 4116 damnaverit
896 4062 1054 4116 etiam
1082 4077 1193 4128 eos,
1236 4063 1322 4133 qui
1357 4062 1552 4118 docent
1589 4078 1713 4132 gra-

155 4151 260 4205 tiam
301 4150 392 4207 Dei
433 4151 730 4207 secundum
778 4154 967 4208 merita
1009 4165 1185 4210 nostra
1228 4155 1340 4209 dari
1384 4172 1398 4210 :
1440 4163 1616 4213 tamen
1660 4155 1711 4212 in

151 4237 280 4295 libris
303 4256 432 4312 quos
469 4243 641 4298 edidit
677 4258 774 4314 pro
816 4243 984 4318 libero
1020 4244 1258 4309 arbitrio,
1300 4260 1525 4317 quorum
1564 4261 1714 4302 men-

147 4333 326 4388 tionem
371 4335 499 4393 facit
541 4335 592 4389 in
636 4335 860 4404 epismla
901 4351 1057 4406 quam
1099 4335 1321 4390 Romam
1367 4338 1541 4402 misit,
1583 4337 1713 4392 nihil

142 4423 271 4478 aliud
313 4427 512 4482 sentire
559 4436 906 4490 monstratur.
949 4442 1106 4496 quam
1152 4426 1202 4480 id
1247 4427 1388 4498 quod
1431 4427 1713 4484 damnasse

142 4516 420 4572 videbatur.
463 4517 598 4574 Nam
636 4518 862 4588 gratiam
892 4518 980 4572 Dei
1027 4527 1078 4573 et
1110 4517 1453 4588 adjutorinm,
1482 4535 1588 4590 quo
1614 4520 1712 4574 ad-

62 4589 72 4598 ’
137 4604 367 4674 iuvamur
399 4608 466 4662 ad
505 4624 611 4662 non
645 4607 993 4678 peccandmn,
1034 4609 1199 4663 autin
1229 4618 1411 4664 natura
1451 4589 1511 4664 ct
1545 4611 1714 4666 libero

142 4701 276 4766 ponit
303 4689 541 4764 arbitrio,
573 4710 666 4755 aut
712 4701 764 4755 in
809 4701 925 4773 lege
966 4710 1124 4772 atque
1152 4701 1392 4762 doctrina
1427 4721 1441 4757 :
1483 4714 1539 4760 ut
1563 4704 1712 4760 vide-

142 4788 268 4856 licet,
299 4808 418 4847 cum
446 4791 666 4862 adjuvat
689 4792 828 4846 Deus
856 4793 1146 4860 hominem,
1178 4802 1232 4846 ut
1257 4793 1486 4851 declinet
1512 4811 1540 4848 a
1573 4795 1714 4855 malo

139 4890 184 4935 et
222 4882 376 4939 faciat
415 4883 638 4948 bonum,
671 4883 956 4939 revelando
993 4896 1045 4938 et
1074 4884 1404 4943 ostendendo
1439 4886 1564 4957 quid
1599 4887 1711 4946 fieri

137 4973 335 5038 debeat,
365 4974 620 5046 adjuvare
651 4974 936 5040 credatur;
971 4991 1074 5030 non
1104 4976 1262 5032 etiam
1294 4978 1632 5048 cooperando
1661 4987 1715 5035 et

137 5065 461 5126 dilectionem
511 5067 847 5138 inspirando,
889 5076 945 5124 ut
992 5067 1043 5124 id
1085 5067 1226 5143 quod
1258 5068 1557 5128 faciendum
1597 5085 1716 5126 esse

135 5162 431 5230 cognoverit
469 5161 648 5220 faciat.

195 5250 247 5304 4.
273 5251 405 5306 Nam
432 5268 555 5310 cum
598 5253 698 5310 tria
740 5250 1027 5306 constituat
1055 5260 1216 5323 atque
1253 5251 1562 5323 distinguat.
1592 5253 1713 5327 qui-

134 5337 227 5394 bus
283 5343 452 5396 divina
508 5342 760 5401 mandata
810 5342 938 5401 dicit
987 5343 1237 5417 impleri,
1287 5343 1713 5414 possibilitatem,

195 5497 316 5563 ξεις
339 5499 518 5563 habent
542 5498 714 5563 plures
741 5499 1078 5563 ιιιιιιιιιηιιιιιίριι.Δ
1100 5499 1221 5550 Bditi
1251 5511 1391 5556 vero,
1415 5497 1680 5550 sariuntur.

193 5559 355 5624 ’ξάῖιξ
393 5569 492 5618 Am.
525 5559 600 5613 Er.
637 5568 693 5624 ct
729 5569 843 5612 nov.
864 5596 882 5620 ,
905 5559 1422 5624 memmium
1463 5567 1569 5610 Itss.
1592 5595 1606 5618 ,
1644 5573 1719 5610 re-

141 5620 393 5682 novantis,
409 5624 593 5675 scilicet
611 5623 903 5682 voluntatis;
929 5636 1025 5673 non
1049 5625 1179 5673 enim
1203 5620 1306 5673 alio
1322 5624 1496 5673 referri
1522 5623 1611 5672 hoc
1631 5637 1716 5685 po-

143 5685 664 5756 ίεὶιῖσηάεέθίιεὲοο-
852 5746 885 5756 ..
992 5746 1078 5756 .,
1252 5748 1264 5756 .
1419 5746 1430 5756 .
1582 5745 1593 5756 .

200 5743 398 5796 “sinet
430 5743 524 5809 Eri,
553 5748 787 5817 justeque
829 5746 1049 5808 dicendo.
1069 5755 1210 5804 Forte
1252 5746 1533 5811 legendum,
1574 5745 1720 5805 iusta-

146 5814 230 5864 με
251 5807 470 5860 docurdo.

427 5823 470 5859 0.

401 5894 630 5962 Sacr.
677 5899 934 5962 Αιηιρέιτ
993 5899 1069 5964 Χ.

3311 349 3414 404 δώ

1828 451 2180 519 voluntatem,
2226 451 2526 519 actionem;
2576 451 2981 525 possibilitatem
3025 455 3270 524 sciiicct,
3311 474 3414 528 qua

1828 552 2000 613 potesr
2032 539 2205 599 homo
2221 559 2340 600 esse
2375 545 2590 615 justus;
2632 549 2984 617 voluntatem,
3025 565 3126 621 qua
3156 550 3268 606 vult
3294 566 3427 607 esse

1822 632 2034 702 justus;
2075 635 2360 702 actionem,
2388 653 2488 708 qua
2525 637 2699 708 justus
2725 650 2848 699 est:
2880 642 3069 698 horum
3100 644 3256 698 trium
3302 643 3416 712 pri-

1830 740 1994 787 nium,
2029 724 2081 780 id
2110 736 2212 794 cst,
2246 730 2650 796 possibilitatem
2680 732 2856 788 datam
2892 735 3178 791 conﬁtetur
3205 751 3233 789 a
3265 751 3417 791 creas

1829 823 1944 869 tore
1974 819 2199 882 naturie,
2233 833 2330 874 nec
2371 833 2491 874 esse
2520 820 2572 874 in
2602 831 2782 877 noStra
2829 835 3122 898 potestate,
3153 825 3251 882 sed
3295 841 3417 884 eam

1827 920 1926 960 nos
1971 904 2167 960 habere
2208 909 2418 964 etiamsi
2463 910 2734 979 nolimus;
2785 914 2892 970 duo
2921 932 3048 973 vero
3087 918 3290 994 reliqua
3315 960 3330 986 ,
3363 918 3417 978 id

1824 1007 1935 1064 est,
1965 999 2289 1056 voluntatem
2320 1013 2374 1058 et
2402 1004 2668 1059 actionem
2709 1017 2890 1063 nostra
2919 1024 3039 1067 esse
3066 1012 3293 1078 asserit,
3325 1022 3414 1066 at-

1825 1106 1928 1160 que
1956 1097 2025 1147 lta
2056 1093 2208 1150 nobis
2241 1095 2442 1163 tribuit,
2473 1104 2531 1151 ut
2559 1099 2767 1155 nonnisi
2799 1115 2828 1154 a
2859 1101 3014 1156 nobis
3041 1117 3162 1158 esse
3187 1113 3414 1160 conten-

1825 1182 1934 1237 dat.
1987 1185 2224 1256 Denique
2264 1189 2430 1256 gratia
2461 1188 2592 1258 Dei,
2623 1206 2729 1245 non
2773 1193 2873 1247 ista
2915 1195 3020 1248 duo
3040 1235 3055 1260 ,
3083 1210 3202 1265 quae
3233 1209 3413 1258 nostra

1823 1277 2044 1333 omnino
2070 1280 2180 1334 vult
2217 1295 2372 1345 esse,
2413 1283 2466 1340 id
2495 1292 2610 1348 est,
2645 1285 2971 1350 voluntatem
3016 1297 3068 1342 et
3110 1289 3412 1354 actionem;

1823 1367 1917 1422 sed
1961 1369 2102 1424 illam
2132 1387 2251 1442 qua:
2290 1372 2343 1427 in
2387 1381 2650 1443 potestate
2679 1386 2858 1434 nostra
2889 1393 2994 1436 non
3023 1388 3104 1433 est
3127 1420 3142 1443 ,
3177 1388 3229 1432 et
3262 1379 3416 1438 nobis

1822 1470 1886 1511 ex
1914 1457 2021 1512 Deo
2047 1467 2147 1526 est,
2183 1460 2234 1515 id
2262 1471 2366 1529 est,
2400 1465 2826 1534 possibilitatem,
2858 1468 3102 1535 perhibet
3130 1468 3370 1538 adjuvari
3395 1489 3412 1531 ;

1822 1556 2069 1623 tauquam
2112 1552 2196 1606 illa
2238 1570 2357 1624 quae
2401 1565 2580 1611 nostra
2610 1567 2734 1613 sunt
2757 1601 2770 1624 ,
2802 1558 2907 1615 hoc
2932 1569 3047 1626 cst,
3081 1561 3327 1618 voluntas
3359 1572 3415 1621 et

1820 1643 1990 1707 actio,
2025 1652 2130 1698 tam
2171 1646 2276 1700 sint
2317 1647 2543 1704 valentia
2583 1651 2646 1704 ad
2687 1651 3056 1706 declinandum
3103 1669 3132 1707 a
3174 1654 3316 1708 malo
3357 1665 3414 1717 et

1822 1733 2120 1791 faciendum
2152 1737 2369 1800 bonum.
2393 1750 2451 1794 ut
2479 1742 2658 1796 divino
2684 1743 2948 1814 adjutorio
2979 1759 3082 1799 non
3111 1744 3409 1818 indigeant;

1821 1826 1950 1882 illud
1981 1843 2104 1883 vero
2135 1831 2276 1899 quod
2313 1833 2464 1891 nobis
2495 1849 2560 1891 ex
2593 1834 2700 1890 Deo
2729 1847 2830 1901 est,
2865 1836 2966 1892 hoc
2992 1839 3060 1893 sit
3100 1839 3408 1910 invalidum,

1820 1919 1870 1975 id
1922 1929 2040 1988 est,
2093 1925 2449 1994 possibilitas,
2497 1937 2554 1983 ut
2595 1943 2810 2004 semper
2842 1931 2856 1962 ³
2894 1933 3077 2010 gratiae
3129 1933 3401 2005 adjuvetur

1819 2015 2037 2072 auxilio.

1890 2127 2115 2186 CAPUT
2155 2129 2242 2208 iV.
2269 2163 2342 2172 —
2367 2134 2422 2188 5.
2465 2133 2568 2188 Sed
2599 2151 2664 2189 ne
2698 2135 2818 2205 quis
2848 2135 3068 2193 forsitan
3107 2137 3276 2202 dicat,
3313 2153 3410 2195 nos

1819 2218 1903 2273 vel
1945 2234 2050 2274 non
2082 2231 2226 2277 recte
2257 2223 2552 2294 intelligere
2592 2241 2712 2293 quas
2738 2226 3003 2296 loquitur,
3031 2227 3118 2283 vel
3148 2229 3411 2289 malevolo

1817 2313 1995 2368 animo
2020 2313 2071 2368 in
2099 2315 2258 2369 alium
2281 2329 2494 2371 sensum
2514 2332 2632 2391 qua:
2657 2333 2759 2372 non
2779 2317 2846 2377 ita
2868 2319 3006 2376 dicta
3028 2329 3153 2378 sunt
3170 2329 3404 2386 vertere,

1819 2402 1931 2472 ipsa
1971 2403 2080 2473 jam
2113 2406 2271 2461 verba
2313 2405 2428 2476 ejus
2468 2407 2711 2476 accipite.
2764 2426 2784 2460 ι
2827 2408 2936 2462 Nos
2970 2428 2989 2462 ι
3040 2410 3243 2480 inquit,
3279 2429 3296 2462 ι
3333 2412 3411 2468 sio

1822 2494 1923 2548 tria
1971 2495 2070 2550 ista
2115 2495 2523 2568 distinguimus,
2552 2507 2607 2552 ct
2653 2507 2854 2553 certum
2882 2500 3026 2554 velut
3071 2501 3123 2554 in
3169 2501 3408 2562 ordinem

1816 2584 2021 2656 digesta
2058 2587 2332 2656 partimur.
2383 2587 2562 2643 Primo
2610 2589 2726 2644 loco
2771 2604 2927 2659 posse
2970 2592 3274 2658 statuimus,
3319 2608 3408 2647 se.

1817 2677 1992 2732 cundo
2023 2679 2177 2745 velle,
2225 2679 2386 2736 tertio
2432 2695 2572 2736 esse.
2621 2680 2786 2739 Posse
2833 2683 2884 2738 in
2927 2692 3146 2749 natura,
3179 2685 3313 2742 velle
3357 2687 3407 2745 in

1820 2769 2077 2836 arbitrio,
2103 2784 2225 2824 esse
2268 2770 2319 2827 in
2360 2769 2550 2826 cifecm
2584 2771 2837 2826 locamus.
2889 2773 3125 2834 Primum
3170 2774 3328 2837 illud.
3359 2775 3410 2836 id

1816 2869 1918 2926 est,
1949 2875 2124 2931 posse,
2151 2861 2220 2916 ad
2249 2863 2413 2918 Deum
2445 2863 2658 2934 proprie
2686 2864 2947 2933 pertinet,
2971 2859 3069 2936 'qui
3099 2866 3226 2925 illud
3253 2882 3406 2930 crca~

1818 2961 1949 3007 tune
1979 2967 2090 3008 sua:
2129 2954 2356 3010 contulit
2387 2973 2401 3010 :
2432 2955 2541 3010 duo
2567 2972 2692 3011 vero
2725 2957 2926 3028 reliqua
2948 2999 2961 3022 ,
2999 2957 3099 3016 hoc
3126 2968 3207 3014 est
3227 3002 3242 3023 ,
3272 2961 3410 3019 Velio

1817 3053 1874 3101 et
1899 3059 2042 3112 esse,
2071 3045 2138 3100 ad
2169 3046 2440 3103 hominem
2472 3047 2748 3104 referenda
2778 3059 2935 3116 sunt,
2965 3051 3086 3121 quia
3113 3050 3178 3105 de
3205 3052 3408 3111 arbitrii

1817 3137 1964 3193 fonte
1998 3137 2350 3195 descendunt.
2398 3139 2542 3211 Ergo
2587 3142 2640 3195 in
2670 3141 2940 3200 voluntate
2981 3151 3034 3196 et
3079 3157 3240 3214 opere
3269 3143 3410 3200 bono

1815 3227 1930 3284 laus
1960 3227 2193 3285 hominis
2221 3239 2303 3286 est
2333 3249 2346 3286 :
2380 3230 2488 3289 imo
2516 3241 2568 3288 et
2598 3231 2863 3296 hominis,
2897 3241 2951 3288 et
2979 3233 3090 3302 Dei,
3120 3234 3208 3304 qui
3240 3235 3408 3304 ipsius

1817 3320 2104 3380 voluntatis
2126 3331 2182 3377 et
2207 3324 2384 3395 operis
2405 3323 2809 3394 possibilitatem
2835 3324 3000 3392 dedit,
3025 3326 3219 3397 quique
3242 3327 3407 3397 ipsam

1817 3412 2220 3482 possibilitatem
2273 3414 2458 3484 gratia:
2507 3431 2617 3469 sua:
2662 3415 2879 3485 adjuvat
2927 3431 3140 3487 semper
3189 3418 3406 3478 auxilio.

1816 3502 1968 3570 Quod
2002 3519 2129 3559 vero
2156 3512 2329 3573 potest
2356 3502 2517 3560 homo
2544 3505 2680 3560 velle
2718 3505 2917 3564 bonum
2943 3515 3102 3577 atque
3131 3509 3405 3578 perlicere,

1816 3593 1982 3649 solius
2010 3593 2100 3649 Dei
2130 3603 2232 3651 est.
2265 3594 2449 3651 Potest
2473 3596 2649 3666 itaque
2680 3597 2805 3655 illud
2834 3613 2994 3652 unum
3026 3613 3164 3666 esse,
3193 3599 3405 3659 etiamsi

1816 3684 1922 3740 duo
1966 3684 2066 3739 ista
2107 3701 2212 3741 non
2259 3686 2452 3740 fuerint
2493 3704 2505 3741 :
2539 3687 2639 3741 ista
2665 3702 2793 3742 vero
2837 3689 2956 3745 sine
3003 3689 3093 3749 illo
3135 3704 3252 3745 esse
3301 3706 3410 3752 non

1818 3785 2060 3844 possunt.
2112 3775 2296 3848 itaque
2347 3777 2572 3832 liberum
2625 3777 2754 3836 mihi
2805 3787 2888 3833 est
2933 3794 3033 3835 nec
3078 3781 3406 3840 voluntatem

1817 3867 2011 3921 bonam
2053 3866 2282 3933 habere,
2328 3883 2426 3922 nec
2469 3869 2730 3929 actionem
2776 3887 2788 3924 :
2834 3870 2978 3929 nullo
3023 3881 3200 3933 autem
3249 3874 3409 3932 modo

1819 3975 2033 4030 possunt
2069 3975 2175 4020 non
2220 3960 2416 4017 habere
2455 3961 2857 4035 possibilitatem
2889 3963 3010 4025 boni
3043 3981 3054 4018 :
3103 3964 3237 4023 iilt‘Sl
3278 3965 3410 4027 mihi

1817 4053 2025 4108 etiamsi
2077 4051 2332 4117 noluero,
2382 4067 2482 4108 nec
2530 4054 2696 4110 otium
2748 4055 2829 4109 sui
2876 4055 3160 4125 aliquando
3210 4059 3261 4115 in
3307 4057 3410 4112 hoc

1817 4155 2004 4202 natura
2033 4146 2241 4218 recipit.
2289 4147 2457 4212 Quem
2486 4146 2639 4207 nobis
2683 4161 2897 4206 sensum
2943 4147 3186 4223 exempla
3229 4147 3410 4221 aliqua

1819 4241 2013 4297 facient
2039 4239 2345 4296 clariorem.
2385 4239 2537 4312 Quod
2571 4254 2850 4310 possumus
2880 4239 3060 4299 videre
3089 4240 3280 4308 oculis,
3310 4257 3411 4297 uo-

1818 4344 1985 4392 strum
2028 4349 2133 4392 non
2173 4343 2296 4389 est:
2341 4334 2481 4403 quod
2514 4348 2640 4389 vero
2684 4333 2823 4391 bone
2849 4343 2940 4389 aut
2979 4334 3115 4396 male
3143 4333 3406 4400 videmus,

1818 4424 1921 4481 hoc
1947 4435 2184 4485 nostrum
2214 4435 2298 4481 est
2325 4424 2419 4498 (η).
2453 4425 2521 4480 Ει
2547 4434 2602 4480 ιιι
2633 4425 2952 4496 generaliter
2981 4425 3235 4486 universa
3263 4441 3411 4479 com.

1820 4520 2043 4589 plectar,
2069 4517 2210 4588 quod
2245 4534 2525 4588 possumus
2551 4534 2710 4574 omne
2746 4519 2943 4579 bonum
2980 4520 3181 4583 facere,
3209 4519 3409 4582 dicere,

1817 4611 2084 4683 cogitare,
2124 4611 2267 4666 illius
2311 4619 2394 4669 cst
2436 4611 2524 4680 qui
2570 4610 2670 4668 hoc
2709 4625 2864 4681 posse
2902 4610 3148 4677 donavit,
3178 4611 3268 4681 qni
3312 4610 3413 4665 hoe

1821 4719 1976 4774 posse
2001 4701 2220 4772 adjuvat
2245 4721 2258 4760 :
2289 4701 2429 4772 quod
2458 4717 2584 4758 vero
2614 4701 2749 4758 bene
2773 4703 2853 4757 vel
2883 4701 3107 4776 agimus,
3136 4701 3219 4757 vel
3242 4703 3414 4770 loqui.-

1820 4811 1968 4861 mur,
1996 4795 2085 4854 vel
2107 4795 2436 4865 cogitamus,
2479 4803 2720 4851 nostrum
2747 4803 2868 4860 est;
2912 4796 3031 4863 quia
3084 4794 3200 4851 base
3233 4795 3409 4855 onmia

1820 4895 2030 4946 vertere
2056 4887 2106 4940 in
2135 4887 2332 4943 malum
2371 4887 2532 4944 etiam
2577 4900 2879 4955 possumus.
2921 4885 3093 4951 Unde,
3123 4886 3261 4956 quod
3292 4902 3414 4956 pro.-

1820 4988 1938 5050 pter
1960 4979 2278 5038 calumniam
2307 4989 2536 5033 vestram
2565 4979 2585 5009 ¹
2614 4993 2758 5048 διυρθ
2786 4978 3130 5047 repetendum
3159 4986 3260 5040 est,
3289 4996 3411 5040 cum

1820 5070 2047 5132 dicimus
2091 5069 2360 5131 hominem
2394 5085 2548 5138 posse
2591 5083 2712 5131 esse
2750 5069 2866 5130 sine
2909 5078 3158 5139 peccato,
3188 5077 3244 5131 et
3282 5086 3410 5124 coii-

1821 5161 2053 5218 fessiono
2097 5161 2462 5232 possibilitatis
2503 5169 2736 5231 acceptae
2775 5160 3050 5220 laudamus
3091 5160 3279 5225 Deum,
3325 5161 3413 5229 qni

1822 5255 1974 5315 nobis
2002 5253 2102 5312 hoc
2126 5267 2284 5325 posse
2315 5253 2536 5328 largitus
2564 5263 2667 5318 est,
2697 5267 2797 5312 nec
2821 5261 2904 5308 est
2931 5251 3004 5313 ibi
3030 5251 3135 5312 ulla
3162 5251 3412 5306 laudandi

1822 5347 2056 5406 hominis
2086 5345 2319 5413 occasio,
2351 5346 2438 5400 ubi
2464 5345 2632 5406 solius
2654 5345 2752 5402 Dei
2787 5359 2948 5404 causa
2981 5352 3275 5402 tractatur:
3309 5360 3422 5400 inin,

1855 5522 1903 5633 ιι
1926 5519 2032 5571 Sola
2056 5519 2204 5571 editio
2226 5525 2358 5580 Lov.,
2395 5519 2483 5572 hoc
2507 5526 2578 5572 est
2599 5520 2904 5586 possibilitas,
2925 5526 3023 5571 tam
3040 5519 3101 5571 sit
3119 5493 3426 5583 invalidum,

1896 5595 2100 5633 semper.

1823 5595 1872 5633 ut
1896 5595 2100 5646 semper.

1888 5660 1910 5691 ²
1935 5667 2034 5707 am.
2059 5663 2132 5706 Er.
2160 5664 2213 5708 et
2234 5658 2499 5709 Victorinus
2522 5665 2626 5719 Ms,
2652 5665 2882 5709 nostram.

1889 5743 1960 5818 (ιι)
1978 5743 2173 5818 omissa
2189 5741 2275 5818 hic
2299 5739 2658 5818 aliavexemjia
2677 5777 2692 5803 ,
2717 5755 2826 5805 quae
2867 5742 3179 5798 excutiuntur
3203 5741 3326 5800 libro
3348 5743 3413 5801 de

1825 5811 1998 5858 natura
2025 5812 2076 5853 et
2098 5810 2271 5867 Gratia,
2297 5817 2346 5861 ιι,

2783 5887 3089 5964 (Βρεμι.)
