3938 6538
444 353 550 407 565

454 467 598 522 enim
635 464 704 534 tle
735 462 894 528 velle,
922 474 1020 516 nec
1056 456 1125 512 de
1159 469 1300 522 esse,
1342 451 1438 508 sed
1478 447 1842 508 tantummodo
1881 445 1948 502 de
1978 459 2043 500 eo

452 557 598 628 quod
639 563 816 626 potest
858 565 1010 614 esse,
1051 545 1354 602 disseritur.
1387 561 1406 595 ι

521 644 749 703 CAPUT
781 642 842 698 Υ.
870 671 938 682 ——
965 639 1018 695 6.
1053 637 1192 692 Ecce
1224 643 1306 691 est
1337 641 1504 688 totum
1536 631 1724 702 dogma
1761 627 1963 699 Pelagii
1992 626 2046 680 in

453 739 594 794 libro
623 737 738 807 ejus
770 732 926 789 tertio
957 745 1052 802 pro
1079 728 1274 784 Libero
1303 725 1554 790 Arbitrio,
1585 724 1665 778 bis
1691 724 1908 780 omnino
1930 734 2052 775 ver-

460 831 544 888 bis
563 829 848 898 diligenter
867 836 1200 894 expressum,
1223 833 1328 890 quo
1353 818 1450 874 tria
1477 817 1596 880 ista,
1624 829 1786 870 unnm
1807 811 1950 884 quod
1969 819 2054 866 est

1701 334 1758 391 S.
1791 328 2160 390 AUGUSTINI
2201 327 2502 385 EPISCOPI

3639 327 3744 387 5“

2155 453 2326 510 retur,
2355 443 2472 496 sine
2499 439 2652 512 cujus
2683 439 2946 510 adjutorio
2982 439 3108 510 quid
3145 447 3229 496 est
3256 438 3455 496 homo?
3489 439 3586 496 sed
3627 440 3744 498 ideo

2152 531 2218 586 ad
2246 531 2383 586 hanc
2409 530 2619 586 laudem
2647 531 2885 602 adjunxit
2921 540 2977 586 et
3015 531 3216 596 Deum,
3246 531 3368 601 quia
3413 532 3516 586 nisi
3557 541 3738 589 natura

2153 636 2296 680 esset
2321 625 2372 679 in
2401 639 2503 696 qua
2535 639 2632 679 nos
2658 621 2928 690 condidit,
2957 638 3064 695 qua
3097 623 3234 680 velle
3265 631 3320 679 et
3355 639 3516 698 agere
3556 638 3742 695 posse-

2155 728 2295 780 mus,
2326 729 2425 770 nec
2449 714 2730 779 vellemus,
2763 729 2862 768 nec
2889 728 3188 784 ageremus.

2226 804 2279 860 8.
2313 804 2461 861 Hanc
2486 814 2664 860 autem
2703 804 2999 860 naturalem
3033 804 3435 874 possibilitatem
3473 805 3618 876 quod
3650 805 3742 862 ad-

457 935 638 994 posse,
662 895 894 976 alterum
922 915 1064 988 quod
1093 923 1176 970 est
1202 911 1360 976 velle,
1393 909 1608 965 tertium
1637 905 1777 977 quod
1801 912 1886 960 est
1907 916 2050 968 esse,
2152 896 2326 966 juvari
2357 896 2448 951 Dei
2475 897 2644 966 gratia
2668 895 2971 964 conﬁtetur,
3001 912 3107 952 non
3141 905 3224 953 est
3265 897 3352 953 hic
3390 908 3636 970 apertum
3665 901 3742 958 vel

454 1014 507 1070 id
530 1019 631 1078 est,
665 1008 1096 1082 possibilitatem,
1120 1005 1464 1066 voluntatem,
1488 1000 1776 1062 actionem,
1797 1002 1943 1049 tanta
1959 1007 2054 1047 cu-

455 1102 594 1158 ravit
615 1100 910 1158 subtilitate
925 1097 1268 1168 distinguere,
1284 1101 1341 1148 ut
1354 1089 1792 1163 quandocumque
1807 1085 2052 1156 legimus,

457 1195 544 1250 vel
571 1192 838 1260 audimus,
866 1190 1060 1246 divina:
1085 1189 1267 1260 gratia:
1295 1183 1613 1256 adjutorium
1643 1177 1908 1241 confiteri,
1940 1185 1997 1230 ut
2025 1190 2054 1229 a

461 1287 604 1342 malo
626 1284 960 1340 declinemus
988 1281 1294 1349 bonumque
1319 1275 1594 1343 faciamus,
1618 1273 1731 1329 sive
1759 1272 1812 1326 in
1837 1271 1954 1340 lege
1977 1275 2058 1322 at-

461 1393 566 1449 que
601 1376 882 1444 doctrina,
912 1373 1026 1430 sive
1060 1371 1285 1426 ubilibet
1320 1366 1636 1430 constituat,
1669 1363 1900 1419 sciamus
1933 1358 2060 1432 quid

462 1469 729 1541 loquitur;
756 1482 857 1522 nec
886 1477 1161 1528 erremus,
1193 1461 1347 1515 aliter
1379 1474 1500 1514 eum
1532 1452 1874 1524 intelligendo
1901 1465 2060 1522 quam

465 1561 647 1616 sentit.
689 1559 841 1615 Scire
873 1557 1067 1628 quippe
1097 1554 1352 1609 debemus
1374 1593 1388 1616 ,
1419 1549 1560 1621 quod
1599 1563 1698 1604 nec
1735 1545 2061 1602 voluntatem

465 1662 733 1716 nostram,
775 1663 874 1704 nec
915 1647 1181 1702 actionem
1218 1643 1398 1699 divino
1433 1638 1670 1711 adjuvari
1706 1635 1874 1692 credit
1909 1633 2064 1688 auxi-

467 1745 562 1808 lio,
594 1741 689 1798 sed
718 1741 890 1798 solam
921 1737 1325 1810 possibilitatem
1365 1733 1651 1790 voluntatis
1680 1739 1840 1801 atque
1863 1727 2060 1798 operis,

468 1848 628 1905 quam
655 1833 826 1888 solam
857 1831 912 1885 in
940 1829 1023 1884 his
1051 1827 1219 1883 tribus
1245 1842 1341 1882 nos
1367 1824 1564 1880 habere
1589 1821 1816 1876 afﬁrmat
1841 1834 1906 1874 ex
1935 1817 2063 1881 Deo,

469 1933 726 1994 tanquam
759 1921 860 1976 hoc
888 1921 956 1975 sit
987 1917 1254 1973 inﬁrmum
1277 1959 1290 1984 ,
1321 1914 1464 1987 quod
1497 1915 1636 1970 Deus
1665 1913 1777 1982 ipse
1807 1907 1983 1980 posuit
2013 1906 2065 1962 in

473 2025 700 2081 natura;
729 2025 923 2069 caetera
961 2025 1089 2066 vero
1118 2009 1225 2065 duo
1254 2024 1372 2078 qua:
1409 2015 1588 2061 nostra
1619 2019 1738 2060 esse
1767 2001 1966 2066 voluit,
1997 1999 2068 2054 ita

473 2105 584 2162 sint
613 2105 788 2172 ﬁrma,
817 2111 872 2158 et
898 2101 1075 2166 fortia,
1104 2109 1159 2155 ct
1187 2099 1287 2155 sibi
1316 2096 1656 2161 sufﬁcientia,
1685 2102 1741 2147 ut
1766 2091 1910 2147 nullo
1937 2089 2071 2144 indi-

475 2205 636 2268 geant
672 2195 788 2266 ejus
817 2193 1051 2257 auxilio;
1084 2199 1138 2246 et
1176 2189 1298 2244 ideo
1337 2203 1443 2242 non
1477 2186 1690 2256 adjuvet
1727 2191 1783 2238 ut
1811 2181 2068 2246 velimus,

474 2303 579 2344 non
607 2287 822 2358 adjuvet
860 2294 917 2340 ut
953 2297 1200 2356 agamus.
1233 2281 1330 2337 sed
1371 2277 1736 2335 tantummodo
1765 2274 1980 2346 adjuvet
2013 2275 2072 2327 ut

475 2381 614 2436 velle
634 2387 688 2436 et
707 2393 864 2449 agere
885 2377 1174 2432 valeamus.
1195 2373 1393 2430 Contra
1418 2381 1596 2427 autem
1617 2367 1922 2439 Apostolus,
1947 2365 2074 2419 Cum

483 2473 690 2536 tintore,
721 2467 920 2539 inquit,
951 2477 998 2524 et
1033 2477 1246 2520 tremore
1280 2475 1494 2519 vestram
1530 2464 1755 2533 ipsorum
1795 2451 2076 2530 aperantini

481 2560 716 2616 salutem.
747 2561 815 2616 Et
847 2567 904 2614 ut
944 2558 1175 2620 scirent,
1211 2557 1334 2626 quia
1375 2569 1478 2609 non
1510 2561 1714 2608 tantum
1747 2551 1800 2604 in
1837 2566 1901 2605 eo
1934 2547 2074 2618 quod

481 2651 693 2723 Operari
723 2649 926 2721 possint
948 2648 1072 2720 (hoc
1096 2648 1238 2702 enim
1266 2647 1317 2700 in
1346 2653 1532 2700 natura
1554 2644 1682 2699 etin
1707 2642 1946 2697 doctrina
1964 2641 2072 2710 jam

481 2741 852 2814 acceperant),
885 2741 981 2796 sed
1010 2739 1170 2796 etiam
1201 2737 1253 2792 in
1281 2753 1346 2792 eo
1375 2736 1516 2808 quod
1546 2741 1855 2806 operantur,
1887 2732 2074 2787 divini-

485 2848 569 2890 tus
598 2835 935 2906 adjuvantur,
971 2847 1076 2886 non
1108 2831 1210 2896 ait,
1240 2830 1381 2885 Deus
1410 2837 1491 2884 est
1527 2828 1668 2883 enim
1705 2827 1793 2897 qui
1828 2835 2078 2896 operatur

484 2928 536 2982 in
567 2927 717 2982 vobis
741 2939 933 2998 posse,
964 2935 1210 2995 tanquam
1249 2923 1348 2993 ipsi
1378 2921 1487 2992 jam
1518 2929 1572 2976 et
1604 2920 1742 2975 velle
1775 2929 1830 2974 et
1865 2919 2078 2989 operari

487 3035 584 3089 per
608 3031 669 3076 se
693 3018 838 3089 ipsos
865 3017 1113 3080 habeant,
1141 3030 1240 3070 nec
1267 3013 1319 3068 in
1345 3011 1429 3069 bis
1449 3013 1655 3068 duobus
1678 3011 1940 3082 adjulorio
1961 3011 2077 3083 ejus

381 3123 388 3130 '
489 3113 794 3184 indigeant;
825 3110 918 3166 sed
947 3111 1040 3178 ait,
1071 3107 1211 3163 Deus
1241 3108 1374 3163 enim
1401 3117 1469 3161 est
1496 3107 1582 3177 qui
1605 3115 1840 3175 operatur
1866 3105 1918 3159 in
1942 3105 2078 3159 vobis

489 3216 534 3260 et
562 3203 688 3260 velle
707 3212 752 3259 et
777 3203 1017 3275 perﬁcere
1049 3198 1307 3272 (Philipp.
1330 3214 1389 3266 ιι,
1423 3198 1492 3252 19..
1515 3207 1562 3252 et
1591 3193 1715 3267 i3);
1747 3197 1829 3252 vel
1858 3197 1997 3251 sicut
2025 3197 2077 3251 in

490 3295 608 3350 aliis
644 3301 700 3349 et
741 3291 970 3346 maxime
1010 3290 1196 3360 graecis
1237 3287 1508 3344 codicibus
1547 3287 1760 3358 legitur,
1793 3296 1838 3340 et
1875 3286 2000 3341 velle
2032 3295 2079 3341 et

491 3383 690 3454 operari
709 3381 808 3455 (α).
823 3381 1012 3436 Videte
1041 3379 1087 3435 si
1114 3393 1218 3434 non
1239 3377 1525 3449 Apostolus
1548 3378 1731 3448 gratim
1752 3377 1846 3434 Dei
1875 3377 2080 3434 futuros

493 3476 827 3532 adversarios
853 3481 1042 3529 sancto
1068 3471 1268 3542 Spiritu
1291 3479 1434 3526 tanto
1457 3479 1580 3526 ante
1605 3469 1866 3542 praevidit,
1887 3479 1944 3526 et
1969 3469 2082 3526 lucc

494 3570 600 3622 duo
620 3609 633 3632 ,
667 3567 716 3622 id
746 3573 860 3632 est,
889 3573 942 3619 et
973 3565 1108 3619 velle
1141 3571 1196 3620 et
1228 3561 1468 3633 operari,
1499 3577 1616 3632 qum
1653 3561 1752 3616 iste
1793 3561 1864 3616 ita
1897 3569 2080 3615 nostra

495 3675 614 3714 esse
643 3657 828 3736 voluit,
860 3663 1106 3726 tanquam
1137 3655 1248 3725 ipsa
1275 3653 1468 3708 divina:
1492 3651 1674 3724 gratim
1701 3666 1806 3707 non
1831 3650 2084 3722 adjuven-

498 3761 582 3804 tur
611 3749 828 3814 auxilio,
859 3749 1023 3804 Deum
1058 3747 1110 3802 in
1140 3745 1292 3802 nobis
1321 3746 1454 3801 dixit
1480 3746 1709 3815 operari.

567 3839 791 3896 CAPUT
811 3838 894 3894 Vl.
917 3869 983 3879 —
999 3838 1054 3894 7.
1073 3837 1256 3908 Neque
1278 3836 1401 3892 hinc
1415 3835 1658 3906 Pelagius
1679 3835 1918 3891 incautos
1939 3834 2086 3890 fallat

499 3948 551 3994 et
581 3937 867 4005 simplices,
897 3934 980 3989 vel
1009 3933 1167 3990 etiam
1197 3947 1257 3989 se
1285 3933 1479 4003 ipsum,
1505 3931 1755 4002 quoniam
1780 3946 1900 3986 cum
1924 3929 2085 3985 dixis-

499 4039 605 4098 set,
641 4047 660 4082 ε
697 4028 838 4098 Ergo
871 4027 923 4081 in
953 4027 1224 4081 voluntate
1251 4032 1306 4079 et
1333 4039 1494 4094 Opere
1531 4023 1672 4078 bono
1702 4023 1818 4078 laus
1857 4021 2086 4077 hominis

501 4131 620 4188 est;
658 4139 678 4174 ι
710 4121 858 4176 velut
884 4118 1115 4174 correxit
1141 4125 1302 4187 atque
1325 4115 1549 4182 addidit,
1582 4133 1602 4168 t
1636 4115 1748 4170 lmo
1776 4122 1832 4170 et
1857 4113 2087 4170 hominis

502 4219 559 4267 et
587 4210 701 4266 Dei.
742 4227 761 4262 ι
797 4207 912 4264 Non
943 4207 1085 4262 enim
1117 4205 1220 4260 hoc
1249 4215 1524 4276 propterea
1554 4203 1718 4267 dixit,
1746 4203 1868 4274 quia
1897 4217 2088 4259 secun-

503 4302 630 4357 dum
657 4314 840 4356 sanam
864 4297 1160 4354 doctrinam
1187 4295 1405 4368 intelligi
1431 4295 1616 4363 voluit,
1639 4295 1779 4366 quod
1806 4305 1859 4352 et
1879 4295 2016 4350 velle
2036 4305 2089 4350 et

503 4393 712 4465 operari
745 4393 883 4449 Deus
907 4399 1157 4461 operetur
1183 4391 1236 4445 iu
1266 4389 1418 4444 nobis
1449 4405 1462 4442 :
1493 4387 1588 4444 sed
1616 4389 1712 4444 cur
1739 4387 1841 4445 hoc
1867 4389 2086 4456 dixerit,

503 4487 632 4543 satis
663 4485 940 4542 evidenter
967 4483 1217 4550 ostendit,
1249 4481 1502 4538 continuo
1527 4481 1913 4554 subiungendo,
1947 4499 1965 4534 α
2001 4483 2090 4552 qui

505 4582 671 4652 ipsius
695 4579 980 4637 voluntatis
999 4587 1054 4634 et
1077 4578 1254 4649 Operis
1273 4575 1675 4648 possibilitatem
1698 4575 1865 4632 dedit.
1899 4593 1920 4646 ρ
1948 4575 2093 4631 Ilanc

503 4681 681 4727 autem
707 4671 1106 4742 pasibilitatem
1136 4671 1188 4726 in
1213 4677 1400 4726 natura
1428 4683 1550 4724 eum
1581 4683 1800 4739 ponere,
1827 4669 1894 4725 de
1919 4669 2092 4724 verbis

505 4765 625 4833 ejus
651 4763 1012 4832 superioribus
1040 4761 1241 4815 clarum
1269 4769 1371 4816 est.
1403 4757 1510 4815 Sed
1548 4773 1616 4816 ne
1655 4758 1785 4814 nihil
1823 4759 1891 4815 de
1925 4759 2093 4830 gratia

505 4853 704 4908 dixisse
729 4851 1018 4916 videretur,
1045 4849 1286 4920 adjunxit
1304 4891 1320 4918 ,
1357 4867 1378 4902 ι
1411 4850 1606 4922 quique
1633 4849 1800 4921 ipsam
1825 4851 2094 4924 possibili-

508 4955 672 5002 tatem
691 4944 876 5016 gratia:
895 4957 1008 4998 sum
1028 4941 1243 5012 adjuvat
1277 4957 1490 5013 semper
1517 4943 1716 4998 auxilio
1744 4960 1758 4998 :
1796 4961 1816 4995 ι
1850 4947 1954 4999 non
1983 4943 2058 4998 ait
2076 4995 2092 5020 ,

507 5035 680 5106 Ipsam
708 5034 1066 5094 voluntatem,
1099 5031 1219 5100 vel,
1251 5029 1423 5104 Ipsam
1455 5033 1854 5103 operationem;
1884 5032 2022 5103 quod
2049 5029 2096 5090 si

507 5130 738 5194 diceret,
769 5141 878 5182 non
905 5127 1196 5183 abhorrere
1230 5141 1258 5180 a
1287 5123 1530 5181 doctrina
1561 5125 1853 5196 apostolica
1881 5126 2094 5183 videre-

508 5233 594 5278 tur
623 5240 638 5277 :
665 5219 762 5277 sed
789 5219 892 5286 ait,
925 5236 944 5271 ι
983 5218 1152 5289 ipsam
1180 5216 1580 5288 possibilitatem
1600 5259 1618 5286 ,
1651 5235 1672 5270 ι
1697 5217 1826 5274 illud
1852 5217 2098 5275 videlicet

506 5329 574 5370 ex
603 5311 772 5368 tribus
801 5310 944 5384 quod
974 5311 1026 5366 in
1057 5319 1244 5366 natura
1283 5307 1504 5374 locavit,
1535 5325 1556 5362 ι
1591 5310 1775 5380 gratia:
1801 5324 1914 5365 sua:
1941 5309 2095 5380 adju-

509 5414 601 5461 vat
621 5419 833 5473 semper
851 5401 1047 5458 auxilio
1070 5417 1084 5456 :
1115 5419 1135 5455 ι
1163 5409 1219 5456 ut
1237 5399 1437 5458 scilicet
1457 5401 1509 5456 in
1531 5399 1798 5456 voluntate
1817 5409 1872 5456 et
1890 5403 2098 5455 actione

507 5511 615 5554 non
638 5495 758 5552 ideo
779 5495 894 5550 laus
920 5493 990 5550 sit
1007 5503 1063 5551 et
1085 5493 1174 5549 Dei
1193 5502 1248 5548 et
1268 5492 1520 5562 hominis,
1541 5493 1664 5564 quia
1682 5493 1760 5548 sic
1779 5493 1892 5548 vult
1915 5492 2092 5558 homo,

509 5597 568 5644 ut
593 5599 765 5642 tamen
797 5587 936 5641 Deus
964 5583 1220 5640 voluntati
1247 5583 1363 5656 ejus
1394 5584 1642 5640 ardorem
1677 5581 1980 5640 dilectionis
2013 5582 2097 5638 in-

509 5679 707 5749 spiret;
737 5685 792 5733 et
815 5677 895 5733 sic
920 5685 1170 5748 operatur
1197 5675 1391 5745 homo,
1425 5685 1482 5732 ut
1511 5685 1688 5733 tamen
1727 5675 1868 5732 Deus
1900 5687 2096 5745 coope-

571 5792 646 5858 (a)
675 5799 865 5855 Graece,
887 5797 934 5844 to
953 5789 1191 5857 meer

2158 1004 2314 1058 quam
2341 988 2483 1044 dicat
2509 990 2761 1060 gratiam,
2794 989 2877 1044 vel
2906 997 3169 1060 quatenus
3191 1005 3252 1046 ea
3283 1001 3528 1046 naturam
3555 995 3742 1051 sentiat

2158 1081 2394 1150 adjuvari
2423 1099 2436 1134 :
2464 1081 2556 1137 sed
2583 1081 2716 1136 sicut
2741 1083 2856 1136 aliis
2882 1081 3035 1152 locis,
3063 1084 3113 1138 iu
3137 1085 3330 1154 quibus
3350 1085 3650 1144 evidentius
3671 1089 3746 1144 lo-

2161 1173 2360 1244 quitur,
2391 1172 2606 1244 intelligi
2635 1181 2828 1243 potest,
2859 1189 2963 1229 non
2993 1174 3104 1229 vult
3127 1175 3268 1232 aliud
3291 1177 3458 1250 accipi
3485 1193 3642 1250 quam
3671 1180 3746 1238 le-

2161 1279 2278 1334 gem
2308 1273 2465 1335 atque
2492 1264 2807 1332 doetriuam,
2838 1280 2940 1336 qua
2969 1267 3226 1322 naturalis
3249 1269 3572 1338 possibilitas
3598 1272 3748 1344 adju-

2163 1365 2334 1412 vetur.

2233 1445 2458 1503 CAPUT
2479 1447 2663 1502 VII.—
2675 1447 2804 1502 Nam
2828 1448 3056 1520 quodam
3082 1449 3202 1506 loco
3221 1451 3294 1508 ait
3317 1469 3331 1507 :
3361 1472 3382 1506 ι
3411 1453 3510 1510 Hic
3531 1471 3628 1512 nos
3649 1461 3746 1512 lm-

2165 1535 2474 1608 peritissimi
2511 1536 2784 1592 hominum
2825 1549 3010 1608 putant
3049 1540 3295 1611 injuriam
3336 1543 3533 1600 divina:
3567 1525 3748 1618 gratia:

2165 1625 2362 1696 facere,
2389 1627 2510 1698 quia
2529 1627 2754 1684 dicimus
2773 1644 2890 1684 eam
2912 1631 3028 1687 sine
3051 1632 3322 1690 voluntate
3347 1643 3528 1692 nostra
3553 1653 3748 1708 nequa-

2168 1733 2324 1787 quam
2351 1720 2402 1772 in
2431 1719 2583 1774 nobis
2609 1718 2867 1790 perficere
2894 1724 3226 1782 sanctitatem
3253 1744 3264 1780 :
3292 1729 3442 1798 quasi
3468 1731 3610 1785 Deus
3632 1747 3748 1802 gra-

2171 1808 2257 1863 tiae
2284 1823 2394 1865 sua:
2421 1810 2616 1882 aliquid
2645 1811 3000 1882 imperaverit,
3026 1825 3207 1871 etnon
3233 1817 3340 1872 illis
3366 1820 3560 1889 quibus
3589 1821 3750 1890 impe-

2171 1899 2324 1964 ravit,
2345 1901 2503 1956 etiam
2523 1902 2708 1971 gratim
2724 1918 2834 1957 suae
2852 1903 3108 1960 auxilium
3129 1907 3512 1978 subministret,
3537 1922 3596 1966 ut
3614 1913 3750 1984 quod

2173 2004 2270 2058 per
2293 1989 2518 2045 liberum
2559 1991 2802 2048 homines
2825 1992 3000 2050 facere
3023 1995 3274 2066 jubentur
3301 2000 3604 2069 arbitrium,
3631 2003 3752 2060 faci-

2173 2079 2274 2134 lius
2301 2090 2516 2150 possent
2540 2082 2760 2154 implere
2789 2101 2883 2156 per
2907 2087 3152 2156 gratiam.
3182 2108 3202 2142 ι
3231 2089 3298 2146 Et
3321 2101 3570 2164 tanquam
3592 2096 3752 2166 expli-

2175 2181 2388 2227 caturus
2407 2189 2564 2244 quam
2585 2173 2723 2230 dicat
2744 2178 2990 2248 gratiam,
3017 2189 3228 2237 secutus
3246 2183 3508 2253 adjunxit,
3531 2185 3712 2242 dicens
3734 2205 3748 2243 :

2182 2282 2203 2316 ι
2233 2263 2402 2332 Quam
2433 2280 2528 2321 nos
2557 2283 2662 2322 non
2682 2309 2697 2334 ,
2729 2277 2786 2323 ut
2824 2279 2880 2323 tu
2913 2282 3100 2340 putas,
3131 2271 3184 2328 in
3216 2274 3330 2345 lege
3359 2279 3750 2346 tantummodo,

2175 2353 2270 2409 sed
2309 2363 2364 2410 et
2401 2355 2451 2409 in
2487 2356 2580 2411 Dei
2614 2372 2733 2413 esse
2770 2358 3032 2430 adjutorio
3070 2362 3406 2420 conﬁtemur.
3445 2386 3465 2419 ι
3497 2367 3627 2436 Quis
3653 2386 3751 2426 non

2180 2444 2265 2499 hic
2283 2445 2548 2526 desideret
2575 2455 2632 2502 ut
2656 2451 2900 2506 ostendat
2923 2467 3080 2522 quam
3107 2455 3232 2510 velit
3259 2457 3474 2528 intelligi
3501 2460 3752 2529 gratiam?

2179 2534 2402 2606 Pr0pter
2422 2537 2522 2592 hoc
2541 2539 2682 2594 enim
2705 2541 2932 2597 maxime
2953 2542 3018 2598 de
3039 2543 3132 2600 illo
3151 2556 3461 2616 exspectare
3480 2551 3752 2620 debemus,

2179 2639 2238 2684 ut
2261 2631 2400 2686 dicat
2431 2632 2530 2686 hoc
2556 2633 2698 2704 quod
2723 2633 2850 2688 dicit
2871 2635 2911 2702 ⁸,
2943 2651 3047 2691 non
3079 2638 3131 2692 in
3162 2638 3276 2708 lege
3307 2645 3676 2697 tantummodo
3701 2659 3756 2700 se

2178 2721 2398 2791 gratiam
2420 2721 2681 2778 conﬁteri.
2711 2723 2814 2779 Sed
2837 2725 2990 2781 nobis
3011 2727 3108 2783 hac
3127 2731 3523 2800 exspectatione
3542 2748 3758 2806 suspen-

2179 2813 2288 2880 sis,
2323 2813 2447 2883 quid
2483 2813 2746 2872 addiderit
2783 2816 3059 2872 intuemini
3101 2837 3115 2874 :
3155 2837 3174 2872 ι
3215 2820 3443 2892 Adjuvat
3479 2823 3624 2878 enim
3667 2840 3756 2880 nos

2181 2903 2342 2972 Deus,
2375 2924 2395 2958 ι
2421 2906 2612 2977 inquit,
2641 2925 2661 2960 t
2689 2923 2784 2978 per
2802 2908 3095 2965 doctrinam
3115 2921 3170 2968 et
3191 2915 3570 2972 revelationem
3591 2932 3756 2986 suam,

2180 2996 2305 3052 dum
2333 3001 2508 3055 cordis
2538 3003 2704 3056 nostri
2731 3003 2914 3058 oculos
2939 3006 3141 3075 aperit;
3174 3007 3299 3061 dum
3329 3009 3503 3076 nobis,
3535 3025 3604 3066 ne
3631 3027 3760 3080 pne-

2180 3092 2422 3146 sentibus
2449 3108 2793 3164 occupemur,
2823 3094 2999 3151 futura
3028 3098 3387 3166 demonstrat;
3413 3101 3542 3156 dum
3571 3103 3758 3158 diaboli

2182 3186 2364 3255 pandit
2390 3186 2634 3253 insidias;
2663 3187 2789 3243 dum
2821 3205 2916 3244 nos
2941 3191 3250 3246 multiformi
3276 3201 3329 3248 ct
3355 3194 3603 3249 ineﬁ'nbili
3624 3194 3760 3250 dono

2179 3279 2363 3348 gratim
2397 3279 2632 3334 caelestis
2670 3279 2950 3336 illuminat.
2985 3300 3004 3334 ι
3040 3281 3238 3338 Deinde
3269 3285 3586 3339 sententiam
3615 3301 3758 3340 suam

2183 3371 2407 3440 quadam
2437 3373 2577 3428 velut
2602 3372 2930 3430 absolutionc
2956 3375 3280 3430 concludens
3309 3393 3322 3430 :
3361 3395 3380 3428 ‹
3417 3376 3520 3444 Qui
3550 3379 3666 3433 haec
3689 3378 3760 3432 di-

2183 3463 2275 3530 cit,
2307 3479 2329 3514 s
2361 3461 2552 3532 inquit,
2584 3483 2601 3514 ι
2638 3465 2860 3535 gratiam
2893 3465 2984 3520 tibi
3013 3465 3222 3521 videtur
3249 3467 3477 3538 negare?
3507 3469 3590 3524 An
3620 3477 3673 3526 et
3701 3469 3760 3522 li-

2185 3553 2371 3609 berum
2398 3553 2626 3611 hominis
2651 3557 2946 3627 arbitrium,
2970 3569 3022 3614 et
3045 3559 3134 3615 Dei
3155 3562 3379 3631 gratiam
3402 3559 3756 3616 conﬁtetur?»

2186 3644 2242 3698 lu
2287 3643 2368 3700 his
2405 3647 2648 3702 omnibus
2685 3665 2788 3703 non
2831 3649 3052 3705 recessit
3077 3665 3107 3704 a
3137 3652 3603 3708 commendatione
3643 3653 3763 3720 legis

2186 3745 2344 3808 atque
2373 3737 2656 3808 doctrinm,
2689 3740 2826 3796 hanc
2858 3757 2976 3798 esse
3009 3743 3344 3814 adjuvantem
3382 3744 3607 3816 gratiam
3647 3743 3764 3800 dili-

2186 3842 2371 3902 genter
2397 3835 2686 3904 inculcans,
2716 3847 2767 3892 ct
2793 3838 2892 3894 hoc
2916 3854 3212 3910 exsequens
3233 3841 3370 3911 quod
3397 3849 3764 3911 proposuerat,

2187 3940 2307 3980 cum
2333 3925 2550 3996 diceret,
2581 3948 2599 3982 ι
2633 3929 2726 3986 sed
2758 3931 2808 3986 in
2838 3931 2928 3986 Dei
2956 3947 3076 3987 esse
3099 3932 3361 4004 adjutorio
3382 3933 3716 3988 conﬁtemur.
3745 3951 3764 3984 ι

2190 4017 2426 4090 Denique
2447 4020 2541 4077 Dei
2565 4021 2884 4092 adjutorium
2905 4023 3262 4093 multipliciter
3283 4023 3658 4080 iusinuandum
3683 4039 3771 4094 pu-

2190 4113 2351 4179 tavit,
2377 4115 2846 4171 commemorando
2872 4115 3167 4171 doctrinam
3194 4124 3248 4170 et
3275 4115 3654 4171 revelationem
3673 4155 3692 4182 ,
3719 4123 3770 4168 et

2191 4204 2465 4258 oculorum
2505 4205 2682 4260 cordis
2714 4205 3108 4276 adapertionem
3127 4247 3143 4271 ,
3173 4213 3228 4260 et
3261 4203 3769 4261 demonstrationem

2193 4292 2511 4363 futurorum,
2534 4303 2586 4352 et
2611 4297 2937 4368 apertiouem
2962 4296 3337 4352 diabolicarum
3363 4297 3700 4363 insidiarum,
3723 4305 3774 4351 et

2193 4389 2503 4445 multiformi
2521 4397 2682 4460 atque
2702 4389 2949 4446 ineﬂ'abili
2971 4391 2992 4423 ³
3020 4390 3160 4446 dono
3185 4389 3370 4462 gratia:
3391 4389 3629 4446 caelestis
3659 4389 3774 4456 illuc

2193 4479 2538 4536 minationem
2579 4499 2595 4538 :
2633 4481 2700 4537 ad
2742 4482 2845 4537 hoc
2882 4483 3062 4554 utique
3104 4490 3163 4537 ut
3203 4481 3381 4537 divina
3423 4490 3690 4553 praecepta
3723 4489 3774 4536 et

2197 4574 2452 4642 promissa
2480 4574 2766 4630 discamus.
2800 4574 2914 4631 Iloc
2941 4583 3176 4647 estergo
3203 4574 3426 4647 gratiam
3452 4573 3548 4631 Dei
3577 4589 3776 4647 ponere

2197 4665 2249 4720 in
2277 4665 2392 4737 lege
2415 4661 2574 4737 atque
2597 4665 2856 4722 doctrina.

2275 4757 2504 4817 CAPUT
2543 4757 2674 4814 VIII.
2698 4787 2772 4799 —
2793 4757 2848 4814 9.
2873 4756 3008 4813 Hinc
3031 4755 3208 4828 itaque
3231 4763 3470 4828 apparet,
3495 4755 3638 4811 hanc
3660 4771 3778 4812 eum

2197 4854 2418 4928 gratiam
2445 4847 2707 4917 conﬁteri,
2727 4863 2829 4920 qua
2851 4849 3180 4904 demonstrat
3199 4855 3252 4902 et
3273 4847 3474 4903 revelat
3497 4847 3640 4903 Deus
3659 4848 3782 4918 quid

2198 4964 2356 5022 agere
2379 4944 2698 5008 debeamus;
2723 4959 2826 4998 non
2851 4957 2954 5015 qua
2976 4941 3140 4998 donat
3160 4951 3319 5014 atque
3337 4940 3552 5012 adjuvat
3575 4951 3638 4996 ut
3661 4958 3783 5013 aga-

2199 5057 2320 5100 mus
2344 5059 2358 5097 :
2379 5056 2501 5097 cum
2528 5037 2594 5094 ad
2617 5037 2720 5093 hoc
2741 5037 2916 5109 potius
2938 5037 3112 5092 valeat
3135 5033 3264 5106 legis
3289 5034 3506 5106 agnitio,
3530 5034 3578 5090 si
3606 5035 3746 5107 grati
3761 5053 3787 5089 e

2199 5133 2340 5190 desit
2357 5129 2655 5201 opitulatio,
2677 5139 2734 5184 ut
2756 5129 2846 5182 ﬁat
2867 5125 3099 5182 mandati
3125 5124 3506 5196 prmvaricatio.
3532 5121 3638 5180 Ubi
3657 5128 3788 5179 enim

2200 5241 2302 5280 non
2327 5232 2400 5278 est
2426 5221 2530 5288 lex,
2557 5219 2634 5277 ait
2657 5219 2960 5290 Apostolus,
2993 5232 3083 5272 nec
3111 5215 3456 5288 prmaricalio
3487 5212 3686 5286 (Rom.
3715 5231 3814 5282 tv,.

2193 5313 2304 5387 45)
2339 5331 2353 5368 :
2385 5323 2467 5381 et,
2499 5309 2960 5383 Cencupisceutiam
2989 5307 3294 5375 nesciebam,
3323 5307 3422 5362 nisi
3451 5307 3536 5362 lea:
3569 5299 3820 5374 diceret,‘

2201 5406 2325 5464 Non
2367 5405 2688 5478 concupisces
2713 5401 2822 5475 (Id.
2853 5417 2947 5468 vn,
2973 5399 3054 5474 7).
3082 5401 3160 5456 Ac
3189 5415 3282 5472 per
3307 5398 3430 5467 hoc,
3454 5413 3634 5470 usque
3659 5401 3798 5457 adeo

2201 5499 2342 5558 aliud
2369 5507 2452 5558 est
2480 5499 2594 5564 lex,
2619 5496 2762 5552 aliud
2789 5504 2872 5552 est
2893 5495 3096 5566 gratia,
3123 5502 3182 5550 ut
3209 5493 3294 5550 lex
3321 5507 3426 5550 non
3455 5491 3636 5548 solum
3665 5493 3804 5550 nihil

2201 5591 2390 5665 prosit,
2413 5605 2594 5646 verum
2615 5589 2774 5645 etiam
2801 5585 3088 5657 plurimum
3109 5583 3271 5651 obsit,
3299 5582 3403 5639 nisi
3429 5580 3652 5652 adjuvet
3679 5599 3808 5656 gra-

2268 5726 2287 5794 f
2311 5722 2683 5794 octennem
2699 5727 2805 5794 ἕξιν
2828 5715 3107 5794 Μίάὶοξὲ·
3132 5781 3169 5794 ..
3191 5777 3206 5794 .
3223 5777 3240 5794 .

2265 5788 2288 5820 '
2312 5777 2413 5835 Αἰιῖ.
2438 5791 2533 5846 En,
2556 5789 2602 5836 et
2624 5777 2964 5848 mstiti/brium
2979 5787 3024 5832 et
3044 5777 3348 5844 immbiletu.
