3938 6508
230 372 325 444 383-
1366 359 1564 420 LIBER
1609 360 1694 417 DE
1731 358 1989 415 CRATIA
2028 355 2307 414 CHRISTI.

229 503 300 564 tia;
327 506 373 554 et
404 493 521 549 haec
561 491 884 548 ostendatur
916 488 1046 558 legis
1085 484 1309 546 utilitas,
1341 479 1589 552 quoniam
1627 490 1760 547 quos

3360 363 3465 418 568

1875 474 2251 544 pollicitatione
2275 474 2583 540 succendit;
2612 475 2738 530 dum
2765 477 3087 532 t‘cvclattottc
3111 479 3384 549 sapientia:
3408 501 3459 536 tu

228 590 317 647 facit
333 583 785 660 praevaricationis
808 595 950 644 reos,
978 577 1119 648 cogit
1139 575 1426 644 confugere
1451 571 1514 625 ad
1540 569 1763 660 gratiam
1872 565 2213 660 desiderium
2231 566 2324 622 Dei
2350 574 2652 660 stupentem
2686 569 2909 624 suscitat
2942 569 3304 636 voluntatem;
3337 571 3463 627 dum

228 659 506 743 liberandos,-
538 684 597 731 ct
625 684 686 730 ιιι
712 670 1168 743 concupiscentiae
1197 666 1364 722 malas
1391 671 1644 734 superent
1669 659 1764 715 ad-

1876 657 2030 712 nobis
2052 656 2217 730 (quod
2241 665 2296 712 tu
2316 657 2440 713 alibi
2467 673 2661 729 negare
2684 677 2792 716 non
2816 662 3008 717 metuis
3030 660 3071 735 ¹)
3097 662 3279 747 suadet
3307 680 3470 719 oumc
3495 652 3500 658 ’

224 773 452 850 iuvandos.
482 768 651 826 Jubet
677 768 822 824 enim
855 764 1020 850 magis
1047 775 1206 833 quam
1224 760 1414 850 juvat;
1443 756 1599 850 docet
1627 767 1770 808 mor-
1874 748 2016 850 quod
2045 747 2242 850 bonum
2269 755 2370 803 est.
2407 767 2428 801 ι
2458 747 2596 850 Quid
2629 751 2982 850 manifestius,
3012 752 3145 807 nihil
3172 753 3313 850 aliud
3343 770 3467 850 cum

227 840 461 921 bamesse,
484 868 594 908 non
616 861 806 917 sanat;
831 851 936 905 imo
954 847 1022 902 ab
1042 861 1105 902 ea
1129 845 1306 916 potius
1323 840 1465 912 quod
1489 855 1592 894 non
1618 851 1771 894 sana-

231 963 292 1008 tur
309 956 534 1020 augetur,
563 952 624 998 ut
646 940 903 998 attentius
927 947 980 994 et
1008 935 1282 992 sollicitius
1303 932 1488 1004 gratia:
1511 928 1770 985 medicina

231 1051 468 1116 qtmratur.
496 1036 634 1106 Quia
667 1035 837 1090 littera
863 1031 1044 1086 occidit
1061 1069 1078 1097 ,
1109 1027 1336 1098 Spiritus
1363 1033 1528 1079 autem
1557 1022 1774 1116 vivificat

236 1114 282 1210 (ll
295 1133 392 1190 Cor.
416 1147 492 1196 ιιι,
521 1129 604 1198 6).
636 1127 700 1184 Si
727 1125 861 1180 enim
885 1123 1006 1176 data
1029 1129 1154 1176 esset
1177 1120 1260 1210 teat
1285 1132 1398 1188 qua:
1422 1123 1590 1186 posset
1616 1114 1777 1182 viviﬁ-

238 1208 367 1289 ῥητοί,
396 1221 603 1276 omnino
629 1233 694 1272 ex
719 1217 828 1288 lege
849 1223 975 1270 esset
994 1211 1214 1282 justitia.
1241 1208 1299 1264 ln
1319 1216 1573 1279 quantum
1602 1211 1775 1260 tamen

239 1317 356 1374 etiam
373 1313 454 1368 lex
472 1309 714 1380 adjuvet,
737 1303 976 1376 adjungit
997 1313 1052 1358 et
1068 1302 1199 1358 dicit
1223 1317 1237 1356 :
1261 1299 1365 1356 Sed
1383 1297 1624 1354 conclusit
1645 1295 1784 1351 Scri-

242 1418 351 1479 ptura
369 1404 533 1460 oautia
551 1399 646 1454 sub
670 1406 892 1470 peccato,
914 1405 972 1450 ut
991 1393 1256 1467 promissio
1274 1408 1336 1447 ea:
1360 1391 1462 1460 fide
1482 1389 1608 1444 Iesu
1628 1387 1750 1444 Chri
1761 1417 1778 1427 -

243 1502 287 1554 sti
307 1498 494 1552 daretur
523 1490 862 1548 credentibus.
892 1486 1074 1556 Itaque
1103 1485 1213 1551 lex,
1250 1482 1415 1552 inquit
1433 1524 1448 1549 ,
1477 1481 1782 1552 paedagogus

244 1601 372 1646 noster
394 1589 484 1658 fuit
508 1587 562 1640 in
586 1583 790 1640 Christo
813 1581 937 1636 Jesu
964 1578 1156 1653 (Galat.
1185 1593 1260 1643 ιιι,
1290 1575 1382 1642 il,
1411 1575 1506 1641 ἓξ,
1530 1573 1644 1644 2:1).
1673 1573 1784 1627 lloc

247 1686 378 1754 ipsum
398 1692 522 1749 ergo
544 1675 794 1747 superbis
815 1681 899 1730 est
919 1671 1069 1738 utile,
1093 1670 1192 1725 sub
1211 1676 1432 1739 peccato
1450 1668 1647 1722 arctius
1669 1679 1783 1720 ma-

249 1774 546 1840 nifestiusque
579 1765 862 1833 concludi,
894 1779 962 1818 ne
999 1761 1067 1817 ad
1103 1760 1398 1816 faciendam
1430 1757 1690 1829 justitiam
1719 1757 1785 1812 de

251 1865 366 1922 liberi
386 1861 605 1925 arbitrii,
631 1858 784 1929 quasi
816 1855 1044 1928 propriis
1066 1853 1266 1908 viribus
1291 1857 1670 1921 prtesumatur;
1693 1850 1784 1904 sed

251 1970 363 2010 om
377 1970 428 2008 es
445 1951 752 2012 obstruetur,
777 1957 963 2002 et-reus
984 1946 1075 2015 ﬁat
1097 1945 1260 1999 omnis
1284 1941 1500 1995 mundus
1521 1939 1646 2006 Deo,
1671 1940 1789 2010 quia

254 2064 329 2101 non
342 2043 686 2116 justiﬁcabitur
710 2056 775 2095 ea:
796 2040 906 2110 lege
929 2037 1089 2093 omnis
1112 2051 1232 2090 caro
1253 2050 1426 2089 coram
1452 2033 1562 2089 illo.
1592 2034 1698 2087 Per
1719 2032 1790 2087 le-

257 2157 340 2212 gent
357 2139 470 2192 mitts
492 2135 714 2205 cognitio
743 2132 934 2204 peccati
953 2146 974 2186 :
993 2145 1125 2184 nunc
1149 2138 1316 2182 autem
1338 2129 1446 2182 sine
1470 2128 1576 2198 lege
1590 2127 1791 2199 justitia

263 2231 336 2286 Dei
355 2230 650 2299 ntauifestata
675 2234 778 2292 est,
806 2223 1073 2292 testiﬁcata
1099 2238 1191 2292 per
1214 2219 1402 2292 Legem
1429 2228 1476 2274 et
1510 2220 1792 2290 Prophetas

271 2323 409 2393 (linat.
435 2335 511 2382 ιιι,
547 2317 764 2390 19-21).
796 2314 1074 2384 Quomodo
1101 2328 1230 2385 ergo
1257 2314 1375 2369 sine
1413 2312 1528 2383 lege
1567 2311 1792 2368 manife-

264 2426 396 2477 stata,
417 2415 453 2468 si
479 2428 570 2484 per
596 2413 770 2482 legem
803 2408 1080 2464 testificata
1096 2408 1122 2461 7
1148 2407 1260 2462 Non
1295 2407 1512 2476 itaque'
1539 2405 1656 2461 sine
1680 2404 1796 2475 lege

256 2508 576 2572 manifestata,
616 2503 713 2561 sed
752 2503 870 2558 sine
906 2503 1022 2573 lege
1050 2501 1251 2573 justitia
1272 2543 1288 2568 ,
1318 2501 1441 2571 quia
1473 2499 1675 2570 justitia
1702 2499 1796 2553 Dei

251 2609 352 2665 est,
373 2598 421 2653 id
446 2607 554 2659 est.
577 2611 698 2666 qua:
727 2593 885 2649 nobis
912 2609 1018 2648 non
1047 2608 1114 2648 ex
1150 2592 1265 2664 lege
1291 2592 1393 2655 sit,
1425 2590 1518 2646 sed
1545 2607 1609 2646 ex
1642 2590 1752 2647 Deo
1781 2607 1794 2645 :

258 2705 353 2746 non
386 2704 492 2757 qua
525 2688 612 2742 illo
648 2687 952 2756 imperante
993 2682 1363 2754 cognoscendo
1402 2682 1667 2748 timeatur,
1703 2681 1797 2737 sed

262 2801 372 2856 quas
390 2785 476 2839 illo
498 2783 706 2837 donante
731 2779 1003 2851 diligendo
1036 2787 1300 2841 teneatur,
1329 2783 1464 2832 utet
1490 2776 1578 2847 qui
1603 2775 1798 2848 gloria-

265 2890 344 2934 tur
368 2878 414 2930 in
439 2874 640 2930 Domino
659 2873 917 2944 glorietur
942 2869 984 2942 (1
1009 2869 1126 2926 Cor.
1156 2886 1194 2936 ι,
1224 2868 1336 2940 Si).

327 2966 525 3024 CAI'UT
546 2965 628 3020 IX.
655 2994 725 3005 —
751 2963 840 3019 l0.
869 2961 1008 3030 Quid
1037 2975 1165 3032 ergo
1194 2967 1297 3026 est,
1325 2957 1466 3030 quod
1497 2959 1597 3014 iste
1631 2958 1799 3029 legem

266 3074 400 3133 atque
412 3060 682 3115 doctrinam
701 3057 922 3128 deputat
939 3055 1183 3126 gratiam,
1203 3067 1304 3123 qua
1324 3052 1573 3122 juvamur
1591 3051 1657 3105 ad
1677 3065 1803 3119 ope-

260 3153 446 3207 nudam
461 3149 736 3221 justitiam,
765 3162 885 3218 quae
909 3156 965 3200 ut
992 3145 1212 3200 multum
1241 3143 1473 3214 adjuvet,
1497 3141 1563 3197 ad
1590 3141 1692 3197 hoc
1713 3141 1801 3196 ad-

244 3245 380 3312 juvat
404 3250 454 3295 ut
485 3241 652 3310 gratia
686 3234 1021 3308 requiratur?
1047 3234 1212 3290 Nemo
1244 3235 1386 3290 enim
1422 3241 1597 3304 potest
1634 3233 1803 3302 legem

247 3334 443 3406 implere
459 3348 548 3402 per
566 3332 764 3402 legem.
783 3327 1059 3384 Plenitudo
1075 3327 1216 3383 enim
1236 3325 1368 3397 legis
1381 3325 1611 3380 charitas
1629 3323 1802 3393 (Rom.

246 3442 358 3490 xm,
389 3425 490 3497 10).
519 3423 770 3478 Charitas
796 3429 973 3476 autem
1015 3420 1108 3475 Dei
1149 3433 1253 3473 non
1294 3433 1392 3490 per
1421 3419 1588 3488 legem
1617 3417 1805 3472 dill‘usa

241 3517 381 3572 estin
404 3514 650 3570 cordibus
677 3513 898 3576 nostris,
925 3509 1019 3565 sed
1050 3525 1142 3580 per
1167 3508 1421 3579 Spiritum
1449 3515 1689 3562 sanctum
1715 3506 1804 3577 qui

241 3607 378 3661 datus
402 3613 483 3660 est
508 3603 667 3659 nobis
695 3600 807 3674 (Id.
838 3617 893 3667 v,
933 3600 1010 3671 5).
1053 3598 1280 3654 Proinde
1317 3613 1412 3667 per
1441 3597 1609 3666 legem
1639 3596 1806 3667 gratia

237 3699 638 3764 demonstratur,
667 3703 732 3752 ut
769 3695 853 3750 lex
896 3709 990 3764 per
1023 3693 1246 3764 gratiam
1285 3691 1632 3760 compleatur.
1670 3689 1807 3757 Quid

236 3791 364 3846 enim
392 3789 544 3860 juvat
578 3787 883 3858 Pelagium,
925 3786 1047 3856 quia
1089 3785 1313 3840 diversis
1350 3783 1524 3839 verbis
1563 3783 1806 3839 eamdem

234 3896 339 3937 rem
365 3879 518 3945 dicit,
554 3887 615 3933 ut
643 3893 749 3932 non
781 3876 1103 3947 intelligatur
1135 3875 1188 3928 in
1221 3873 1338 3945 lege
1374 3881 1534 3944 atque
1569 3873 1808 3928 doctrina

233 3972 446 4042 gratiam
467 3970 818 4036 constituere,
843 3982 946 4039 qua
973 3965 1370 4037 possibilitatem
1398 3974 1600 4020 natura:
1621 3965 1814 4020 asserit

232 4059 501 4133 adjuvari?
527 4059 795 4129 Quantum
824 4067 1002 4114 autem
1026 4056 1305 4121 existimo,
1337 4055 1459 4112 ideo
1487 4065 1699 4112 veretur
1726 4055 1811 4111 in-

232 4153 388 4223 telligi
407 4193 426 4216 ,
451 4151 580 4223 quia
615 4149 890 4205 damnavit
919 4162 1014 4204 eos
1046 4147 1136 4218 qui
1168 4146 1352 4202 dicunt
1383 4148 1606 4218 gratiam
1638 4147 1730 4206 Dei
1761 4156 1816 4201 et

227 4244 549 4316 adjutorium
579 4256 690 4298 non
718 4241 783 4296 ad
812 4239 1051 4310 singulos
1082 4245 1232 4293 actus
1257 4237 1405 4304 dari,
1436 4237 1531 4293 sed
1561 4239 1614 4292 in
1644 4237 1816 4292 libero

228 4337 448 4391 arbitrio
481 4348 636 4400 esse,
667 4331 753 4388 vel
793 4332 847 4386 in
893 4330 1007 4400 lege
1041 4338 1202 4398 atque
1234 4328 1477 4384 doctrina
1507 4345 1522 4384 :
1553 4337 1608 4384 et
1636 4338 1811 4383 tamea

226 4426 391 4483 latere
414 4442 476 4482 se
505 4433 672 4496 putat,
699 4439 822 4479 cum
849 4421 967 4476 aliis
989 4431 1146 4492 atque
1171 4420 1290 4475 aliis
1319 4419 1671 4476 locationibus
1697 4435 1813 4476 ver-

227 4525 312 4573 sat
332 4515 777 4588 signiﬁcationem
805 4511 939 4584 legis
966 4523 1124 4583 atque
1148 4510 1425 4567 doctrinm.

299 4607 526 4666 CAPUT
547 4605 616 4664 Χ.
636 4635 712 4649 -
736 4607 824 4660 ll.
860 4605 924 4659 Et
946 4603 1054 4658 alio
1077 4602 1276 4674 quippe
1302 4603 1437 4669 loco,
1465 4617 1587 4658 cum
1616 4602 1708 4658 diu
1730 4617 1816 4657 as-

227 4701 505 4764 seruisset,
531 4713 638 4754 non
667 4695 940 4767 adjutorio
961 4695 1077 4760 Dei,
1101 4695 1194 4752 sed
1218 4709 1286 4749 ex
1310 4694 1463 4749 nobis
1488 4695 1613 4765 ipsis
1640 4695 1692 4750 iu
1721 4711 1816 4750 no-

227 4791 311 4846 bis
331 4789 470 4846 efﬁci
495 4787 830 4844 voluntatem
855 4787 1070 4852 bonam,
1095 4785 1344 4855 opposuit
1364 4785 1466 4839 sibi
1485 4801 1552 4839 ex
1579 4786 1815 4853 Apostoli

223 4883 451 4956 cpistola
477 4880 852 4952 quaestionem,
883 4887 1038 4948 atque
1065 4877 1140 4932 ait
1168 4894 1182 4931 :
1219 4895 1239 4931 ι
1271 4875 1340 4931 Et
1365 4876 1650 4947 quomodo,
1689 4895 1708 4930 ι
1738 4876 1818 4931 itt-

221 4977 357 5047 quit,
392 4994 413 5028 ι
448 4973 619 5031 stabit
643 4971 772 5027 illud
801 4969 1039 5039 Apostoli
1067 4985 1082 5024 :
1109 4966 1250 5024 Deus
1273 4977 1345 5022 est
1369 4968 1503 5022 enim
1526 4968 1614 5037 qui
1641 4985 1821 5041 opera-

219 5075 308 5120 tur
331 5068 385 5122 in
407 5066 552 5122 vobis
575 5074 623 5119 et
649 5063 780 5118 uelle
802 5071 852 5117 et
880 5059 1161 5132 perﬁcere?
1194 5078 1216 5112 ι
1251 5059 1450 5115 Deinde
1479 5070 1536 5114 ut
1560 5059 1701 5115 hanc
1726 5074 1822 5130 op-

223 5159 552 5228 positionem
575 5155 741 5211 veluti
774 5153 1008 5209 solveret
1033 5167 1193 5223 quam
1219 5150 1435 5208 videbat
1460 5150 1694 5223 dogmati
1721 5165 1822 5206 suo

224 5249 582 5305 vehementer
594 5260 720 5303 esse
735 5244 1080 5310 contrariam,
1103 5252 1318 5302 secutus
1333 5243 1576 5315 adjunxit
1593 5260 1612 5299 :
1637 5261 1658 5296 ι
1682 5241 1823 5314 0pc-

223 5350 378 5395 ratur
403 5340 458 5396 in
485 5338 643 5395 nobis
671 5337 810 5394 velle
835 5336 977 5409 quod
1006 5336 1206 5393 bonum
1229 5344 1332 5404 est,
1359 5337 1498 5394 velle
1523 5336 1664 5408 quod
1694 5352 1822 5392 san-

223 5442 377 5487 ctam
398 5441 508 5495 est.
535 5431 666 5487 dum
702 5443 804 5484 nos
832 5429 1062 5485 terrenis
1093 5428 1471 5500 cupiditatibus
1496 5427 1739 5496 deditos,
1768 5438 1820 5485 et

227 5532 502 5578 lautorum
525 5537 682 5578 more
703 5520 1016 5576 animalium
1045 5520 1412 5576 tantummodo
1438 5522 1718 5592 praesentia
1740 5520 1822 5578 di-

230 5612 492 5686 ligentes,
531 5615 726 5670 ustum
763 5612 952 5684 gloria:
989 5611 1351 5684 magnitudine
1386 5622 1443 5668 et
1484 5614 1819 5684 praemiorum

304 5749 327 5816 ξ
357 5756 446 5797 tm.
468 5753 540 5798 Er.
565 5745 803 5816 et__epdex
825 5746 1209 5816 Cygiraunensis,
1224 5743 1510 5810 insiliente.

304 5810 328 5840 ²
351 5819 418 5861 ssc
439 5819 539 5862 κβ.
563 5810 685 5860 ﬁdit!
711 5819 852 5864 vero,
878 5817 974 5857 non
998 5810 1081 5859 ita.

1876 840 2054 896 dicere
2077 841 2322 911 gratiam,
2345 855 2448 911 qua
2476 842 2617 897 Deus
2642 842 2693 897 in
2716 843 2870 897 nobis
2893 855 3144 914 operatur
3164 846 3298 902 velle
3323 848 3464 918 quod

1879 935 2076 989 bonum
2118 943 2234 1000 est,
2275 949 2434 1004 quam
2475 934 2646 1006 legem
2688 944 2846 1007 atque
2883 937 3218 995 doctrinam?
3257 941 3314 996 ltt
3356 943 3476 1014 lege

1880 1040 2114 1096 namque
2143 1035 2193 1081 et
2227 1026 2466 1082 doctrina
2508 1036 2812 1083 sanctarum
2852 1029 3246 1101 Scripturarum
3282 1034 3474 1090 futura:

1881 1118 2066 1189 gloria:
2096 1128 2256 1190 atque
2291 1121 2628 1190 praemiorum
2677 1124 2999 1192 promittitur
3027 1127 3352 1196 magnitudo.
3393 1129 3471 1183 Ad

1883 1211 2176 1264 doctrinam
2203 1212 2432 1280 pertinet
2459 1213 2616 1267 etiam
2644 1214 2785 1284 quod
2813 1215 3070 1284 sapientia
3099 1218 3380 1283 rcvclatur,
3406 1223 3474 1276 ad

1884 1299 2178 1354 doctrinam
2213 1301 2446 1369 pertinet
2477 1318 2596 1356 eum
2631 1304 2888 1359 suadetur
2921 1321 3079 1361 omne
3105 1307 3245 1377 quod
3278 1309 3476 1364 bonum

1886 1402 1986 1447 est.
2020 1394 2082 1447 Et
2114 1394 2158 1447 si
2188 1394 2328 1449 inter
2352 1393 2547 1451 docere
2585 1407 2639 1450 et
2672 1396 2930 1464 suadere,
2957 1400 3041 1454 vel
3077 1399 3252 1470 potius
3278 1404 3478 1458 exhor-

1893 1486 2014 1550 tari,
2047 1485 2246 1540 distare
2275 1485 2470 1557 aliquid
2499 1487 2738 1556 videtur;
2772 1489 2932 1545 etiam
2961 1490 3060 1544 hoc
3086 1500 3261 1547 tamen
3284 1492 3481 1548 doctri-

1889 1592 1972 1630 na:
1997 1578 2347 1647 generalitate
2376 1580 2730 1646 concluditur,
2761 1596 2880 1651 qua:
2906 1583 3203 1653 quibusque
3226 1586 3247 1616 ’
3276 1599 3482 1640 scruto-

1890 1670 2044 1724 nibus
2067 1671 2148 1724 vel
2173 1671 2368 1726 litteris
2391 1673 2694 1728 continetur
2717 1691 2728 1726 :
2755 1690 2875 1728 nam
2900 1684 2952 1730 et
2973 1687 3169 1732 sancta)
3191 1677 3481 1750 Scriptura:

1890 1772 1944 1816 et
1983 1762 2178 1818 docent
2215 1774 2269 1820 et
2298 1764 2676 1832 exhortantur,
2705 1779 2755 1823 et
2787 1778 2960 1838 potest
2990 1785 3108 1826 esse
3148 1773 3199 1826 in
3239 1773 3484 1829 docendo

1891 1863 1946 1908 et
1972 1854 2302 1911 exhortando
2331 1859 2492 1913 etiam
2523 1859 2752 1915 hominis
2790 1862 3051 1930 operatio.
3091 1863 3198 1920 Sed
3237 1881 3334 1920 nos
3364 1883 3481 1922 eam

1891 1946 2115 2015 gratiam
2143 1949 2388 2003 volumus
2417 1949 2516 2006 iste
2535 1950 2822 2022 aliquando
2851 1953 3075 2009 fateatur
3096 1955 3135 2022 ³,
3166 1973 3266 2027 qua
3293 1957 3484 2015 futura:

1892 2039 2074 2108 gloriae
2097 2041 2402 2111 magnitudo
2427 2057 2531 2097 non
2559 2045 2732 2098 solum
2757 2047 3099 2114 promittitur,
3118 2061 3301 2104 verum
3324 2054 3481 2105 etiam

1894 2129 2128 2184 creditur
2156 2141 2208 2185 et
2237 2143 2511 2202 speratur;
2550 2149 2649 2188 nec
2695 2135 2868 2190 solum
2899 2138 3164 2194 revelatur
3189 2141 3444 2211 sapientia
3468 2185 3482 2207 ,
3509 2141 3514 2210 ξ

1899 2237 2079 2276 verum
2102 2231 2156 2276 et
2177 2232 2419 2290 amatur;
2449 2240 2544 2279 nec
2568 2226 2738 2280 solum
2760 2228 3017 2284 suadetur
3040 2245 3198 2286 omne
3220 2234 3360 2302 quod
3394 2234 3485 2288 ho-

1899 2330 2024 2368 nutn
2051 2324 2164 2382 est,
2196 2331 2378 2370 verum
2415 2326 2470 2372 et
2511 2319 2876 2387 persuadetur.
2915 2320 3030 2376 Non
3066 2325 3206 2377 enim
3243 2327 3483 2381 omnium

1899 2415 1983 2462 est
2009 2405 2142 2463 lich
2168 2406 2241 2480 (ll
2269 2406 2448 2463 Thess.
2481 2425 2558 2473 ιιι,
2588 2410 2668 2480 2),
2695 2411 2784 2481 qui
2817 2412 3037 2468 audiunt
3063 2430 3160 2484 per
3182 2413 3486 2486 Scripturas

1906 2501 2184 2556 Dominum
2211 2516 2430 2572 regnum
2452 2502 2708 2558 caelorum
2734 2503 3102 2573 pollicentem;
3127 2517 3217 2561 aut
3239 2510 3489 2564 omnibus

1904 2591 2252 2661 persuadetur
2293 2591 2713 2662 quibuscumque
2755 2593 3029 2662 suadetur,
3075 2605 3133 2650 ut
3173 2598 3388 2654 veniant
3425 2602 3490 2656 ad

1902 2698 2024 2738 eum
2045 2684 2134 2754 qui
2153 2683 2301 2748 dicit,
2333 2682 2505 2738 Venite
2521 2684 2590 2737 ad
2610 2701 2706 2752 me,
2729 2701 2900 2740 omnes
2919 2688 3002 2757 qui
3023 2686 3259 2741 laboratis
3278 2689 3488 2762 (Matth.

1905 2791 1983 2842 XI,
2013 2775 2128 2845 28).
2158 2775 2394 2844 Quorum
2421 2783 2598 2830 autem
2628 2776 2692 2830 sit
2722 2775 2874 2843 ﬁdes,
2907 2785 2962 2832 et
2986 2777 3175 2848 quibus
3208 2784 3493 2849 persuade-
3519 2777 3522 2788 ’

1909 2877 1993 2922 tur
2021 2876 2079 2922 ut
2101 2866 2167 2922 ad
2198 2883 2320 2923 eum
2349 2868 2598 2935 veniant,
2640 2870 2769 2923 satis
2811 2870 2923 2940 ipse
2957 2870 3372 2940 demonstravit,
3407 2863 3520 2928 uhi'

1907 2959 2000 3024 ait,
2034 2957 2199 3013 Nemo
2226 2959 2355 3013 venit
2381 2959 2449 3013 ad
2477 2975 2574 3028 me,
2607 2961 2706 3014 nisi
2735 2959 2890 3015 Pater
2916 2963 3003 3032 qui
3029 2963 3165 3016 misit
3192 2981 3290 3027 me,
3325 2975 3492 3020 traxe-

1907 3054 1973 3107 rit
1993 3069 2107 3106 eum
2130 3069 2148 3106 :
2167 3061 2222 3108 et
2245 3052 2402 3123 paulo
2427 3061 2562 3122 post,
2588 3068 2707 3107 cum
2729 3053 2795 3108 de
2821 3069 2928 3109 non
2947 3055 3286 3111 credentibus
3312 3056 3496 3126 loque-

1912 3154 2085 3210 retur,
2119 3143 2266 3208 Dixi,
2301 3143 2504 3214 inquit,
2533 3143 2698 3211 vobis,
2728 3145 2844 3215 quia
2870 3161 3014 3199 nemo
3044 3155 3201 3216 potest
3237 3148 3400 3201 reuire
3431 3148 3496 3200 ad

1911 3254 2017 3301 me,
2048 3236 2142 3291 nisi
2183 3237 2334 3307 fuerit
2369 3236 2418 3291 ei
2454 3237 2630 3290 datum
2662 3253 2694 3289 a
2733 3235 2890 3290 Patre
2927 3253 3035 3291 mea
3065 3237 3247 3309 (Joan.
3289 3254 3365 3303 vt,
3406 3240 3495 3303 Ut,

1911 3328 2036 3402 66).
2073 3329 2221 3384 llanc
2253 3328 2410 3384 debet
2445 3328 2689 3399 Pelagius
2725 3329 2946 3399 gratiam
2989 3329 3260 3393 confiteri,
3299 3331 3341 3384 si
3383 3327 3528 3386 vult'

1914 3437 2018 3476 non
2049 3421 2220 3476 solum
2248 3419 2456 3486 vocari,
2486 3436 2673 3476 verum
2702 3420 2860 3476 etiam
2891 3435 3011 3476 esse
3047 3421 3389 3477 christianos.

1984 3546 2210 3604 CAPUT
2251 3545 2343 3602 XI.
2383 3576 2454 3587 —
2484 3546 2572 3602 l2.
2612 3545 2746 3615 Quid
2776 3556 2954 3602 autem
2984 3546 3156 3603 dicam
3188 3547 3254 3603 de
3293 3549 3500 3604 revela-

1917 3642 2059 3696 tione
2086 3640 2362 3712 sapientiae.
2382 3640 2406 3694 ?
2427 3637 2614 3710 Neque
2650 3640 2792 3695 enim
2823 3638 2977 3696 facile
3003 3641 3282 3723 quisquam
3312 3657 3501 3710 spora-

1915 3734 2054 3790 verit
2092 3734 2144 3788 in
2187 3731 2287 3787 hac
2315 3733 2421 3787 vita
2467 3745 2626 3802 posse
2672 3732 2949 3802 pervenire
2973 3732 3041 3788 ad
3085 3730 3530 3805 magnitudinem.

1916 3823 2296 3880 revelationum
2341 3821 2569 3892 apostoli
2615 3821 2806 3877 Pauli:
2838 3830 2894 3876 et
2933 3823 3116 3893 utique
3156 3824 3206 3878 in
3252 3825 3332 3879 eis
3372 3824 3504 3894 quid

1917 3914 2059 3972 aliud
2089 3913 2414 3969 credendum
2443 3921 2527 3968 est
2556 3911 2606 3968 ei
2646 3912 2869 3968 revelari
2898 3913 3070 3969 solere
3092 3953 3114 3980 ,
3138 3914 3238 3970 nisi
3265 3915 3404 3986 quod
3435 3917 3502 3970 ad

1917 4009 2230 4080 sapientiam
2258 4005 2588 4077 pertineret?
2631 4006 2697 4061 Et
2727 4015 2904 4061 tamen
2943 4006 3072 4062 dicit
3101 4023 3116 4062 :
3151 4005 3217 4061 In
3247 4010 3534 4080 utnguitu-_

1919 4101 2036 4155 diue
2062 4098 2419 4154 reuelationum
2448 4114 2674 4153 mearum
2709 4115 2772 4153 ne
2794 4097 3046 4162 extollar,
3090 4098 3240 4153 datus
3277 4111 3348 4153 est
3378 4102 3504 4154 mihi

1918 4191 2151 4247 stimulus
2175 4191 2342 4245 carnis
2369 4205 2511 4256 meat,
2538 4188 2747 4260 angelus
2765 4200 2962 4244 satana:
2986 4189 3072 4260 qui
3095 4206 3174 4243 me
3201 4189 3505 4260 colaphizet.

1924 4282 2141 4354 PrOpter
2167 4281 2302 4352 quod
2328 4290 2403 4335 ter
2438 4281 2710 4350 Dominum
2747 4281 2950 4352 rogavi,
2993 4289 3054 4336 ut.
3077 4286 3297 4354 auferret
3322 4300 3437 4338 eum
3473 4301 3506 4337 a

1921 4392 1998 4430 me
2022 4391 2043 4429 .°
2069 4383 2117 4430 et
2145 4374 2273 4428 dixit
2298 4373 2422 4428 milti
2440 4415 2456 4440 ,
2487 4373 2682 4444 Sumcit
2706 4371 2792 4427 tibi
2818 4373 2983 4444 gratia
3011 4391 3123 4428 mea
3145 4392 3165 4441 ,'
3203 4392 3323 4430 nam
3350 4379 3508 4432 virtus

1920 4467 1971 4521 iu
2002 4466 2294 4536 inﬁrmitate
2319 4464 2579 4536 perﬁcitur
2606 4463 2677 4534 (ll
2706 4462 2823 4518 Cor.
2867 4479 2965 4531 an,
2994 4464 3142 4535 7-9).
3174 4466 3365 4524 l’roeul
3402 4469 3472 4521 du

1922 4560 2008 4614 bio
2033 4560 2076 4614 si
2095 4558 2204 4629 jam
2235 4571 2464 4622 summa,
2491 4563 2545 4610 et
2565 4555 2650 4610 cui
2680 4554 2809 4610 nihil
2839 4564 2983 4610 esset
3009 4555 3334 4622 addendum,
3376 4557 3509 4614 chi-

1923 4656 2051 4710 ritas
2081 4654 2136 4708 in
2166 4651 2422 4724 Apostolo
2446 4658 2573 4704 tunc
2599 4647 2817 4716 fuisset,
2848 4663 2967 4718 qua:
2991 4649 3210 4704 omnino
3235 4665 3340 4705 nou
3387 4667 3509 4722 pos-

1922 4753 2005 4800 set
2033 4743 2235 4810 inllari;
2267 4737 2523 4814 numquid
2548 4737 2570 4770 ⁸
2595 4737 2930 4797 necessarius
2953 4748 3096 4795 esset
3119 4741 3343 4812 angelus
3369 4753 3514 4796 sata-

1925 4857 2027 4908 nas,
2055 4854 2160 4910 quo
2185 4836 2550 4908 eolaphizante
2570 4831 3154 4903 reprimereturelatio,
3175 4849 3296 4903 qua:
3322 4832 3373 4888 in
3400 4850 3514 4889 ma-

1923 4929 2199 5002 gnitudine
2226 4926 2611 4984 revelatiouum
2640 4931 2822 4994 posset
2844 4922 3109 4979 existere?
3138 4924 3274 4991 Quid
3301 4937 3382 4980 est
3412 4942 3514 4980 au-

1927 5033 2033 5080 tem
2061 5020 2204 5088 aliud
2229 5019 2418 5084 elatio,
2446 5032 2605 5088 quam
2632 5013 2880 5071 inﬂatio?
2911 5013 2980 5069 Et
3015 5014 3199 5086 utique
3235 5016 3304 5072 de
3329 5015 3511 5072 t-bari-

1927 5125 2034 5172 tate
2056 5111 2334 5170 verissime
2361 5109 2561 5165 dictum
2590 5113 2694 5173 est,
2723 5103 2956 5160 Charitas
2979 5122 3079 5160 non
3099 5108 3388 5184 retractatur,
3414 5126 3516 5161 mm

1925 5188 2136 5278 inﬂatur
2163 5204 2210 5276 (ι
2233 5201 2355 5260 Cor.
2393 5215 2514 5265 aut,
2553 5200 2635 5270 4).
2679 5198 2803 5254 llaec
2850 5198 3031 5268 itaque
3068 5196 3304 5254 charitas
3340 5199 3519 5256 adhuc

1927 5300 2087 5356 etiam
2120 5297 2175 5353 in
2208 5305 2356 5352 tanto
2384 5291 2643 5364 Apostolo
2679 5285 2748 5346 de
2777 5289 2864 5346 die
2888 5290 2943 5344 in
2969 5289 3114 5346 diem
3152 5288 3395 5360 profecto
3424 5305 3522 5344 au-

2576 5459 2889 5538 negare
2905 5475 2999 5514 nou
3020 5461 3204 5514 metuit.

2456 5536 2733 5588 uscumque.

1989 5601 2011 5632 ³
2026 5596 2174 5646 editio
2209 5584 2320 5642 Am:
2345 5584 2400 5641 et
2434 5596 2514 5638 us.
2556 5584 2842 5646 victorious,
2887 5598 2994 5636 eam
3024 5584 3232 5647 gratum;
3273 5584 3514 5639 nolumus.

1931 5659 2014 5713 mi
2031 5655 2583 5766 “amamur.
2617 5650 2768 5698 Editio
2792 5655 2886 5708 ει,
2910 5661 3018 5698 eam
3047 5647 3258 5711 gratiam
3281 5649 3517 5699 uolumus.

1932 5731 2075 5766 Istam
2096 5719 2196 5766 alia
2381 5715 2602 5766 fateatur.

1932 5731 2075 5773 Istam
2096 5715 2356 5782 aliquando
2379 5715 2602 5825 fateatur.

1993 5787 2014 5816 δ
2040 5784 2285 5825 \‘aticanus
2305 5792 2378 5825 cut
2398 5791 2456 5825 ea:
2475 5811 2488 5825 .
2514 5787 2602 5824 nun

1993 5771 2021 5816 ί
2040 5771 2285 5833 \‘aticaaus
2305 5771 2456 5828 codex
2475 5811 2488 5834 ,
2514 5785 2789 5836 nunquam;
2814 5771 2936 5822 forte
2962 5783 3071 5835 pro,
3101 5784 3417 5836 tu'quuqtuuu.

1990 5474 2006 5506 ί
2034 5472 2283 5522 vaticanus
2303 5472 2408 5525 ηιμ,

1988 5539 2008 5569 ²
2025 5542 2098 5584 Et“.
2125 5540 2176 5583 et
2192 5538 2323 5590 Lov.,
