4042 6520
375 365 477 423 ’567

343 498 346 500 ⁷
373 481 630 551 gebatur,
663 479 914 552 quamdiu
945 477 1104 532 homo
1129 474 1244 546 ejus
1272 471 1496 530 interior
1532 471 1600 527 de
1629 471 1715 526 die
1747 470 1798 525 in
1821 469 1964 524 diem

375 573 733 629 tenovabatur
757 573 824 644 (Il
855 569 974 626 Cor.
1019 584 1066 621 Iv
1093 609 1106 630 ,
1143 563 1232 637 16)
1259 607 1272 630 ,
1307 562 1630 634 perficienda
1659 562 1775 616 sine
1800 560 1965 614 dubio

379 665 466 720 ubi
503 666 610 735 jam
643 679 746 720 non
794 669 975 730 posset
1016 659 1214 726 inflari.
1251 656 1400 710 'l‘unc
1441 665 1620 710 autem
1661 666 1812 707 mens
1851 651 1968 720 ejus

380 753 554 812 adhuc
586 765 700 810 crat
739 753 827 808 ubi
863 750 1142 806 inﬁaretur
1177 746 1544 818 magnitudine
1585 742 1965 810 revelationis,

379 847 552 902 donec
583 845 891 916 impleretur
912 840 1085 896 solido
1114 839 1342 896 mdiﬁcio
1377 837 1653 894 charitatis
1683 854 1698 891 :
1731 833 1968 890 nondum

381 940 524 993 enim
570 934 930 1008 perveniendo
972 931 1442 1005 apprehenderat,
1489 945 1596 1000 quo
1639 925 1970 999 proﬁciendo

380 1029 646 1084 Currebat.
1223 1019 1226 1022 λ

453 1120 680 1178 CAPUT
719 1119 834 1178 Xll.
865 1151 937 1161 -—
967 1121 1052 1175 i3.
1087 1116 1318 1188 Ideoque
1343 1115 1541 1172 nolenti
1571 1115 1770 1186 perpeti
1799 1113 1970 1168 mole—

381 1217 537 1270 stiam
562 1258 578 1284 ,
616 1230 718 1288 qua
749 1215 867 1283 ejus
896 1213 1236 1269 cohiberetur
1272 1208 1434 1264 elatio
1457 1249 1474 1276 ,
1515 1216 1802 1278 antequam
1830 1214 1975 1260 esset

385 1311 437 1363 in
479 1325 545 1363 eo
584 1307 862 1364 cltaritatis
893 1307 1079 1360 ultima
1107 1313 1162 1360 et
1199 1315 1408 1357 summa
1453 1297 1747 1370 perfectio,
1790 1297 1976 1352 rectis-

385 1406 522 1460 sime
549 1403 774 1470 dicitur,
817 1401 1014 1472 Suﬁicit
1051 1399 1140 1452 tibi
1177 1397 1344 1468 gratia
1375 1409 1526 1458 utea;
1565 1409 1682 1446 nam
1721 1393 1879 1446 virtus
1919 1392 1974 1443 in

386 1495 682 1564 inﬁrmitate
724 1493 985 1563 per/icitur
1015 1507 1034 1543 .·
1060 1489 1112 1542 in
1151 1487 1447 1556 inﬁrmitate
1485 1483 1726 1548 -cilicet,
1770 1497 1875 1536 non
1921 1491 1978 1534 ut

387 1589 478 1644 ille
509 1595 675 1658 putat,
710 1603 729 1637 ι
766 1584 943 1640 carnis
973 1591 1208 1646 tantum;
1243 1598 1261 1632 ι
1295 1578 1386 1634 sed
1411 1587 1465 1632 et
1489 1576 1666 1631 carnis
1689 1584 1744 1628 et
1772 1572 1974 1628 animi:

388 1679 516 1751 quia
543 1685 599 1734 et
635 1678 847 1732 animus
890 1685 1004 1730 erat
1045 1673 1097 1728 in
1137 1672 1537 1742 comparatione
1575 1683 1800 1724 summa:
1839 1666 1980 1720 illius

389 1769 733 1840 perfectionis
758 1767 1022 1833 inﬁrmus,
1051 1765 1158 1832 cui,
1195 1781 1261 1818 ne
1289 1763 1638 1818 extulleretur
1669 1761 1686 1793 ί
1714 1801 1730 1825 ,
1761 1757 1981 1829 proinde

390 1861 637 1918 stimulus
663 1860 859 1927 carnis,
887 1859 1106 1928 angelus
1133 1867 1332 1911 satana:
1363 1854 1758 1924 intelligebatur
1783 1851 1938 1906 datus
1966 1868 1980 1906 :

391 1955 636 2026 quamvis
673 1963 818 2012 esset
843 1954 897 2008 in
921 1953 1214 2010 carnalium
1244 1951 1328 2006 vel
1365 1949 1708 2012 animalium,
1745 1943 1981 2000 nondum

397 2049 804 2120 percipientium
835 2063 956 2118 quae
985 2054 1112 2102 sunt
1149 2043 1381 2115 Spiritus
1413 2042 1504 2096 Dei
1532 2039 1574 2112 (l
1599 2039 1718 2096 Cor.
1751 2055 1823 2106 ιι,
1853 2039 1945 2108 lli)
1965 2079 1978 2103 ,

393 2145 824 2216 comparatione,
861 2139 1216 2196 ﬁrmissimus.
1246 2135 1507 2206 Quocirca
1533 2134 1579 2190 si
1609 2133 1776 2188 virtus
1805 2133 1856 2186 in
1901 2131 1984 2184 in-

396 2235 648 2290 ﬁrmitate
672 2233 967 2304 perﬁcitur,
988 2229 1230 2301 quisquis
1255 2243 1314 2283 se
1341 2241 1447 2282 nou
1475 2224 1669 2279 fatetur
1695 2223 1984 2288 inﬁrmmn,

394 2344 502 2383 non
532 2325 820 2398 perﬁcitur.
865 2325 990 2378 llaec
1014 2331 1191 2378 autem
1217 2320 1385 2391 gratia
1417 2333 1520 2390 qua
1557 2317 1724 2372 virtus
1752 2315 1806 2370 in
1837 2313 1989 2370 inﬁr-

396 2422 582 2478 mitate
607 2418 911 2492 perﬁcitur,
949 2414 1352 2485 pra-destinatos
1377 2419 1434 2468 et
1470 2408 1764 2464 secundum
1797 2419 1992 2476 propo-

395 2513 556 2568 situm
593 2517 808 2565 vocatos
838 2505 1015 2580 (Rom.
1041 2521 1158 2572 VIII,
1182 2505 1276 2574 28)
1309 2503 1373 2558 ad
1404 2516 1670 2556 summam
1701 2497 1989 2570 perfectio-

396 2618 521 2658 ncm
547 2600 1094 2674 gloriﬁcationemqne
1139 2595 1396 2666 perducit.
1435 2593 1548 2660 Qua
1579 2592 1748 2662 gratia
1777 2589 1948 2660 agitur
1971 2627 1989 2654 ,

397 2708 506 2748 non
541 2693 716 2748 solum
744 2697 804 2746 ut
843 2687 1084 2744 facienda
1127 2685 1436 2741 noverimus
1461 2724 1478 2750 ,
1508 2698 1692 2736 verum
1735 2680 1896 2742 etiam
1935 2687 1994 2734 ut

399 2783 611 2856 cognita
635 2781 924 2846 faciamus;
957 2793 1056 2834 nec
1086 2777 1262 2834 solum
1289 2786 1348 2830 ut
1375 2773 1642 2844 diligenda
1671 2770 1989 2835 credamus,

399 2891 584 2932 verum
615 2873 775 2930 etiam
807 2881 864 2928 ιιι
891 2871 1094 2928 credita
1121 2869 1424 2938 diligamus.

470 2964 698 3022 CAPUT
737 2963 878 3020 Xlll.
923 2991 996 3002 —
1037 2961 1125 3017 Η.
1161 2960 1285 3014 Ιιιιιο
1327 2956 1496 3028 gratia
1541 2955 1585 3010 si
1627 2953 1868 3010 doctrina
1907 2951 1989 3006 di-

401 3055 570 3113 cenda
599 3066 702 3124 est,
727 3063 876 3111 certe
905 3051 984 3108 sic
1008 3051 1238 3115 chatnr,
1269 3058 1328 3104 ut
1353 3047 1512 3102 altius
1543 3056 1598 3100 et
1625 3045 1848 3100 interius
1873 3057 1992 3098 eam

405 3150 547 3204 Deus
569 3161 690 3204 cum
721 3144 976 3202 ineffabili
999 3142 1260 3199 suavitate
1283 3138 1534 3196 credatur
1561 3135 1862 3202 infundere,
1887 3149 1994 3190 non

401 3239 578 3296 solum
599 3253 697 3311 per
724 3251 818 3294 eos
844 3237 935 3308 qui
963 3235 1203 3307 plantant
1235 3242 1289 3288 et
1314 3231 1490 3302 rigant
1517 3228 1872 3290 extrinsecus,
1899 3224 1995 3280 sed

403 3331 565 3389 etiam
593 3345 691 3402 per
714 3344 773 3386 se
802 3329 975 3398 ipsum
1006 3325 1095 3397 qui
1123 3325 1510 3380 incrementum
1546 3335 1701 3375 suum
1730 3318 2000 3372 ministrat

405 3422 483 3495 (τι)
509 3422 747 3490 occultus
773 3419 816 3490 (l
843 3416 961 3475 Cor.
991 3433 1065 3482 ιιι,
1096 3417 1174 3488 7),
1200 3415 1270 3470 ita
1293 3422 1350 3469 ut
1371 3428 1474 3467 non
1497 3410 1743 3466 ostendat
1769 3419 1998 3464 tantum-

406 3514 569 3570 modo
595 3512 870 3569 veritatem
891 3551 908 3576 ,
945 3523 1130 3562 vermn
1160 3507 1320 3562 etiam
1363 3503 1631 3575 impertiat
1658 3501 1992 3558 cltaritatetn.

407 3607 498 3664 Sic
523 3605 666 3662 enim
697 3603 856 3659 docet
895 3601 1033 3655 Deus
1075 3613 1170 3654 eos
1199 3597 1289 3669 qui
1329 3594 1621 3652 secundum
1665 3592 1996 3663 prepositum

407 3703 586 3758 vocati
606 3707 749 3761 sunt,
774 3695 934 3752 simul
965 3693 1174 3749 donans
1196 3697 1253 3747 et
1270 3689 1396 3761 quid
1417 3695 1577 3760 agant
1599 3686 1757 3759 scire,
1781 3695 1835 3740 et
1859 3683 1998 3756 quod

411 3797 589 3852 sciunt
625 3805 806 3863 agere.
847 3786 1000 3845 Unde
1027 3785 1092 3842 ad
1121 3777 1630 3840 Tbessalonicenses
1654 3780 1732 3834 sic
1766 3780 2000 3850 Aposto-

413 3889 497 3944 lus
519 3885 754 3958 loquitur
780 3903 794 3939 :
823 3879 1170 3937 De‘charitate
1194 3885 1364 3931 autem
1393 3873 1725 3946 fraternitatis
1750 3889 1848 3926 non
1876 3887 2003 3950 opus

415 3978 608 4035 habetis
629 3977 764 4032 vobis
791 3973 942 4030 scribi
963 3989 983 4039 ;
1010 3988 1128 4026 nam
1153 3970 1254 4040 ipsi
1270 3985 1358 4023 vos
1383 3985 1414 4020 a
1440 3965 1547 4020 Deo
1571 3965 1816 4019 didicistis
1841 3973 1896 4017 ut
1925 3963 1978 4017 di
1987 3993 2005 4003 -

413 4073 582 4146 ligatis
601 4071 830 4126 invicem.
857 4067 1029 4136 Atque
1053 4073 1114 4118 ut
1141 4061 1394 4132 probaret
1417 4073 1512 4114 eos
1539 4073 1568 4112 a
1598 4057 1708 4112 Deo
1731 4055 2003 4120 didicisse,

411 4161 686 4234 subjunxit
715 4177 728 4215 :
762 4155 966 4213 Etenim
988 4153 1156 4228 facitis
1175 4153 1306 4207 illud
1325 4151 1378 4205 in
1399 4165 1570 4204 omnes
1591 4151 1791 4220 fratres,
1815 4148 1868 4201 in
1887 4147 2006 4201 uni-

415 4271 557 4312 uersa
593 4251 898 4308 Macedonia
939 4248 980 4320 (l
1009 4245 1185 4302 Thess.
1218 4260 1272 4300 tv
1293 4287 1307 4312 ,
1338 4245 1372 4300 9
1392 4285 1406 4310 ,
1439 4243 1549 4315 10).
1591 4241 1866 4312 Tanquam
1905 4240 2009 4296 hoc

415 4347 488 4404 sit
514 4343 870 4402 certissimum
897 4322 1156 4395 indicium
1178 4335 1320 4409 quod
1349 4351 1380 4390 a
1413 4335 1524 4390 Deo
1552 4333 1805 4389 didiceris
1830 4375 1845 4399 ,
1871 4333 1914 4389 si
1953 4331 2009 4388 id

415 4437 559 4512 quod
589 4435 840 4494 didiceris
873 4433 1083 4489 feceris.
1113 4431 1222 4486 Isto
1251 4429 1410 4485 modo
1451 4437 1574 4484 sunt
1601 4442 1790 4483 omnes
1815 4441 2009 4482 secun-

417 4535 546 4590 dum
591 4530 926 4604 propositum
961 4524 1164 4590 vocati,
1205 4523 1343 4578 sicut
1381 4521 1637 4592 scriptum
1667 4527 1751 4576 est
1790 4519 1842 4573 in
1883 4518 2012 4573 Pro-

416 4623 617 4698 pinetis,
645 4620 884 4676 docibiles
905 4617 1002 4673 Dei
1033 4613 1186 4688 (Isai.
1215 4629 1321 4678 uv,
1351 4613 1452 4680 i3;
1481 4611 1639 4666 Joan.
1664 4626 1737 4678 vr,
1769 4609 1884 4680 45).
1907 4610 2012 4677 Qui

417 4723 596 4771 autem
619 4712 775 4768 novit
795 4709 1010 4782 quidem
1037 4709 1060 4740 '
1091 4705 1233 4778 quod
1263 4704 1383 4760 fieri
1409 4701 1625 4770 debeat,
1655 4710 1709 4757 et
1734 4717 1841 4756 non
1866 4701 2011 4770 facit,

421 4806 662 4863 nondum
689 4817 720 4859 a
751 4803 862 4858 Deo
889 4799 1074 4857 didicit
1099 4786 1392 4855 secundum
1419 4797 1667 4868 gratiam,
1698 4793 1792 4852 sed
1819 4810 2013 4851 secun-

421 4899 552 4956 dum
577 4897 749 4968 legem
775 4910 791 4960 ;
821 4906 931 4948 non
960 4891 1250 4966 secundum
1279 4888 1523 4962 spiritum
1549 4931 1565 4956 ,
1594 4887 1690 4946 sed
1719 4887 2013 4944 secundum

422 4994 678 5049 litteram.
719 4987 972 5058 Quamvis
1011 4985 1164 5040 multi
1189 5027 1204 5053 ,
1245 4983 1386 5055 quod
1413 4977 1641 5052 imperat
1683 4981 1764 5036 lex
1790 5023 1806 5050 ,
1839 4979 2018 5037 facere

423 5083 704 5142 videantur
742 5081 934 5136 timore
963 5091 1137 5150 paena:
1161 5120 1176 5145 ,
1210 5093 1315 5132 non
1343 5089 1528 5130 amore
1561 5073 1784 5144 justitite
1814 5089 1828 5126 :
1857 5087 2015 5142 quam

425 5176 556 5234 dicit
603 5173 893 5244 Apostolus
936 5169 1196 5242 justitiam
1243 5183 1394 5223 suam
1445 5180 1565 5236 qua:
1614 5180 1681 5219 ex
1723 5163 1846 5234 lege
1889 5173 2013 5230 est;

427 5280 676 5339 tanquam
704 5266 774 5321 sit
811 5263 1070 5335 imperata
1091 5306 1106 5331 ,
1136 5275 1244 5316 non
1283 5259 1426 5314 data.
1452 5257 1508 5314 Si
1537 5265 1714 5312 autem
1745 5257 1868 5311 data
1895 5265 2012 5323 est,

427 5375 532 5416 non
559 5357 754 5414 dicitur
778 5349 984 5428 justiti:
1010 5363 1218 5418 nostra,
1259 5349 1354 5406 sed
1397 5347 1492 5405 Dei
1527 5367 1540 5404 :
1573 5349 1695 5419 quia
1726 5348 1802 5403 sic
1833 5345 1891 5402 ﬁt
1916 5363 2014 5402 no-

427 5463 560 5520 stra,
591 5459 652 5505 ut
671 5451 742 5506 sit
771 5447 926 5504 nobis
953 5463 1018 5502 ex
1051 5447 1178 5501 Deo.
1218 5443 1355 5498 Dicit
1380 5441 1524 5496 enim
1555 5457 1568 5494 :
1603 5439 1671 5496 Ut
1699 5441 1926 5496 inveniar
1964 5439 2018 5494 in

490 5586 507 5618 ι
533 5593 634 5634 Am.
669 5589 746 5632 Er.
781 5587 914 5644 ιον..
939 5573 1498 5644 qumdgextolleretur.
1523 5581 1654 5638 Mss,
1703 5575 1818 5640 quin
1863 5575 2019 5628 cxtol-

427 5645 610 5696 teretur
631 5655 789 5707 ;_pro,
816 5638 976 5707 sui'n'e
1006 5638 1337 5707 extollerctur.
1423 5693 1428 5696 _

495 5710 516 5770 ξ
540 5703 674 5770 apud
686 5703 826 5770 1.91.,
853 5703 970 5770 quid
991 5703 1221 5766 estquod.
1429 5760 1440 5770 _

491 5767 565 5826 (rt)
578 5759 744 5828 'uorel
766 5759 1047 5828 legendum
1062 5759 1242 5828 censet
1259 5799 1272 5818 ,
1315 5775 1399 5828 qui
1412 5760 1764 5828 Aincrctm'ntmn
1788 5759 2018 5814 srbmini-

427 5825 566 5878 strat.
593 5827 710 5877 Vide
733 5825 968 5878 Elemeut.
1000 5827 1178 5887 Critia,
1207 5825 1453 5888 pag.'li8.

1616 351 1676 412 s.
1715 345 2083 418 AUGUSTlNl
2125 311 2448 404 Episcort'

3555 341 3670 402 308

2073 467 2162 522 illo
2189 484 2288 522 non
2313 467 2502 522 habens
2535 483 2694 520 nteant
2715 466 2970 540 justitiam
2993 506 3008 533 ,
3039 480 3153 536 qua
3185 481 3251 522 ea:
3290 465 3398 537 iege
3425 474 3501 522 est
3521 505 3540 535 ,
3569 461 3666 522 sed

2073 576 2186 613 eam
2221 576 2334 630 quae
2361 576 2426 614 ea:
2451 559 2553 628 fide
2577 569 2650 614 est
2671 559 2798 613 Jcsu
2822 598 2838 625 ,
2871 559 3126 628 justitiam
3149 575 3212 612 ex
3238 557 3346 612 Deo
3391 557 3663 629 (Philipp.

2075 668 2152 717 ιιι,
2179 653 2258 723 9).
2288 652 2514 708 Tantum
2538 652 2694 722 igitur
2719 651 2859 707 inter
2885 652 3054 721 legem
3073 650 3236 706 distat
3257 659 3312 706 et
3331 649 3578 720 gratiam,
3602 658 3666 705 ut

2073 759 2194 798 cum
2235 745 2318 798 lex
2347 758 2470 799 esse
2513 759 2618 798 non
2657 743 2927 798 dubitctur
2953 759 3018 798 ex
3051 743 3158 798 Deo
3183 783 3198 807 ,
3237 741 3444 808 iustitia
3481 750 3664 798 tamen

2073 851 2194 905 qum
2221 849 2288 890 ex
2321 834 2440 905 lege~
2459 843 2562 902 est,
2592 849 2696 890 non
2722 835 2791 888 sit
2815 850 2880 888 ex
2910 834 3052 899 Deo;
3079 832 3172 888 sed
3195 833 3398 902 justitia
3422 848 3543 903 quae
3567 847 3668 903 per

2073 928 2298 999 gratiam
2325 937 2762 994 consummatur,
2791 943 2854 982 ex
2893 928 3020 983 Deo.
3051 927 3186 993 Quia
3215 943 3282 982 ex
3315 927 3433 998 lege
3457 927 3664 997 justitia

2075 1019 2290 1085 dicitur,
2331 1035 2452 1088 qua:
2479 1018 2536 1072 ﬁt
2567 1027 2783 1088 propter
2813 1018 2944 1088 legis
2982 1018 3322 1073 maledicmm
3354 1018 3372 1050 ³
3407 1035 3420 1072 :
3458 1018 3666 1088 justitia

2077 1127 2143 1164 cx
2175 1111 2284 1165 Deo
2309 1111 2519 1178 dicitur,
2559 1125 2678 1181 qua:
2702 1109 2861 1164 datur
2890 1125 2986 1180 per
3003 1110 3191 1180 gratia:
3217 1109 3534 1166 beneﬁcium
3559 1125 3575 1175 ;
3607 1115 3668 1162 ut

2080 1217 2185 1256 non
2213 1203 2280 1258 sit
2311 1202 2548 1258 terribile
2571 1243 2586 1269 ,
2621 1201 2714 1257 sed
2741 1218 2905 1258 suave
2933 1201 3262 1270 mandatum,
3303 1203 3444 1257 sicut
3477 1210 3670 1256 oratur

2081 1295 2132 1349 in
2161 1295 2394 1362 Psalmo,
2433 1295 2620 1351 Suavis
2641 1311 2714 1357 es,
2743 1294 2978 1357 Domine,
3009 1304 3055 1348 et
3079 1295 3134 1348 in
3159 1303 3246 1348 tua
3269 1294 3518 1348 suavitate
3545 1293 3672 1349 doce

2079 1402 2158 1438 me
2175 1387 2430 1458 justitiam
2457 1395 2598 1439 tuam
2625 1384 2798 1459 (Psaf.
2827 1401 2987 1440 cxvm
3010 1427 3026 1450 ,
3055 1385 3152 1456 68)
3185 1402 3199 1436 :
3231 1383 3282 1439 id
3321 1393 3441 1452 est,
3475 1394 3532 1439 ιιι
3559 1401 3668 1440 non

2083 1477 2366 1533 formidine
2405 1492 2578 1546 pinnae
2601 1477 2868 1532 serviliter
2905 1489 3078 1548 cogar‘
3091 1491 3214 1533 esse
3241 1477 3342 1532 sub
3367 1477 3486 1548 lege
3509 1519 3524 1542 ,
3573 1477 3670 1532 sed

2085 1569 2250 1622 libera
2277 1572 2536 1624 charitate
2577 1568 2814 1624 delecter
2835 1585 2956 1624 esse
2999 1585 3120 1623 cum
3157 1570 3291 1640 lege.
3335 1569 3669 1639 Prmeeptum

2083 1660 2280 1728 quippe
2323 1660 2456 1714 liber
2501 1659 2645 1722 facit,
2691 1660 2781 1730 qui
2830 1661 3002 1715 libens
3055 1659 3196 1714 facit.
3246 1659 3315 1714 Et
3367 1660 3470 1714 hoc
3509 1659 3674 1718 modo

2085 1750 2325 1821 quisquis
2363 1750 2560 1820 discit,
2600 1753 2706 1822 agit
2735 1752 2956 1806 omnino
2992 1751 3245 1822 quidquid
3285 1751 3550 1823 agendum
3587 1752 3676 1808 di-

2086 1841 2295 1898 dieerit.

2157 1931 2383 1989 CAPUT
2419 1932 2559 1989 XIV.
2591 1964 2662 1974 —
2691 1935 2778 1990 15.
2809 1934 2888 1990 De
2929 1933 3032 1988 isto
3058 1934 3284 1990 docendi
3323 1933 3484 1990 modo
3509 1935 3674 1990 etiam

2091 2023 2345 2078 Dominus
2371 2026 2477 2092 ait,
2523 2024 2700 2079 Omnis
2728 2026 2815 2097 qui
2841 2025 3036 2078 audivit
3060 2041 3094 2078 a
3125 2023 3282 2080 Patre
3305 2041 3416 2080 meo
3447 2033 3496 2080 et
3533 2025 3679 2079 didi-

2089 2114 2177 2182 cit,
2206 2115 2338 2168 venit
2356 2114 2425 2168 ad
2447 2131 2527 2169 me
2551 2113 2730 2188 (Joan.
2763 2131 2837 2183 γι,
2865 2116 2978 2186 45).
3005 2114 3106 2182 Qui
3133 2130 3263 2186 ergo
3291 2130 3398 2170 non
3426 2115 3675 2180 venerit,

2091 2221 2198 2261 non
2227 2206 2294 2262 de
2323 2207 2413 2262 illo
2439 2215 2588 2262 recte
2619 2207 2815 2262 dicitur
2835 2250 2852 2272 ,
2893 2207 3108 2262 Audivit
3145 2206 3364 2278 quidem
3401 2216 3458 2263 et
3489 2207 3682 2262 didicit

2091 2298 2194 2354 sibi
2223 2313 2344 2354 esse
2371 2297 2692 2354 veniendum
2711 2337 2728 2365 ,
2771 2298 2866 2354 sed
2899 2297 3076 2354 facere
3104 2314 3210 2352 non
3235 2299 3349 2352 vult
3373 2297 3514 2368 quod
3537 2297 3683 2353 didi-

2093 2390 2183 2445 cit.
2221 2389 2451 2446 Prorsus
2479 2406 2585 2446 non
2615 2399 2762 2446 recte
2787 2388 2984 2446 dicitur
3004 2391 3071 2446 de
3101 2391 3203 2445 isto
3227 2390 3456 2446 docendi
3495 2391 3680 2457 modo,

2094 2495 2200 2552 quo
2229 2496 2323 2551 per
2355 2482 2580 2552 gratiam
2605 2481 2765 2536 docet
2807 2481 2965 2536 Deus.
3003 2481 3058 2538 Si
3095 2482 3270 2549 enim,
3293 2482 3433 2538 sicut
3471 2481 3686 2538 Veritas

2095 2572 2329 2644 loquitur
2349 2615 2366 2641 ,
2408 2571 2584 2628 Omnis
2621 2573 2708 2644 qui
2743 2573 2954 2640 didicit,
2983 2573 3116 2628 venit
3139 2588 3158 2636 ;
3183 2573 3422 2643 quisquis
3459 2589 3566 2629 non
3591 2591 3688 2630 ve-

2096 2667 2212 2731 nit,
2256 2667 2493 2738 profecto
2523 2679 2624 2722 nec
2653 2665 2857 2722 didicit.
2895 2667 3027 2734 Quis
3063 2676 3241 2720 autem
3277 2680 3384 2720 non
3427 2667 3604 2721 videat
3629 2675 3690 2722 et

2095 2759 2280 2817 venire
2303 2773 2624 2828 quemquam
2663 2765 2720 2814 et
2756 2743 2862 2812 non
2897 2757 3081 2813 venire
3109 2757 3331 2812 arbitrio
3355 2758 3688 2814 voluntatis?

2096 2849 2203 2907 Sed
2231 2848 2333 2905 hoc
2355 2849 2632 2905 arbitrium
2661 2857 2836 2919 potest
2871 2863 2992 2904 esse
3022 2848 3196 2904 solum
3221 2891 3236 2915 ,
3267 2850 3312 2905 si
3341 2863 3448 2904 non
3485 2851 3637 2905 venit
3663 2867 3682 2904 :

2097 2957 2203 2998 non
2227 2949 2406 2996 autem
2435 2949 2612 3013 potest
2651 2941 2752 2995 nisi
2781 2939 3022 3010 adjutum
3047 2954 3190 3006 esse,
3221 2941 3265 2994 si
3295 2939 3470 3006 venit;
3511 2949 3564 2996 et
3604 2941 3688 2997 sic

2096 3033 2358 3104 adjutum,
2387 3042 2446 3086 ut
2473 3048 2580 3088 non
2616 3031 2788 3086 solum
2817 3031 2944 3103 quid
2970 3030 3270 3088 faciendum
3295 3033 3366 3088 sit
3399 3033 3554 3099 sciat,
3589 3034 3692 3089 sed

2097 3125 2238 3196 quod
2265 3125 2446 3180 scierit
2483 3124 2644 3182 etiam
2673 3124 2850 3180 faciat.
2889 3126 2970 3180 Ac
2996 3141 3090 3194 per
3115 3124 3219 3196 hoc
3245 3165 3260 3191 ,
3293 3125 3506 3195 quando
3549 3126 3694 3180 Deus

2099 3216 2256 3272 docet
2277 3256 2294 3284 ,
2325 3231 2431 3270 non
2453 3231 2555 3285 per
2579 3214 2714 3286 legis
2739 3215 3008 3281 litteram,
3040 3215 3136 3270 sed
3174 3229 3272 3285 per
3297 3215 3528 3285 Spiritus
3565 3231 3696 3287 gra-

2101 3311 2256 3375 tiam;
2286 3309 2356 3364 ita
2383 3309 2539 3364 docet
2562 3349 2577 3374 ,
2617 3317 2676 3364 ut
2699 3307 2842 3378 quod
2879 3310 3106 3379 quisque
3135 3308 3400 3374 didicerit,
3440 3324 3546 3363 non
3575 3317 3698 3364 tan-

2101 3409 2214 3456 tum
2240 3398 2612 3469 cognoscendo
2641 3398 2836 3463 videat,
2861 3397 2952 3452 sed
2985 3399 3146 3454 etiam
3179 3398 3407 3454 voleudo
3429 3409 3648 3468 appetat
3673 3439 3694 3464 ,

2101 3491 2414 3563 agendoque
2461 3489 2724 3560 perficiat.
2773 3487 2842 3544 Et
2889 3489 2991 3542 isto
3033 3488 3216 3544 divino
3257 3489 3483 3544 docendi
3531 3489 3698 3545 modo

2103 3584 2262 3639 etiam
2290 3583 2401 3653 ipsa
2429 3581 2674 3643 voluntas
2699 3590 2753 3636 et
2783 3581 2894 3651 ipsa
2917 3581 3176 3651 operatio,
3207 3596 3312 3636 non
3339 3581 3451 3636 sola
3477 3583 3698 3638 valendi

2103 3687 2158 3733 et
2187 3674 2443 3747 Operandi
2473 3675 2730 3729 naturalis
2759 3674 3086 3744 possibilitas
3119 3673 3419 3744 adjuvatur.
3461 3672 3518 3729 Si
3547 3675 3698 3728 enim

2105 3769 2278 3824 solum
2311 3781 2466 3837 posse
2493 3775 2733 3820 nostrum
2758 3766 2856 3820 hac
2875 3766 3043 3836 gratia
3063 3764 3364 3834 juvaretur,
3397 3763 3466 3819 ita
3491 3765 3704 3820 diceret

2109 3859 2366 3915 Dominus
2395 3876 2407 3912 :
2439 3857 2626 3912 Omnis
2653 3857 2744 3928 qui
2771 3855 2973 3912 audivit
3014 3871 3043 3910 a
3076 3856 3232 3912 Patre
3263 3865 3319 3911 et
3341 3855 3564 3920 didicit,
3595 3869 3702 3924 po—

2109 3960 2214 4006 test
2240 3951 2422 4006 venire
2451 3949 2518 4004 ad
2549 3965 2651 4002 me.
2685 3947 2800 4004 Non
2826 3957 3003 4002 autem
3043 3949 3112 4001 ita
3147 3947 3284 4002 dixit
3311 3965 3326 4002 :
3355 3946 3448 4003 sed
3469 3988 3486 4010 ,
3515 3945 3704 4001 Omnis

2110 4044 2196 4115 qui
2219 4043 2432 4109 audivit,
2461 4041 2652 4111 inquit,
2682 4057 2714 4094 a
2747 4038 2902 4094 Patre
2920 4049 2965 4092 et
2989 4039 3190 4102 didicit,
3213 4041 3343 4094 venit
3369 4039 3438 4092 ad
3467 4055 3565 4092 me.
3593 4037 3704 4093 Ve-

2113 4135 2230 4190 nire
2258 4149 2416 4204 posse
2455 4132 2508 4187 in
2551 4141 2738 4186 natura
2781 4131 2930 4201 ponit
2957 4131 3234 4201 Pelagius,
3279 4131 3360 4184 vel
3397 4133 3555 4184 etiam
3583 4169 3598 4194 ,
3645 4139 3710 4183 ut

2114 4227 2274 4284 modo
2302 4226 2482 4282 dicere
2503 4225 2698 4294 cmpit,
2727 4225 2778 4278 in
2807 4223 3000 4294 gratia,
3039 4222 3384 4294 qualemlibet
3411 4237 3528 4277 eam
3573 4235 3708 4276 sen-

2115 4319 2232 4384 tiat,
2261 4335 2282 4370 ι
2309 4332 2410 4388 qua
2435 4315 2568 4384 ipsa,
2599 4334 2618 4368 ι
2654 4322 2712 4369 υι
2736 4315 2884 4380 dicit,
2921 4333 2940 4365 ι
2979 4313 3305 4384 possibilitas
3327 4311 3644 4382 adjuvetur:
3683 4331 3703 4364 ι

2115 4411 2299 4466 venire
2321 4417 2499 4464 autem
2525 4409 2636 4478 jam
2667 4409 2718 4462 in
2749 4407 3024 4462 voluntate
3050 4415 3102 4461 et
3131 4421 3295 4476 opere
3331 4414 3431 4459 cst.
3473 4403 3586 4458 Non
3619 4414 3712 4458 est
3797 4445 3800 4448 λ

2115 4511 2293 4556 autem
2319 4515 2654 4571 consequens
2683 4507 2740 4554 ut
2767 4499 2854 4569 qui
2885 4505 3062 4570 potest
3087 4499 3286 4562 venire,
3319 4498 3478 4553 etiam
3505 4498 3710 4566 veniat,

2119 4595 2220 4648 nisi
2246 4594 2296 4648 id
2325 4592 2552 4648 voluerit
2575 4601 2739 4662 atque
2763 4590 2966 4646 fecerit.
2997 4590 3104 4646 Sed
3129 4591 3305 4645 ontuis
3327 4590 3416 4660 qui
3459 4589 3646 4646 didicit
3665 4607 3716 4644 ~a

2121 4685 2309 4750 Patre,
2340 4699 2446 4740 non
2471 4685 2644 4740 solum
2673 4690 2850 4753 potest
2876 4682 3060 4737 venire
3080 4723 3094 4746 ,
3127 4682 3222 4737 sed
3253 4683 3400 4736 venit
3425 4699 3440 4735 :
3475 4681 3560 4736 ubi
3595 4681 3715 4750 jam

2121 4787 2176 4832 et
2203 4776 2576 4847 possibilitatis
2595 4775 2875 4844 profectus
2897 4817 2912 4840 ,
2939 4784 2998 4829 et
3035 4774 3322 4829 voluntatis
3359 4773 3583 4828 auectas
3606 4813 3621 4840 ,
3661 4785 3748 4828 et.

2121 4869 2344 4924 actionis
2373 4867 2593 4924 effectus
2622 4875 2722 4923 est.

2193 4961 2418 5039 CAPUT
2458 4960 2575 5017 XV.
2617 4989 2690 5000 —
2719 4959 2806 5014 16.
2839 4957 2978 5025 Quid
3021 4958 3124 5015 sibi
3155 4973 3288 5030 ergo
3313 4957 3500 5013 volunt
3523 4971 3720 5012 exem—

2125 5055 2230 5126 pla,
2263 5055 2362 5110 nisi
2387 5053 2512 5123 quia
2539 5065 2726 5107 revera
2759 5050 2913 5104 nobis
2941 5050 3060 5120 ejus
3083 5065 3300 5105 sensum
3323 5047 3585 5113 fecerunt,
3607 5048 3722 5101 sic-

2126 5157 2182 5202 ut
2209 5148 2476 5218 pollicitus
2505 5154 2592 5201 est
2609 5185 2626 5210 ,
2653 5144 2972 5208 clariorem;
3003 5157 3106 5196 non
3133 5151 3186 5196 ut
3211 5155 3272 5196 ea
3293 5141 3493 5197 sentire
3515 5139 3724 5194 debea-

2125 5257 2278 5304 mus,
2309 5239 2400 5294 sed
2432 5248 2503 5300 ,ιιι
2537 5238 2588 5294 id
2615 5237 2758 5308 quod
2797 5236 2913 5305 ipse
2939 5236 3145 5299 sensit,
3187 5233 3522 5289 manifestius
3557 5249 3727 5302 apt-ro

2127 5333 2336 5402 tinsque
2361 5330 2686 5386 noscamus?
2713 5347 2734 5380 ι
2768 5327 2918 5396 Quod
2945 5341 3263 5396 possmus,
3301 5345 3320 5378 ι
3355 5325 3543 5395 inquit,
3581 5345 3598 5376 ι
3637 5325 3726 5378 vi-

2125 5427 2258 5482 dere
2285 5423 2485 5487 oculis,
2525 5431 2768 5474 nostrum
2807 5432 2912 5472 non
2939 5427 3024 5472 est
3057 5435 3072 5471 :
3101 5417 3242 5487 quod
3283 5431 3412 5470 vero
3451 5416 3587 5468 bene
3627 5425 3727 5468 aut

2129 5519 2269 5574 male
2303 5516 2548 5572 uidemus
2571 5557 2586 5578 ,
2633 5514 2735 5567 hoc
2773 5521 3018 5567 nostrum
3057 5517 3158 5565 est.
3199 5527 3220 5562 ι
3253 5507 3614 5578 Respondeat
3643 5507 3726 5560 illi

2189 5633 2206 5664 ι
2231 5637 2280 5680 In
2305 5630 2465 5688 editis,
2485 5625 2604 5690 legis
2626 5623 2923 5690 mandatum.
2937 5623 3108 5690 Maius
3125 5620 3187 5690 ad
3207 5617 3488 5670 antitbeSim
3511 5618 3562 5667 in
3585 5625 3725 5690 ayss,

2125 5679 2478 5758 (ῖςίςίνιιιιιιιξιιεῖΔ
2505 5679 2556 5740 ei
2587 5688 2817 5758 faselino,
2853 5679 3318 5758 legis'nmlrdicjtuqt
3343 5694 3363 5758 ί
3378 5679 3730 5758 λςιξρηξιὲξμςιξι

2128 5739 2480 5869 Εἶντῖιηίαιῐυιυὶ
2515 5739 2692 5801 malum
2727 5739 3061 5808 detinuiiatur,
3089 5747 3150 5795 ita
3172 5751 3224 5794 ut
3259 5746 3320 5794 sit
3343 5739 3567 5794 terribile
3587 5752 3728 5790 tuan-

2193 5826 2310 5867 tun.
