3938 6530
241 413 310 472 iis
1339 392 1536 449 LIBER
1580 390 1666 445 DE
1705 363 1960 444 etiam
2000 385 2288 442 CHRISTI.

236 527 446 588 Psalmus,
474 520 565 575 ubi
598 520 713 574 Deo
738 516 932 573 dicitur
955 556 967 578 ,
999 513 1170 565 Auct-te
1203 510 1374 563 orulos
1403 523 1567 572 meos,
1598 520 1659 558 ne
1681 502 1757 557 vi-

234 616 623 674 tmumitatem
647 608 826 682 (Paul.
854 621 1039 670 cxvm,
1071 605 1181 673 '57).
1210 600 1362 669 Qttod
1393 609 1446 653 et
1472 599 1516 652 si
1547 596 1612 652 de
1635 609 1765 650 ocu-

234 714 281 769 lis
297 709 456 766 mentis
473 706 681 762 dictum
706 710 808 767 est,
833 699 956 756 inde
974 698 1153 767 utique
1176 693 1414 765 procedit
1434 692 1486 745 in
1517 691 1612 744 lios
1637 702 1764 743 ocu-

234 803 491 868 loscarnis,
521 799 608 854 vel
638 799 779 853 bene
805 793 983 848 videre
1001 831 1018 857 ,
1037 789 1126 844 vel
1154 788 1296 843 male
1325 804 1338 840 :
1371 801 1476 840 non
1505 779 1766 854 quemad-

237 896 406 952 modum
427 893 680 948 dicuntur
710 889 848 942 bene
872 883 1054 939 videre
1091 881 1236 934 sanis
1264 877 1433 932 oculis
1463 875 1730 929 intuentes
1749 911 1764 935 ,

237 999 275 1044 et
296 987 442 1051 male,
471 981 791 1052 lippientes;
835 974 930 1031 sed
956 973 1094 1029 bene
1121 966 1404 1025 videre'ad
1447 963 1769 1021 subvenien-

239 1081 347 1142 dum,
370 1074 502 1130 male
525 1071 710 1127 videre
737 1067 805 1122 ad
827 1060 1338 1133 concupiscendum.»
1355 1056 1609 1126 Quamvis
1628 1054 1767 1110 enim

243 1188 309 1243 per
327 1170 408 1224 bos
431 1164 725 1222 exteriores
752 1159 938 1215 oculos
961 1155 1205 1211 videatur
1227 1162 1282 1207 et
1306 1164 1510 1220 pauper
1534 1148 1618 1203 cui
1645 1146 1773 1202 sub-

246 1239 420 1324 venitur,
443 1267 498 1313 et
519 1254 719 1311 mulier
741 1267 862 1322 quae
885 1244 1306 1317 concupiscitur;
1338 1253 1516 1296 tamen
1541 1255 1607 1295 ex
1632 1239 1772 1293 inte-

249 1353 421 1410 rioribus
441 1347 505 1403 ad
532 1345 677 1401 male
703 1343 787 1398 vel
814 1342 950 1397 bene
972 1336 1256 1392 videndum
1292 1331 1658 1388 misericordia
1689 1329 1772 1384 vel

252 1443 366 1500 libido
391 1436 642 1510 procedit.
687 1433 799 1490 Cur
838 1445 968 1502 ergo
1004 1429 1198 1484 dicitur
1221 1427 1333 1482 Deo
1357 1460 1384 1492 ,ι
1402 1425 1582 1479 Auerni
1606 1422 1776 1477 oculos

253 1550 372 1596 neos,
398 1547 456 1585 ne
475 1528 678 1582 uideant
704 1520 1014 1580 vanitatem?
1038 1519 1149 1574 Cur
1179 1517 1374 1588 petitur
1401 1514 1540 1586 quod
1570 1512 1637 1568 ad
1676 1527 1773 1567 no-

256 1636 372 1681 stnun
406 1620 629 1691 pertinet
666 1621 982 1686 potestatem
1005 1652 1022 1676 ,
1051 1608 1099 1665 si
1134 1609 1276 1664 Deus
1305 1620 1411 1662 non
1438 1605 1651 1677 adjuvat
1679 1618 1776 1659 vo-

257 1718 451 1772 luntatem
469 1711 491 1764 ἲ
1423 1742 1426 1745 -

307 1801 488 1860 CAPUT
528 1798 669 1854 XVI.
716 1825 790 1836 -—
835 1797 922 1850 17.
969 1811 988 1845 ι
1031 1791 1184 1861 Quod
1228 1789 1370 1861 loqui
1401 1801 1714 1860 possumus,
1755 1805 1774 1839 ι
1829 1779 1832 1782 ’

254 1894 409 1964 inquit,
451 1910 469 1943 t
514 1888 603 1943 Dei
634 1895 721 1942 est
769 1902 784 1941 :
827 1883 966 1955 quod
992 1898 1118 1938 vero
1151 1882 1288 1937 bene
1321 1879 1408 1935 vel
1435 1877 1572 1934 male
1606 1877 1780 1947 loqui-

263 2002 366 2050 mur,
388 1991 609 2037 nostrum
635 1985 740 2034 est.
780 1995 801 2030 ο
835 1975 948 2030 Νοιι
979 1973 1081 2029 hoc
1104 1972 1262 2029 docet
1291 1971 1411 2038 ille,
1439 1969 1528 2041 qui
1553 1969 1784 2039 loquitur

264 2079 376 2134 bene.
401 2071 509 2128 Non
534 2070 666 2125 enim
699 2085 788 2122 vos
823 2067 971 2133 estis,
1002 2066 1202 2136 inquit,
1236 2064 1352 2134 'qui
1377 2059 1786 2135 loquiminigsed

269 2165 434 2235 Spiritus
466 2160 633 2214 Patris
673 2158 829 2213 vestri
866 2157 952 2226 qui
986 2155 1206 2234 loquitur
1238 2154 1290 2207 in
1317 2152 1453 2207 vobis
1477 2149 1686 2223 (Matth.
1717 2166 1747 2203 x
1768 2191 1783 2216 ,

270 2230 352 2328 ait).
376 2274 390 2308 t
412 2254 472 2308 Et
497 2262 550 2306 ut
572 2249 913 2322 generaliter,
951 2265 971 2300 ι
1004 2230 1190 2317 inquit,
1219 2262 1238 2295 ι
1272 2243 1521 2298 universa
1547 2240 1786 2311 comple-

279 2360 388 2416 ctar',
417 2346 534 2417 quod
579 2356 866 2414 possumus
906 2355 1064 2410 omne
1107 2339 1305 2395 bonum
1345 2336 1549 2404 faccre,
1575 2335 1784 2401 dicere,

277 2442 482 2510 cogitare,
522 2435 663 2490 illius
705 2441 790 2488 est
834 2432 922 2500 qui
969 2430 1069 2485 hoc
1108 2443 1266 2499 posse
1289 2427 1541 2496 donavit,
1568 2427 1657 2498 qui
1689 2425 1791 2481 hoc

264 2544 386 2600 posse
419 2526 632 2596 adjuvat.
665 2541 687 2577 ι
736 2523 878 2578 Ecce
919 2521 1082 2576 etiam
1125 2519 1212 2574 hic
1244 2519 1573 2600 superiorem
1600 2517 1793 2591 repetit

256 2597 474 2686 sensum,
506 2616 640 2689 quod
680 2616 897 2670 illorum
935 2614 1135 2679 trium,
1173 2612 1225 2668 id
1253 2620 1364 2682 est,
1390 2597 1790 2685 possibilitatis,

260 2713 538 2777 voluntatis.
568 2708 832 2779 actionis,
873 2705 1084 2766 nonnisi
1128 2709 1447 2780 possibilitas
1491 2707 1790 2780 adjuvatur.

268 2805 476 2878 Denique
495 2802 788 2877 adiungens,
815 2813 874 2859 ut
901 2803 1120 2875 impleat
1143 2804 1284 2874 quod
1315 2803 1575 2859 intendit:
1598 2821 1617 2855 ι
1641 2802 1792 2870 Quod

269 2917 384 2954 vero
408 2900 553 2964 bene,
576 2917 596 2952 ι
620 2898 788 2968 inquit
808 2940 823 2964 ,
855 2915 875 2949 ι
909 2897 1226 2969 veLagimtts
1245 2939 1259 2963 ,
1283 2896 1365 2950 vel
1395 2896 1681 2966 loquimur,
1713 2897 1792 2951 vel

273 2994 518 3064 cogitamus
538 3032 555 3058 ,
582 3001 818 3045 nostrum
848 2999 951 3045 est.
990 3007 1011 3041 ι
1043 2989 1247 3044 Oblitus
1275 2995 1358 3044 est
1383 2987 1524 3058 quod
1552 2989 1796 3058 superius
1819 3013 1822 3015 -

271 3082 398 3152 quasi
420 3087 692 3137 correxerat
712 3122 729 3146 ,
758 3079 848 3135 ubi
872 3094 993 3134 eum
1019 3077 1274 3144 dixisset,
1314 3096 1333 3131 ι
1364 3079 1502 3148 Ergo
1526 3078 1581 3134 in
1606 3077 1795 3149 volun-

267 3183 362 3228 tate
380 3182 428 3228 et
448 3187 591 3243 opere
615 3173 761 3228 bono
788 3172 906 3227 laus
928 3170 1156 3226 hominis
1175 3180 1297 3235 est;
1332 3189 1352 3224 ι
1383 3170 1622 3241 adjunxit
1642 3179 1800 3242 atque

254 3266 344 3332 ait,
371 3285 391 3318 ‹
419 3267 514 3320 imo
532 3275 586 3321 et.
610 3265 879 3332 hominis,
907 3273 960 3320 et
991 3264 1110 3329 Dei,
1138 3246 1227 3334 qiii
1251 3264 1415 3333 ipsius
1440 3263 1728 3318 voluntatis
1747 3272 1802 3319 et

249 3358 408 3426 operis
431 3356 820 3426 possibilitatem
848 3355 1014 3411 dedit.
1045 3373 1064 3408 ι
1099 3355 1204 3411 Cur
1231 3354 1389 3410 etiam
1420 3355 1474 3409 in
1505 3353 1590 3411 liis
1618 3370 1802 3410 exem-

250 3447 343 3516 plis
367 3448 459 3502 ltoc
485 3462 583 3502 non
613 3447 924 3503 recordatus
953 3455 1034 3502 est
1057 3488 1071 3510 ,
1100 3455 1160 3500 ιιι
1183 3446 1374 3502 saltem
1405 3446 1456 3499 itt
1484 3444 1666 3501 eorum
1698 3446 1803 3502 line

244 3537 456 3602 diceret,
485 3537 628 3607 Quod
658 3553 940 3608 possumus
969 3553 1127 3592 omne
1152 3537 1351 3592 bonum
1381 3537 1575 3604 facere,
1602 3539 1801 3605 dicere,

243 3633 490 3700 cogitare,
527 3631 671 3686 illius
711 3639 798 3686 est
833 3631 923 3700 qui
968 3629 1070 3684 lioe
1109 3644 1268 3701 posse
1303 3629 1552 3694 donavit,
1585 3630 1674 3700 qui
1703 3629 1804 3684 lioc

244 3736 387 3790 posse
423 3721 671 3790 adjuvat;
717 3720 863 3792 quod
902 3736 1029 3776 vero
1064 3721 1202 3777 bene
1229 3721 1313 3776 vel
1339 3721 1578 3791 agimus,
1611 3721 1695 3775 vel
1722 3721 1804 3774 lo-

241 3814 472 3882 quimur,
515 3814 594 3870 vel
637 3814 970 3884 cogitamus,
1015 3822 1070 3868 et
1111 3825 1348 3867 nostrum
1388 3823 1503 3880 est,
1537 3821 1593 3867 et
1625 3813 1806 3868 illius?

239 3902 347 3958 Non
386 3905 485 3960 hoc
518 3904 652 3960 dixit
695 3923 708 3959 :
753 3903 880 3972 sed,
920 3905 1021 3959 nisi
1049 3903 1234 3969 fallor,
1261 3903 1446 3960 videor
1466 3902 1598 3959 mibi
1626 3904 1808 3961 videre

242 3993 358 4061 quid
388 3993 572 4048 timuit.

302 4086 520 4143 CAPUT
561 4086 724 4142 XVII.
751 4115 826 4128 —
862 4087 949 4143 18.
992 4088 1126 4142 Cum
1167 4088 1311 4144 enim
1341 4088 1497 4144 vellet
1523 4088 1808 4144 ostendere

235 4192 392 4245 quare
436 4186 673 4233 nostrum
714 4178 784 4232 sit
815 4195 829 4231 :
871 4196 890 4230 t
933 4178 1066 4246 Quia
1105 4178 1252 4244 haec.
1288 4197 1307 4232 ι
1339 4179 1542 4248 inquit,
1579 4197 1598 4231 t
1632 4180 1808 4235 omnia

237 4277 436 4324 vertere
473 4268 632 4323 etiam
677 4267 730 4322 in
774 4268 970 4323 malum
1012 4283 1313 4339 possumus.
1357 4287 1376 4322 ι
1420 4268 1549 4324 Illud
1584 4283 1712 4340 ergo
1741 4271 1812 4324 ti-

237 4360 392 4424 iuuit,
433 4367 492 4414 ut
517 4375 624 4415 non
648 4358 884 4425 diceret,
915 4367 970 4415 et
998 4371 1237 4415 nostrum
1267 4369 1349 4417 est
1375 4369 1429 4416 et
1459 4361 1585 4426 Dei,
1617 4375 1685 4416 ne
1709 4360 1810 4416 sibi

237 4450 676 4520 rcSponderetur,
706 4450 926 4522 Siquod
956 4451 1094 4506 bene
1117 4451 1324 4522 agimus
1345 4492 1361 4516 ,
1393 4451 1694 4522 loquimur,
1722 4467 1814 4507 co-

237 4543 456 4611 gitamus
475 4583 494 4610 ,
537 4543 662 4599 ideo
697 4552 782 4599 est
812 4553 867 4600 et
897 4553 1131 4599 nostrum
1161 4553 1214 4598 et
1240 4544 1368 4611 Dei,
1401 4545 1523 4615 quia
1549 4545 1638 4600 ille
1662 4545 1814 4602 nobis

241 4633 337 4689 hoc
373 4650 528 4706 [insse
557 4635 815 4704 donavit;
843 4651 972 4707 ergo
1000 4645 1055 4692 et
1081 4636 1221 4707 quod
1243 4637 1447 4692 malum
1472 4637 1706 4708 agimus,
1730 4642 1814 4695 Io-

241 4726 443 4796 quimur
459 4769 476 4792 ,
504 4729 802 4799 cogitamus
821 4769 838 4796 ,
866 4737 923 4783 et
948 4736 1188 4783 nostrum
1214 4737 1297 4784 est
1321 4735 1379 4784 et
1402 4727 1519 4797 Dei,
1541 4729 1664 4800 quia
1686 4731 1813 4786 illud

241 4833 390 4886 posse
430 4821 498 4876 ad
539 4831 826 4892 utrumque
865 4821 1110 4890 donavit,
1147 4832 1309 4893 atque
1334 4825 1441 4892 ita,
1473 4825 1613 4895 quod
1637 4826 1813 4893 absit,

240 4912 684 4979 quemadmodum
708 4928 830 4968 cuni
857 4914 968 4968 Deo
994 4912 1273 4969 laudamur
1293 4917 1344 4970 in
1371 4916 1622 4985 aper-ibus
1640 4915 1814 4984 bonis,

238 4999 314 5052 sic
349 5017 468 5057 cum
509 5003 601 5057 illo
640 5002 923 5071 culpamur
963 5002 1019 5057 in
1061 5003 1237 5058 malis.
1275 5004 1603 5061 Possibilitas
1623 5005 1818 5076 quippe

238 5088 359 5157 illa,
406 5107 564 5162 quam
610 5091 790 5161 dedit,
837 5101 942 5152 tam
985 5107 1085 5150 nos
1127 5093 1254 5152 facit
1291 5095 1427 5151 bona
1467 5111 1624 5166 posse
1657 5112 1816 5168 quam

238 5181 392 5234 Inaia.

303 5270 530 5332 CAPUT
557 5272 751 5332 XVIII.
776 5303 852 5319 -ρ
872 5273 957 5331 19.
989 5274 1064 5331 De
1081 5290 1184 5346 qua
1203 5276 1558 5347 possibilitate
1576 5277 1820 5349 Pelagius

238 5359 288 5416 in
310 5363 448 5420 libro
471 5367 642 5436 primo
665 5381 766 5439 pro
786 5365 982 5424 Libero
1001 5367 1234 5424 Arbitrio
1259 5370 1330 5425 ita
1356 5370 1589 5439 loquitur
1615 5387 1629 5424 :
1663 5389 1684 5424 ι
1713 5371 1820 5424 Ila-

237 5451 420 5512 bcmus
456 5467 670 5524 autem,
721 5476 742 5510 ι
789 5457 991 5529 inquit,
1042 5477 1061 5512 ι
1110 5459 1513 5530 possibilitatem
1550 5461 1822 5532 utriusque

238 5548 405 5616 partis
432 5564 462 5600 a
493 5547 605 5605 Deo
631 5548 884 5613 insitam,
911 5550 1053 5605 velut
1073 5551 1355 5621 quamdam
1375 5593 1392 5620 ,
1423 5561 1480 5606 ut
1509 5553 1577 5606 ita
1605 5553 1779 5608 dicam
1803 5593 1819 5619 ,

237 5636 475 5693 radicem
513 5639 843 5695 fructiferam
869 5649 1026 5710 atque
1052 5640 1327 5697 fecundam
1349 5681 1365 5708 ,
1395 5658 1513 5712 quin
1539 5658 1603 5697 ex
1631 5643 1821 5698 volun-

237 5750 722 5858 N'kmnensis
759 5760 866 5815 um,
900 5749 983 5818 qui
1015 5751 1244 5809 locuturis
1277 5751 1416 5818 bene,
1449 5763 1552 5809 Non
1592 5753 1721 5810 enim
1743 5767 1824 5808 eos

3347 387 3452 440 370

1869 510 1975 556 tate
2021 498 2250 556 hominis
2293 500 2501 556 diversa
2541 501 2721 572 gignat
2749 509 2798 557 et
2819 492 3026 573 pariat,
3059 509 3112 558 et
3141 517 3259 573 quae
3285 504 3454 573 possit

1869 595 1934 649 ad
1976 595 2175 665 proprii
2221 593 2440 648 cultoris
2474 594 2747 648 arbitrium
2774 637 2788 663 ,
2814 595 2896 651 vel
2929 595 3099 650 nitere
3129 594 3257 649 [lore
3285 595 3451 650 virtu-

1871 695 1980 740 tum
2003 728 2016 751 ,
2041 686 2120 740 vel
2149 685 2385 740 sentibus
2410 686 2626 740 horrere
2646 687 2913 740 vitiorum.
2947 704 2965 738 ι
2991 685 3091 742 Ubi
3116 701 3219 740 non
3243 687 3454 742 intuens

1869 779 1994 849 quid
2035 779 2311 849 loquatur,
2350 792 2506 832 uuam
2543 778 2891 849 eamdemque
2930 777 3159 834 radicem
3186 779 3458 833 constituit

1871 873 2130 928 bonorum
2172 880 2228 926 et
2263 872 2551 935 malorum,
2584 879 2765 925 contra
2796 872 3152 942 evangelicum
3179 871 3454 926 veritatem

1871 967 2274 1034 doctrinamque
2317 965 2682 1034 apostolicam.
2722 964 2852 1019 Nam
2881 974 2935 1019 et
2964 965 3217 1019 Dominus
3245 960 3345 1021 nec
3373 979 3461 1019 ar-

1872 1057 2056 1112 borem
2098 1057 2289 1111 bonam
2322 1055 2450 1111 dicit
2491 1071 2646 1126 posse
2687 1056 2862 1111 facere
2903 1057 3099 1112 fruetus
3126 1057 3328 1124 malos,
3361 1072 3460 1112 nec

1876 1151 2066 1206 malam
2096 1149 2264 1206 bonos
2291 1150 2499 1221 (Matth.
2522 1165 2618 1218 vit,
2637 1148 2722 1220 l8)
2748 1149 3113 1219 :etapostolus
3132 1145 3323 1204 Paulus
3341 1166 3461 1204 cum

1875 1242 2000 1297 dicit
2056 1243 2287 1298 radicem
2341 1244 2599 1297 malorum
2653 1243 2889 1297 omnium
2946 1257 3065 1296 esse
3118 1241 3460 1310 cupiditatem

1879 1334 1922 1406 (l
1951 1335 2084 1390 Tim.
2115 1352 2188 1404 vi,
2219 1335 2345 1406 10),
2371 1335 2619 1390 admonet
2647 1334 2828 1405 utique
2857 1333 3074 1402 intelligi
3107 1331 3336 1386 radicem
3364 1331 3462 1385 bo-

1879 1447 2066 1486 norum
2113 1431 2348 1485 omnium
2397 1429 2731 1484 cliaritatem.
2782 1426 2930 1484 Unde
2974 1427 3016 1481 si
3061 1423 3178 1480 duae
3212 1425 3468 1491 arbores,

1880 1525 2016 1580 bona
2057 1533 2112 1580 et
2148 1524 2284 1578 mala
2313 1564 2328 1591 ,
2369 1522 2475 1577 duo
2515 1531 2639 1576 sunt
2673 1520 2950 1585 homines,
2978 1519 3149 1574 bonus
3177 1526 3230 1573 et
3255 1517 3424 1571 multis
3448 1558 3464 1580 ,

1881 1615 2006 1686 quid
2034 1622 2116 1670 est
2144 1615 2314 1669 bonus
2343 1611 2533 1679 homo,
2563 1612 2661 1666 nisi
2693 1610 2976 1665 voluntatis
3005 1609 3158 1664 bona!
3178 1651 3192 1676 ,
3225 1607 3464 1672 honest,

1882 1707 2041 1761 arbor
2064 1705 2258 1760 radicis
2281 1702 2479 1759 bontc?
2507 1711 2560 1758 et
2585 1701 2710 1772 quid
2735 1711 2815 1757 est
2838 1702 2997 1756 homo
3019 1699 3187 1754 malus
3213 1743 3228 1765 ,
3254 1699 3354 1753 nisi
3378 1714 3472 1752 vo-

1884 1798 2100 1852 luntatis
2127 1797 2277 1850 malae
2299 1837 2311 1859 ,
2344 1794 2444 1849 lioc
2471 1801 2553 1849 est
2571 1835 2586 1861 ,
2615 1794 2773 1847 arbor
2801 1792 2993 1847 radicis
3019 1790 3216 1845 malm?
3247 1790 3473 1845 Fructus

1884 1901 2059 1944 autem
2107 1889 2292 1943 harum
2335 1885 2572 1942 radicum
2616 1895 2776 1954 atque
2819 1883 3104 1952 arborum,
3149 1882 3280 1937 facta
3311 1889 3468 1944 sunt,

1886 1981 2023 2036 dicta
2062 1989 2185 2035 sunt
2205 2020 2220 2045 ,
2261 1979 2486 2050 cogitata
2527 1986 2682 2039 sunt,
2715 1991 2834 2046 quin
2863 1975 2998 2030 bona
3026 1974 3092 2030 de
3122 1973 3258 2029 bona
3287 1974 3475 2029 volun-

1890 2083 1994 2128 tate
2025 2071 2349 2142 procedunt,
2381 2079 2434 2125 et
2464 2069 2598 2123 mala
2623 2069 2689 2124 dc
2713 2068 2872 2123 mala.

1959 2164 2182 2221 CAPUT
2222 2161 2365 2218 XIX.
2408 2193 2480 2202 —
2521 2161 2610 2216 ΞΟ.
2653 2161 2801 2216 Facit
2841 2168 3016 2214 autem
3049 2159 3206 2212 homo
3229 2157 3478 2212 arborem

1891 2260 2118 2324 bonam,
2161 2255 2376 2328 quando
2389 2255 2496 2310 ‘Dei
2524 2254 2710 2323 accipit
2738 2252 2981 2324 gratiam.
3010 2250 3124 2305 Non
3154 2249 3297 2304 enim
3326 2263 3384 2307 se
3412 2263 3478 2306 ex

1893 2351 2034 2406 malo
2073 2351 2268 2405 bonum
2309 2365 2402 2418 per
2444 2363 2501 2402 se
2543 2348 2712 2418 ipsum
2751 2344 2912 2413 facit;
2955 2343 3050 2403 sed
3083 2359 3148 2402 ex
3181 2341 3274 2400 illo
3301 2354 3353 2400 et
3386 2359 3479 2415 per

1893 2443 2042 2497 illum
2073 2452 2126 2497 et
2156 2443 2207 2496 iit
2241 2442 2332 2499 illo
2356 2439 2444 2516 qui
2474 2455 2686 2513 semper
2712 2449 2794 2496 est
2821 2439 2995 2495 bonus
3028 2457 3043 2495 :
3071 2454 3169 2494 nec
3198 2447 3398 2492 tantum
3424 2448 3483 2491 ιιι

1893 2534 2054 2595 arbor
2067 2535 2136 2593 sit
2152 2533 2310 2601 bona,
2325 2535 2417 2590 sed
2434 2535 2591 2588 etiam
2615 2543 2668 2587 ut
2688 2529 2846 2587 faciat
2868 2531 3065 2586 fructus
3087 2531 3272 2597 bonos,
3297 2529 3481 2585 eadem

1893 2631 2061 2702 gratia
2110 2628 2466 2684 necessarium
2511 2634 2593 2682 est
2630 2634 2689 2679 ιιι
2727 2624 3040 2695 adjuvetur,
3087 2623 3202 2677 sine
3231 2638 3331 2692 qua
3358 2621 3482 2675 boni

1896 2722 2093 2792 aliquid
2117 2721 2288 2775 facere
2311 2734 2416 2773 non
2441 2726 2631 2788 potest.
2663 2713 2781 2786 Ipse
2809 2717 3004 2786 quippe
3025 2715 3077 2768 in
3104 2712 3257 2768 bonis
3279 2711 3486 2766 arbori-

1896 2814 1995 2868 bus
2024 2819 2340 2882 cooperatur
2365 2808 2592 2864 fructum
2614 2849 2628 2872 ,
2659 2808 2747 2878 qui
2776 2816 2828 2862 et
2853 2807 3144 2862 forinsecus
3172 2807 3304 2876 rigat
3329 2814 3488 2876 atque

1898 2905 2093 2962 excolit
2119 2918 2212 2974 per
2239 2901 2533 2973 quemlibet
2559 2900 2857 2954 ministrum
2879 2939 2894 2965 ,
2923 2907 2975 2953 et
2997 2913 3090 2968 per
3109 2912 3168 2952 se
3193 2897 3283 2952 dat
3303 2897 3490 2952 intrin-

1900 3015 2053 3056 secus
2090 3001 2474 3055 incrementum
2514 2993 2710 3067 (I'Cor.
2756 3009 2842 3060 tit,
2875 2991 2954 3066 7).
3004 2991 3193 3046 Malam
3234 3006 3360 3046 vero
3399 3005 3490 3043 ar-

1899 3095 2083 3150 borem
2133 3093 2292 3148 homo
2333 3089 2490 3154 facit,
2533 3086 2744 3159 quando
2785 3101 2844 3141 se
2887 3088 3058 3156 ipsum
3096 3083 3292 3138 malum
3327 3080 3489 3147 facit,

1901 3185 2114 3257 quando
2156 3198 2185 3236 a
2225 3182 2366 3238 bono
2407 3176 2825 3235 incommutabili
2852 3176 3030 3232 deficit
3064 3194 3078 3231 :
3107 3174 3175 3230 ab
3202 3189 3268 3230 eo
3294 3174 3492 3244 quippe

1903 3279 2140 3335 defectus
2181 3287 2262 3334 est
2288 3276 2437 3348 origo
2466 3273 2752 3329 voluntatis
2781 3273 2953 3327 malm.
2987 3269 3087 3338 Qui
3112 3268 3354 3325 defectus
3384 3282 3490 3324 non

1904 3373 2059 3428 aliam
2107 3380 2347 3426 naturam
2392 3368 2584 3423 malam
2631 3367 2802 3422 initiat
2839 3365 2857 3397 ⁸
2883 3405 2899 3432 ,
2932 3362 3025 3419 sed
3055 3378 3172 3418 eam
3205 3377 3324 3434 qum
3354 3360 3492 3416 bona

1905 3463 2116 3520 condita
2159 3471 2243 3518 est
2280 3461 2446 3516 vitiat.
2487 3459 2683 3515 Sanato
2714 3467 2890 3513 autem
2917 3456 3044 3511 vitio
3068 3454 3268 3510 nullunt
3297 3453 3493 3507 malum

1907 3567 2183 3621 remanet;
2225 3557 2344 3627 quia
2371 3555 2554 3612 vitium
2585 3562 2786 3608 natura:
2817 3551 3027 3624 quidem
3056 3550 3225 3606 inerat
3245 3589 3258 3615 ,
3289 3545 3383 3602 sed
3413 3546 3494 3602 vi-

1909 3652 2036 3706 tium
2066 3658 2250 3705 natura
2277 3663 2382 3702 non
2407 3655 2544 3704 erat.

1980 3741 2203 3799 CAPUT
2242 3741 2362 3799 XX.
2400 3771 2470 3780 —
2509 3740 2599 3796 2i.
2644 3738 2734 3793 llla
2769 3753 2894 3808 ergo
2922 3734 3275 3806 pOSsibilitas,
3307 3749 3412 3788 non
3441 3743 3499 3788 ut

1911 3836 2010 3892 iste
2049 3835 2296 3906 Opinatur
2319 3875 2333 3898 ,
2381 3849 2481 3887 una
2521 3831 2814 3900 eademque
2857 3827 3006 3884 radix
3041 3835 3122 3882 est
3158 3828 3418 3882 bonorum
3445 3835 3502 3882 ct

1912 3929 2191 3983 malorum.
2239 3925 2393 3980 Aliud
2438 3933 2519 3979 cst
2560 3924 2701 3978 enim
2745 3921 2975 3978 Charitas
3018 3919 3162 3975 radix
3194 3919 3452 3975 bonorum
3479 3959 3497 3984 ,

1911 4022 2052 4077 aliud
2095 4019 2353 4090 cupiditas
2396 4017 2546 4072 radix
2593 4015 2893 4080 malorum;
2935 4023 3246 4084 tantumque
3277 4012 3415 4068 inter
3441 4027 3502 4066 se

1913 4114 2200 4178 dill'erunt,
2242 4117 2494 4182 quantum
2534 4107 2701 4162 virtus
2740 4116 2794 4162 et
2835 4105 3038 4160 vitium.
3081 4102 3188 4160 Sed
3233 4103 3386 4174 plane
3412 4101 3499 4156 illa

1915 4205 2242 4276 possibilitas
2269 4203 2543 4274 utriusque
2569 4199 2764 4255 radicis
2783 4207 2866 4254 est
2891 4211 3096 4268 capax;
3123 4196 3247 4268 quia
3277 4211 3382 4250 non
3408 4209 3501 4249 so-

1917 4299 2026 4353 lum
2075 4303 2249 4368 potest
2287 4293 2450 4350 homo
2487 4290 2684 4346 habere
2723 4289 3066 4356 charitatem,
3106 4301 3208 4359 qua
3243 4286 3314 4342 sit
3342 4283 3504 4339 arbor

1917 4391 2053 4445 bona
2078 4429 2094 4456 ,
2141 4387 2235 4443 sed
2285 4393 2460 4457 potest
2501 4384 2658 4442 ctiam
2701 4379 3074 4452 cupiditatem,
3116 4393 3218 4450 qua
3245 4378 3313 4434 sit
3343 4374 3506 4430 arbor

1918 4483 2076 4538 mala.
2125 4479 2232 4536 Sed
2274 4477 2534 4548 cupiditas
2571 4475 2801 4530 liominis
2835 4488 2954 4542 qute
2984 4471 3166 4528 vitium
3191 4477 3300 4534 est,
3333 4466 3509 4525 Itomi.

1919 4589 2040 4630 nem
2080 4571 2241 4628 liabet
2275 4577 2546 4626 auctorem
2567 4607 2584 4632 ,
2630 4566 2711 4621 vel
2737 4562 2966 4618 hominis
2994 4561 3330 4630 deceptorem
3351 4599 3366 4623 ,
3400 4571 3504 4612 non

1920 4664 2152 4722 hominis
2184 4669 2500 4719 creatorem.
2540 4659 2657 4730 Ipsa
2686 4665 2767 4714 cst
2790 4656 2931 4713 enim
2956 4652 3359 4724 concupiscentia
3386 4667 3507 4704 car-

1920 4761 2032 4828 nis,
2081 4767 2127 4813 et
2171 4754 2575 4828 concupiscentia
2618 4752 2918 4816 oculorum,
2966 4757 3015 4804 et
3051 4746 3257 4802 ambitio
3294 4744 3504 4812 saculi,

1919 4868 2031 4926 qua:
2072 4865 2172 4906 non
2215 4859 2287 4904 est
2329 4864 2391 4903 ea:
2429 4846 2619 4913 Patre,
2658 4845 2745 4900 sed
2771 4861 2833 4901 ea:
2859 4842 3046 4898 mundo
3071 4849 3144 4895 est
3173 4837 3215 4910 (Ι
3241 4835 3400 4894 Joan.
3432 4851 3508 4902 tl,
3585 4879 3588 4882 .

1925 4943 2053 5015 l6).
2120 4940 2250 5011 Quis
2309 4947 2486 4995 autem
2538 4936 2782 5002 neseiat,
2835 4932 3018 4989 mundi
3053 4929 3288 4986 'nomine
3329 4927 3511 5000 solere

1923 5034 2192 5106 appellare
2261 5032 2586 5103 Scripturam
2623 5069 2640 5096 ,
2717 5042 2749 5083 θ
2817 5026 3010 5099 quibus
3089 5022 3355 5082 habitatur
3424 5018 3512 5077 hic

1925 5125 2194 5183 mundus?

1995 5215 2221 5273 CAPUT
2244 5213 2386 5276 XXI.
2411 5244 2480 5254 —
2498 5211 2586 5272 22.
2610 5209 2851 5266 Charitas
2873 5215 3048 5261 autem
3070 5218 3191 5275 qua
3210 5201 3376 5258 virtus
3397 5207 3510 5263 est,

1925 5323 1991 5367 ex
2014 5309 2122 5365 Deo
2148 5308 2301 5365 nobis
2328 5315 2410 5364 est
2429 5347 2444 5371 ,
2477 5319 2580 5361 non
2608 5319 2672 5358 ex
2700 5301 2882 5365 nobis,
2914 5299 3184 5368 Scriptura
3211 5303 3366 5360 teste,
3389 5305 3510 5362 quin

1927 5407 2088 5472 dicit,
2119 5404 2353 5461 Charitas
2380 5418 2442 5457 ea:
2467 5398 2574 5454 Deo
2598 5407 2706 5463 est;
2731 5405 2776 5452 et
2803 5395 2965 5450 omnis
2988 5395 3074 5461 qui
3095 5389 3291 5461 diligit,
3317 5402 3378 5440 ex
3397 5382 3510 5439 Dw

1927 5507 2078 5552 natus
2121 5506 2229 5562 est,
2270 5503 2316 5552 et
2354 5491 2580 5564 cognovit
2616 5488 2782 5544 Deum
2803 5530 2818 5556 ,
2861 5487 2981 5558 quia
3017 5483 3156 5537 Deus
3189 5478 3408 5534 Charitas
3439 5485 3514 5530 est

1929 5587 2039 5662 (Id.
2086 5603 2173 5652 tv,
2223 5587 2252 5639 7
2274 5627 2289 5654 ,
2321 5577 2406 5657 8).~
2428 5583 2728 5641 Secundum
2758 5581 2911 5634 istam
2941 5574 3252 5650 cliaritatem
3273 5611 3288 5636 ,
3319 5566 3512 5623 melius

1930 5678 2238 5748 intelligitur
2263 5675 2462 5731 dictum
2488 5692 2501 5729 :
2531 5672 2630 5742 Qui
2655 5681 2804 5728 natus
2827 5679 2899 5725 est
2925 5681 2988 5722 ca:
3013 5663 3120 5720 Dee
3136 5703 3151 5731 ,
3179 5676 3281 5717 non
3306 5665 3510 5730 peccat;

2003 5815 2019 5848 I
2042 5813 2290 5864 Vaticanus
2305 5819 2410 5868 us,
2433 5804 2634 5859 nuntiat.
