3938 6510
486 371 586 427 371

487 493 567 552 et,
583 483 706 554 quia
723 497 835 537 non
858 487 1016 552 potest
1045 491 1248 548 peccare
1271 473 1312 544 (Ι
1332 473 1484 525 Joan.
1507 486 1584 536 ιιι,
1601 468 1817 541 9).Quia
1838 467 2073 522 Charitas

487 576 780 639 secundum
808 589 964 645 quam
991 577 1144 624 natus
1168 583 1236 624 ex
1267 567 1376 622 Deo
1403 573 1504 630 est,
1537 579 1638 618 non
1663 561 1768 632 agit
1786 576 2069 632 perperam,

491 686 586 724 nec
610 669 794 739 cogitat
819 663 1009 719 malum
1027 659 1201 735 (lCor.
1232 674 1328 714 xm
1347 698 1363 722 ,
1392 657 1432 713 4
1455 665 1503 711 et
1527 656 1608 725 δ).
1635 653 1767 710 Cum
1797 667 1922 723 ergo
1948 667 2076 723 pec-

489 769 577 815 cat
616 758 776 812 homo
793 795 810 821 ,
835 769 940 809 non
965 749 1256 807 secundum
1281 748 1593 804 ebaritatem
1617 789 1632 815 ,
1663 744 1759 802 sed
1783 743 2074 800 secundum

488 848 827 922 cupiditatem
855 853 1040 916 peccat
1062 885 1080 912 ,
1110 845 1402 899 secundum
1429 855 1586 911 quam
1609 853 1714 893 non
1734 845 1817 894 est
1837 843 1992 891 natus
2011 850 2076 892 ex

492 944 602 999 Deo
631 958 646 998 :
674 939 922 1011 quoniam
959 938 1051 992 illa
1089 935 1409 1008 possibilitas
1431 974 1448 1000 ,
1481 940 1539 987 ut
1563 931 1762 987 dictum
1792 937 1912 995 est,
1943 928 2077 983 utri-

491 1045 658 1103 usque
702 1027 897 1086 radicis
937 1039 1021 1084 est
1062 1043 1249 1096 capax.
1291 1024 1420 1080 Cum
1454 1037 1583 1094 ergo
1607 1022 1746 1076 dicat
1769 1020 2076 1089 Scriptura,

491 1121 728 1178 Charitas
751 1135 814 1176 ea:
837 1117 946 1176 Deo
966 1127 1075 1182 est;
1102 1117 1206 1183 vel,
1235 1115 1376 1187 quod
1402 1123 1486 1170 cst
1511 1113 1763 1183 amplius,
1789 1111 1926 1166 Dens
1951 1109 2078 1164 cha-

487 1214 614 1269 ritas
643 1225 758 1280 est;
782 1228 902 1268 cutn
933 1209 1269 1281 apertissime
1294 1207 1489 1262 clamet
1509 1205 1743 1261 Joannes
1763 1202 2042 1274 apostolus
2059 1241 2076 1266 ,

492 1305 626 1361 Ecce
655 1306 855 1377 qualem
891 1303 1184 1357 charitatem
1211 1300 1349 1354 dedit
1377 1299 1518 1354 nobis
1553 1296 1709 1351 Pater
1730 1337 1745 1362 ,
1783 1305 1840 1350 ut
1862 1295 1961 1366 [itii
1986 1293 2081 1348 Dei

491 1412 726 1452 vocemur
752 1404 798 1449 et
822 1394 981 1449 simus
1016 1392 1058 1464 (l
1083 1391 1245 1447 Joan.
1271 1407 1362 1457 ιιι,
1395 1390 1448 1461 1)
1485 1407 1498 1444 :
1529 1389 1630 1444 iste
1653 1388 1913 1454 audiens,
1944 1385 2082 1441 Deus

493 1487 718 1542 cbaritas
757 1495 863 1552 est,
903 1499 1068 1556 quare
1109 1483 1283 1538 adhuc
1317 1497 1483 1552 usque
1517 1479 1823 1546 contendit,
1849 1478 1991 1548 quod
2015 1493 2081 1533 ex

495 1578 600 1635 illis
649 1578 816 1634 tribus
856 1575 1221 1632 tantummodo
1264 1574 1667 1644 possibilitatem
1699 1572 1991 1628 habeamus
2016 1587 2083 1626 ex

494 1673 643 1738 Deo,
697 1671 891 1725 bonam
939 1683 1067 1724 vero
1106 1669 1433 1723 voluntatem
1472 1667 1775 1736 bonamque
1818 1665 2082 1720 actionem

499 1762 790 1816 habeamus
813 1775 877 1814 ex
908 1757 1101 1813 nobis?
1130 1758 1290 1826 Quasi
1321 1773 1446 1812 vero
1470 1757 1613 1811 aliud
1644 1757 1713 1810 sit
1737 1757 1873 1811 bona
1901 1754 2085 1808 volun-

500 1863 582 1910 tas
611 1869 767 1924 quam
797 1852 1026 1908 charitas
1046 1895 1061 1918 ,
1089 1867 1246 1922 quam
1274 1850 1544 1920 Scriptura
1571 1850 1724 1904 nobis
1747 1863 1867 1904 esse
1891 1847 2086 1903 clamat

496 1960 561 1998 cx
592 1943 735 2010 Deo,
754 1952 810 1999 et
833 1958 861 1995 a
892 1942 1049 1997 Patre
1077 1941 1253 1996 datam
1281 1951 1338 1996 ut
1359 1942 1450 1995 ﬁlii
1475 1941 1593 2012 ejus
1612 1952 1870 1995 essemus.

575 2036 799 2092 CAPUT
829 2033 993 2089 XXII.
1019 2063 1092 2075 --
1117 2032 1206 2088 23.
1241 2033 1347 2090 Sed
1378 2033 1546 2099 forte,
1580 2041 1637 2087 ut
1664 2031 1878 2087 daretur
1902 2029 2089 2102 nobis,

496 2129 854 2201 praecedentia
903 2129 1089 2183 merita
1139 2139 1321 2184 nostra
1369 2126 1610 2183 fecerunt
1655 2144 1668 2180 :
1713 2126 1853 2180 sicut
1890 2125 1991 2180 iste
2019 2124 2087 2180 de

497 2220 668 2294 gratia
712 2219 807 2275 Dei
849 2220 1011 2274 sentit
1035 2220 1089 2274 in
1121 2233 1188 2274 eo
1217 2219 1351 2274 libro
1373 2259 1388 2284 ,
1421 2234 1578 2288 quem
1603 2217 1671 2272 ad
1698 2232 1904 2272 sacram
1929 2216 2088 2286 virgi-

495 2327 618 2367 nem
644 2312 855 2382 scripsit
883 2309 990 2385 (α),
1016 2310 1166 2380 cujus
1187 2309 1346 2366 etiam
1370 2309 1940 2365 commemorationem
1965 2308 2090 2363 fecit

499 2401 552 2455 in
578 2401 770 2458 litteris
790 2415 923 2471 quas
955 2401 1174 2455 Romam
1202 2400 1367 2454 misit.
1391 2398 1465 2456 lbi
1495 2398 1638 2454 enim
1662 2397 1976 2468 interposito
2001 2397 2090 2453 Ja-

499 2491 617 2547 cobi
640 2492 864 2562 apostoli
890 2491 1196 2546 testimonio
1216 2532 1231 2558 ,
1261 2505 1368 2560 quo
1393 2491 1500 2558 ait,
1533 2489 1735 2545 Subdili
1763 2497 1915 2544 estote
1943 2488 2047 2543 Deo
2068 2506 2088 2556 ;

498 2583 714 2637 resistite
735 2591 901 2636 autem
929 2581 1129 2635 diabolo
1149 2623 1162 2646 ,
1190 2591 1236 2635 et
1265 2582 1422 2652 fugiet
1445 2599 1477 2635 a
1503 2581 1639 2635 vobis
1665 2581 1867 2653 (Jacobi
1887 2596 1970 2647 tv,
1997 2579 2085 2652 7);

501 2674 771 2745 subjungit
807 2683 863 2729 et
905 2674 1065 2736 dicit,
1109 2691 1128 2726 t
1165 2672 1407 2728 Ostendit
1430 2673 1698 2743 quomodo
1724 2672 1972 2727 resistere
1995 2670 2091 2726 de-

503 2770 728 2823 beamus
747 2765 957 2821 diabolo
977 2806 990 2831 ,
1021 2765 1065 2820 si
1093 2765 1271 2836 utique
1295 2765 1494 2821 subditi
1515 2765 1680 2819 simus
1703 2764 1816 2819 Deo
1832 2805 1847 2829 ,
1871 2763 2091 2833 ejusque

503 2859 746 2914 faciendo
787 2859 1148 2925 voluntatem,
1177 2859 1416 2912 divinatn'
1437 2873 1734 2912 mereamur
1759 2857 2010 2928 gratiam,
2039 2864 2092 2910 et

494 2942 710 3006 facilius
734 2950 750 2981 ⁸
777 2964 1003 3020 nequam
1029 2949 1269 3020 spiritui,
1296 2949 1464 3004 sancti
1492 2949 1720 3019 Spiritus
1739 2948 1934 3002 auxilio
1959 2948 2093 3003 resi-

501 3053 703 3101 stamus
731 3062 750 3096 ι
796 3039 950 3112 (Cap.
985 3041 1098 3114 25).
1136 3041 1274 3098 Ecce
1303 3057 1459 3112 quam
1488 3042 1661 3096 veraci
1691 3040 1851 3095 corde
1875 3039 2092 3094 damna-

500 3135 579 3190 vit
619 3134 672 3189 in
711 3133 1072 3190 ecclesiastico
1095 3132 1296 3202 judicio
1325 3132 1608 3186 Palmstino
1635 3146 1728 3186 eos
1747 3173 1760 3197 ,
1793 3131 1884 3202 qui
1909 3130 2093 3185 dicunt

503 3226 725 3296 gratiam
756 3225 851 3280 Dei
882 3224 1170 3279 secundum
1204 3223 1390 3279 merita
1421 3232 1600 3278 nostra
1626 3222 1741 3277 dari
1767 3223 1780 3277 ι
1810 3223 1892 3276 Αιι
1919 3221 2093 3277 adhuc

505 3331 630 3372 eum
670 3315 721 3371 id
759 3316 958 3371 sentire
997 3325 1049 3369 et
1074 3315 1410 3384 apertissime
1437 3314 1724 3384 praedicare
1749 3313 2094 3369 dubitamus?

503 3409 784 3479 Quomodo
829 3424 956 3481 ergo
1001 3423 1158 3464 verax
1203 3407 1298 3462 fuit
1338 3408 1391 3463 in
1422 3406 1708 3479 episcopali
1733 3405 1978 3462 examine
2005 3405 2093 3461 illa

506 3501 819 3559 confessio?
849 3505 929 3556 An
958 3499 1098 3558 forie
1121 3502 1232 3572 jam
1264 3501 1423 3556 istum
1445 3500 1730 3571 scripserat
1755 3499 1977 3564 librum,
2006 3499 2093 3554 ubi

505 3595 844 3666 apertissime
893 3593 1024 3649 dicit
1068 3594 1292 3664 gratiam
1339 3591 1628 3648 secundum
1679 3591 1867 3645 merita
1917 3598 2093 3644 nostra

503 3689 620 3744 dari
645 3731 660 3757 ,
705 3687 848 3759 quod
889 3688 941 3743 in
987 3687 1233 3742 orientali
1263 3686 1466 3758 synodo
1494 3686 1610 3740 sine
1637 3685 1740 3739 ulla
1764 3684 2096 3740 recusatione

503 3779 826 3834 damnavit?
868 3777 1231 3834 Conliteretnr
1272 3791 1400 3848 ergo
1447 3777 1526 3831 sic
1568 3790 1628 3831 se
1677 3773 1964 3846 aliquando
2013 3783 2095 3829 te-

506 3872 723 3935 nuisse,
767 3869 862 3926 sed
895 3869 1005 3942 jam
1045 3886 1152 3926 non
1195 3877 1410 3932 tenere,
1451 3876 1508 3923 ut
1534 3867 1603 3923 de
1630 3867 1959 3923 correctione
1981 3865 2098 3935 ejus

503 3963 838 4034 apertissime
883 3961 1259 4033 gauderemus.
1307 3959 1460 4014 Nunc
1505 3974 1633 4014 vero
1681 3973 1802 4014 cum
1846 3957 1922 4011 illi
1960 3957 2100 4011 inter

507 4061 701 4108 cmtera
748 4050 949 4123 ethoc
994 4049 1181 4107 fuisset
1219 4050 1520 4117 obiectum,
1566 4048 1878 4118 respondit:
1917 4065 1935 4099 t
1977 4047 2100 4102 llaae

509 4153 687 4199 utrum
715 4142 950 4199 Caelestii
980 4142 1086 4196 sint
1104 4183 1120 4208 ,
1149 4141 1247 4213 ipsi
1278 4140 1611 4209 viderintqui
1638 4139 1820 4194 dicunt
1837 4153 1900 4194 ea
1926 4137 2099 4193 Coele-

510 4235 599 4290 stii
619 4247 739 4290 esse
765 4252 782 4290 :
807 4247 908 4304 ego
930 4245 1055 4288 vero
1078 4247 1350 4302 nunquam
1373 4231 1449 4285 sic
1474 4229 1616 4285 tenui
1639 4270 1654 4296 ,
1679 4229 1771 4284 sed
1792 4227 2100 4283 anathema-

510 4327 618 4382 tizo
659 4325 747 4396 qui
787 4325 865 4380 sic
905 4333 1086 4380 tenent
1125 4323 1223 4396 (ὁ).
1259 4341 1279 4376 ι
1318 4321 1596 4389 Quomodo
1622 4335 1888 4391 nunquam
1916 4320 1996 4375 sic
2019 4329 2099 4375 te-

511 4417 664 4484 nuit,
710 4415 756 4472 si
793 4415 935 4471 hunc
959 4423 1082 4470 ante
1107 4413 1420 4471 condiderat
1445 4409 1678 4468 librum?
1705 4413 1810 4466 Aut
1833 4410 2102 4482 quomodo

509 4507 929 4565 anathematizat
974 4521 1068 4563 eos
1115 4505 1207 4578 qui
1257 4503 1336 4560 sic
1392 4513 1608 4571 tenent,
1638 4504 1682 4557 si
1724 4503 1864 4558 hunc
1908 4501 2101 4557 librum

514 4608 702 4669 postea
727 4596 1008 4655 condidit?

581 4689 673 4747 24.
719 4688 827 4745 Sed
871 4704 940 4745 ne
979 4688 1115 4746 forte
1152 4686 1510 4760 respondeat,
1554 4686 1624 4742 ita
1661 4700 1722 4741 se
1754 4685 1841 4741 hic
1873 4684 2101 4754 dixisse,

521 4799 542 4834 s
594 4779 689 4835 Dei
730 4779 969 4836 faciendo
1000 4780 1327 4834 voluntatem
1347 4820 1362 4844 ,
1394 4779 1626 4834 divinam
1655 4793 1958 4834 mereamur
1980 4791 2103 4848 gra-

513 4875 645 4929 tiam
665 4914 681 4939 ,
718 4891 738 4926 ι
781 4871 918 4928 sicut
951 4871 1198 4927 ﬁdelibus
1221 4879 1276 4926 et
1301 4870 1389 4942 pie
1418 4869 1717 4924 viventibus
1742 4869 1953 4924 additur
1980 4883 2104 4940 gra-

517 4965 588 5020 tia
615 5005 632 5032 ,
661 4975 764 5035 qua
795 4962 1048 5020 resistant
1075 4961 1284 5017 fortiter
1310 4960 1558 5016 tentatori
1583 5001 1600 5025 ,
1630 4973 1752 5014 cum
1778 4967 1952 5014 tamen
1981 4974 2106 5029 gra-

516 5059 648 5114 tiam
681 5057 842 5115 etiam
870 5056 1119 5127 primitus
1144 5054 1476 5125 accepissent
1494 5094 1509 5119 ,
1543 5060 1600 5107 ut
1625 5051 1717 5107 Dei
1747 5050 1985 5107 facerent
2010 5065 2105 5106 vo-

518 5153 778 5208 luntatem
827 5167 841 5203 :
889 5164 958 5205 ne
991 5149 1128 5204 forte
1163 5162 1290 5219 ergo
1314 5147 1386 5202 ita
1411 5144 1757 5216 respondeat,
1787 5143 1888 5198 alia
1915 5142 1980 5199 de
2009 5143 2108 5199 hac

516 5258 579 5299 re
606 5241 770 5300 verba
799 5240 916 5312 ejus
943 5239 1186 5310 accipite.
1229 5257 1249 5292 t
1281 5236 1379 5307 Qui
1417 5237 1626 5303 currit,
1671 5255 1689 5289 ι
1733 5235 1942 5307 inquit,
1987 5252 2008 5287 t
2040 5233 2107 5288 ad

521 5333 809 5389 Dominum
832 5373 848 5399 ,
877 5338 933 5387 et
960 5330 1026 5385 ab
1055 5345 1120 5386 eo
1147 5344 1206 5386 se
1230 5329 1338 5400 regi
1358 5329 1536 5399 cupit,
1559 5327 1613 5384 id
1633 5335 1750 5396 est,
1780 5328 2107 5384 voluntatem

523 5437 675 5477 suam
720 5437 789 5479 ex
825 5421 941 5492 ejus
966 5420 1237 5476 voluntate
1262 5419 1568 5491 suspendit;
1595 5419 1682 5490 qui
1709 5419 1758 5475 ei
1785 5414 2110 5474 adbmrendo

520 5511 749 5584 iugiter.
779 5527 916 5568 unus
935 5555 950 5580 ,
982 5510 1276 5568 secundum
1302 5511 1647 5582 Apostolum,
1678 5525 1801 5567 cum
1825 5524 1891 5567 eo
1917 5508 1976 5564 fit
2000 5509 2106 5582 spi-

589 5623 604 5684 Ἴ
628 5625 787 5684 ιιοηε,
815 5626 868 5684 ut
892 5618 1102 5684 facilius.

524 5681 901 5792 “Suggen
920 5690 997 5732 est
1027 5683 1087 5732 ad
1106 5681 1487 5745 Demetriadem,
1512 5696 1624 5747 quat
1649 5691 1811 5737 exstat
1842 5684 1892 5734 in
1917 5689 2106 5748 Appen-

588 5801 661 5867 (ο)
691 5806 790 5854 Lib.
813 5806 877 5856 de
897 5807 1051 5856 Gestis
1072 5805 1249 5870 Pelagii
1265 5841 1281 5868 ,
1305 5821 1353 5856 n.
1379 5806 1458 5856 so.

1725 359 1785 414 S.
1829 352 2190 414 AUGUSTINI
2232 353 2532 411 EPISCOPI
3629 374 3716 434 372

2185 466 2318 521 mus
2356 464 2396 538 (ι
2435 465 2554 522 Cor.
2602 481 2691 534 vt,
2735 466 2856 538 I7),
2887 480 2989 520 non
3019 464 3121 520 hoc
3150 467 3250 524 nisi
3273 470 3339 526 de
3364 473 3552 534 arbitrii
3570 482 3712 545 cilicii

2182 556 2448 612 libertate.
2497 575 2518 610 ι
2569 556 2755 614 Videte
2799 567 3052 629 quantam
3096 571 3208 614 rem
3234 560 3436 620 dixerit
3471 583 3568 625 non
3587 573 3705 633 efﬁci

2183 649 2284 704 nisi
2325 649 2528 704 arbitrii
2573 649 2852 714 libertate;
2897 663 2962 704 ac
2989 664 3088 720 per
3111 649 3353 710 ωενιίιιθ
3376 657 3617 728 “imm
3637 665 3714 724 θεῖ

2181 755 2280 796 nos
2306 741 2417 796 Deo
2433 741 2701 797 existimat
2718 740 2994 798 adimi-ere
3015 757 3043 808 ςκ
3064 742 3164 798 hoc
3188 753 3271 799 est
3296 746 3460 815 enirn,
3485 768 3504 803 t
3527 758 3708 814 nonnisi

2182 832 2249 888 de
2288 833 2490 889 arbitrii
2529 833 2774 890 libertate
2806 851 2821 888 :
2855 852 2875 887 ι
2919 844 2978 890 ιιι
3010 848 3134 889 eum
3161 837 3530 898 adhzeserimus
3549 860 3609 902 eo
3629 865 3714 908 non

2180 925 2266 992 εις-Ι]
2274 940 2304 978 ιι
2312 934 2468 980 vattte
2484 965 2499 989 ,
2532 932 2657 980 tunc
2675 932 2784 996 jam
2805 928 3056 997 quoniam
3071 924 3407 998 adbazsimus,
3427 933 3573 990 etiam
3589 937 3712 1010 adju.

2183 1029 2294 1070 V3"
2324 1027 2644 1071 mereamur.

2251 1103 2480 1161 CAPUT
2522 1103 2710 1161 XXll-l.
2754 1136 2826 1147 —
2859 1105 3112 1177 Sequitur
3151 1108 3293 1162 enim
3323 1110 3552 1180 etdicit,
3575 1133 3599 1168 ι
3627 1118 3720 1185 Qua

2182 1197 2272 1266 qui
2313 1196 2452 1252 bene
2495 1196 2691 1262 utitur,
2733 1215 2752 1250 ι
2783 1197 2834 1252 id
2865 1206 2946 1252 est
2969 1239 2985 1262 ,
3015 1197 3222 1254 arbitrii
3251 1200 3487 1258 libertate
3507 1206 3587 1275 qui
3609 1208 3722 1267 bene

2185 1288 2384 1354 utitur,
2414 1306 2432 1340 t
2469 1289 2538 1343 ita
2567 1303 2626 1345 se
2644 1331 2659 1354 ,
2689 1308 2712 1342 ο
2743 1289 2913 1359 inquit
2933 1329 2951 1355 ,
2987 1307 3008 1342 ι
3037 1299 3206 1344 ιοιιιιιι
3225 1292 3382 1346 tradit
3402 1293 3723 1354 Deoomnetn-

2183 1395 2290 1450 que
2331 1394 2484 1435 suam
2531 1381 2818 1440 niortiilcat
2858 1383 3230 1450 voluntatem,
3281 1393 3336 1440 ιιι
3369 1400 3484 1441 cum
3510 1391 3723 1460 Apestolo

2188 1472 2358 1543 possit
2392 1473 2592 1540 dicere,
2634 1472 2758 1528 Vivo
2787 1484 2954 1528 autem
2973 1475 3088 1546 jam
3110 1490 3213 1528 non
3237 1491 3346 1546 ego,
3378 1477 3490 1532 uiuit
3512 1491 3660 1536 autem
3682 1486 3724 1539 in

2187 1578 2264 1616 me
2305 1560 2534 1619 Christus
2581 1562 2779 1635 (Colat.
2828 1579 2896 1632 ιι,
2935 1564 3030 1634 20)
3064 1581 3080 1619 τ
3113 1566 3495 1635 ponitque-cor
3527 1583 3659 1626 suum
3681 1575 3722 1630 in

2188 1669 2349 1709 manu
2400 1655 2531 1720 Dei,
2575 1664 2634 1710 ut
2679 1654 2809 1710 illud
2853 1671 2958 1726 quo
3024 1657 3283 1712 voluerit'
3311 1698 3327 1724 ,
3355 1658 3465 1728 ipse
3486 1659 3719 1719 declinett

2186 1744 2366 1816 (Prov.
2403 1761 2526 1811 χιι,
2554 1746 2628 1818 1).
2671 1745 2914 1817 Magnum
2959 1747 3200 1818 profecto
3240 1748 3545 1818 atljutoriutn
3569 1751 3728 1811 divina:

2186 1837 2369 1904 gratim
2392 1876 2409 1903 ,
2458 1846 2517 1890 ut
2555 1851 2651 1890 cor
2690 1846 2930 1891 nostrum
2957 1852 3063 1907 quo
3091 1837 3321 1892 voluerit
3350 1837 3514 1907 Deus,
3541 1841 3638 1911 ipse
3654 1844 3729 1899 de-

2187 1927 2368 1982 clinet.
2389 1927 2494 1983 Sed
2515 1927 2618 1984 hoc
2637 1937 2743 1983 tam
2769 1943 3019 2000 magnum
3041 1928 3388 2000 adjutorium,
3409 1933 3539 1987 sicut
3557 1935 3641 1990 istc
3656 1937 3729 1992 de-

2189 2019 2230 2072 si
2240 2019 2312 2088 pit
2335 2061 2349 2084 ,
2385 2028 2510 2074 tunc
2534 2035 2842 2089 meremur,
2865 2035 2987 2076 cum
3011 2020 3130 2078 sine
3152 2021 3264 2076 ullo
3284 2022 3538 2092 adjutorio
3559 2032 3731 2084 nonnisi

2190 2109 2257 2166 de
2299 2109 2502 2166 arbitrii
2547 2110 2789 2166 libertate
2834 2111 2903 2166 ad
2946 2112 3234 2166 Dominum
3281 2114 3570 2183 currimus,
3604 2118 3732 2176 abeo

2190 2215 2289 2257 nos
2332 2202 2443 2274 regi
2483 2203 2729 2274 cupimus
2752 2246 2768 2272 ,
2810 2203 3136 2260 voluntatem
3187 2215 3424 2261 nostram
3453 2221 3520 2263 ex
3541 2211 3642 2278 ejus
3662 2227 3734 2264 vo-

2192 2294 2392 2350 luntate
2417 2296 2792 2366 suspendimus
2813 2339 2830 2365 ,
2854 2299 3010 2368 eique
3037 2298 3372 2355 adhaerendo
3397 2300 3576 2371 iugiter
3591 2343 3605 2369 ,
3627 2313 3735 2360 unus

2191 2401 2311 2440 cum
2339 2387 2430 2442 illo
2455 2386 2720 2444 efficimur
2745 2389 2983 2459 spiritus.
3014 2390 3139 2446 Haec
3167 2390 3384 2448 scilicet
3413 2403 3512 2447 tam
3539 2394 3736 2465 ingentia

2193 2480 2329 2535 bona
2354 2520 2370 2547 ,
2419 2480 2630 2536 nonnisi
2669 2482 2737 2538 de
2774 2482 3020 2551 arbitrii,
3061 2485 3366 2540 secundum
3393 2486 3577 2554 istum,
3600 2487 3738 2544 efﬁci-

2194 2587 2312 2627 mus
2347 2573 2591 2630 libertate
2611 2613 2629 2639 ,
2672 2582 2728 2629 ιιι
2765 2573 2850 2629 his
2877 2575 3313 2644 praecedentibus
3338 2579 3536 2634 meritis
3560 2580 3627 2634 Sic
3647 2581 3737 2652 ejus

2193 2666 2416 2735 gratiam
2457 2682 2880 2738 consequamur,
2925 2680 2981 2724 ut
3017 2684 3113 2725 cor
3153 2681 3401 2727 nostrum
3431 2688 3530 2742 quo
3553 2674 3736 2730 voluerit

2195 2758 2308 2827 ipse
2343 2758 2593 2816 declinet.
2625 2760 2903 2828 Quomodo
2928 2769 3011 2816 est
3035 2776 3168 2834 ergo
3192 2763 3360 2833 gratia
3385 2805 3401 2830 ,
3427 2766 3470 2818 si
3491 2781 3585 2819 non
3606 2768 3736 2834 gratis

2193 2850 2385 2906 datur?
2426 2853 2696 2922 quomodo
2737 2862 2820 2909 est
2851 2855 3020 2924 gratia
3046 2895 3062 2920 ,
3103 2855 3154 2910 si
3195 2869 3266 2910 ex
3303 2855 3478 2912 debito
3504 2857 3736 2914 redditur?

2193 2945 2472 3012 Quomodo
2512 2961 2697 3001 verum
2739 2946 2868 3001 dicit
2906 2948 3231 3017 Apostolus,
3267 2948 3388 3004 Non
3413 2967 3472 3005 eo:
3498 2949 3648 3015 vobis,
3671 2951 3737 3006 sed

2193 3034 2293 3090 Dei
2325 3035 2513 3090 donum
2542 3046 2616 3091 est
2639 3052 2659 3102 ;
2688 3053 2789 3091 non
2813 3053 2878 3094 ea:
2901 3037 3170 3109 operibus,
3199 3057 3262 3094 ne
3289 3044 3417 3112 forte
3438 3041 3542 3112 quis
3565 3041 3738 3096 extolla-

2193 3137 2278 3182 tur
2315 3127 2531 3198 (Epltes.
2573 3145 2645 3197 ιι,
2689 3129 2755 3196 8,
2803 3129 2863 3200 9)
2909 3149 2922 3184 :
2963 3139 3018 3186 et
3042 3130 3238 3186 iterum
3265 3172 3279 3197 ,
3313 3131 3372 3186 Si
3397 3142 3553 3185 autem
3575 3133 3736 3203 gratia,

2195 3220 2393 3291 inquit,
2423 3222 2537 3292 jam
2573 3237 2674 3275 non
2715 3238 2779 3275 ex
2817 3222 3092 3292 operibus;
3128 3223 3357 3294 alioquin
3380 3224 3535 3294 gratia
3546 3225 3643 3293 jam
3663 3239 3736 3275 non

2193 3321 2267 3367 est
2293 3313 2459 3383 gratia
2488 3311 2664 3383 (Rom.
2699 3328 2755 3368 ιι
2775 3354 2790 3380 ,
2821 3313 2922 3386 6)?
2951 3313 3241 3383 Quomodo
3262 3355 3278 3381 ,
3311 3315 3514 3385 inquam
3535 3357 3549 3380 ,
3571 3314 3656 3369 hoc
3673 3328 3740 3367 ve-

2197 3421 2314 3460 rum
2356 3414 2475 3470 est,
2503 3406 2548 3460 si
2577 3421 2738 3476 opera
2779 3415 2921 3460 tanta
2963 3406 3318 3476 pra-cedunt,
3361 3422 3474 3476 qute
3500 3405 3636 3460 nobis
3655 3403 3740 3458 adi-

2198 3499 2463 3571 piscenda:
2495 3500 2678 3570 gratia:
2705 3499 2950 3554 meritum
2979 3500 3180 3553 faciant
3207 3542 3219 3565 ,
3245 3516 3349 3569 quo
3374 3499 3524 3568 nobis
3552 3513 3642 3552 non
3665 3497 3737 3550 do-

2199 3603 2355 3649 netur
2389 3593 2620 3662 gratuito
2643 3631 2659 3657 ,
2707 3591 2802 3647 sed
2851 3591 3104 3646 reddatur
3147 3607 3218 3647 ex
3258 3591 3478 3647 debito?
3503 3591 3684 3659 Ergone
3703 3597 3743 3641 ut

2201 3684 2540 3754 perveniatur
2568 3682 2635 3738 ad
2661 3682 2984 3753 adjutorium
3009 3684 3123 3749 Dei,
3157 3683 3224 3738 ad
3248 3684 3412 3739 Deum
3435 3683 3645 3737 curritur
3657 3680 3745 3735 sine

2199 3776 2462 3846 adjutorio
2505 3774 2641 3841 Dei;
2690 3784 2745 3830 et
2790 3785 2847 3830 ut
2889 3776 2998 3830 Deo
3039 3775 3381 3831 adhaerentes
3419 3775 3698 3844 adjuvetnur
3722 3790 3744 3824 a

2199 3870 2309 3926 Deo
2328 3911 2344 3935 ,
2371 3883 2401 3922 a
2428 3869 2538 3924 Deo
2566 3883 2675 3923 non
2703 3867 2869 3938 adjuti
2891 3867 3234 3923 adimerem-us
3257 3867 3410 3923 Deo?
3433 3867 3560 3937 Quid
3583 3863 3747 3919 homini

2200 3961 2390 4033 majus,
2420 3961 2614 4032 quidve
2642 3961 2745 4016 tale
2767 3961 2960 4030 poterit
2984 3961 3154 4032 gratia
3181 3961 3295 4032 ipsa
3319 3971 3583 4031 praestare,
3606 3958 3644 4012 si
3660 3955 3746 4026 jam

2200 4053 2318 4108 sine
2342 4053 2430 4108 illa
2455 4067 2593 4108 unus
2616 4068 2739 4108 cum
2767 4051 2990 4107 Domino
3017 4051 3242 4124 spiritus
3262 4051 3401 4108 effici
3425 4050 3614 4122 potuit,
3634 4062 3744 4102 non-

2203 4144 2304 4199 nisi
2332 4143 2400 4199 de
2426 4144 2630 4199 arbitrii
2659 4143 2947 4200 libertate?

2271 4234 2496 4293 CAPUT
2533 4235 2724 4293 XXIV.
2749 4236 2930 4292 —-25.
2969 4234 3076 4292 Sed
3101 4236 3299 4292 vellem
3332 4245 3387 4290 ut
3430 4235 3526 4290 iste
3558 4233 3748 4295 diceret,

2204 4339 2380 4385 utrum
2410 4345 2505 4386 rex
2535 4331 2622 4384 ille
2661 4330 2946 4401 Assyrius'
2971 4329 3124 4399 cujus
3156 4329 3358 4385 EStber
3393 4338 3566 4385 saneta
3594 4324 3752 4380 tnttlicr

2202 4421 2586 4478 exsecrabatur
2611 4422 2806 4488 cubile,
2833 4421 3045 4492 quando
3065 4421 3383 4476 considebat
3413 4421 3462 4474 in
3493 4419 3665 4473 throno
3689 4429 3754 4468 rc-

2204 4513 2292 4584 gni
2323 4513 2426 4579 sui,
2457 4523 2514 4568 et
2538 4513 2684 4568 omni
2712 4512 2848 4566 stola
2877 4511 3252 4567 illustrationis
3273 4529 3384 4567 sum
3413 4512 3613 4566 indutus
3638 4515 3750 4570 erat,

2207 4613 2349 4660 totus
2393 4619 2527 4660 auro
2571 4605 2804 4659 variatus
2848 4603 3222 4674 lapidibusque
3258 4603 3524 4674 pretiosis,
3571 4608 3620 4654 et
3662 4604 3756 4652 erat

2208 4697 2584 4753 formidolosus
2607 4696 2786 4765 valde,
2829 4704 2885 4751 et
2924 4695 3128 4752 elevata
3155 4693 3295 4751 faeie
3337 4711 3430 4749 sua
3473 4691 3757 4748 inflammata

2209 4791 2262 4845 in
2287 4789 2528 4845 claritate
2556 4787 2776 4843 intuitus
2809 4794 2896 4843 est
2921 4802 3066 4854 eam,
3085 4794 3342 4858 tanquam
3374 4794 3549 4840 taurus
3573 4781 3656 4837 in'
3679 4780 3758 4833 im-

2207 4892 2332 4957 ριειιι
2362 4881 2740 4952 indignationis
2768 4893 2914 4945 suze',
2958 4889 3013 4936 et
3039 4879 3219 4935 timuit
3243 4880 3447 4951 regina,
3484 4886 3533 4934 et
3568 4887 3760 4931 conver—

2209 4989 2302 5031 sus
2330 4984 2412 5031 est
2439 4974 2590 5030 color
2611 4972 2730 5043 ejus
2757 4986 2855 5044 per
2882 4970 3314 5039 dissolutionem,
3347 4979 3402 5026 et
3430 4965 3682 5025 inclinavit
3713 4975 3760 5016 se

2209 5081 2371 5136 super
2406 5073 2567 5136 caput
2603 5063 2851 5120 delicata:
2901 5079 3036 5131 suae,
3083 5077 3208 5134 quae
3254 5061 3586 5134 praecedebat
3623 5070 3759 5114 eam.

2210 5157 2402 5212 vellem
2427 5170 2555 5227 ergo
2580 5154 2786 5221 diceret
2813 5155 2917 5210 iste
2947 5154 3122 5222 nobis,
3157 5163 3337 5210 utrum
3367 5169 3460 5210 rex
3485 5151 3572 5208 ille
3591 5147 3652 5204 ad
3676 5145 3761 5201 Do-

2212 5250 2411 5304 minum
2444 5247 2555 5319 jam
2583 5257 2914 5313 euenrrerat,
2956 5254 3010 5302 et
3037 5246 3106 5303 ab
3146 5260 3215 5302 eo
3247 5260 3310 5302 se
3349 5244 3460 5317 regi
3499 5241 3758 5313 cupiverat.

2213 5356 2470 5412 suamque
2497 5340 2825 5398 voluntatem
2853 5354 2921 5396 ex
2958 5339 3076 5411 ejus
3103 5339 3382 5394 voluntate
3425 5332 3760 5407 suspenderali

2213 5446 2268 5492 et
2295 5435 2344 5491 ei
2361 5434 2562 5507 jugitor
2584 5432 2896 5490 inharendo
2921 5447 3062 5487 unus
3088 5446 3212 5488 cum
3251 5431 3344 5487 illo
3381 5427 3591 5500 spiritus
3618 5421 3762 5478 factus

2211 5536 2348 5592 erat,
2388 5525 2601 5581 nonnisi
2639 5523 2709 5580 de
2751 5522 2957 5579 arbitrii
2998 5521 3278 5588 libertate;
3325 5528 3498 5576 utrum
3541 5529 3596 5572 se
3620 5517 3760 5570 totum

2279 5684 2294 5714 ί
2323 5681 2452 5744 Apud
2476 5688 2584 5730 ων.
2608 5680 2688 5728 bic
2707 5679 2920 5729 additum
2945 5684 3041 5740 est,
3063 5686 3208 5729 Deus.

2277 5747 2298 5777 ²
2323 5744 2662 5794 tucolbertino
2684 5749 2789 5802 δίδη
2813 5752 3063 5792 Assuerus.

2281 5808 2302 5839 ⁸
2322 5807 2407 5856 ttic
2426 5803 2677 5870 particula,
2692 5802 2765 5868 in,
2795 5804 3073 5856 restiutitur
3093 5814 3157 5853 ex
3178 5806 3290 5852 Ias.
