3938 6520
217 394 281 456 δη
1234 365 1433 422 LIBER
1474 364 1562 421 DE
1600 361 1859 422 GRATIA
1894 357 2181 415 CHRISTI.

214 510 281 567 [leo
302 499 568 562 indiderat,
607 505 938 564 omnemque
973 501 1121 543 suam
1149 482 1562 539 mortiﬁcaverat
1591 493 1694 533 vo-

213 605 390 659 luntatem,
424 599 480 647 el
521 603 620 644 cor
658 601 819 642 suum
859 585 914 638 in
953 595 1112 636 manu
1145 576 1234 632 Dei
1263 583 1528 646 posuerat.
1561 571 1696 626 Puto

211 705 276 746 non
293 686 510 751 desipere,
538 677 639 734 sed
664 669 899 734 insanire
929 671 1216 735 hominem,
1247 665 1489 737 quisquis
1511 663 1579 718 de
1605 663 1699 717 illo

208 797 300 854 rege,
315 776 460 849 qualis
493 784 624 829 tunc
657 781 798 836 erat,
831 770 944 825 lucc
981 763 1251 822 senserit:
1281 770 1335 816 et
1359 762 1535 814 tamen
1574 772 1704 812 con-

209 848 310 928 vertit
326 848 442 924 Deus
463 873 522 922 et
543 861 818 920 transtulit
846 855 1261 928 indignationem
1283 852 1400 924 ejus
1425 851 1479 905 in
1509 848 1702 905 lenita—

211 973 278 1020 tem
303 957 482 1033 (Esther
503 969 563 1022 v,
597 967 702 1009 sec.
738 947 926 1014 LXX).
965 946 1099 1017 Quis
1135 952 1314 1000 autem
1354 956 1462 996 nun
1506 939 1704 1005 videat,

211 1030 322 1112 multo
340 1047 497 1119 majus
520 1059 671 1112 esse,
703 1041 1118 1112 indignationem
1145 1051 1176 1090 a
1195 1033 1465 1090 contrario
1487 1031 1540 1086 iu
1567 1030 1706 1086 leni-

213 1146 633 1204 utemcouvertere
672 1145 833 1207 atque
869 1130 1180 1196 transferre,
1219 1142 1376 1198 quam
1405 1139 1499 1180 cor
1523 1130 1709 1178 neutra

213 1237 413 1296 electione
432 1238 882 1304 prmoccupatum,
910 1225 1004 1280 sed
1026 1224 1163 1278 inter
1180 1228 1459 1289 utramque
1479 1214 1709 1272 medium

215 1334 251 1389 in
271 1325 424 1398 aliquid
446 1319 761 1380 declinare?
802 1317 1004 1389 Legaut
1041 1328 1171 1384 ergo
1211 1319 1266 1366 et
1291 1308 1603 1398 intelligant.
1633 1305 1713 1398 in-

218 1395 392 1478 tueantur
413 1425 570 1484 atque
592 1411 875 1474 fateantur,
903 1421 1007 1460 non
1033 1404 1150 1474 lege
1172 1411 1332 1472 atque
1358 1395 1600 1454 doctrina
1635 1395 1716 1449 in-

219 1521 373 1568 tonante
394 1506 699 1564 forinsecus,
743 1498 840 1555 sed
879 1497 1086 1552 interna
1124 1501 1180 1550 et
1219 1491 1447 1553 occulta,
1487 1485 1717 1542 mirabili

221 1617 262 1658 ac
276 1593 477 1655 inellabili
500 1598 767 1664 potestate
781 1586 989 1656 operari
1019 1585 1182 1640 Deum
1210 1583 1260 1636 in
1285 1579 1535 1635 cordibus
1550 1576 1722 1630 homi-

224 1709 323 1758 num,
345 1704 432 1744 non
464 1685 634 1742 solum
661 1696 817 1737 veras
843 1677 1217 1740 revelationes,
1245 1672 1340 1729 sed
1368 1672 1535 1727 bonas
1561 1669 1718 1726 etiam

225 1783 466 1839 voluntates.

274 1867 446 1926 CAPUT
478 1863 644 1920 XXV.
678 1892 753 1902 —
789 1859 879 1915 26.
922 1858 1140 1913 Desinat
1189 1856 1366 1926 itaque
1407 1855 1516 1925 jam
1568 1852 1724 1908 Pela-

227 1962 322 2031 gius,
341 1967 456 2013 etse
481 1956 651 2024 ipsum
682 1959 736 2006 et
772 1949 906 2004 alios
930 1947 1132 2009 fallere,
1170 1954 1356 2000 contra
1385 1944 1475 2000 Dei
1502 1943 1724 2014 gratiam

229 2045 490 2119 disputando.
515 2043 626 2098 Non
659 2049 879 2112 propter
905 2039 1118 2093 illorum
1151 2037 1308 2090 trium
1335 2050 1519 2100 unum,
1547 2033 1597 2088 id
1623 2040 1724 2096 est,

234 2149 389 2211 propter
413 2133 801 2206 possibilitatem
829 2131 983 2186 bona:
1008 2127 1297 2182 voluntatis
1333 2135 1493 2196 atque
1528 2123 1724 2195 operis,

240 2229 442 2286 sedetiam
470 2233 680 2296 propter
709 2222 1029 2276 voluntatem
1061 2229 1115 2274 et
1143 2219 1510 2290 operationem
1534 2217 1727 2272 bonam

247 2337 333 2390 erga
348 2333 420 2373 nos
439 2317 589 2388 gratia
615 2315 709 2369 Dei
732 2311 1061 2384 prmdicanda
1093 2321 1194 2366 est.
1226 2308 1358 2365 Nam
1385 2310 1526 2364 illam
1563 2308 1734 2378 possi-

245 2410 430 2464 bilitatem
450 2405 508 2460 ad
541 2414 825 2474 utrumque
861 2402 1040 2458 valere
1075 2401 1257 2456 definit
1286 2421 1300 2456 :
1330 2410 1383 2456 et
1413 2410 1586 2455 tamen
1628 2414 1732 2454 non

238 2502 328 2556 ideo
344 2497 576 2554 tribuenda
611 2505 734 2552 sunt
760 2496 873 2551 Deo
909 2495 1066 2549 etiam
1113 2502 1293 2549 nostra
1320 2503 1558 2564 peccata,
1601 2491 1736 2546 sicut

231 2602 276 2647 et
301 2600 476 2660 propter
497 2586 726 2644 eamdem
752 2585 1158 2658 possibilitatem
1202 2585 1314 2639 vult
1338 2584 1570 2639 tribuere
1599 2582 1736 2637 bona

230 2697 369 2750 opera
396 2689 564 2736 nostra.
607 2679 717 2733 Non
768 2678 890 2732 ideo
934 2685 1135 2731 tantum
1181 2674 1501 2747 adjutorium
1546 2673 1738 2728 divina:

236 2772 396 2842 gratia:
418 2770 796 2832 commendetur,
827 2766 948 2838 quia
979 2766 1381 2836 possibilitatem
1407 2764 1620 2834 adjuvat
1648 2779 1741 2818 na-

240 2863 454 2915 turalem.
478 2861 654 2916 Desinat
676 2859 879 2926 dicere,
913 2878 932 2910 ι
961 2857 1110 2925 Quod
1144 2871 1422 2927 possumus
1451 2871 1610 2911 omne
1646 2855 1742 2911 bo-

242 2968 356 3006 num
379 2949 534 3013 facere,
558 2951 737 3016 dicere,
773 2951 1032 3019 cogitare,
1062 2948 1202 3003 illius
1231 2956 1314 3003 est
1336 2948 1426 3018 qui
1462 2947 1562 3002 hoc
1587 2961 1742 3017 posse

243 3041 441 3104 donavit,
467 3041 540 3108 qui
567 3040 658 3094 hoc
687 3053 850 3110 posse
888 3038 1104 3110 adjuvat
1133 3055 1146 3092 :
1177 3037 1318 3108 quod
1347 3053 1474 3092 vero
1497 3037 1632 3092 bene
1660 3037 1742 3093 vel

233 3132 427 3201 agimus,
450 3131 515 3185 vel
546 3131 825 3201 loquimur,
854 3129 937 3183 vel
968 3129 1280 3200 cogitamus,
1314 3136 1555 3182 nostrum
1582 3139 1684 3183 est.
1719 3145 1737 3179 ι

225 3221 430 3284 Desinat,
463 3221 676 3290 inquam,
717 3222 816 3275 ista
846 3220 1040 3276 dicere.
1078 3217 1193 3273 Non
1232 3218 1400 3272 solum
1438 3217 1576 3273 enim
1605 3217 1746 3272 Deus

219 3325 356 3380 posse
382 3321 593 3364 nostrum
614 3309 834 3365 donavit
860 3318 1014 3380 atque
1035 3308 1269 3379 adjuvat,
1301 3307 1394 3363 sed
1425 3307 1581 3362 etiam
1612 3307 1749 3363 velle

212 3411 260 3455 et
283 3402 468 3470 operari
510 3409 759 3472 operatur
801 3401 854 3456 in
899 3400 1050 3455 nobis
1081 3397 1338 3474 (Philipp.
1380 3415 1436 3464 ll,
1489 3398 1599 3469 l3).
1633 3398 1748 3453 Non
1786 3395 1794 3401 ’

207 3493 315 3560 quia
336 3507 428 3546 nos
443 3507 538 3547 non
568 3492 828 3557 volumus,
855 3501 943 3545 aut
970 3505 1067 3546 nos
1103 3506 1207 3545 non
1238 3491 1441 3561 agimus
1468 3508 1480 3544 :
1511 3490 1602 3546 sed
1628 3491 1748 3559 quia

205 3585 312 3637 sine
340 3584 490 3652 ipsius
523 3584 786 3656 adjutorio
823 3600 922 3640 nec
949 3585 1191 3639 volumus
1230 3584 1426 3654 aliquid
1465 3584 1606 3650 boni,
1652 3598 1751 3639 nec

203 3675 408 3744 agimus.
445 3675 716 3744 Quomodo
759 3678 900 3732 enim
950 3677 1162 3744 dicitur,
1217 3695 1235 3729 ι
1265 3677 1415 3746 Quod
1471 3692 1752 3748 possumus

200 3766 325 3820 bene
359 3783 528 3838 agere,
576 3769 669 3824 Dei
708 3777 827 3834 est;
855 3770 994 3840 quod
1039 3779 1214 3823 autem
1257 3769 1481 3839 agimus,
1515 3778 1753 3823 nostrum

196 3865 303 3922 est;
333 3876 351 3909 ι
388 3874 502 3912 cum
542 3858 688 3914 dicat
723 3859 1025 3930 Apostolus,
1058 3874 1215 3914 orare
1260 3874 1318 3934 se
1357 3859 1420 3914 ad
1465 3859 1627 3914 Deum
1659 3874 1756 3930 pro

194 3947 287 4013 eis,
321 3947 384 4001 ad
411 3964 540 4018 quos
581 3950 869 4016 scribebat,
916 3965 982 4005 ne
1009 3950 1135 4020 quid
1173 3951 1296 4004 mali
1343 3948 1558 4016 faciant,
1603 3958 1658 4006 et
1701 3959 1758 4006 ιιι

195 4039 323 4106 quod
365 4041 555 4095 bonum
597 4051 682 4097 est
712 4041 942 4098 faciant?
972 4043 1087 4098 Non
1127 4043 1270 4098 enim
1314 4042 1406 4109 ait,
1453 4041 1673 4099 Oramus
1701 4051 1760 4099 ut

194 4130 395 4195 pussitis
421 4129 546 4184 nihil
583 4132 706 4185 ntali
739 4131 948 4198 facere;
979 4133 1094 4200 sed,
1127 4149 1190 4187 ne
1215 4131 1340 4202 quid
1369 4133 1569 4204 faciatis
1596 4134 1760 4190 mali:

191 4232 302 4283 nec,
335 4218 401 4275 Ut
433 4221 643 4290 possitis
673 4223 869 4277 bonum
897 4222 1098 4290 facere;
1125 4223 1240 4290 sed,
1268 4232 1324 4278 ut
1350 4224 1531 4279 bonum
1561 4223 1760 4294 faciatis

192 4307 254 4376 (li
285 4307 403 4366 Car.
437 4327 553 4378 xm,
582 4311 664 4385 7).
711 4312 967 4379 Quoniam
1010 4313 1078 4369 de
1123 4314 1313 4384 quibus
1359 4314 1612 4384 scriptum
1656 4323 1758 4382 est,

191 4401 442 4474 Quotquot
481 4406 614 4459 enim
654 4406 852 4477 Spiritu
879 4405 976 4461 Dei
1010 4415 1248 4479 aguntur,
1290 4406 1342 4460 lii
1377 4407 1474 4476 ﬁlii
1514 4414 1630 4460 sunt
1668 4405 1764 4461 Dei

186 4493 357 4563 (Rom.
381 4513 503 4561 vin,
533 4498 666 4567 is);
699 4495 937 4568 profecto
973 4508 1030 4554 ut
1057 4506 1215 4569 agant
1242 4499 1381 4570 quod
1424 4498 1620 4554 bonum
1659 4507 1759 4565 est,

183 4585 363 4640 abillo
402 4597 634 4657 aguntur
655 4589 748 4658 qui
791 4588 960 4644 bonus
997 4598 1096 4647 est.
1137 4589 1413 4657 Quomodo
1439 4589 1567 4644 dicit
1608 4589 1764 4644 Pela-

185 4676 329 4744 gius,
372 4696 394 4730 ι
418 4678 573 4747 Quod
614 4679 754 4736 bene
799 4680 939 4751 loqui
979 4695 1292 4751 possumus,
1338 4681 1432 4737 Dei
1472 4692 1554 4738 est
1581 4700 1595 4738 :
1624 4681 1765 4754 quod

186 4767 316 4823 bne
346 4768 636 4839 loquimur,
678 4778 915 4826 nostrum
959 4781 1070 4837 est;
1099 4788 1122 4824 s
1171 4786 1294 4827 cum
1322 4771 1462 4827 dicat
1490 4769 1764 4838 Dominus,

189 4857 408 4923 Spiritus
441 4859 616 4916 Putris
639 4862 792 4916 uestri
819 4871 892 4917 est
918 4863 1004 4933 qui
1029 4862 1248 4934 loquitur
1288 4863 1340 4917 in
1373 4863 1550 4919 vobis?
1587 4863 1767 4935 Neque

188 4948 325 5003 civim
351 4950 448 5016 ait,
479 4950 594 5006 Non
631 4967 730 5007 vos
753 4953 884 5008 estis
910 4955 997 5024 qui
1027 4953 1246 5010 dedistis
1272 4954 1422 5010 vobis
1443 4955 1580 5010 bene
1610 4971 1769 5024 posse

191 5037 329 5108 loqui
351 5058 368 5093 :
394 5041 490 5097 sed
516 5043 612 5109 ait,
658 5041 782 5098 Non
807 5060 894 5098 nos
925 5045 1042 5100 estis
1070 5046 1153 5115 qui
1178 5044 1441 5114 loquimini
1469 5042 1678 5116 (Matth.
1709 5062 1766 5114 ι,

190 5125 300 5198 ω).
331 5129 443 5186 Nec
477 5131 571 5198 ait,
602 5132 832 5205 Spiritus
862 5132 1033 5190 Patris
1057 5135 1206 5189 uestri
1240 5135 1437 5206 estqui
1483 5137 1632 5192 vobis
1657 5136 1767 5205 dat,

195 5218 276 5273 vel
307 5219 455 5276 dedit
497 5238 657 5293 posse
686 5223 825 5279 bene
851 5225 1030 5295 loqui;
1078 5225 1171 5280 sed
1213 5226 1306 5294 ait,
1345 5227 1434 5298 qui
1460 5225 1678 5298 loquitur
1718 5229 1771 5281 in

198 5310 331 5365 satis
351 5327 373 5368 :
397 5329 506 5370 ιιοιι
550 5316 857 5387 signiﬁcans
883 5318 1244 5388 possibilitatis
1282 5318 1573 5390 profectum
1594 5319 1632 5386 ',
1677 5321 1771 5374 sed

202 5404 500 5471 exanimem
525 5408 918 5476 cooperationis
953 5409 1218 5466 effectum.
1251 5411 1530 5480 Quomodo
1553 5410 1681 5466 dicit
1704 5410 1772 5466 li-

209 5490 316 5548 beri
354 5496 551 5552 arbitrii
579 5499 751 5554 elatus
795 5510 1056 5566 assertor,
1087 5519 1105 5553 ι
1134 5501 1285 5571 Quod
1328 5517 1610 5574 possumus
1639 5502 1798 5559 bene.

211 5587 455 5655 uigilare,
485 5590 575 5646 Dei
614 5601 731 5657 est;
779 5593 920 5663 quod
967 5603 1140 5651 autem
1171 5595 1306 5653 bene
1345 5597 1637 5668 cogitamus
1675 5611 1773 5651 no-

279 5823 299 5853 ¹
323 5827 373 5872 In
391 5829 512 5885 Iss.,
532 5831 821 5890 promotum.
919 5871 923 5874 .

3280 349 3379 402 δη

1803 487 1970 532 strum
1999 475 2118 531 est?
2146 491 2165 526 ι
2194 471 2291 528 Cui
2334 468 2620 540 respondet
2660 466 2872 522 humilis
2912 466 3092 538 gratia:
3132 465 3387 535 praedica-

1805 577 1926 623 tor:
1957 564 2078 620 Non
2112 564 2232 635 quia
2263 561 2431 616 idonei
2465 577 2636 615 sumus
2678 560 2898 630 cogitare
2921 558 3117 630 aliquid
3155 575 3187 612 a
3223 555 3388 626 nobis,

1803 660 1948 730 quasi
1981 675 2045 713 ea:
2081 641 2480 726 nobismetipsis;
2514 653 2605 710 sed
2645 653 2938 725 sufficientia
2973 662 3144 708 nostra
3184 669 3248 709 ea:
3283 651 3391 708 Deo

1807 761 1879 806 est
1905 751 1969 822 (ll
1996 748 2115 805 Cor.
2140 763 2220 815 ut,
2245 744 2323 820 5).
2356 745 2471 801 Non
2496 745 2639 803 enim
2665 746 2758 813 ait,
2791 745 2950 802 Posse
2972 745 3242 816 cogitare;
3270 743 3388 811 sed,

1807 843 2044 913 cogitare.

1879 929 2105 986 CAPUT
2141 927 2333 984 XXVI.
2351 957 2422 968 -
2440 926 2531 981 27.
2574 925 2730 980 istam
2755 925 2846 980 Dei
2873 927 3092 996 gratiam
3116 927 3170 981 in
3195 927 3391 982 divinis

1811 1023 2036 1093 eloquiis
2071 1019 2404 1076 manifestam
2451 1017 2610 1072 etiam
2638 1016 2879 1087 Pelagius
2923 1017 3200 1073 manifeste
3229 1017 3398 1072 fatea-

1815 1127 1917 1182 tur,
1949 1131 2113 1186 seque
2152 1113 2352 1169 tamdiu
2376 1120 2561 1167 contra
2589 1111 2821 1166 sensisse
2851 1126 2955 1165 non
2986 1112 3189 1182 operiat
3221 1113 3397 1183 impu-

1815 1209 2129 1266 dentissimo
2159 1207 2380 1278 pudore,
2422 1204 2518 1260 sed
2549 1203 2732 1258 dolore
2761 1203 3116 1258 saluberrimo
3157 1203 3397 1272 aperiat;

1818 1314 1875 1362 ut
1897 1313 2079 1362 sancta
2107 1301 2340 1358 Ecclesia
2369 1315 2474 1354 non
2515 1299 2758 1353 turbetur
2795 1295 3054 1365 pervicaci
3079 1295 3196 1364 ejus
3229 1294 3399 1349 obsti-

1819 1399 2053 1463 natione,
2078 1395 2173 1452 sed
2197 1394 2371 1450 veraci
2410 1391 2743 1448 correctione
2778 1390 3004 1444 lietetur.
3035 1385 3402 1456 Cognitionem

1820 1501 1875 1548 et
1917 1488 2310 1549 dilectionem‘,
2353 1486 2490 1540 sicut
2529 1492 2657 1540 sunt
2691 1480 3063 1547 discernenda,
3109 1479 3403 1536 discernat.

1821 1581 1954 1650 Quia
1983 1580 2204 1637 scientia
2231 1576 2400 1642 inﬂat,
2440 1575 2674 1630 cltaritas
2707 1573 2935 1629 :edilicat
2962 1570 3005 1647 (l
3033 1569 3152 1627 Cor.
3177 1587 3291 1635 vni,
3330 1572 3404 1640 l).

1824 1671 1892 1726 Et
1917 1680 2041 1727 tunc
2073 1668 2293 1724 scientia
2323 1681 2430 1722 non
2459 1663 2626 1728 inﬂat,
2656 1663 2868 1736 quando
2902 1662 3134 1717 citaritas
3159 1661 3405 1717 aediﬁcat.

1826 1766 2038 1821 Etcum
2075 1763 2148 1820 sit
2175 1771 2456 1830 utrumque
2483 1757 2679 1813 donum
2707 1756 2824 1824 Dei,
2871 1754 2966 1810 sed
3005 1769 3166 1808 unum
3212 1753 3409 1819 minus,

1827 1857 2051 1912 alterum
2083 1852 2276 1922 majus,
2304 1867 2409 1906 non
2437 1849 2550 1904 sic’
2571 1848 2830 1920 justitiam
2855 1854 3088 1900 nostram
3115 1859 3274 1913 super
3300 1844 3412 1896 lau-

1828 1949 1948 2004 dem
1983 1943 2348 2017 justiﬁcatoris
2387 1941 2556 1998 nostri
2599 1940 2834 2002 extollat,
2879 1947 2935 1992 ut
2969 1936 3159 1992 horum
3188 1936 3414 1990 duorum

1829 2037 1970 2109 quod
1996 2037 2169 2091 minus
2191 2045 2294 2103 est,
2323 2033 2503 2088 divino
2533 2031 2728 2086 tribuat
2755 2028 3039 2097 adjutorio,
3067 2027 3207 2097 quod
3239 2037 3416 2080 autem

1831 2129 2004 2199 majus
2023 2135 2123 2195 est,
2145 2126 2379 2180 humano
2402 2131 2620 2192 usurpet
2647 2121 2886 2176 arbitrio.
2910 2120 2976 2175 Et
2995 2119 3039 2174 si
3066 2116 3414 2181 consenserit,

1833 2235 1932 2276 nos
1967 2221 2137 2291 gratia
2163 2218 2253 2273 Dei
2281 2216 2524 2287 accipere
2548 2214 2900 2278 cbaritatem;
2944 2225 3049 2267 non
3085 2211 3162 2266 sic
3203 2209 3417 2275 sentiat,

1836 2323 2082 2384 tanquam
2114 2311 2219 2367 ulla
2256 2311 2442 2366 merita
2470 2308 2607 2364 bona
2650 2317 2828 2362 nostra
2858 2304 3246 2376 praecesserint.
3289 2301 3422 2357 Nam

1836 2421 1955 2476 qua:
1998 2403 2183 2459 merita
2225 2401 2364 2457 bona
2408 2409 2534 2456 tunc
2580 2400 2776 2454 habere
2818 2407 3146 2468 poteramus,
3199 2393 3414 2465 quando

1839 2497 2006 2551 Deum
2048 2509 2154 2549 non
2180 2490 2565 2564 diligebamus?
2599 2488 2666 2546 Ut
2707 2488 2850 2544 enim
2893 2487 3260 2557 acciperemus
3287 2484 3422 2540 dile-

1839 2589 2069 2644 ctionem
2109 2601 2214 2657 qua
2256 2585 2615 2654 diliget-emus,
2663 2579 2843 2636 dilecti
2883 2595 3086 2643 sumus,
3137 2593 3257 2631 cum
3307 2591 3424 2631 eam

1840 2680 2075 2736 nondum
2106 2678 2443 2734 haberemus.
2480 2675 2595 2730 lloc
2635 2674 2866 2730 Joannes
2897 2672 3166 2741 apostolus
3205 2669 3429 2740 apertis-

1841 2774 1976 2827 sime
2002 2769 2128 2825 dicit
2157 2786 2171 2823 :
2201 2765 2321 2821 Non
2353 2765 2486 2837 quod
2514 2781 2604 2819 nos
2629 2761 2954 2817 dilexerimus
2979 2761 3167 2826 Deum,
3193 2759 3280 2814 sed
3307 2759 3427 2830 quia

1841 2861 1987 2935 ipse'
2007 2861 2182 2916 dilexit
2211 2875 2321 2935 nos:
2351 2859 2417 2913 Et
2440 2857 2568 2912 alibi
2596 2873 2610 2914 ε
2639 2854 2748 2910 Nos
2781 2854 3073 2926 diligamus,
3103 2851 3290 2923 inquit,
3314 2850 3432 2919 quia

1844 2955 1951 3026 ipse
1987 2954 2127 3026 prior
2166 2949 2342 3006 dilexit
2383 2965 2476 3006 nos
2514 2947 2559 3019 (l
2591 2946 2749 3002 Joau.
2791 2961 2862 3009 tv,
2912 2945 3001 3011 10,
3054 2942 3165 3015 19).
3215 2941 3425 3011 Optime

1845 3046 2064 3103 omnino
2091 3053 2249 3115 atque
2277 3041 2578 3097 verissime.
2609 3038 2723 3094 Non
2763 3039 2904 3094 enim
2942 3035 3259 3091 haberemus
3290 3032 3432 3088 unde

1848 3137 1996 3192 illum
2023 3135 2387 3205 diligeremus,
2417 3131 2516 3185 nisi
2553 3129 2657 3184 hoc
2682 3128 2881 3193 abillo,
2911 3142 3032 3182 cum
3061 3126 3206 3196 prior
3233 3139 3330 3180 nos
3356 3125 3434 3179 di-

1849 3229 2055 3300 ligeret,
2082 3240 2434 3282 sumeremus.
2453 3222 2590 3291 Quid
2619 3230 2793 3276 autem
2826 3219 2948 3274 boni
2975 3217 3294 3283 faceremus,
3325 3216 3429 3272 nisi

1849 3318 2235 3392 diligeremus'l
2277 3318 2384 3373 Aut
2421 3313 2689 3387 quomodo
2727 3314 2924 3369 bonum
2964 3326 3072 3366 non
3101 3310 3344 3374 facimus,
3391 3309 3436 3364 si

1850 3410 2167 3484 diligamus?
2187 3409 2297 3466 Etsi
2317 3408 2459 3464 enim
2483 3407 2574 3462 Dei
2598 3404 2903 3461 mandatum
2925 3401 3134 3458 videtur
3153 3400 3438 3472 aliquando

1853 3523 1958 3562 non
2002 3519 2032 3560 a
2072 3499 2477 3575 diligentibus‘,
2522 3498 2618 3555 sed
2659 3513 2691 3554 a
2723 3497 3030 3552 timentibus
3075 3495 3222 3560 lieri;
3263 3503 3440 3549 tamen

1830 3597 1943 3654 'ubi
1972 3609 2078 3654 non
2113 3603 2196 3650 est
2231 3590 2469 3658 dilectio,
2512 3591 2712 3645 nullum
2741 3590 2936 3644 bonum
2964 3601 3100 3658 opus
3129 3587 3436 3656 imputatur,

1855 3703 1956 3744 nec
1992 3694 2140 3743 recte
2167 3685 2366 3740 bonum
2390 3697 2524 3752 opus
2547 3689 2768 3736 vocatur
2797 3697 2810 3735 :
2837 3679 2959 3750 quia
2985 3692 3144 3733 omne
3172 3675 3313 3747 quod
3336 3690 3440 3730 non

1855 3795 1922 3836 ex
1956 3778 2057 3834 lide
2082 3786 2184 3844 est,
2207 3783 2480 3846 peccatum
2510 3782 2591 3828 est
2617 3771 2790 3844 (Rom.
2817 3768 3081 3840 amr-25);
3111 3775 3162 3824 et
3194 3767 3325 3822 lides
3348 3781 3444 3836 per

1857 3871 2190 3928 dilectionem
2229 3875 2480 3938 operatur
2517 3863 2711 3936 (Galat.
2739 3877 2793 3930 v,
2835 3861 2912 3934 6).
2944 3861 3022 3916 Ac
3061 3875 3155 3930 per
3184 3859 3288 3914 boc
3314 3872 3441 3928 gra-

1861 3965 1984 4020 tiam
2029 3963 2148 4029 Dei,
2190 3975 2294 4032 qua
2325 3958 2558 4014 charitas
2600 3956 2694 4011 Dei
2738 3953 3048 4009 diffunditur
3091 3953 3143 4006 in
3187 3950 3440 4006 cordibus

1861 4054 2057 4111 nostris
2108 4068 2204 4123 per
2246 4050 2500 4122 Spiritum
2543 4055 2786 4104 sanctum
2828 4043 2919 4116 qui
2963 4043 3118 4099 datus
3160 4051 3242 4098 est
3287 4041 3443 4096 nobis

1866 4149 2039 4222 (Rom.
2071 4163 2126 4213 v,
2153 4147 2232 4216 5),
2261 4144 2340 4200 sic
2380 4143 2696 4199 conﬁteatur
2734 4138 2821 4210 qui
2848 4137 2962 4193 vult
2989 4135 3248 4192 veraciter
3276 4132 3448 4188 conli-

1863 4241 1986 4306 teri,
2018 4247 2076 4294 ut
2116 4236 2334 4308 omnino
2364 4233 2494 4289 nihil
2526 4232 2650 4288 boui
2697 4232 2816 4288 sine
2844 4229 2954 4294 illa,
3001 4226 3142 4298 quod
3172 4225 3238 4280 ad
3276 4225 3447 4300 pieta-

1865 4341 1970 4389 tem
1996 4330 2224 4403 pertinet
2248 4341 2534 4396 veramque
2556 4324 2839 4396 justitiam,
2872 4320 2986 4376 lieri
3025 4333 3185 4390 posse
3216 4332 3322 4373 non
3351 4317 3450 4372 du-

1866 4426 2016 4481 bitet.
2057 4423 2171 4480 Non
2195 4418 2464 4492 quomodo
2490 4417 2614 4484 iste,
2648 4416 2737 4487 qui
2767 4429 2887 4470 cum
2925 4412 3072 4476 dicit,
3115 4429 3136 4464 ι
3169 4418 3450 4480 propterea

1865 4517 1980 4574 dari
2004 4515 2248 4588 gratiam,
2281 4520 2341 4567 ut
2363 4509 2504 4580 quod
2549 4523 2580 4563 a
2619 4507 2731 4563 Deo
2759 4504 3085 4576 praecipitur,
3111 4500 3316 4581 facilius
3351 4499 3453 4554 im‘

1869 4575 2096 4682 pleatbr,
2131 4624 2151 4659 ι
2184 4575 2312 4676 quid
2345 4575 2415 4658 de
2439 4600 2530 4657 illa
2559 4597 2751 4654 sentiat
2775 4594 2907 4650 satis
2935 4593 3186 4658 ostendit,
3219 4575 3448 4656 scilicet,

1867 4681 2008 4773 quod
2036 4697 2196 4754 etiam
2237 4694 2356 4751 sine
2397 4690 2510 4755 illa,
2540 4687 2640 4744 etsi
2683 4686 2860 4742 minus
2889 4682 3064 4748 facile,
3111 4681 3224 4737 llcri
3265 4689 3444 4735 tamen

1869 4790 2010 4864 quod
2033 4788 2285 4845 divinitus
2311 4781 2634 4856 praecipitur,
2666 4785 2863 4850 potest.

1931 4878 2167 4940 CAPUT
2207 4874 2418 4934 xxvn.
2445 4871 2630 4929 —es.
2671 4870 2729 4926 lu
2771 4869 2909 4925 libro
2949 4865 3146 4938 quippe
3179 4862 3249 4920 ad
3294 4861 3457 4934 virgis

1873 4990 1995 5030 nem
2014 4956 2245 5036 sacram,
2267 4966 2409 5040 quod
2435 4973 2492 5022 et
2510 4978 2668 5034 supra
2689 4957 3126 5024 commemoravi,
3152 4970 3275 5012 cum
3301 4953 3456 5019 dicit,

1878 5087 1897 5121 ι
1925 5066 2168 5123 Divinam
2220 5075 2522 5118 mereamur
2571 5055 2818 5128 gratiam,
2869 5063 2926 5110 et
2967 5051 3172 5106 facilius
3229 5061 3459 5118 nequam

1874 5158 2101 5232 spiritui,
2128 5154 2298 5214 sancti
2337 5151 2569 5222 Spiritus
2605 5148 2825 5216 auxilio,
2857 5145 3207 5208 resistamus;
3243 5160 3262 5193 ι
3291 5139 3462 5210 signi-

1877 5252 1999 5308 ficat
2023 5247 2262 5320 profecto
2287 5243 2412 5316 quid
2455 5243 2645 5312 sapiat.
2689 5237 2884 5308 thuid
2928 5237 3071 5292 enim
3101 5234 3200 5288 hoc
3238 5231 3460 5320 verbum

1877 5337 2296 5413 iuterposuit,.id
2322 5345 2424 5401 est,
2463 5353 2482 5386 ι
2512 5330 2758 5387 facilius?
2793 5347 2812 5381 s
2849 5329 2929 5383 Au
2957 5340 3088 5382 vero
3113 5339 3218 5378 non
3245 5328 3361 5377 erat
3390 5319 3463 5373 in-

1942 5521 1958 5552 ί
1982 5517 2118 5592 aditi,
2487 5516 2534 5562 et
2555 5506 2848 5561 electionem.
2865 5504 3164 5566 Castigantur
3175 5503 3465 5547 auctoritate

1877 5585 2362 5641 mnuscﬁptorum.__
2530 5634 2542 5641 _
2718 5637 2755 5641 __
2878 5626 2890 5637 .

1943 5645 1964 5676 ³
1980 5634 2132 5701 Editi,’
2144 5638 2240 5702 hic.
2261 5636 2427 5702 melius
2445 5634 2699 5702 Vaticanus
2718 5637 2828 5702 Hs.,_
2847 5634 2940 5702 sic.
2953 5681 3206 5702 ,μ’-ΑΛ

1945 5705 1966 5737 ³
1980 5679 2690 5759 ἦῖὁῖἶιῖεἶὶιῖἷᾶιῶιιιὲξ
2709 5703 2725 5742 :
2741 5679 2832 5742 sed
2853 5703 2883 5738 a
2902 5681 3239 5746 manuscriptis
3255 5687 3307 5732 et
3320 5679 3382 5730 ab
3398 5690 3462 5732 eo

1882 5767 1990 5816 loco
2011 5763 2204 5813 Joannis
2224 5762 2382 5810 abest.

1949 5809 2359 5890 {ey'gﬁiranncnsis
2381 5828 2484 5880 its.,
2509 5831 2538 5867 a
2560 5829 2653 5867 non
2676 5809 3000 5876 diligentibus.
