3938 6502
558 334 669 391 ὗἹὸ

563 460 714 523 tcgcr
753 464 943 507 sensus
991 454 1100 504 tut
1154 459 1381 516 nequam
1421 442 1650 514 spiritui,
1706 445 1874 500 sancti
1922 444 2152 514 Spiritus

563 543 782 611 auxilio,
812 538 1156 598 resistamus?
1185 557 1204 591 ι
1235 537 1340 594 Sed
1367 545 1622 607 quantum
1648 535 2022 591 detrimentum
2054 535 2156 590 hoc

569 635 938 691 additamento
956 631 1160 697 fecerit,
1176 630 1296 700 quis
1311 645 1415 682 non
1443 627 1738 698 intelligat?
1761 627 1953 682 Volens
1975 628 2154 698 utique

564 726 734 792 credi,
768 731 940 778 tantas
964 736 1084 777 esse
1111 729 1319 775 natura:
1345 719 1509 785 vires,
1539 732 1673 790 quas
1695 718 1999 774 extollendo
2029 735 2154 788 pric-

565 816 769 886 cipitat,
799 821 856 868 ut
881 813 1041 868 etiam
1072 811 1188 866 sine
1221 810 1420 866 auxilio
1445 809 1675 881 Spiritus
1704 810 1894 874 sancti,
1927 810 2026 864 etsi
2055 809 2154 864 mi-

561 923 663 963 nus
692 905 868 971 facile,
899 915 1074 962 tamen
1101 903 1281 975 aliquo
1309 902 1469 958 modo
1513 917 1738 974 nequam
1780 902 1987 972 spiritui
2017 902 2151 957 resi-

561 1010 753 1057 statur.

631 1084 858 1152 CAPUT
898 1092 1136 1150 XXVIII.
1167 1091 1346 1148 —29.
1390 1091 1519 1146 Item
1561 1091 1612 1144 in
1661 1089 1833 1160 primo
1881 1086 2017 1141 libro
2056 1101 2152 1156 pro

561 1176 757 1244 Libero
787 1187 1060 1242 Arbitrio:
1095 1205 1114 1238 ι
1146 1184 1277 1240 Cum
1323 1193 1502 1239 autem
1545 1192 1651 1238 tam
1692 1182 1850 1248 forte,
1882 1200 1902 1232 ι
1957 1180 2148 1250 inquit,

567 1299 586 1331 ι
627 1288 732 1334 tam
783 1279 992 1334 firmum
1039 1278 1103 1332 ad
1137 1293 1242 1332 non
1270 1275 1597 1347 peccandum
1645 1275 1872 1329 liberum
1911 1289 1964 1328 in
1998 1272 2152 1327 nobis

567 1372 860 1427 habeamus
884 1371 1183 1436 arbitrium,
1217 1369 1357 1439 quod
1383 1367 1702 1439 generaliter
1731 1374 1934 1420 natura:
1960 1365 2150 1419 huma-

565 1476 650 1518 nae
672 1464 894 1519 Creator
923 1462 1165 1528 inseruit,
1197 1474 1385 1516 rursus
1414 1474 1508 1530 pro
1527 1455 2027 1527 inaestimabiliejus
2055 1457 2151 1512 be-

568 1556 851 1626 nignitate,
879 1553 1188 1625 quotidiano
1212 1553 1379 1623 ipsius
1410 1551 1681 1606 munimur
1707 1548 1927 1603 auxilio.
1962 1567 1982 1601 ›
2015 1547 2151 1616 Quid

566 1661 702 1715 opus
721 1653 806 1702 cst
826 1645 927 1700 hoc
950 1644 1168 1708 auxilio,
1207 1644 1252 1698 si
1282 1653 1387 1697 tam
1415 1641 1572 1707 forte,
1602 1649 1708 1695 tam
1737 1640 1948 1694 firmum
1981 1639 2150 1695 estad

561 1748 671 1792 non
716 1735 1047 1807 peccandum
1091 1734 1320 1791 liberum
1366 1732 1683 1789 arbitrium?
1721 1731 1827 1787 Sed
1867 1732 2026 1786 ctiam
2067 1731 2153 1786 hic

565 1831 680 1886 vult
700 1831 944 1901 intelligi,
965 1829 1031 1886 ad
1062 1829 1161 1884 hoc
1186 1843 1308 1885 esse
1332 1827 1608 1891 auxi-lium,
1629 1834 1683 1881 ut
1711 1825 1918 1880 facilius
1946 1824 2035 1879 fiat
2059 1839 2154 1894 per

553 1925 817 1992 gratiam,
847 1922 987 1993 quod
1032 1922 1129 1978 etsi
1179 1922 1355 1976 minus
1399 1918 1577 1984 facile,
1627 1929 1805 1974 tamen
1846 1927 1996 1988 putat
2038 1917 2151 1973 fieri

563 2023 760 2084 praeter
783 2015 1028 2084 gratiam.

634 2106 861 2163 CAPUT
903 2106 1097 2162 XXIX.
1132 2135 1198 2146 —-
1229 2105 1317 2162 50.
1360 2105 1488 2161 Item
1542 2106 1594 2160 in
1633 2103 1823 2159 eodem
1869 2102 2006 2158 libro
2049 2102 2153 2156 alio

560 2193 681 2256 loco
711 2219 722 2254 :
759 2219 776 2251 ι
808 2199 878 2256 Ut
904 2200 1044 2271 quod
1084 2215 1180 2270 per
1203 2199 1452 2265 liberum,
1484 2217 1504 2251 ι
1537 2199 1724 2270 inquit,
1746 2217 1773 2269 _¢
1804 2198 2047 2253 homines
2077 2198 2153 2251 fa-

560 2306 682 2347 cere
705 2292 960 2362 jubcntur
988 2291 1290 2357 arbitrium,
1321 2290 1528 2347 facilius
1557 2291 1765 2362 possint
1805 2290 2026 2361 implere
2060 2306 2155 2360 per

557 2387 804 2456 gratiam.
837 2406 871 2439 ι-
898 2385 1048 2440 Tolle
1093 2384 1373 2450 «facilius,
1405 2403 1423 2436 ι
1475 2395 1532 2440 et
1576 2399 1682 2439 non
1726 2383 1900 2439 solum
1937 2383 2150 2454 plenus,

560 2487 746 2533 verum
789 2479 948 2532 etiam
989 2493 1150 2533 sanus
1190 2486 1273 2532 cst
1317 2493 1527 2544 sensus,
1564 2477 1609 2532 si
1654 2476 1726 2531 ita
1771 2477 2000 2544 dicatur,
2033 2494 2052 2528 ι
2085 2476 2155 2532 Ut

560 2569 702 2639 quod
730 2584 825 2637 per
847 2569 1072 2624 liberum
1103 2569 1346 2624 homines
1375 2566 1552 2624 facere
1573 2567 1832 2639 iubentur
1850 2568 2150 2635 arbitrium,

562 2660 770 2728 possint
797 2659 1016 2729 implere
1041 2674 1137 2730 per
1155 2659 1400 2728 gratiam.
1431 2675 1451 2709 ι
1484 2658 1614 2713 Cum
1639 2666 1818 2714 autem
1851 2675 1870 2710 ‹
1899 2657 2107 2713 facilius
2127 2676 2146 2711 ι

562 2749 797 2818 additur,
827 2750 1138 2820 adimpI—etio
1162 2749 1287 2805 boni
1316 2748 1494 2818 operis
1517 2749 1678 2804 etiam
1717 2748 1835 2803 sine
1864 2748 1958 2803 Dei
1982 2748 2152 2818 gratia

549 2855 726 2912 posse
776 2845 914 2912 fieri,
971 2844 1128 2900 tacita
1178 2842 1562 2914 significatione
1606 2841 1925 2912 suggeritur.
1982 2840 2152 2908 Quem

559 2947 779 2992 sensum
820 2935 1093 3006 redarguit
1121 2936 1210 3006 qui
1249 2933 1398 3000 dicit,
1428 2932 1554 2990 Sine
1579 2949 1658 2989 me
1683 2932 1814 2986 nihil
1839 2933 2044 3004 potestis
2065 2936 2150 3004 fa-

560 3042 672 3080 cere
701 3026 882 3097 (Joau.
915 3042 1006 3092 xv,
1039 3026 1116 3098 5).

629 3118 856 3176 CAPUT
897 3118 1066 3174 XXX.
1089 3148 1161 3159 -—-
1184 3121 1271 3175 5|.
1297 3117 1564 3175 Emendet
1587 3119 1700 3173 haec
1719 3117 1920 3185 omnia,
1943 3131 2010 3173 ne
2029 3117 2072 3171 si
2097 3116 2150 3171 in

560 3224 740 3266 rerum
766 3225 1076 3281 magnarum
1118 3209 1475 3280 profunditate
1505 3209 1737 3265 humana
1769 3209 1968 3266 erravit
1996 3209 2151 3264 infir-

558 3309 739 3375 mitas,
771 3309 932 3364 etiam
958 3307 1219 3364 diabolica
1247 3307 1372 3364 huic
1404 3308 1623 3364 accedat
1661 3308 1854 3376 errori,
1886 3307 1967 3362 vel
1994 3306 2148 3364 falla-

561 3402 666 3468 cia,
702 3401 790 3457 vel
827 3402 1160 3468 animositas,
1200 3401 1314 3457 sive
1354 3401 1600 3472 negando
1624 3400 1766 3471 quod
1811 3400 1998 3468 sensit,
2039 3399 2150 3454 sive

563 3492 904 3550 defendendo
932 3493 1074 3565 quod
1114 3509 1394 3564 perperam
1433 3496 1621 3558 sensit,
1667 3509 1788 3549 cum
1835 3492 1887 3548 id
1937 3507 1997 3548 se
2043 3507 2148 3547 non

557 3586 808 3642 debuisse
833 3587 1031 3643 sentire
1054 3595 1470 3643 commemorata
1495 3586 1779 3657 perspicua
1809 3585 2034 3641 veritate
2053 3599 2149 3640 co-

558 3681 823 3752 gnoverit.
866 3680 1026 3736 istam
1051 3681 1251 3752 quippe
1283 3680 1510 3750 gratiam
1552 3693 1656 3750 qua
1676 3677 2050 3750 justificamur,
2095 3677 2147 3732 id

560 3781 668 3838 est,
699 3788 802 3844 qua
830 3773 1064 3830 charitas
1109 3773 1205 3829 Dei
1236 3771 1550 3828 diffunditur
1578 3773 1630 3827 in
1657 3770 1912 3827 cordibus
1951 3771 2148 3825 nostris

555 3879 655 3933 per
681 3863 939 3935 Spiritum
967 3873 1208 3922 sanctum
1244 3865 1332 3935 qui
1358 3863 1513 3919 datus
1540 3871 1624 3918 est
1655 3862 1830 3929 nobis,
1869 3861 1922 3916 in
1951 3861 2146 3932 Pelagii

555 3965 613 4010 et
651 3955 891 4012 leestii
931 3957 1166 4026 scriptis,
1207 3971 1558 4027 quaecumque
1594 3955 1773 4026 legere
1819 3952 1983 4025 potui,
2019 3970 2147 4010 nus-

555 4061 715 4117 quam
737 4061 831 4102 eos
855 4047 1056 4114 inveni,
1088 4046 1540 4117 quemadmodum
1566 4046 1866 4101 confitenda
1891 4054 1992 4111 est,
2016 4061 2146 4102 eon-

555 4138 716 4194 litari.
745 4138 972 4194 Prorsus
993 4151 1253 4209 nusquam
1279 4126 1374 4194 eos
1397 4138 1625 4204 adverti,
1653 4139 1792 4193 sicut
1820 4137 2143 4207 agnoscendi

555 4237 702 4297 sunt,
734 4244 1027 4301 agnoscere
1069 4230 1206 4284 filios
1243 4229 1632 4300 promissionis,
1679 4229 1747 4285 de
1785 4230 1977 4298 quibus
2014 4228 2146 4285 dicit

553 4319 866 4390 Apostolus,
901 4319 1022 4375 Non
1049 4321 1087 4375 ii
1111 4321 1200 4393 qui
1221 4321 1320 4389 ﬁlii
1357 4321 1546 4388 carnis,
1575 4321 1626 4373 hi
1652 4319 1750 4389 ﬁlii
1778 4318 1910 4384 Dei;
1937 4319 2030 4375 sed
2047 4321 2144 4390 [iiii

555 4413 906 4482 promissionis
932 4412 1240 4484 deputantur
1269 4413 1323 4467 in
1360 4426 1528 4468 rente»
1571 4411 1745 4484 (Rom.
1777 4428 1856 4478 lx,
1879 4413 1957 4485 8).
1989 4413 2142 4480 Quod

555 4505 700 4560 enim
725 4505 990 4576 promittit
1021 4505 1184 4573 Deus,
1221 4520 1328 4561 non
1357 4505 1579 4562 facimus
1618 4521 1716 4562 nos
1745 4521 1840 4576 per
1863 4506 2140 4562 arbitrium

553 4607 649 4648 seu
671 4603 938 4662 naturam,
963 4595 1056 4651 sed
1087 4594 1212 4650 facit
1242 4595 1356 4667 ipse
1385 4610 1481 4666 per
1505 4596 1752 4666 gratiam.

625 4685 713 4740 δὲ.
741 4684 874 4740 Nam
903 4695 961 4740 ut
983 4685 1064 4743 de
1087 4685 1320 4743 Calestii
1355 4685 1626 4756 opusculis
1659 4684 1870 4741 interim
1901 4694 2102 4742 taceam
2121 4728 2136 4754 ,

554 4778 639 4833 vel
656 4776 846 4832 libellis
857 4776 993 4848 ejus,
1007 4793 1140 4848 quos
1155 4777 1371 4848 judiciis
1390 4776 1766 4834 ecclesiasticis
1779 4776 2026 4847 allgavit
2038 4775 2135 4851 (α),
2151 4793 2158 4798 λ

553 4885 675 4940 qua).
713 4868 863 4925 vobis
887 4870 1064 4924 omnia
1082 4910 1097 4934 ,
1123 4884 1243 4925 cum
1272 4869 1393 4924 aliis
1435 4883 1568 4939 quas
1591 4868 1920 4923 necessarias
1958 4869 2142 4924 existi-

553 4962 818 5018 mavimus
845 4961 1037 5018 litteris
1057 4999 1072 5026 ,
1104 4961 1359 5016 mittenda
1382 4961 1685 5016 curavimus
1705 5001 1721 5027 ,
1749 4959 1944 5030 quibus
1962 4962 2139 5016 omni-

552 5056 654 5111 bus
675 5055 960 5126 diligenter
996 5053 1280 5124 inspectis,
1309 5053 1524 5123 possitis
1547 5053 1858 5118 advertere,
1883 5066 1988 5107 uou
2015 5067 2139 5108 eum

550 5161 753 5216 ponere
780 5146 870 5201 Dei
890 5145 1137 5217 gratiam,
1161 5159 1263 5215 qua
1285 5144 1556 5215 juvamur,
1580 5143 1664 5199 vel
1679 5143 1746 5198 ad
1767 5143 2139 5200 declinandum

552 5253 583 5292 a
609 5240 772 5306 malo,
799 5238 884 5294 vel
903 5238 970 5293 ad
994 5237 1293 5295 faciendum
1318 5237 1540 5307 bonum,
1565 5246 1762 5309 praeter
1789 5237 2030 5294 naturale
2047 5250 2136 5292 ar-

619 5436 695 5500 (a)
725 5433 958 5487 Libellum
976 5436 1310 5500 Rornaegestis
1326 5435 1674 5500 ecclesiasticis
1709 5433 1996 5500 aferelestio
2016 5434 2137 5500 alle-

549 5498 716 5561 gatum
735 5500 852 5549 dicit
870 5511 1064 5561 rursum
1075 5498 1200 5548 infra
1217 5531 1234 5558 ,
1256 5498 1403 5561 n.756,
1428 5506 1489 5561 et_
1504 5499 1553 5548 In
1575 5498 1713 5549 libro-
1728 5499 1794 5548 de
1816 5504 2016 5561 receatp
2036 5499 2136 5548 ori-

571 5557 699 5618 ﬁnali
716 5595 730 5617 ,
756 5576 837 5609 nu.
861 5559 910 5620 2,
933 5560 980 5620 5,
1008 5569 1104 5610 etc.
1129 5557 1271 5610 Beata
1294 5560 1376 5610 illa
1395 5559 1648 5617 leestio,
1677 5561 1802 5610 utin
1825 5557 1950 5609 libro
1965 5559 2000 5609 2
2019 5573 2134 5610 con-

533 5619 622 5669 ‘ira
646 5622 766 5670 duas
801 5619 1033 5685 Epistolas
1063 5621 1424 5685 Pelagianorum
1439 5655 1456 5681 ,
1479 5635 1530 5672 η.
1553 5624 1604 5681 5,
1624 5629 1832 5673 testatur
1841 5657 1865 5685 ,ί
1891 5627 2136 5685 prasente

552 5689 605 5729 ut
627 5682 956 5742 respondente
977 5682 1199 5734 confecta
1218 5691 1332 5733 sum
1347 5685 1442 5733 sub
1462 5685 1646 5733 Zosimo
1667 5696 1795 5735 anno
1824 5682 1995 5735 Christi
2017 5682 2130 5733 417.

553 5742 668 5792 \ide
691 5745 855 5794 usum
878 5743 1064 5796 litteras
1087 5746 1224 5807 infra,
1251 5745 1462 5809 Append.
1491 5747 1627 5810 parte
1652 5745 1700 5795 2.

1767 300 1844 387 's.
1889 328 2252 386 AUGUSTINI
2301 331 2621 389 EPISCOPI.

2265 448 2481 502 hitrium
2509 449 2814 512 voluntatis,
2847 445 2946 505 nisi
2975 452 3026 505 in
3063 444 3174 524 lege
3195 466 3345 529 atque
3367 465 3575 530 domina
3596 499 3608 530 ε

2521 496 2814 512 -ν--π---ννι
2847 496 2946 505 ----σ·
3063 496 3174 524 -νυν
3195 496 3345 529 ιιι-μισ
3367 496 3608 548 wurtna;
3633 496 3685 541 ιιι
3704 507 3744 553 ιιι

2263 556 2404 610 ipsas
2425 557 2635 642 quoque
2659 544 3023 642 orationes-ad
3058 544 3157 602 hoc
3177 563 3368 612 asserat
3393 576 3687 642 necessarias,
3705 601 3746 642 ut

2260 635 2816 732 ostendaturhomini
2859 636 2985 707 quid
3028 644 3355 712 concupiscat
3400 661 3452 708 et
3487 623 3746 732 diligi:

2259 742 2385 826 ergo
2430 728 2544 783 Iure
2587 729 2797 783 interim
2827 705 3067 785 omittam
3088 772 3102 796 ,
3128 705 3310 808 nempe
3339 705 3449 812 ipse

2264 817 2465 909 ηιφηιε
2507 835 2676 889 nuper
2719 828 2774 875 et
2811 821 3048 876 libellum
3096 823 3306 884 Romam
3342 834 3453 890 fidei
3495 817 3606 898 sua;
3624 817 3729 909 [ηἰεῆ

2257 908 2498 964 scribens
2536 911 2603 965 ad
2659 911 2828 966 beata:
2873 914 3144 969 memorize
3201 933 3378 989 papam
3421 898 3747 1011 Innocentium:

2257 1015 2416 1079 quem
2457 1001 2760 1057 defunctum
2797 1019 2918 1060 esse
2962 1006 3246 1063 nesciebat.
3274 1012 3326 1066 In
3365 1014 3440 1070 his
3473 1034 3583 1089 ergo
3608 1001 3749 1090 litteri;

2255 1090 2409 1157 dicit,
2443 1111 2464 1145 ε
2487 1094 2617 1149 Esse
2642 1093 2710 1149 de
2731 1096 2921 1166 quibus
2945 1111 3069 1152 cum
3091 1099 3325 1158 homines
3349 1105 3578 1169 infamare
3594 1132 3748 1178 cottan.

2259 1195 2344 1238 tur
2369 1203 2383 1240 :
2416 1201 2578 1240 unum
2599 1227 2614 1252 ,
2648 1188 2788 1258 quod
2817 1201 2972 1258 neget
2999 1192 3487 1266 parvulis‘Baptismi
3508 1218 3750 1270 sacramen.

2258 1283 2390 1341 tttm,
2415 1284 2470 1330 et
2507 1277 2708 1347 absque
2746 1279 3114 1349 redemptione
3149 1282 3341 1341 Christi
3375 1289 3610 1362 aliquibus
3628 1304 3752 1359 caelo-

2256 1373 2925 1464 rum‘regnaApromittat;
2972 1373 3154 1440 aliud,
3202 1379 3336 1447 quod
3359 1382 3423 1436 ita
3471 1386 3596 1444 dicat
3634 1409 3752 1464 posse

2257 1457 2526 1515 hominem
2553 1460 2721 1518 vitare
2747 1473 3020 1531 peccatum
3042 1507 3057 1530 ,
3082 1474 3138 1520 ut
3163 1467 3507 1529 Dci'excludat
3527 1457 3751 1557 auxilium,

2255 1563 2310 1608 et
2338 1553 2390 1609 in
2416 1562 2617 1610 tanlum
2642 1556 2810 1612 libero
2836 1557 3070 1613 confidat
3097 1561 3314 1616 arbitrio
3334 1606 3348 1630 ,
3381 1576 3431 1620 ut
3451 1571 3611 1638 gratia:
3634 1553 3754 1646 repu;

2256 1646 2366 1702 diet
2407 1647 2748 1718 adjutorinm.
2779 1667 2800 1702 ι
2848 1650 2953 1706 Sed
3001 1652 3068 1708 de
3125 1653 3390 1724 Baptismo
3443 1666 3752 1736 parvulorum,

2257 1741 2496 1808 quamvis
2537 1743 2615 1797 eis
2637 1742 2869 1798 dandum
2913 1759 3033 1801 esse
3066 1748 3320 1803 concedat
3343 1792 3356 1813 ,
3386 1767 3531 1822 quam
3565 1772 3757 1826 perverse

2255 1838 2439 1886 contra
2473 1832 2630 1888 fidem
2660 1833 3002 1890 christianam
3042 1844 3096 1891 et
3120 1838 3426 1896 catholicam
3464 1847 3632 1901 sentiat
3653 1854 3754 1906 veri.

2259 1933 2416 1980 tatem
2443 1960 2458 1992 ,
2484 1941 2586 1980 non
2620 1927 2705 1983 hic
2748 1928 2896 1984 locus
2931 1938 3016 1984 est
3045 1939 3101 1984 ut
3127 1930 3424 2002 diligentius
3459 1937 3756 2002 disseramus:

2258 2028 2399 2074 nunc
2419 2021 2560 2074 enim
2587 2020 2658 2076 de
2687 2020 2952 2091 adjutorio
2985 2023 3171 2094 gratia:
3194 2026 3333 2094 quod
3361 2026 3647 2087 instituimus
3671 2051 3760 2106 per-

2261 2111 2523 2181 agendum
2554 2122 2655 2168 est.
2681 2113 2832 2170 Unde
2860 2114 2924 2170 ad
2949 2115 2999 2170 id
3022 2116 3163 2186 quod
3201 2120 3465 2188 preposuit
3483 2164 3494 2184 ,
3513 2124 3622 2194 quid
3641 2129 3759 2184 etiam

2259 2202 2382 2258 hinc
2418 2204 2738 2274 respondeat
2778 2205 3073 2262 videamus.
3118 2205 3188 2264 Ut
3211 2210 3349 2264 enim
3386 2213 3659 2270 omittamus
3679 2218 3764 2287 ejus

2259 2294 2546 2350 invidiosas
2567 2296 2635 2352 de
2657 2297 2767 2352 suis
2794 2297 3024 2354 inimicis
3053 2301 3298 2370 querelas
3321 2343 3336 2369 ,
3359 2303 3441 2359 ubi
3465 2304 3526 2359 ad
3550 2321 3645 2362 rem
3665 2325 3762 2365 ven-

2259 2394 2368 2440 tum
2398 2396 2500 2452 est,
2524 2388 2594 2444 ita
2625 2389 2832 2446 locutus
2857 2401 2958 2446 est.

2327 2479 2556 2537 CAPUT
2596 2481 2790 2538 XXXI.
2813 2514 2884 2524 —
2922 2487 3012 2541 53.
3067 2505 3085 2537 σ
3115 2485 3290 2553 Ecce,
3328 2506 3346 2541 ›
3383 2491 3566 2561 inquit,
3609 2512 3626 2546 ι
3664 2497 3763 2565 apud

2257 2572 2642 2631 Beatitudinem
2671 2585 2815 2631 tuam
2852 2578 3075 2648 epistola
3128 2581 3228 2635 ista
3268 2597 3355 2638 me
3395 2594 3594 2656 purget,
3630 2586 3672 2643 in
3693 2606 3764 2659 qua

2256 2679 2387 2734 pure
2413 2675 2572 2737 atque
2607 2666 2920 2737 simpliciter
2943 2669 3013 2724 ad
3040 2672 3366 2741 peccandum
3397 2686 3449 2730 et
3472 2676 3536 2730 ad
3558 2693 3647 2731 non
3679 2695 3767 2748 pec-

2256 2756 2482 2812 candum
2511 2759 2770 2829 integrum
2799 2760 3026 2817 liberum
3051 2764 3333 2820 arbitrium
3362 2764 3549 2824 habere
3569 2783 3652 2824 nos
3671 2769 3765 2826 dici-

2255 2863 2391 2916 mus,
2424 2851 2564 2922 quod
2593 2853 2643 2906 in
2663 2853 2909 2910 omnibus
2937 2855 3090 2911 bonis
3127 2857 3378 2928 operibus
3417 2859 3581 2915 divino
3602 2861 3765 2932 adjurao

2256 2949 2343 2996 tur
2376 2957 2589 3014 semper
2623 2945 2838 3000 auxilio.
2872 2964 2891 2998 ι
2924 2943 3158 3002 Cernitis
3203 2949 3377 3020 itaque
3398 2991 3413 3017 ,
3443 2966 3531 3020 pro
3561 2951 3768 3008 intellectu

2255 3048 2412 3107 quem
2442 3035 2592 3092 vobis
2614 3033 2873 3093 Dominus
2899 3037 3066 3107 dedit,
3099 3039 3218 3096 hmo
3243 3041 3360 3112 ejus
3391 3043 3539 3098 verba
3563 3044 3767 3099 solvenda

2255 3140 2360 3181 non
2384 3125 2628 3183 sufﬁcere
2648 3127 2950 3198 quresticai.
2978 3129 3285 3199 Quaerimus
3311 3130 3451 3186 enim
3489 3131 3672 3200 adhuc,
3695 3150 3769 3204 quo

2254 3220 2452 3275 auxilio
2470 3217 2696 3274 liberum
2713 3219 2949 3290 adjuvari
2971 3223 3115 3277 dicat
3137 3221 3435 3292 arbitrium,
3460 3240 3523 3280 ne
3550 3224 3681 3292 forte,
3696 3227 3768 3281 sic-

2255 3322 2314 3368 ut
2356 3313 2528 3380 solet,
2571 3312 2696 3368 velit
2739 3313 2972 3385 intelligi.
3002 3313 3176 3387 legem
3219 3323 3378 3388 atque
3426 3316 3703 3372 doctrinam.
3730 3317 3770 3373 Si

2253 3407 2394 3461 enim
2423 3420 2629 3476 quteras
2654 3419 2751 3461 cur
2769 3406 2985 3474 dixerit,
3017 3425 3253 3480 semper;
3279 3410 3466 3478 poterit
3488 3409 3768 3480 respondere,

2252 3499 2384 3567 Quia
2411 3499 2607 3553 dictum
2633 3508 2733 3564 est,
2761 3499 2826 3554 Et
2854 3500 2907 3554 in
2931 3499 3038 3570 lege
3061 3502 3175 3572 ejus
3203 3502 3520 3556 meditabitur
3545 3501 3616 3556 die
3637 3517 3687 3554 ac
3703 3517 3772 3555 no-

2251 3603 2328 3646 cte
2355 3590 2526 3664 (Psal.
2559 3608 2597 3657 ι,
2623 3590 2701 3664 2).
2737 3591 2938 3649 Deinde
2981 3607 3100 3647 cum
3138 3592 3210 3649 de
3252 3593 3482 3649 hominis
3507 3592 3770 3657 conditione,

2251 3691 2304 3738 ct
2326 3683 2391 3738 ad
2419 3685 2746 3754 peccandum
2781 3690 2939 3754 atque
2963 3699 3070 3737 non
3101 3683 3435 3754 peccandum
3465 3682 3670 3738 naturali
3690 3681 3775 3752 ejus

2251 3774 2603 3846 possibilitate
2631 3773 2873 3844 quaedam
2899 3773 3330 3845 interposuisset,
3358 3771 3775 3844 adjunxitdieens:

2257 3882 2276 3918 ι
2305 3864 2472 3932 Quam
2497 3864 2649 3919 liberi
2679 3863 2887 3920 arbitrii
2908 3872 3232 3934 potestatem
3261 3864 3486 3920 dicimus
3509 3862 3558 3918 in
3583 3860 3777 3916 omnibus

2249 3968 2369 4010 esse
2387 3950 2727 4025 generaliter,
2759 3954 2811 4009 iu
2843 3953 3184 4024 Christianis,
3217 3954 3440 4022 Judazis,
3466 3964 3613 4025 atque
3636 3949 3779 4008 Genti-

2249 4047 2405 4101 libus.
2435 4045 2491 4101 In
2519 4045 2766 4102 omnibus
2793 4053 2875 4101 est
2894 4044 3120 4102 liberum
3147 4045 3429 4102 arbitrium
3451 4043 3696 4114 aequaliter
3711 4054 3780 4111 per

2249 4148 2525 4215 uat‘nram,
2559 4136 2654 4192 sed
2694 4137 2748 4192 in
2785 4137 2916 4192 solis
2944 4136 3268 4193 Christianis
3296 4137 3512 4208 juvatur
3535 4151 3564 4190 a
3585 4135 3777 4206 gratia.»

2247 4227 2445 4285 lterum
2485 4229 2776 4300 quaerimus
2811 4243 2914 4300 qua
2956 4228 3168 4300 gratia?
3194 4228 3266 4284 Et
3303 4228 3477 4284 adhuc
3513 4225 3690 4298 poterit
3720 4237 3783 4278 re-

2246 4321 2693 4394 apondere,Lege
2716 4332 2875 4394 atque
2897 4317 3138 4376 doctrina
3165 4321 3480 4376 christiana.

2317 4416 2406 4472 54.
2448 4415 2653 4480 Deinde
2679 4415 2970 4487 quamlibet
3002 4417 3200 4471 sentiat
3224 4416 3451 4487 gratiam
3475 4455 3490 4480 ,
3521 4411 3639 4484 ipsis
3662 4407 3785 4465 Chri-

2245 4510 2433 4565 stianis
2459 4507 2750 4565 secundum
2777 4509 2963 4564 merita
2991 4507 3105 4564 dari
3139 4508 3274 4565 dicit
3297 4527 3311 4563 :
3341 4523 3463 4564 cum
3499 4521 3588 4564 eos
3608 4503 3686 4576 qui
3711 4500 3788 4556 hoc

2245 4596 2449 4668 dicunt,
2472 4601 2586 4672 jam
2611 4599 2666 4657 in
2702 4598 2980 4657 Palaestina
3003 4643 3021 4670 ,
3048 4601 3190 4659 sicut
3219 4617 3382 4673 supra
3423 4592 3788 4656 commemoravi

2246 4691 2400 4767 (Cap.
2420 4693 2526 4762 22,
2563 4713 2616 4750 η.
2643 4692 2774 4766 εδ),
2818 4709 2912 4750 sua
2956 4692 3046 4750 illa
3083 4697 3344 4765 praeclara
3385 4692 3687 4766 purgatione
3713 4687 3790 4742 da-

2245 4788 2524 4844 mnaverit.
2549 4787 2680 4842 Nam
2703 4787 2861 4842 verba
2883 4786 2999 4857 ejus
3017 4787 3113 4842 ista
3135 4796 3264 4843 sunt
3287 4805 3302 4842 :
3323 4806 3343 4840 ι
3367 4787 3426 4843 lu
3457 4786 3576 4850 illis,
3597 4802 3616 4836 ι
3631 4779 3788 4851 inquit.

2251 4898 2270 4932 ι
2306 4878 2504 4934 nudum
2539 4887 2593 4934 et
2621 4879 2824 4934 inerme
2861 4887 2946 4935 est
2977 4879 3303 4936 conditionis
3347 4879 3544 4934 bonum
3571 4893 3636 4942 ελ»
3659 4873 3705 4928 in
3729 4869 3792 4926 eis

2243 4971 2405 5040 dicit,
2446 4973 2535 5044 qui
2576 4969 2851 5028 christiani
2890 4987 2996 5028 non
3038 4981 3182 5029 sunt.
3230 4973 3438 5030 Deinde
3469 4981 3650 5028 caetera
3683 4982 3791 5023 con-

2245 5077 2434 5124 texens
2465 5084 2479 5121 :
2517 5085 2538 5118 ι
2568 5065 2624 5121 1η
2661 5065 2743 5122 his
2778 5081 2942 5133 vero,
2973 5084 2993 5119 ι
3032 5066 3238 5137 inquit,
3269 5085 3290 5119 ι
3318 5065 3414 5139 qui
3454 5064 3522 5120 ad
3561 5062 3792 5121 Christum

2243 5161 2540 5236 pertinent,
2564 5159 2764 5216 Christi
2802 5161 3042 5216 munitur
3085 5162 3307 5216 auxilio.
3339 5179 3358 5213 ι
3407 5159 3606 5216 Videtis
3646 5154 3792 5211 adhuc

2243 5250 2504 5308 incertum
2533 5267 2654 5308 esse
2678 5267 2784 5323 quo
2820 5252 3048 5318 auxilio,
3075 5251 3375 5308 secundum
3414 5265 3477 5307 ea
3507 5263 3622 5322 qua:
3657 5256 3791 5316 supra

2241 5344 2490 5399 diximus.
2523 5343 2629 5400 Sed
2657 5338 2835 5398 adhuc
2849 5343 3092 5413 sequitur
3106 5343 3171 5398 de
3192 5342 3278 5398 his
3305 5342 3398 5413 qui
3424 5337 3685 5398 christiani
3703 5347 3791 5389 non

2241 5445 2386 5498 sunt,
2414 5444 2468 5490 et
2496 5435 2663 5490 dicit:
2704 5452 2722 5486 ι
2755 5432 2832 5488 Lli
2873 5432 2996 5489 idco
3033 5433 3310 5503 judicandi
3339 5440 3504 5504 atque
3540 5421 3792 5486 damnandi

2240 5538 2385 5588 sunt.
2416 5528 2539 5598 quia
2567 5543 2688 5584 cum
2719 5526 2948 5582 habeant
2974 5526 3196 5582 liberum
3225 5526 3542 5590 arbitrium,
3572 5538 3660 5594 per
3674 5515 3792 5589 quod

2239 5621 2306 5675 ad
2339 5619 2495 5674 fidem
2524 5619 2706 5674 venire
2733 5625 2982 5688 possent,
3014 5625 3069 5673 et
3099 5617 3189 5672 Dei
3231 5617 3464 5687 gratiam
3495 5606 3789 5687 promereri,

2240 5713 2382 5770 male
2414 5720 2635 5768 utuntur
2658 5710 2904 5768 libertate
2918 5723 3191 5769 concessa.
3214 5701 3283 5766 Hi
3301 5723 3432 5767 vero
3448 5696 3791 5765 remuneraudi
