  <div class='ocr_page' id='page_1' title='image "/cluster/home/n/w/nwhite01/storage/ocr_20150623/44-45/uva.x000217727/192.png"; bbox 0 0 3938 6496; ppageno 0'>
   <div class='ocr_carea' id='block_1_1' title="bbox 243 293 3460 366">
    <p class='ocr_par' dir='ltr' id='par_1_1' title="bbox 243 293 3460 366">
     <span class='ocr_line' id='line_1_1' title="bbox 243 293 3460 366; baseline -0.005 -9"><span class='ocrx_word' id='word_1_1' title='bbox 243 303 315 358; x_wconf 73' lang='grc'><strong>577</strong></span> <span class='ocrx_word' id='word_1_2' title='bbox 1378 293 1578 350; x_wconf 82' lang='lat' dir='ltr'><strong>LIBER</strong></span> <span class='ocrx_word' id='word_1_3' title='bbox 1617 294 1704 350; x_wconf 78' lang='lat' dir='ltr'><strong>DE</strong></span> <span class='ocrx_word' id='word_1_4' title='bbox 1741 294 1996 352; x_wconf 79' lang='lat' dir='ltr'><strong>GRATIA</strong></span> <span class='ocrx_word' id='word_1_5' title='bbox 2039 297 2333 354; x_wconf 81' lang='lat' dir='ltr'><strong>CHRISTI.</strong></span> <span class='ocrx_word' id='word_1_6' title='bbox 2560 295 2564 300; x_wconf 87' lang='grc'><em>’</em></span> <span class='ocrx_word' id='word_1_7' title='bbox 3392 309 3460 366; x_wconf 76' lang='lat'><strong>37</strong></span> 
     </span>
    </p>
   </div>
   <div class='ocr_carea' id='block_1_2' title="bbox 241 406 1801 482">
    <p class='ocr_par' dir='ltr' id='par_1_2' title="bbox 241 406 1801 482">
     <span class='ocr_line' id='line_1_2' title="bbox 241 406 1801 482; baseline -0.003 -15"><span class='ocrx_word' id='word_1_8' title='bbox 241 420 352 478; x_wconf 85' lang='lat' dir='ltr'><strong>sunt,</strong></span> <span class='ocrx_word' id='word_1_9' title='bbox 383 410 474 482; x_wconf 85' lang='lat' dir='ltr'><strong>qui</strong></span> <span class='ocrx_word' id='word_1_10' title='bbox 514 409 658 466; x_wconf 92' lang='lat' dir='ltr'><strong>bene</strong></span> <span class='ocrx_word' id='word_1_11' title='bbox 691 409 857 465; x_wconf 85' lang='lat' dir='ltr'><strong>libero</strong></span> <span class='ocrx_word' id='word_1_12' title='bbox 898 416 1106 464; x_wconf 87' lang='lat' dir='ltr'><strong>utentes</strong></span> <span class='ocrx_word' id='word_1_13' title='bbox 1144 406 1364 462; x_wconf 88' lang='lat' dir='ltr'><strong>arbitrio</strong></span> <span class='ocrx_word' id='word_1_14' title='bbox 1395 417 1671 462; x_wconf 89' lang='lat' dir='ltr'><strong>merentur</strong></span> <span class='ocrx_word' id='word_1_15' title='bbox 1698 407 1801 462; x_wconf 90' lang='lat' dir='ltr'><strong>Do-</strong></span> 
     </span>
    </p>
   </div>
   <div class='ocr_carea' id='block_1_3' title="bbox 239 498 1801 574">
    <p class='ocr_par' dir='ltr' id='par_1_3' title="bbox 239 498 1801 574">
     <span class='ocr_line' id='line_1_3' title="bbox 239 498 1801 574; baseline -0.004 -13"><span class='ocrx_word' id='word_1_16' title='bbox 239 507 336 561; x_wconf 85' lang='lat' dir='ltr'><strong>mini</strong></span> <span class='ocrx_word' id='word_1_17' title='bbox 368 504 597 574; x_wconf 76' lang='lat' dir='ltr'><strong>gratiam</strong></span> <span class='ocrx_word' id='word_1_18' title='bbox 620 545 636 569; x_wconf 97' lang='lat'><strong>,</strong></span> <span class='ocrx_word' id='word_1_19' title='bbox 668 513 723 558; x_wconf 92' lang='lat' dir='ltr'><strong>ct</strong></span> <span class='ocrx_word' id='word_1_20' title='bbox 746 503 861 574; x_wconf 89' lang='lat' dir='ltr'><strong>ejus</strong></span> <span class='ocrx_word' id='word_1_21' title='bbox 897 501 1143 556; x_wconf 81' lang='lat' dir='ltr'><strong>mandata</strong></span> <span class='ocrx_word' id='word_1_22' title='bbox 1184 499 1513 555; x_wconf 89' lang='lat' dir='ltr'><strong>custodiunt.</strong></span> <span class='ocrx_word' id='word_1_23' title='bbox 1547 519 1566 551; x_wconf 84' lang='lat' dir='ltr'><strong>s</strong></span> <span class='ocrx_word' id='word_1_24' title='bbox 1597 498 1801 569; x_wconf 86' lang='lat' dir='ltr'><strong>Nempe</strong></span> 
     </span>
    </p>
   </div>
   <div class='ocr_carea' id='block_1_4' title="bbox 239 590 1798 663">
    <p class='ocr_par' dir='ltr' id='par_1_4' title="bbox 239 590 1798 663">
     <span class='ocr_line' id='line_1_4' title="bbox 239 590 1798 663; baseline -0.004 -12"><span class='ocrx_word' id='word_1_25' title='bbox 239 597 544 652; x_wconf 76' lang='lat' dir='ltr'><strong>manifestum</strong></span> <span class='ocrx_word' id='word_1_26' title='bbox 569 604 677 661; x_wconf 91' lang='lat' dir='ltr'><strong>est,</strong></span> <span class='ocrx_word' id='word_1_27' title='bbox 703 610 823 649; x_wconf 91' lang='lat' dir='ltr'><strong>cum</strong></span> <span class='ocrx_word' id='word_1_28' title='bbox 849 593 1027 648; x_wconf 84' lang='lat' dir='ltr'><strong>dicere</strong></span> <span class='ocrx_word' id='word_1_29' title='bbox 1045 593 1264 663; x_wconf 91' lang='lat' dir='ltr'><strong>gratiam</strong></span> <span class='ocrx_word' id='word_1_30' title='bbox 1289 590 1579 646; x_wconf 87' lang='lat' dir='ltr'><strong>secundum</strong></span> <span class='ocrx_word' id='word_1_31' title='bbox 1613 592 1798 645; x_wconf 88' lang='lat' dir='ltr'><strong>merita</strong></span> 
     </span>
    </p>
   </div>
   <div class='ocr_carea' id='block_1_5' title="bbox 240 685 1797 758">
    <p class='ocr_par' dir='ltr' id='par_1_5' title="bbox 240 685 1797 758">
     <span class='ocr_line' id='line_1_5' title="bbox 240 685 1797 758; baseline -0.003 -16"><span class='ocrx_word' id='word_1_32' title='bbox 240 689 345 752; x_wconf 80' lang='lat' dir='ltr'><strong>dari,</strong></span> <span class='ocrx_word' id='word_1_33' title='bbox 367 687 663 758; x_wconf 89' lang='lat' dir='ltr'><strong>quamlibet</strong></span> <span class='ocrx_word' id='word_1_34' title='bbox 683 704 819 751; x_wconf 85' lang='lat' dir='ltr'><strong>eam,</strong></span> <span class='ocrx_word' id='word_1_35' title='bbox 855 686 934 740; x_wconf 87' lang='lat' dir='ltr'><strong>vel</strong></span> <span class='ocrx_word' id='word_1_36' title='bbox 966 685 1309 756; x_wconf 85' lang='lat' dir='ltr'><strong>qualemlibct</strong></span> <span class='ocrx_word' id='word_1_37' title='bbox 1333 685 1615 755; x_wconf 82' lang='lat' dir='ltr'><strong>signiticet,</strong></span> <span class='ocrx_word' id='word_1_38' title='bbox 1639 699 1797 752; x_wconf 86' lang='lat' dir='ltr'><strong>quam</strong></span> 
     </span>
    </p>
   </div>
   <div class='ocr_carea' id='block_1_6' title="bbox 240 776 1797 848">
    <p class='ocr_par' dir='ltr' id='par_1_6' title="bbox 240 776 1797 848">
     <span class='ocr_line' id='line_1_6' title="bbox 240 776 1797 848; baseline -0.003 -12"><span class='ocrx_word' id='word_1_39' title='bbox 240 793 383 836; x_wconf 79' lang='lat' dir='ltr'><strong>tamen</strong></span> <span class='ocrx_word' id='word_1_40' title='bbox 423 788 608 847; x_wconf 89' lang='lat' dir='ltr'><strong>aperte</strong></span> <span class='ocrx_word' id='word_1_41' title='bbox 650 794 755 832; x_wconf 89' lang='lat' dir='ltr'><strong>non</strong></span> <span class='ocrx_word' id='word_1_42' title='bbox 797 779 1062 848; x_wconf 73' lang='lat' dir='ltr'><strong>exprimit.</strong></span> <span class='ocrx_word' id='word_1_43' title='bbox 1100 776 1233 831; x_wconf 86' lang='lat' dir='ltr'><strong>Nam</strong></span> <span class='ocrx_word' id='word_1_44' title='bbox 1273 792 1392 830; x_wconf 90' lang='lat' dir='ltr'><strong>cum</strong></span> <span class='ocrx_word' id='word_1_45' title='bbox 1421 791 1514 831; x_wconf 90' lang='lat' dir='ltr'><strong>eos</strong></span> <span class='ocrx_word' id='word_1_46' title='bbox 1547 791 1797 832; x_wconf 85' lang='lat' dir='ltr'><strong>remune-</strong></span> 
     </span>
    </p>
   </div>
   <div class='ocr_carea' id='block_1_7' title="bbox 241 866 1796 940">
    <p class='ocr_par' dir='ltr' id='par_1_7' title="bbox 241 866 1796 940">
     <span class='ocr_line' id='line_1_7' title="bbox 241 866 1796 940; baseline -0.005 -13"><span class='ocrx_word' id='word_1_47' title='bbox 241 872 405 927; x_wconf 84' lang='lat' dir='ltr'><strong>randus</strong></span> <span class='ocrx_word' id='word_1_48' title='bbox 429 871 579 936; x_wconf 88' lang='lat' dir='ltr'><strong>dicit,</strong></span> <span class='ocrx_word' id='word_1_49' title='bbox 611 871 703 940; x_wconf 90' lang='lat' dir='ltr'><strong>qui</strong></span> <span class='ocrx_word' id='word_1_50' title='bbox 731 870 866 924; x_wconf 83' lang='lat' dir='ltr'><strong>bene</strong></span> <span class='ocrx_word' id='word_1_51' title='bbox 897 879 1112 923; x_wconf 91' lang='lat' dir='ltr'><strong>utuntur</strong></span> <span class='ocrx_word' id='word_1_52' title='bbox 1139 869 1306 922; x_wconf 89' lang='lat' dir='ltr'><strong>libero</strong></span> <span class='ocrx_word' id='word_1_53' title='bbox 1333 868 1574 933; x_wconf 85' lang='lat' dir='ltr'><strong>arbitrio,</strong></span> <span class='ocrx_word' id='word_1_54' title='bbox 1601 877 1654 922; x_wconf 91' lang='lat' dir='ltr'><strong>et</strong></span> <span class='ocrx_word' id='word_1_55' title='bbox 1676 866 1796 922; x_wconf 92' lang='lat' dir='ltr'><strong>ideo</strong></span> 
     </span>
    </p>
   </div>
   <div class='ocr_carea' id='block_1_8' title="bbox 254 959 1792 1034">
    <p class='ocr_par' dir='ltr' id='par_1_8' title="bbox 254 959 1792 1034">
     <span class='ocr_line' id='line_1_8' title="bbox 254 959 1792 1034; baseline -0.007 -12"><span class='ocrx_word' id='word_1_56' title='bbox 254 966 407 1022; x_wconf 84' lang='lat' dir='ltr'><strong>uereri</strong></span> <span class='ocrx_word' id='word_1_57' title='bbox 453 965 662 1018; x_wconf 89' lang='lat' dir='ltr'><strong>Domini</strong></span> <span class='ocrx_word' id='word_1_58' title='bbox 710 961 1230 1034; x_wconf 89' lang='lat' dir='ltr'><strong>gratiam,debitum</strong></span> <span class='ocrx_word' id='word_1_59' title='bbox 1277 961 1356 1016; x_wconf 87' lang='lat' dir='ltr'><strong>eis</strong></span> <span class='ocrx_word' id='word_1_60' title='bbox 1392 959 1537 1016; x_wconf 84' lang='lat' dir='ltr'><strong>reddi</strong></span> <span class='ocrx_word' id='word_1_61' title='bbox 1581 960 1792 1014; x_wconf 80' lang='lat' dir='ltr'><strong>fatetur.</strong></span> 
     </span>
    </p>
   </div>
   <div class='ocr_carea' id='block_1_9' title="bbox 245 1053 1796 1130">
    <p class='ocr_par' dir='ltr' id='par_1_9' title="bbox 245 1053 1796 1130">
     <span class='ocr_line' id='line_1_9' title="bbox 245 1053 1796 1130; baseline -0.01 -9"><span class='ocrx_word' id='word_1_62' title='bbox 245 1061 323 1122; x_wconf 76' lang='lat' dir='ltr'><strong>Ubi</strong></span> <span class='ocrx_word' id='word_1_63' title='bbox 346 1070 422 1117; x_wconf 88' lang='lat' dir='ltr'><strong>est</strong></span> <span class='ocrx_word' id='word_1_64' title='bbox 445 1075 571 1130; x_wconf 83' lang='lat' dir='ltr'><strong>ergo</strong></span> <span class='ocrx_word' id='word_1_65' title='bbox 601 1059 733 1113; x_wconf 90' lang='lat' dir='ltr'><strong>illud</strong></span> <span class='ocrx_word' id='word_1_66' title='bbox 761 1055 998 1128; x_wconf 82' lang='lat' dir='ltr'><strong>Apostoli</strong></span> <span class='ocrx_word' id='word_1_67' title='bbox 1021 1094 1036 1121; x_wconf 88' lang='lat'><strong>,</strong></span> <span class='ocrx_word' id='word_1_68' title='bbox 1062 1053 1342 1123; x_wconf 78' lang='lat' dir='ltr'><strong>Justiﬁcati</strong></span> <span class='ocrx_word' id='word_1_69' title='bbox 1383 1055 1539 1124; x_wconf 82' lang='lat' dir='ltr'><strong>gratis</strong></span> <span class='ocrx_word' id='word_1_70' title='bbox 1571 1071 1660 1124; x_wconf 87' lang='lat' dir='ltr'><strong>per</strong></span> <span class='ocrx_word' id='word_1_71' title='bbox 1678 1071 1796 1122; x_wconf 75' lang='lat' dir='ltr'><strong>gra~</strong></span> 
     </span>
    </p>
   </div>
   <div class='ocr_carea' id='block_1_10' title="bbox 244 1144 1796 1225">
    <p class='ocr_par' dir='ltr' id='par_1_10' title="bbox 244 1144 1796 1225">
     <span class='ocr_line' id='line_1_10' title="bbox 244 1144 1796 1225; baseline -0.008 -14"><span class='ocrx_word' id='word_1_72' title='bbox 244 1158 343 1211; x_wconf 77' lang='lat' dir='ltr'><strong>tiam</strong></span> <span class='ocrx_word' id='word_1_73' title='bbox 375 1153 528 1225; x_wconf 79' lang='lat' dir='ltr'><strong>ipsius</strong></span> <span class='ocrx_word' id='word_1_74' title='bbox 569 1151 749 1220; x_wconf 84' lang='lat' dir='ltr'><strong>(Rom.</strong></span> <span class='ocrx_word' id='word_1_75' title='bbox 779 1166 872 1213; x_wconf 89' lang='grc' dir='ltr'>ιιι,</span> <span class='ocrx_word' id='word_1_76' title='bbox 904 1147 1036 1218; x_wconf 77' lang='lat' dir='ltr'><strong>2i)?</strong></span> <span class='ocrx_word' id='word_1_77' title='bbox 1064 1146 1164 1203; x_wconf 86' lang='lat' dir='ltr'><strong>Ubi</strong></span> <span class='ocrx_word' id='word_1_78' title='bbox 1213 1154 1298 1202; x_wconf 89' lang='lat' dir='ltr'><strong>est</strong></span> <span class='ocrx_word' id='word_1_79' title='bbox 1339 1153 1393 1200; x_wconf 92' lang='lat' dir='ltr'><strong>et</strong></span> <span class='ocrx_word' id='word_1_80' title='bbox 1421 1145 1547 1200; x_wconf 90' lang='lat' dir='ltr'><strong>illud</strong></span> <span class='ocrx_word' id='word_1_81' title='bbox 1567 1187 1582 1211; x_wconf 95' lang='lat'><strong>,</strong></span> <span class='ocrx_word' id='word_1_82' title='bbox 1617 1144 1796 1198; x_wconf 81' lang='lat' dir='ltr'><strong>Gratia</strong></span> 
     </span>
    </p>
   </div>
   <div class='ocr_carea' id='block_1_11' title="bbox 243 1236 1791 1314">
    <p class='ocr_par' dir='ltr' id='par_1_11' title="bbox 243 1236 1791 1314">
     <span class='ocr_line' id='line_1_11' title="bbox 243 1236 1791 1314; baseline -0.004 -17"><span class='ocrx_word' id='word_1_83' title='bbox 243 1247 346 1303; x_wconf 75' lang='lat' dir='ltr'><strong>miri</strong></span> <span class='ocrx_word' id='word_1_84' title='bbox 383 1243 498 1314; x_wconf 79' lang='lat' dir='ltr'><strong>facti</strong></span> <span class='ocrx_word' id='word_1_85' title='bbox 533 1241 694 1296; x_wconf 78' lang='lat' dir='ltr'><strong>estis?</strong></span> <span class='ocrx_word' id='word_1_86' title='bbox 723 1240 788 1294; x_wconf 87' lang='lat' dir='ltr'><strong>Et</strong></span> <span class='ocrx_word' id='word_1_87' title='bbox 833 1255 901 1293; x_wconf 90' lang='lat' dir='ltr'><strong>ne</strong></span> <span class='ocrx_word' id='word_1_88' title='bbox 932 1245 1175 1308; x_wconf 87' lang='lat' dir='ltr'><strong>putarent</strong></span> <span class='ocrx_word' id='word_1_89' title='bbox 1203 1252 1298 1306; x_wconf 91' lang='lat' dir='ltr'><strong>per</strong></span> <span class='ocrx_word' id='word_1_90' title='bbox 1325 1251 1484 1306; x_wconf 88' lang='lat' dir='ltr'><strong>opera</strong></span> <span class='ocrx_word' id='word_1_91' title='bbox 1508 1277 1522 1300; x_wconf 94' lang='lat'><strong>,</strong></span> <span class='ocrx_word' id='word_1_92' title='bbox 1555 1236 1791 1301; x_wconf 91' lang='lat' dir='ltr'><strong>addidit,</strong></span> 
     </span>
    </p>
   </div>
   <div class='ocr_carea' id='block_1_12' title="bbox 244 1326 1790 1409">
    <p class='ocr_par' dir='ltr' id='par_1_12' title="bbox 244 1326 1790 1409">
     <span class='ocr_line' id='line_1_12' title="bbox 244 1326 1790 1409; baseline -0.005 -21"><span class='ocrx_word' id='word_1_93' title='bbox 244 1355 316 1409; x_wconf 68' lang='lat' dir='ltr'><strong>per</strong></span> <span class='ocrx_word' id='word_1_94' title='bbox 338 1334 497 1406; x_wconf 75' lang='lat' dir='ltr'><strong>ﬁdem.</strong></span> <span class='ocrx_word' id='word_1_95' title='bbox 524 1333 733 1386; x_wconf 82' lang='lat' dir='ltr'><strong>Rursus</strong></span> <span class='ocrx_word' id='word_1_96' title='bbox 760 1345 829 1385; x_wconf 91' lang='lat' dir='ltr'><strong>ne</strong></span> <span class='ocrx_word' id='word_1_97' title='bbox 856 1331 1023 1398; x_wconf 87' lang='lat' dir='ltr'><strong>ipsam</strong></span> <span class='ocrx_word' id='word_1_98' title='bbox 1053 1327 1208 1384; x_wconf 87' lang='lat' dir='ltr'><strong>ﬁdem</strong></span> <span class='ocrx_word' id='word_1_99' title='bbox 1235 1328 1353 1382; x_wconf 89' lang='lat' dir='ltr'><strong>sine</strong></span> <span class='ocrx_word' id='word_1_100' title='bbox 1387 1327 1477 1382; x_wconf 91' lang='lat' dir='ltr'><strong>Dei</strong></span> <span class='ocrx_word' id='word_1_101' title='bbox 1497 1327 1666 1397; x_wconf 89' lang='lat' dir='ltr'><strong>gratia</strong></span> <span class='ocrx_word' id='word_1_102' title='bbox 1692 1326 1790 1383; x_wconf 82' lang='lat' dir='ltr'><strong>sibi</strong></span> 
     </span>
    </p>
   </div>
   <div class='ocr_carea' id='block_1_13' title="bbox 242 1417 1791 1500">
    <p class='ocr_par' dir='ltr' id='par_1_13' title="bbox 242 1417 1791 1500">
     <span class='ocr_line' id='line_1_13' title="bbox 242 1417 1791 1500; baseline -0.006 -20"><span class='ocrx_word' id='word_1_103' title='bbox 242 1433 459 1500; x_wconf 82' lang='lat' dir='ltr'><strong>putarent</strong></span> <span class='ocrx_word' id='word_1_104' title='bbox 483 1437 602 1477; x_wconf 90' lang='lat' dir='ltr'><strong>esse</strong></span> <span class='ocrx_word' id='word_1_105' title='bbox 622 1421 958 1475; x_wconf 88' lang='lat' dir='ltr'><strong>tribuendam</strong></span> <span class='ocrx_word' id='word_1_106' title='bbox 976 1460 992 1485; x_wconf 93' lang='lat'><strong>,</strong></span> <span class='ocrx_word' id='word_1_107' title='bbox 1018 1417 1084 1471; x_wconf 85' lang='lat' dir='ltr'><strong>Et</strong></span> <span class='ocrx_word' id='word_1_108' title='bbox 1105 1417 1200 1471; x_wconf 76' lang='lat' dir='ltr'><strong>hoc</strong></span> <span class='ocrx_word' id='word_1_109' title='bbox 1223 1458 1238 1480; x_wconf 91' lang='lat'><strong>,</strong></span> <span class='ocrx_word' id='word_1_110' title='bbox 1267 1418 1469 1488; x_wconf 91' lang='lat' dir='ltr'><strong>inquit,</strong></span> <span class='ocrx_word' id='word_1_111' title='bbox 1500 1434 1600 1471; x_wconf 87' lang='lat' dir='ltr'><strong>non</strong></span> <span class='ocrx_word' id='word_1_112' title='bbox 1620 1434 1684 1472; x_wconf 80' lang='lat' dir='ltr'><strong>ea:</strong></span> <span class='ocrx_word' id='word_1_113' title='bbox 1703 1434 1791 1472; x_wconf 75' lang='lat' dir='ltr'><strong>tto-</strong></span> 
     </span>
    </p>
   </div>
   <div class='ocr_carea' id='block_1_14' title="bbox 243 1507 1792 1584">
    <p class='ocr_par' dir='ltr' id='par_1_14' title="bbox 243 1507 1792 1584">
     <span class='ocr_line' id='line_1_14' title="bbox 243 1507 1792 1584; baseline -0.008 -10"><span class='ocrx_word' id='word_1_114' title='bbox 243 1521 323 1584; x_wconf 80' lang='lat' dir='ltr'><strong>bis,</strong></span> <span class='ocrx_word' id='word_1_115' title='bbox 347 1516 426 1570; x_wconf 76' lang='lat' dir='ltr'><strong>sed</strong></span> <span class='ocrx_word' id='word_1_116' title='bbox 458 1513 553 1567; x_wconf 76' lang='lat' dir='ltr'><strong>Dei</strong></span> <span class='ocrx_word' id='word_1_117' title='bbox 580 1513 773 1566; x_wconf 82' lang='lat' dir='ltr'><strong>donum</strong></span> <span class='ocrx_word' id='word_1_118' title='bbox 800 1520 870 1566; x_wconf 88' lang='lat' dir='ltr'><strong>est</strong></span> <span class='ocrx_word' id='word_1_119' title='bbox 899 1509 1112 1581; x_wconf 84' lang='lat' dir='ltr'><strong>(Ephes.</strong></span> <span class='ocrx_word' id='word_1_120' title='bbox 1144 1525 1203 1571; x_wconf 88' lang='grc' dir='ltr'>ιι,</span> <span class='ocrx_word' id='word_1_121' title='bbox 1237 1507 1316 1578; x_wconf 89' lang='grc'><strong>8).</strong></span> <span class='ocrx_word' id='word_1_122' title='bbox 1347 1507 1549 1578; x_wconf 86' lang='lat' dir='ltr'><strong>Nempe</strong></span> <span class='ocrx_word' id='word_1_123' title='bbox 1577 1523 1704 1579; x_wconf 90' lang='lat' dir='ltr'><strong>ergo</strong></span> <span class='ocrx_word' id='word_1_124' title='bbox 1731 1508 1792 1563; x_wconf 63' lang='lat' dir='ltr'><strong>ilo</strong></span> 
     </span>
    </p>
   </div>
   <div class='ocr_carea' id='block_1_15' title="bbox 245 1598 1788 1673">
    <p class='ocr_par' dir='ltr' id='par_1_15' title="bbox 245 1598 1788 1673">
     <span class='ocr_line' id='line_1_15' title="bbox 245 1598 1788 1673; baseline -0.006 -9"><span class='ocrx_word' id='word_1_125' title='bbox 245 1609 320 1664; x_wconf 89' lang='lat' dir='ltr'><strong>iud</strong></span> <span class='ocrx_word' id='word_1_126' title='bbox 346 1607 473 1662; x_wconf 91' lang='lat' dir='ltr'><strong>unde</strong></span> <span class='ocrx_word' id='word_1_127' title='bbox 497 1604 680 1673; x_wconf 90' lang='lat' dir='ltr'><strong>incipit</strong></span> <span class='ocrx_word' id='word_1_128' title='bbox 700 1617 860 1658; x_wconf 91' lang='lat' dir='ltr'><strong>omne</strong></span> <span class='ocrx_word' id='word_1_129' title='bbox 886 1600 1026 1672; x_wconf 92' lang='lat' dir='ltr'><strong>quod</strong></span> <span class='ocrx_word' id='word_1_130' title='bbox 1055 1600 1246 1655; x_wconf 91' lang='lat' dir='ltr'><strong>merito</strong></span> <span class='ocrx_word' id='word_1_131' title='bbox 1273 1598 1518 1668; x_wconf 90' lang='lat' dir='ltr'><strong>accipere</strong></span> <span class='ocrx_word' id='word_1_132' title='bbox 1543 1599 1788 1664; x_wconf 88' lang='lat' dir='ltr'><strong>dicimur,</strong></span> 
     </span>
    </p>
   </div>
   <div class='ocr_carea' id='block_1_16' title="bbox 242 1690 1789 1764">
    <p class='ocr_par' dir='ltr' id='par_1_16' title="bbox 242 1690 1789 1764">
     <span class='ocr_line' id='line_1_16' title="bbox 242 1690 1789 1764; baseline -0.008 -5"><span class='ocrx_word' id='word_1_133' title='bbox 242 1706 339 1759; x_wconf 83' lang='lat' dir='ltr'><strong>sine</strong></span> <span class='ocrx_word' id='word_1_134' title='bbox 373 1700 548 1754; x_wconf 85' lang='lat' dir='ltr'><strong>merito</strong></span> <span class='ocrx_word' id='word_1_135' title='bbox 585 1696 908 1764; x_wconf 82' lang='lat' dir='ltr'><strong>accipimus,</strong></span> <span class='ocrx_word' id='word_1_136' title='bbox 945 1693 993 1746; x_wconf 90' lang='lat' dir='ltr'><strong>id</strong></span> <span class='ocrx_word' id='word_1_137' title='bbox 1020 1700 1132 1758; x_wconf 91' lang='lat' dir='ltr'><strong>est,</strong></span> <span class='ocrx_word' id='word_1_138' title='bbox 1161 1693 1328 1762; x_wconf 83' lang='lat' dir='ltr'><strong>ipsam</strong></span> <span class='ocrx_word' id='word_1_139' title='bbox 1375 1690 1554 1746; x_wconf 87' lang='lat' dir='ltr'><strong>ﬁdem.</strong></span> <span class='ocrx_word' id='word_1_140' title='bbox 1596 1692 1702 1745; x_wconf 79' lang='lat' dir='ltr'><strong>Aut</strong></span> <span class='ocrx_word' id='word_1_141' title='bbox 1744 1691 1789 1746; x_wconf 88' lang='lat' dir='ltr'><strong>si</strong></span> 
     </span>
    </p>
   </div>
   <div class='ocr_carea' id='block_1_17' title="bbox 244 1783 1790 1866">
    <p class='ocr_par' dir='ltr' id='par_1_17' title="bbox 244 1783 1790 1866">
     <span class='ocr_line' id='line_1_17' title="bbox 244 1783 1790 1866; baseline -0.009 -17"><span class='ocrx_word' id='word_1_142' title='bbox 244 1807 434 1866; x_wconf 75' lang='lat' dir='ltr'><strong>negatur</strong></span> <span class='ocrx_word' id='word_1_143' title='bbox 452 1790 588 1853; x_wconf 87' lang='lat' dir='ltr'><strong>dari;</strong></span> <span class='ocrx_word' id='word_1_144' title='bbox 619 1787 747 1858; x_wconf 89' lang='lat' dir='ltr'><strong>quid</strong></span> <span class='ocrx_word' id='word_1_145' title='bbox 774 1796 856 1842; x_wconf 90' lang='lat' dir='ltr'><strong>est</strong></span> <span class='ocrx_word' id='word_1_146' title='bbox 882 1785 1021 1857; x_wconf 88' lang='lat' dir='ltr'><strong>quod</strong></span> <span class='ocrx_word' id='word_1_147' title='bbox 1055 1785 1254 1839; x_wconf 92' lang='lat' dir='ltr'><strong>dictum</strong></span> <span class='ocrx_word' id='word_1_148' title='bbox 1281 1793 1384 1850; x_wconf 90' lang='lat' dir='ltr'><strong>est,</strong></span> <span class='ocrx_word' id='word_1_149' title='bbox 1418 1783 1563 1840; x_wconf 81' lang='lat' dir='ltr'><strong>Sicut</strong></span> <span class='ocrx_word' id='word_1_150' title='bbox 1588 1785 1790 1837; x_wconf 85' lang='lat' dir='ltr'><strong>unicui-</strong></span> 
     </span>
    </p>
   </div>
   <div class='ocr_carea' id='block_1_18' title="bbox 243 1872 1788 1958">
    <p class='ocr_par' dir='ltr' id='par_1_18' title="bbox 243 1872 1788 1958">
     <span class='ocr_line' id='line_1_18' title="bbox 243 1872 1788 1958; baseline -0.007 -20"><span class='ocrx_word' id='word_1_151' title='bbox 243 1904 324 1958; x_wconf 78' lang='lat' dir='ltr'><strong>que</strong></span> <span class='ocrx_word' id='word_1_152' title='bbox 346 1885 460 1937; x_wconf 73' lang='lat' dir='ltr'><strong>Deus</strong></span> <span class='ocrx_word' id='word_1_153' title='bbox 485 1881 700 1950; x_wconf 83' lang='lat' dir='ltr'><strong>partitus</strong></span> <span class='ocrx_word' id='word_1_154' title='bbox 725 1887 797 1932; x_wconf 85' lang='lat' dir='ltr'><strong>est</strong></span> <span class='ocrx_word' id='word_1_155' title='bbox 836 1893 1116 1931; x_wconf 79' lang='lat' dir='ltr'><strong>mensuram</strong></span> <span class='ocrx_word' id='word_1_156' title='bbox 1137 1875 1258 1943; x_wconf 77' lang='lat' dir='ltr'><strong>fidei</strong></span> <span class='ocrx_word' id='word_1_157' title='bbox 1285 1872 1459 1947; x_wconf 81' lang='lat' dir='ltr'><strong>(Rom.</strong></span> <span class='ocrx_word' id='word_1_158' title='bbox 1490 1889 1581 1939; x_wconf 84' lang='lat' dir='ltr'><strong>xu,</strong></span> <span class='ocrx_word' id='word_1_159' title='bbox 1607 1873 1708 1945; x_wconf 59' lang='grc' dir='ltr'>δη</span> <span class='ocrx_word' id='word_1_160' title='bbox 1735 1873 1788 1927; x_wconf 76' lang='lat' dir='ltr'><strong>Si</strong></span> 
     </span>
    </p>
   </div>
   <div class='ocr_carea' id='block_1_19' title="bbox 245 1963 1790 2033">
    <p class='ocr_par' dir='ltr' id='par_1_19' title="bbox 245 1963 1790 2033">
     <span class='ocr_line' id='line_1_19' title="bbox 245 1963 1790 2033; baseline -0.011 0"><span class='ocrx_word' id='word_1_161' title='bbox 245 1989 394 2033; x_wconf 88' lang='lat' dir='ltr'><strong>autem</strong></span> <span class='ocrx_word' id='word_1_162' title='bbox 420 1975 490 2028; x_wconf 90' lang='lat' dir='ltr'><strong>sic</strong></span> <span class='ocrx_word' id='word_1_163' title='bbox 516 1972 714 2026; x_wconf 86' lang='lat' dir='ltr'><strong>dicitur</strong></span> <span class='ocrx_word' id='word_1_164' title='bbox 743 1969 854 2024; x_wconf 90' lang='lat' dir='ltr'><strong>dari</strong></span> <span class='ocrx_word' id='word_1_165' title='bbox 878 2009 892 2031; x_wconf 93' lang='lat'><strong>,</strong></span> <span class='ocrx_word' id='word_1_166' title='bbox 916 1977 974 2022; x_wconf 90' lang='lat' dir='ltr'><strong>ut</strong></span> <span class='ocrx_word' id='word_1_167' title='bbox 1006 1967 1258 2022; x_wconf 78' lang='lat' dir='ltr'><strong>reddatur</strong></span> <span class='ocrx_word' id='word_1_168' title='bbox 1289 1965 1495 2020; x_wconf 90' lang='lat' dir='ltr'><strong>meritis</strong></span> <span class='ocrx_word' id='word_1_169' title='bbox 1514 2005 1528 2028; x_wconf 93' lang='lat'><strong>,</strong></span> <span class='ocrx_word' id='word_1_170' title='bbox 1557 1981 1662 2018; x_wconf 90' lang='lat' dir='ltr'><strong>non</strong></span> <span class='ocrx_word' id='word_1_171' title='bbox 1693 1963 1790 2018; x_wconf 84' lang='lat' dir='ltr'><strong>do-</strong></span> 
     </span>
    </p>
   </div>
   <div class='ocr_carea' id='block_1_20' title="bbox 249 2056 1790 2136">
    <p class='ocr_par' dir='ltr' id='par_1_20' title="bbox 249 2056 1790 2136">
     <span class='ocr_line' id='line_1_20' title="bbox 249 2056 1790 2136; baseline -0.01 -11"><span class='ocrx_word' id='word_1_172' title='bbox 249 2083 414 2130; x_wconf 84' lang='lat' dir='ltr'><strong>netur;</strong></span> <span class='ocrx_word' id='word_1_173' title='bbox 437 2064 553 2136; x_wconf 87' lang='lat' dir='ltr'><strong>quid</strong></span> <span class='ocrx_word' id='word_1_174' title='bbox 579 2072 663 2118; x_wconf 91' lang='lat' dir='ltr'><strong>est</strong></span> <span class='ocrx_word' id='word_1_175' title='bbox 689 2062 833 2132; x_wconf 89' lang='lat' dir='ltr'><strong>quod</strong></span> <span class='ocrx_word' id='word_1_176' title='bbox 865 2062 1052 2115; x_wconf 88' lang='lat' dir='ltr'><strong>iterum</strong></span> <span class='ocrx_word' id='word_1_177' title='bbox 1083 2059 1232 2122; x_wconf 88' lang='lat' dir='ltr'><strong>dicit,</strong></span> <span class='ocrx_word' id='word_1_178' title='bbox 1272 2056 1425 2112; x_wconf 84' lang='lat' dir='ltr'><strong>Vobis</strong></span> <span class='ocrx_word' id='word_1_179' title='bbox 1452 2056 1696 2110; x_wconf 86' lang='lat' dir='ltr'><strong>donatum</strong></span> <span class='ocrx_word' id='word_1_180' title='bbox 1719 2065 1790 2110; x_wconf 86' lang='lat' dir='ltr'><strong>est</strong></span> 
     </span>
    </p>
   </div>
   <div class='ocr_carea' id='block_1_21' title="bbox 257 2150 1788 2232">
    <p class='ocr_par' dir='ltr' id='par_1_21' title="bbox 257 2150 1788 2232">
     <span class='ocr_line' id='line_1_21' title="bbox 257 2150 1788 2232; baseline -0.008 -19"><span class='ocrx_word' id='word_1_181' title='bbox 257 2179 333 2232; x_wconf 75' lang='lat' dir='ltr'><strong>pro</strong></span> <span class='ocrx_word' id='word_1_182' title='bbox 356 2158 545 2220; x_wconf 75' lang='lat' dir='ltr'><strong>Christo,</strong></span> <span class='ocrx_word' id='word_1_183' title='bbox 570 2171 672 2207; x_wconf 88' lang='lat' dir='ltr'><strong>non</strong></span> <span class='ocrx_word' id='word_1_184' title='bbox 699 2154 864 2206; x_wconf 85' lang='lat' dir='ltr'><strong>solum</strong></span> <span class='ocrx_word' id='word_1_185' title='bbox 890 2160 943 2204; x_wconf 89' lang='lat' dir='ltr'><strong>ut</strong></span> <span class='ocrx_word' id='word_1_186' title='bbox 968 2150 1182 2204; x_wconf 75' lang='lat' dir='ltr'><strong>credatis</strong></span> <span class='ocrx_word' id='word_1_187' title='bbox 1210 2150 1261 2202; x_wconf 84' lang='lat' dir='ltr'><strong>in</strong></span> <span class='ocrx_word' id='word_1_188' title='bbox 1286 2165 1422 2214; x_wconf 83' lang='lat' dir='ltr'><strong>cum,</strong></span> <span class='ocrx_word' id='word_1_189' title='bbox 1446 2163 1619 2202; x_wconf 59' lang='lat' dir='ltr'><strong>verum.</strong></span> <span class='ocrx_word' id='word_1_190' title='bbox 1639 2150 1788 2202; x_wconf 86' lang='lat' dir='ltr'><strong>etiam</strong></span> 
     </span>
    </p>
   </div>
   <div class='ocr_carea' id='block_1_22' title="bbox 266 2241 1786 2322">
    <p class='ocr_par' dir='ltr' id='par_1_22' title="bbox 266 2241 1786 2322">
     <span class='ocr_line' id='line_1_22' title="bbox 266 2241 1786 2322; baseline -0.005 -18"><span class='ocrx_word' id='word_1_191' title='bbox 266 2259 337 2309; x_wconf 66' lang='grc' dir='ltr'><strong>ιιιὶ</strong></span> <span class='ocrx_word' id='word_1_192' title='bbox 357 2249 578 2322; x_wconf 71' lang='lat' dir='ltr'><strong>patiamini</strong></span> <span class='ocrx_word' id='word_1_193' title='bbox 605 2262 701 2315; x_wconf 86' lang='lat' dir='ltr'><strong>pro</strong></span> <span class='ocrx_word' id='word_1_194' title='bbox 728 2263 787 2300; x_wconf 88' lang='lat' dir='ltr'><strong>eo</strong></span> <span class='ocrx_word' id='word_1_195' title='bbox 817 2243 1074 2316; x_wconf 83' lang='lat' dir='ltr'><strong>(Philipp.</strong></span> <span class='ocrx_word' id='word_1_196' title='bbox 1108 2259 1144 2309; x_wconf 89' lang='lat' dir='ltr'><strong>I,</strong></span> <span class='ocrx_word' id='word_1_197' title='bbox 1170 2243 1300 2312; x_wconf 76' lang='lat'><strong>29)?</strong></span> <span class='ocrx_word' id='word_1_198' title='bbox 1327 2241 1618 2310; x_wconf 79' lang='lat' dir='ltr'><strong>Utrumque</strong></span> <span class='ocrx_word' id='word_1_199' title='bbox 1644 2241 1786 2295; x_wconf 89' lang='lat' dir='ltr'><strong>enim</strong></span> 
     </span>
    </p>
   </div>
   <div class='ocr_carea' id='block_1_23' title="bbox 265 2334 1784 2408">
    <p class='ocr_par' dir='ltr' id='par_1_23' title="bbox 265 2334 1784 2408">
     <span class='ocr_line' id='line_1_23' title="bbox 265 2334 1784 2408; baseline -0.008 -7"><span class='ocrx_word' id='word_1_200' title='bbox 265 2349 466 2402; x_wconf 84' lang='lat' dir='ltr'><strong>donatum</strong></span> <span class='ocrx_word' id='word_1_201' title='bbox 491 2356 604 2397; x_wconf 88' lang='lat' dir='ltr'><strong>esse</strong></span> <span class='ocrx_word' id='word_1_202' title='bbox 627 2348 852 2394; x_wconf 88' lang='lat' dir='ltr'><strong>testatus</strong></span> <span class='ocrx_word' id='word_1_203' title='bbox 871 2348 973 2404; x_wconf 89' lang='lat' dir='ltr'><strong>est,</strong></span> <span class='ocrx_word' id='word_1_204' title='bbox 999 2345 1054 2393; x_wconf 90' lang='lat' dir='ltr'><strong>et</strong></span> <span class='ocrx_word' id='word_1_205' title='bbox 1078 2337 1219 2408; x_wconf 90' lang='lat' dir='ltr'><strong>quod</strong></span> <span class='ocrx_word' id='word_1_206' title='bbox 1241 2336 1410 2392; x_wconf 88' lang='lat' dir='ltr'><strong>credit</strong></span> <span class='ocrx_word' id='word_1_207' title='bbox 1425 2336 1476 2390; x_wconf 91' lang='lat' dir='ltr'><strong>in</strong></span> <span class='ocrx_word' id='word_1_208' title='bbox 1493 2334 1784 2404; x_wconf 83' lang='lat' dir='ltr'><strong>Christum,</strong></span> 
     </span>
    </p>
   </div>
   <div class='ocr_carea' id='block_1_24' title="bbox 255 2427 1787 2506">
    <p class='ocr_par' dir='ltr' id='par_1_24' title="bbox 255 2427 1787 2506">
     <span class='ocr_line' id='line_1_24' title="bbox 255 2427 1787 2506; baseline -0.007 -15"><span class='ocrx_word' id='word_1_209' title='bbox 255 2451 298 2491; x_wconf 73' lang='lat' dir='ltr'><strong>et</strong></span> <span class='ocrx_word' id='word_1_210' title='bbox 323 2435 438 2506; x_wconf 87' lang='lat' dir='ltr'><strong>quod</strong></span> <span class='ocrx_word' id='word_1_211' title='bbox 467 2435 652 2503; x_wconf 85' lang='lat' dir='ltr'><strong>patitur</strong></span> <span class='ocrx_word' id='word_1_212' title='bbox 681 2432 910 2500; x_wconf 88' lang='lat' dir='ltr'><strong>quisque</strong></span> <span class='ocrx_word' id='word_1_213' title='bbox 934 2444 1029 2498; x_wconf 88' lang='lat' dir='ltr'><strong>pro</strong></span> <span class='ocrx_word' id='word_1_214' title='bbox 1047 2428 1278 2484; x_wconf 81' lang='lat' dir='ltr'><strong>Christo.</strong></span> <span class='ocrx_word' id='word_1_215' title='bbox 1304 2428 1392 2482; x_wconf 93' lang='lat' dir='ltr'><strong>Isti</strong></span> <span class='ocrx_word' id='word_1_216' title='bbox 1416 2438 1590 2482; x_wconf 92' lang='lat' dir='ltr'><strong>autem</strong></span> <span class='ocrx_word' id='word_1_217' title='bbox 1618 2427 1787 2481; x_wconf 89' lang='lat' dir='ltr'><strong>libero</strong></span> 
     </span>
    </p>
   </div>
   <div class='ocr_carea' id='block_1_25' title="bbox 249 2518 1784 2593">
    <p class='ocr_par' dir='ltr' id='par_1_25' title="bbox 249 2518 1784 2593">
     <span class='ocr_line' id='line_1_25' title="bbox 249 2518 1784 2593; baseline -0.006 -11"><span class='ocrx_word' id='word_1_218' title='bbox 249 2529 443 2582; x_wconf 86' lang='lat' dir='ltr'><strong>arbitrio</strong></span> <span class='ocrx_word' id='word_1_219' title='bbox 475 2525 545 2580; x_wconf 89' lang='lat' dir='ltr'><strong>sic</strong></span> <span class='ocrx_word' id='word_1_220' title='bbox 579 2523 851 2593; x_wconf 88' lang='lat' dir='ltr'><strong>applicant</strong></span> <span class='ocrx_word' id='word_1_221' title='bbox 896 2521 1084 2586; x_wconf 90' lang='lat' dir='ltr'><strong>ﬁdem,</strong></span> <span class='ocrx_word' id='word_1_222' title='bbox 1111 2531 1170 2576; x_wconf 92' lang='lat' dir='ltr'><strong>ut</strong></span> <span class='ocrx_word' id='word_1_223' title='bbox 1201 2520 1324 2576; x_wconf 90' lang='lat' dir='ltr'><strong>ﬁdei</strong></span> <span class='ocrx_word' id='word_1_224' title='bbox 1364 2520 1612 2576; x_wconf 85' lang='lat' dir='ltr'><strong>videlicet</strong></span> <span class='ocrx_word' id='word_1_225' title='bbox 1636 2518 1784 2575; x_wconf 90' lang='lat' dir='ltr'><strong>reddi</strong></span> 
     </span>
    </p>
   </div>
   <div class='ocr_carea' id='block_1_26' title="bbox 251 2609 1787 2684">
    <p class='ocr_par' dir='ltr' id='par_1_26' title="bbox 251 2609 1787 2684">
     <span class='ocr_line' id='line_1_26' title="bbox 251 2609 1787 2684; baseline -0.004 -14"><span class='ocrx_word' id='word_1_226' title='bbox 251 2619 480 2682; x_wconf 82' lang='lat' dir='ltr'><strong>videatur,</strong></span> <span class='ocrx_word' id='word_1_227' title='bbox 504 2631 596 2668; x_wconf 90' lang='lat' dir='ltr'><strong>non</strong></span> <span class='ocrx_word' id='word_1_228' title='bbox 617 2611 846 2684; x_wconf 85' lang='lat' dir='ltr'><strong>gratuita</strong></span> <span class='ocrx_word' id='word_1_229' title='bbox 865 2652 882 2678; x_wconf 95' lang='lat'><strong>,</strong></span> <span class='ocrx_word' id='word_1_230' title='bbox 913 2610 1005 2666; x_wconf 88' lang='lat' dir='ltr'><strong>sed</strong></span> <span class='ocrx_word' id='word_1_231' title='bbox 1032 2609 1206 2664; x_wconf 90' lang='lat' dir='ltr'><strong>debita</strong></span> <span class='ocrx_word' id='word_1_232' title='bbox 1234 2609 1399 2681; x_wconf 85' lang='lat' dir='ltr'><strong>gratia</strong></span> <span class='ocrx_word' id='word_1_233' title='bbox 1433 2627 1448 2665; x_wconf 89' lang='lat'><strong>:</strong></span> <span class='ocrx_word' id='word_1_234' title='bbox 1479 2625 1542 2664; x_wconf 92' lang='lat' dir='ltr'><strong>ac</strong></span> <span class='ocrx_word' id='word_1_235' title='bbox 1567 2625 1662 2679; x_wconf 89' lang='lat' dir='ltr'><strong>per</strong></span> <span class='ocrx_word' id='word_1_236' title='bbox 1686 2609 1787 2664; x_wconf 90' lang='lat' dir='ltr'><strong>hoc</strong></span> 
     </span>
    </p>
   </div>
   <div class='ocr_carea' id='block_1_27' title="bbox 253 2703 1641 2781">
    <p class='ocr_par' dir='ltr' id='par_1_27' title="bbox 253 2703 1641 2781">
     <span class='ocr_line' id='line_1_27' title="bbox 253 2703 1641 2781; baseline -0.006 -19"><span class='ocrx_word' id='word_1_237' title='bbox 253 2710 356 2781; x_wconf 87' lang='lat' dir='ltr'><strong>jam</strong></span> <span class='ocrx_word' id='word_1_238' title='bbox 373 2725 460 2763; x_wconf 84' lang='lat' dir='ltr'><strong>nec</strong></span> <span class='ocrx_word' id='word_1_239' title='bbox 477 2708 638 2777; x_wconf 86' lang='lat' dir='ltr'><strong>gratia,</strong></span> <span class='ocrx_word' id='word_1_240' title='bbox 664 2706 788 2774; x_wconf 89' lang='lat' dir='ltr'><strong>quia</strong></span> <span class='ocrx_word' id='word_1_241' title='bbox 815 2704 916 2758; x_wconf 86' lang='lat' dir='ltr'><strong>nisi</strong></span> <span class='ocrx_word' id='word_1_242' title='bbox 943 2704 1192 2774; x_wconf 87' lang='lat' dir='ltr'><strong>gratuita,</strong></span> <span class='ocrx_word' id='word_1_243' title='bbox 1224 2718 1326 2757; x_wconf 91' lang='lat' dir='ltr'><strong>non</strong></span> <span class='ocrx_word' id='word_1_244' title='bbox 1349 2711 1432 2756; x_wconf 88' lang='lat' dir='ltr'><strong>est</strong></span> <span class='ocrx_word' id='word_1_245' title='bbox 1452 2703 1641 2772; x_wconf 87' lang='lat' dir='ltr'><strong>gratia.</strong></span> 
     </span>
    </p>
   </div>
   <div class='ocr_carea' id='block_1_28' title="bbox 327 2795 1784 2865">
    <p class='ocr_par' dir='ltr' id='par_1_28' title="bbox 327 2795 1784 2865">
     <span class='ocr_line' id='line_1_28' title="bbox 327 2795 1784 2865; baseline -0.003 -10"><span class='ocrx_word' id='word_1_246' title='bbox 327 2798 523 2855; x_wconf 82' lang='lat' dir='ltr'><strong>CAPUT</strong></span> <span class='ocrx_word' id='word_1_247' title='bbox 554 2795 751 2852; x_wconf 75' lang='lat' dir='ltr'><strong>XXXII.</strong></span> <span class='ocrx_word' id='word_1_248' title='bbox 779 2826 854 2837; x_wconf 93' lang='lat'><strong>—</strong></span> <span class='ocrx_word' id='word_1_249' title='bbox 883 2796 971 2851; x_wconf 80' lang='grc'><strong>55.</strong></span> <span class='ocrx_word' id='word_1_250' title='bbox 994 2795 1096 2850; x_wconf 86' lang='lat' dir='ltr'><strong>Sed</strong></span> <span class='ocrx_word' id='word_1_251' title='bbox 1127 2795 1196 2850; x_wconf 92' lang='lat' dir='ltr'><strong>ab</strong></span> <span class='ocrx_word' id='word_1_252' title='bbox 1222 2795 1302 2850; x_wconf 92' lang='lat' dir='ltr'><strong>his</strong></span> <span class='ocrx_word' id='word_1_253' title='bbox 1323 2795 1514 2850; x_wconf 90' lang='lat' dir='ltr'><strong>litteris</strong></span> <span class='ocrx_word' id='word_1_254' title='bbox 1539 2795 1784 2865; x_wconf 77' lang='lat' dir='ltr'><strong>Pelagius</strong></span> 
     </span>
    </p>
   </div>
   <div class='ocr_carea' id='block_1_29' title="bbox 267 2885 1786 2957">
    <p class='ocr_par' dir='ltr' id='par_1_29' title="bbox 267 2885 1786 2957">
     <span class='ocr_line' id='line_1_29' title="bbox 267 2885 1786 2957; baseline -0.001 -15"><span class='ocrx_word' id='word_1_255' title='bbox 267 2889 328 2944; x_wconf 86' lang='lat' dir='ltr'><strong>ad</strong></span> <span class='ocrx_word' id='word_1_256' title='bbox 355 2889 455 2943; x_wconf 91' lang='lat' dir='ltr'><strong>ﬁdei</strong></span> <span class='ocrx_word' id='word_1_257' title='bbox 476 2903 567 2941; x_wconf 74' lang='lat' dir='ltr'><strong>soa:</strong></span> <span class='ocrx_word' id='word_1_258' title='bbox 588 2888 772 2940; x_wconf 86' lang='lat' dir='ltr'><strong>librum</strong></span> <span class='ocrx_word' id='word_1_259' title='bbox 807 2885 881 2957; x_wconf 84' lang='grc' dir='ltr'><strong>(α)</strong></span> <span class='ocrx_word' id='word_1_260' title='bbox 915 2887 1026 2940; x_wconf 85' lang='lat' dir='ltr'><strong>vult</strong></span> <span class='ocrx_word' id='word_1_261' title='bbox 1057 2888 1283 2942; x_wconf 90' lang='lat' dir='ltr'><strong>transire</strong></span> <span class='ocrx_word' id='word_1_262' title='bbox 1309 2888 1561 2942; x_wconf 88' lang='lat' dir='ltr'><strong>lectorem</strong></span> <span class='ocrx_word' id='word_1_263' title='bbox 1585 2927 1600 2952; x_wconf 94' lang='lat'><strong>,</strong></span> <span class='ocrx_word' id='word_1_264' title='bbox 1632 2886 1786 2956; x_wconf 91' lang='lat' dir='ltr'><strong>cujus</strong></span> 
     </span>
    </p>
   </div>
   <div class='ocr_carea' id='block_1_30' title="bbox 268 2976 1784 3048">
    <p class='ocr_par' dir='ltr' id='par_1_30' title="bbox 268 2976 1784 3048">
     <span class='ocr_line' id='line_1_30' title="bbox 268 2976 1784 3048; baseline -0.001 -14"><span class='ocrx_word' id='word_1_265' title='bbox 268 2981 398 3035; x_wconf 80' lang='lat' dir='ltr'><strong>vobis</strong></span> <span class='ocrx_word' id='word_1_266' title='bbox 417 2981 434 3010; x_wconf 79' lang='grc'>³</span> <span class='ocrx_word' id='word_1_267' title='bbox 452 2979 985 3034; x_wconf 85' lang='lat' dir='ltr'><strong>commemorationem</strong></span> <span class='ocrx_word' id='word_1_268' title='bbox 1010 2976 1134 3032; x_wconf 90' lang='lat' dir='ltr'><strong>fecit</strong></span> <span class='ocrx_word' id='word_1_269' title='bbox 1159 2995 1172 3032; x_wconf 90' lang='lat'>:</span> <span class='ocrx_word' id='word_1_270' title='bbox 1198 2978 1251 3032; x_wconf 94' lang='lat' dir='ltr'><strong>in</strong></span> <span class='ocrx_word' id='word_1_271' title='bbox 1280 2993 1384 3048; x_wconf 90' lang='lat' dir='ltr'><strong>quo</strong></span> <span class='ocrx_word' id='word_1_272' title='bbox 1411 2994 1471 3032; x_wconf 87' lang='lat' dir='ltr'><strong>ea</strong></span> <span class='ocrx_word' id='word_1_273' title='bbox 1500 2978 1568 3033; x_wconf 93' lang='lat' dir='ltr'><strong>de</strong></span> <span class='ocrx_word' id='word_1_274' title='bbox 1590 2978 1784 3048; x_wconf 87' lang='lat' dir='ltr'><strong>quibus</strong></span> 
     </span>
    </p>
   </div>
   <div class='ocr_carea' id='block_1_31' title="bbox 261 3068 1786 3140">
    <p class='ocr_par' dir='ltr' id='par_1_31' title="bbox 261 3068 1786 3140">
     <span class='ocr_line' id='line_1_31' title="bbox 261 3068 1786 3140; baseline -0.003 -14"><span class='ocrx_word' id='word_1_275' title='bbox 261 3087 355 3126; x_wconf 88' lang='lat' dir='ltr'><strong>non</strong></span> <span class='ocrx_word' id='word_1_276' title='bbox 376 3069 793 3140; x_wconf 88' lang='lat' dir='ltr'><strong>interrogabatur,</strong></span> <span class='ocrx_word' id='word_1_277' title='bbox 823 3069 985 3123; x_wconf 90' lang='lat' dir='ltr'><strong>multa</strong></span> <span class='ocrx_word' id='word_1_278' title='bbox 1015 3069 1286 3124; x_wconf 81' lang='lat' dir='ltr'><strong>disseruit.</strong></span> <span class='ocrx_word' id='word_1_279' title='bbox 1316 3068 1419 3124; x_wconf 85' lang='lat' dir='ltr'><strong>Sed</strong></span> <span class='ocrx_word' id='word_1_280' title='bbox 1451 3085 1548 3124; x_wconf 89' lang='lat' dir='ltr'><strong>nos</strong></span> <span class='ocrx_word' id='word_1_281' title='bbox 1577 3069 1644 3123; x_wconf 89' lang='lat' dir='ltr'><strong>de</strong></span> <span class='ocrx_word' id='word_1_282' title='bbox 1669 3069 1786 3138; x_wconf 80' lang='lat' dir='ltr'><strong>qui—</strong></span> 
     </span>
    </p>
   </div>
   <div class='ocr_carea' id='block_1_32' title="bbox 248 3160 1785 3232">
    <p class='ocr_par' dir='ltr' id='par_1_32' title="bbox 248 3160 1785 3232">
     <span class='ocr_line' id='line_1_32' title="bbox 248 3160 1785 3232; baseline 0 -15"><span class='ocrx_word' id='word_1_283' title='bbox 248 3162 339 3218; x_wconf 86' lang='lat' dir='ltr'><strong>bus</strong></span> <span class='ocrx_word' id='word_1_284' title='bbox 365 3163 542 3232; x_wconf 81' lang='lat' dir='ltr'><strong>agimus</strong></span> <span class='ocrx_word' id='word_1_285' title='bbox 575 3176 696 3216; x_wconf 91' lang='lat' dir='ltr'><strong>cum</strong></span> <span class='ocrx_word' id='word_1_286' title='bbox 727 3161 868 3226; x_wconf 86' lang='lat' dir='ltr'><strong>illis,</strong></span> <span class='ocrx_word' id='word_1_287' title='bbox 892 3161 1002 3230; x_wconf 89' lang='lat' dir='ltr'><strong>ipsa</strong></span> <span class='ocrx_word' id='word_1_288' title='bbox 1045 3160 1339 3216; x_wconf 87' lang='lat' dir='ltr'><strong>videamus.</strong></span> <span class='ocrx_word' id='word_1_289' title='bbox 1380 3161 1513 3216; x_wconf 88' lang='lat' dir='ltr'><strong>Cum</strong></span> <span class='ocrx_word' id='word_1_290' title='bbox 1547 3161 1687 3216; x_wconf 91' lang='lat' dir='ltr'><strong>enim</strong></span> <span class='ocrx_word' id='word_1_291' title='bbox 1716 3161 1785 3217; x_wconf 90' lang='lat' dir='ltr'><strong>ab</strong></span> 
     </span>
    </p>
   </div>
   <div class='ocr_carea' id='block_1_33' title="bbox 243 3251 1783 3323">
    <p class='ocr_par' dir='ltr' id='par_1_33' title="bbox 243 3251 1783 3323">
     <span class='ocr_line' id='line_1_33' title="bbox 243 3251 1783 3323; baseline 0 -15"><span class='ocrx_word' id='word_1_292' title='bbox 243 3254 419 3308; x_wconf 85' lang='lat' dir='ltr'><strong>unitate</strong></span> <span class='ocrx_word' id='word_1_293' title='bbox 453 3252 720 3308; x_wconf 67' lang='lat' dir='ltr'><strong>Trinitatis</strong></span> <span class='ocrx_word' id='word_1_294' title='bbox 765 3267 933 3323; x_wconf 86' lang='lat' dir='ltr'><strong>usque</strong></span> <span class='ocrx_word' id='word_1_295' title='bbox 968 3251 1036 3308; x_wconf 91' lang='lat' dir='ltr'><strong>ad</strong></span> <span class='ocrx_word' id='word_1_296' title='bbox 1078 3254 1522 3308; x_wconf 87' lang='lat' dir='ltr'><strong>resurrectionem</strong></span> <span class='ocrx_word' id='word_1_297' title='bbox 1582 3255 1783 3320; x_wconf 88' lang='lat' dir='ltr'><strong>carnis,</strong></span> 
     </span>
    </p>
   </div>
   <div class='ocr_carea' id='block_1_34' title="bbox 236 3343 1782 3417">
    <p class='ocr_par' dir='ltr' id='par_1_34' title="bbox 236 3343 1782 3417">
     <span class='ocr_line' id='line_1_34' title="bbox 236 3343 1782 3417; baseline 0.001 -19"><span class='ocrx_word' id='word_1_298' title='bbox 236 3344 361 3415; x_wconf 85' lang='lat' dir='ltr'><strong>quod</strong></span> <span class='ocrx_word' id='word_1_299' title='bbox 379 3343 552 3399; x_wconf 86' lang='lat' dir='ltr'><strong>abillo</strong></span> <span class='ocrx_word' id='word_1_300' title='bbox 581 3359 742 3399; x_wconf 89' lang='lat' dir='ltr'><strong>nemo</strong></span> <span class='ocrx_word' id='word_1_301' title='bbox 761 3345 1032 3414; x_wconf 83' lang='lat' dir='ltr'><strong>qu:crebat</strong></span> <span class='ocrx_word' id='word_1_302' title='bbox 1049 3385 1064 3412; x_wconf 91' lang='lat'><strong>,</strong></span> <span class='ocrx_word' id='word_1_303' title='bbox 1096 3344 1510 3415; x_wconf 82' lang='lat' dir='ltr'><strong>diSputationem</strong></span> <span class='ocrx_word' id='word_1_304' title='bbox 1531 3356 1782 3417; x_wconf 90' lang='lat' dir='ltr'><strong>quantam</strong></span> 
     </span>
    </p>
   </div>
   <div class='ocr_carea' id='block_1_35' title="bbox 235 3434 1782 3507">
    <p class='ocr_par' dir='ltr' id='par_1_35' title="bbox 235 3434 1782 3507">
     <span class='ocr_line' id='line_1_35' title="bbox 235 3434 1782 3507; baseline 0.003 -19"><span class='ocrx_word' id='word_1_305' title='bbox 235 3435 382 3489; x_wconf 88' lang='lat' dir='ltr'><strong>voluit</strong></span> <span class='ocrx_word' id='word_1_306' title='bbox 407 3435 773 3490; x_wconf 86' lang='lat' dir='ltr'><strong>terminasset:</strong></span> <span class='ocrx_word' id='word_1_307' title='bbox 813 3453 833 3487; x_wconf 75' lang='grc' dir='ltr'><strong>ι</strong></span> <span class='ocrx_word' id='word_1_308' title='bbox 868 3435 931 3488; x_wconf 78' lang='lat' dir='ltr'><strong>Et</strong></span> <span class='ocrx_word' id='word_1_309' title='bbox 956 3434 1246 3505; x_wconf 87' lang='lat' dir='ltr'><strong>Baptisma,</strong></span> <span class='ocrx_word' id='word_1_310' title='bbox 1287 3454 1307 3488; x_wconf 84' lang='lat' dir='ltr'><strong>s</strong></span> <span class='ocrx_word' id='word_1_311' title='bbox 1340 3437 1528 3507; x_wconf 87' lang='lat' dir='ltr'><strong>inquit,</strong></span> <span class='ocrx_word' id='word_1_312' title='bbox 1568 3455 1586 3489; x_wconf 82' lang='grc' dir='ltr'><strong>ι</strong></span> <span class='ocrx_word' id='word_1_313' title='bbox 1617 3453 1782 3492; x_wconf 88' lang='lat' dir='ltr'><strong>unum</strong></span> 
     </span>
    </p>
   </div>
   <div class='ocr_carea' id='block_1_36' title="bbox 233 3525 1780 3596">
    <p class='ocr_par' dir='ltr' id='par_1_36' title="bbox 233 3525 1780 3596">
     <span class='ocr_line' id='line_1_36' title="bbox 233 3525 1780 3596; baseline 0.001 -14"><span class='ocrx_word' id='word_1_314' title='bbox 233 3535 469 3591; x_wconf 82' lang='lat' dir='ltr'><strong>tenemus,</strong></span> <span class='ocrx_word' id='word_1_315' title='bbox 494 3525 632 3596; x_wconf 87' lang='lat' dir='ltr'><strong>quod</strong></span> <span class='ocrx_word' id='word_1_316' title='bbox 650 3525 840 3581; x_wconf 88' lang='lat' dir='ltr'><strong>iisdem</strong></span> <span class='ocrx_word' id='word_1_317' title='bbox 855 3525 1181 3581; x_wconf 89' lang='lat' dir='ltr'><strong>Sacramenti</strong></span> <span class='ocrx_word' id='word_1_318' title='bbox 1207 3527 1385 3583; x_wconf 82' lang='lat' dir='ltr'><strong>verbis</strong></span> <span class='ocrx_word' id='word_1_319' title='bbox 1402 3527 1454 3582; x_wconf 92' lang='lat' dir='ltr'><strong>in</strong></span> <span class='ocrx_word' id='word_1_320' title='bbox 1476 3525 1780 3596; x_wconf 77' lang='lat' dir='ltr'><strong>infantibus,</strong></span> 
     </span>
    </p>
   </div>
   <div class='ocr_carea' id='block_1_37' title="bbox 229 3619 1782 3689">
    <p class='ocr_par' dir='ltr' id='par_1_37' title="bbox 229 3619 1782 3689">
     <span class='ocr_line' id='line_1_37' title="bbox 229 3619 1782 3689; baseline 0.003 -16"><span class='ocrx_word' id='word_1_321' title='bbox 229 3619 400 3689; x_wconf 81' lang='lat' dir='ltr'><strong>quibus</strong></span> <span class='ocrx_word' id='word_1_322' title='bbox 440 3619 595 3674; x_wconf 88' lang='lat' dir='ltr'><strong>etiam</strong></span> <span class='ocrx_word' id='word_1_323' title='bbox 617 3619 690 3676; x_wconf 80' lang='lat' dir='ltr'><strong>.in</strong></span> <span class='ocrx_word' id='word_1_324' title='bbox 732 3619 1023 3689; x_wconf 84' lang='lat' dir='ltr'><strong>majoribus</strong></span> <span class='ocrx_word' id='word_1_325' title='bbox 1047 3661 1060 3684; x_wconf 93' lang='lat'><strong>,</strong></span> <span class='ocrx_word' id='word_1_326' title='bbox 1088 3619 1315 3676; x_wconf 86' lang='lat' dir='ltr'><strong>dicimus</strong></span> <span class='ocrx_word' id='word_1_327' title='bbox 1343 3635 1465 3676; x_wconf 88' lang='lat' dir='ltr'><strong>esse</strong></span> <span class='ocrx_word' id='word_1_328' title='bbox 1501 3622 1782 3678; x_wconf 90' lang='lat' dir='ltr'><strong>celebran-</strong></span> 
     </span>
    </p>
   </div>
   <div class='ocr_carea' id='block_1_38' title="bbox 228 3709 1780 3780">
    <p class='ocr_par' dir='ltr' id='par_1_38' title="bbox 228 3709 1780 3780">
     <span class='ocr_line' id='line_1_38' title="bbox 228 3709 1780 3780; baseline 0.003 -16"><span class='ocrx_word' id='word_1_329' title='bbox 228 3709 360 3764; x_wconf 89' lang='lat' dir='ltr'><strong>dum.</strong></span> <span class='ocrx_word' id='word_1_330' title='bbox 393 3729 412 3763; x_wconf 90' lang='lat' dir='ltr'><strong>s</strong></span> <span class='ocrx_word' id='word_1_331' title='bbox 443 3709 554 3766; x_wconf 81' lang='lat' dir='ltr'><strong>Hoc</strong></span> <span class='ocrx_word' id='word_1_332' title='bbox 576 3719 727 3765; x_wconf 88' lang='lat' dir='ltr'><strong>certe</strong></span> <span class='ocrx_word' id='word_1_333' title='bbox 758 3725 854 3765; x_wconf 89' lang='lat' dir='ltr'><strong>vos</strong></span> <span class='ocrx_word' id='word_1_334' title='bbox 879 3720 933 3765; x_wconf 92' lang='lat' dir='ltr'><strong>ct</strong></span> <span class='ocrx_word' id='word_1_335' title='bbox 957 3719 1270 3780; x_wconf 71' lang='lat' dir='ltr'><strong>aprmsente</strong></span> <span class='ocrx_word' id='word_1_336' title='bbox 1296 3711 1509 3768; x_wconf 87' lang='lat' dir='ltr'><strong>audisse</strong></span> <span class='ocrx_word' id='word_1_337' title='bbox 1533 3713 1741 3770; x_wconf 77' lang='lat' dir='ltr'><strong>dixistis</strong></span> <span class='ocrx_word' id='word_1_338' title='bbox 1765 3733 1780 3770; x_wconf 92' lang='lat'><strong>:</strong></span> 
     </span>
    </p>
   </div>
   <div class='ocr_carea' id='block_1_39' title="bbox 225 3801 1778 3873">
    <p class='ocr_par' dir='ltr' id='par_1_39' title="bbox 225 3801 1778 3873">
     <span class='ocr_line' id='line_1_39' title="bbox 225 3801 1778 3873; baseline 0.003 -17"><span class='ocrx_word' id='word_1_339' title='bbox 225 3801 308 3856; x_wconf 82' lang='lat' dir='ltr'><strong>sed</strong></span> <span class='ocrx_word' id='word_1_340' title='bbox 343 3801 459 3872; x_wconf 91' lang='lat' dir='ltr'><strong>quid</strong></span> <span class='ocrx_word' id='word_1_341' title='bbox 492 3801 748 3871; x_wconf 84' lang='lat' dir='ltr'><strong>prodest,</strong></span> <span class='ocrx_word' id='word_1_342' title='bbox 780 3801 924 3872; x_wconf 91' lang='lat' dir='ltr'><strong>quod</strong></span> <span class='ocrx_word' id='word_1_343' title='bbox 972 3801 1174 3856; x_wconf 85' lang='lat' dir='ltr'><strong>eisdem</strong></span> <span class='ocrx_word' id='word_1_344' title='bbox 1219 3802 1396 3860; x_wconf 84' lang='lat' dir='ltr'><strong>verbis</strong></span> <span class='ocrx_word' id='word_1_345' title='bbox 1426 3803 1477 3858; x_wconf 93' lang='lat' dir='ltr'><strong>in</strong></span> <span class='ocrx_word' id='word_1_346' title='bbox 1519 3806 1778 3873; x_wconf 86' lang='lat' dir='ltr'><strong>parvulis,</strong></span> 
     </span>
    </p>
   </div>
   <div class='ocr_carea' id='block_1_40' title="bbox 220 3893 1782 3965">
    <p class='ocr_par' dir='ltr' id='par_1_40' title="bbox 220 3893 1782 3965">
     <span class='ocr_line' id='line_1_40' title="bbox 220 3893 1782 3965; baseline 0.003 -17"><span class='ocrx_word' id='word_1_347' title='bbox 220 3894 394 3964; x_wconf 88' lang='lat' dir='ltr'><strong>quibus</strong></span> <span class='ocrx_word' id='word_1_348' title='bbox 417 3902 471 3948; x_wconf 89' lang='lat' dir='ltr'><strong>et</strong></span> <span class='ocrx_word' id='word_1_349' title='bbox 506 3893 561 3948; x_wconf 90' lang='lat' dir='ltr'><strong>in</strong></span> <span class='ocrx_word' id='word_1_350' title='bbox 597 3893 924 3964; x_wconf 86' lang='lat' dir='ltr'><strong>majoribus,</strong></span> <span class='ocrx_word' id='word_1_351' title='bbox 947 3894 1208 3950; x_wconf 88' lang='lat' dir='ltr'><strong>celebrari</strong></span> <span class='ocrx_word' id='word_1_352' title='bbox 1246 3893 1377 3949; x_wconf 88' lang='lat' dir='ltr'><strong>dicit</strong></span> <span class='ocrx_word' id='word_1_353' title='bbox 1402 3895 1656 3965; x_wconf 87' lang='lat' dir='ltr'><strong>Baptismi</strong></span> <span class='ocrx_word' id='word_1_354' title='bbox 1680 3893 1782 3952; x_wconf 82' lang='lat' dir='ltr'><strong>sa-</strong></span> 
     </span>
    </p>
   </div>
   <div class='ocr_carea' id='block_1_41' title="bbox 217 3986 1784 4059">
    <p class='ocr_par' dir='ltr' id='par_1_41' title="bbox 217 3986 1784 4059">
     <span class='ocr_line' id='line_1_41' title="bbox 217 3986 1784 4059; baseline 0.004 -21"><span class='ocrx_word' id='word_1_355' title='bbox 217 3996 528 4040; x_wconf 84' lang='lat' dir='ltr'><strong>cramentum</strong></span> <span class='ocrx_word' id='word_1_356' title='bbox 548 4027 563 4051; x_wconf 90' lang='lat'><strong>,</strong></span> <span class='ocrx_word' id='word_1_357' title='bbox 592 4000 718 4041; x_wconf 91' lang='lat' dir='ltr'><strong>cum</strong></span> <span class='ocrx_word' id='word_1_358' title='bbox 751 4000 837 4041; x_wconf 89' lang='lat' dir='ltr'><strong>res</strong></span> <span class='ocrx_word' id='word_1_359' title='bbox 877 4000 908 4039; x_wconf 87' lang='lat' dir='ltr'><strong>a</strong></span> <span class='ocrx_word' id='word_1_360' title='bbox 937 3986 1089 4041; x_wconf 89' lang='lat' dir='ltr'><strong>nobis</strong></span> <span class='ocrx_word' id='word_1_361' title='bbox 1111 4027 1125 4052; x_wconf 94' lang='lat'><strong>,</strong></span> <span class='ocrx_word' id='word_1_362' title='bbox 1159 4001 1262 4042; x_wconf 91' lang='lat' dir='ltr'><strong>non</strong></span> <span class='ocrx_word' id='word_1_363' title='bbox 1293 3986 1406 4041; x_wconf 87' lang='lat' dir='ltr'><strong>sola</strong></span> <span class='ocrx_word' id='word_1_364' title='bbox 1440 3987 1602 4042; x_wconf 89' lang='lat' dir='ltr'><strong>verba</strong></span> <span class='ocrx_word' id='word_1_365' title='bbox 1639 4003 1784 4059; x_wconf 66' lang='lat' dir='ltr'><strong>quae-</strong></span> 
     </span>
    </p>
   </div>
   <div class='ocr_carea' id='block_1_42' title="bbox 218 4077 1782 4152">
    <p class='ocr_par' dir='ltr' id='par_1_42' title="bbox 218 4077 1782 4152">
     <span class='ocr_line' id='line_1_42' title="bbox 218 4077 1782 4152; baseline 0.004 -22"><span class='ocrx_word' id='word_1_366' title='bbox 218 4077 420 4132; x_wconf 78' lang='lat' dir='ltr'><strong>rantur?</strong></span> <span class='ocrx_word' id='word_1_367' title='bbox 445 4077 574 4134; x_wconf 87' lang='lat' dir='ltr'><strong>Plus</strong></span> <span class='ocrx_word' id='word_1_368' title='bbox 597 4089 683 4133; x_wconf 89' lang='lat' dir='ltr'><strong>est</strong></span> <span class='ocrx_word' id='word_1_369' title='bbox 711 4077 852 4148; x_wconf 89' lang='lat' dir='ltr'><strong>quod</strong></span> <span class='ocrx_word' id='word_1_370' title='bbox 880 4077 1030 4133; x_wconf 87' lang='lat' dir='ltr'><strong>vobis</strong></span> <span class='ocrx_word' id='word_1_371' title='bbox 1055 4094 1149 4134; x_wconf 91' lang='lat' dir='ltr'><strong>ore</strong></span> <span class='ocrx_word' id='word_1_372' title='bbox 1171 4080 1385 4150; x_wconf 91' lang='lat' dir='ltr'><strong>proprio</strong></span> <span class='ocrx_word' id='word_1_373' title='bbox 1405 4079 1782 4152; x_wconf 86' lang='lat' dir='ltr'><strong>interroganti-</strong></span> 
     </span>
    </p>
   </div>
   <div class='ocr_carea' id='block_1_43' title="bbox 217 4168 1781 4240">
    <p class='ocr_par' dir='ltr' id='par_1_43' title="bbox 217 4168 1781 4240">
     <span class='ocr_line' id='line_1_43' title="bbox 217 4168 1781 4240; baseline 0.006 -18"><span class='ocrx_word' id='word_1_374' title='bbox 217 4168 307 4224; x_wconf 81' lang='lat' dir='ltr'><strong>bus</strong></span> <span class='ocrx_word' id='word_1_375' title='bbox 325 4169 610 4240; x_wconf 81' lang='lat' dir='ltr'><strong>reSpondit,</strong></span> <span class='ocrx_word' id='word_1_376' title='bbox 643 4171 718 4225; x_wconf 86' lang='lat' dir='ltr'><strong>uti</strong></span> <span class='ocrx_word' id='word_1_377' title='bbox 740 4171 992 4237; x_wconf 86' lang='lat' dir='ltr'><strong>scribitis,</strong></span> <span class='ocrx_word' id='word_1_378' title='bbox 1022 4189 1040 4222; x_wconf 80' lang='grc' dir='ltr'><strong>ι</strong></span> <span class='ocrx_word' id='word_1_379' title='bbox 1072 4171 1298 4226; x_wconf 81' lang='lat' dir='ltr'><strong>infantes</strong></span> <span class='ocrx_word' id='word_1_380' title='bbox 1325 4172 1378 4226; x_wconf 91' lang='lat' dir='ltr'><strong>in</strong></span> <span class='ocrx_word' id='word_1_381' title='bbox 1411 4175 1781 4231; x_wconf 84' lang='lat' dir='ltr'><strong>remissionem</strong></span> 
     </span>
    </p>
   </div>
   <div class='ocr_carea' id='block_1_44' title="bbox 216 4265 1783 4336">
    <p class='ocr_par' dir='ltr' id='par_1_44' title="bbox 216 4265 1783 4336">
     <span class='ocr_line' id='line_1_44' title="bbox 216 4265 1783 4336; baseline 0.006 -18"><span class='ocrx_word' id='word_1_382' title='bbox 216 4274 535 4332; x_wconf 84' lang='lat' dir='ltr'><strong>peccatorum</strong></span> <span class='ocrx_word' id='word_1_383' title='bbox 561 4266 840 4335; x_wconf 89' lang='lat' dir='ltr'><strong>percipere</strong></span> <span class='ocrx_word' id='word_1_384' title='bbox 861 4265 1210 4336; x_wconf 85' lang='lat' dir='ltr'><strong>Baptismnm.</strong></span> <span class='ocrx_word' id='word_1_385' title='bbox 1253 4288 1271 4320; x_wconf 73' lang='grc' dir='ltr'><strong>ι</strong></span> <span class='ocrx_word' id='word_1_386' title='bbox 1305 4267 1418 4323; x_wconf 86' lang='lat' dir='ltr'><strong>Non</strong></span> <span class='ocrx_word' id='word_1_387' title='bbox 1447 4270 1590 4325; x_wconf 90' lang='lat' dir='ltr'><strong>enim</strong></span> <span class='ocrx_word' id='word_1_388' title='bbox 1622 4280 1676 4326; x_wconf 89' lang='lat' dir='ltr'><strong>et</strong></span> <span class='ocrx_word' id='word_1_389' title='bbox 1697 4271 1783 4328; x_wconf 89' lang='lat' dir='ltr'><strong>hic</strong></span> 
     </span>
    </p>
   </div>
   <div class='ocr_carea' id='block_1_45' title="bbox 215 4354 1780 4428">
    <p class='ocr_par' dir='ltr' id='par_1_45' title="bbox 215 4354 1780 4428">
     <span class='ocr_line' id='line_1_45' title="bbox 215 4354 1780 4428; baseline 0.008 -22"><span class='ocrx_word' id='word_1_390' title='bbox 215 4354 361 4418; x_wconf 86' lang='lat' dir='ltr'><strong>dixit,</strong></span> <span class='ocrx_word' id='word_1_391' title='bbox 391 4356 443 4409; x_wconf 92' lang='lat' dir='ltr'><strong>in</strong></span> <span class='ocrx_word' id='word_1_392' title='bbox 466 4357 645 4412; x_wconf 86' lang='lat' dir='ltr'><strong>verbis</strong></span> <span class='ocrx_word' id='word_1_393' title='bbox 670 4358 1008 4413; x_wconf 86' lang='lat' dir='ltr'><strong>remissionis</strong></span> <span class='ocrx_word' id='word_1_394' title='bbox 1033 4369 1406 4428; x_wconf 89' lang='lat' dir='ltr'><strong>peccatorum;</strong></span> <span class='ocrx_word' id='word_1_395' title='bbox 1439 4361 1534 4416; x_wconf 89' lang='lat' dir='ltr'><strong>sed</strong></span> <span class='ocrx_word' id='word_1_396' title='bbox 1563 4378 1657 4418; x_wconf 90' lang='lat' dir='ltr'><strong>eos</strong></span> <span class='ocrx_word' id='word_1_397' title='bbox 1685 4363 1780 4419; x_wconf 90' lang='lat' dir='ltr'><strong>ba-</strong></span> 
     </span>
    </p>
   </div>
   <div class='ocr_carea' id='block_1_46' title="bbox 218 4446 1781 4517">
    <p class='ocr_par' dir='ltr' id='par_1_46' title="bbox 218 4446 1781 4517">
     <span class='ocr_line' id='line_1_46' title="bbox 218 4446 1781 4517; baseline 0.009 -20"><span class='ocrx_word' id='word_1_398' title='bbox 218 4446 387 4512; x_wconf 81' lang='lat' dir='ltr'><strong>ptizari</strong></span> <span class='ocrx_word' id='word_1_399' title='bbox 413 4447 463 4501; x_wconf 91' lang='lat' dir='ltr'><strong>in</strong></span> <span class='ocrx_word' id='word_1_400' title='bbox 486 4448 655 4517; x_wconf 83' lang='lat' dir='ltr'><strong>ipsam</strong></span> <span class='ocrx_word' id='word_1_401' title='bbox 678 4448 1050 4506; x_wconf 87' lang='lat' dir='ltr'><strong>remissionem</strong></span> <span class='ocrx_word' id='word_1_402' title='bbox 1081 4453 1356 4508; x_wconf 89' lang='lat' dir='ltr'><strong>confessus</strong></span> <span class='ocrx_word' id='word_1_403' title='bbox 1371 4463 1453 4508; x_wconf 90' lang='lat' dir='ltr'><strong>est</strong></span> <span class='ocrx_word' id='word_1_404' title='bbox 1479 4471 1493 4507; x_wconf 90' lang='lat'><strong>:</strong></span> <span class='ocrx_word' id='word_1_405' title='bbox 1524 4463 1579 4510; x_wconf 93' lang='lat' dir='ltr'><strong>et</strong></span> <span class='ocrx_word' id='word_1_406' title='bbox 1604 4465 1781 4512; x_wconf 87' lang='lat' dir='ltr'><strong>tamen</strong></span> 
     </span>
    </p>
   </div>
   <div class='ocr_carea' id='block_1_47' title="bbox 217 4537 1779 4616">
    <p class='ocr_par' dir='ltr' id='par_1_47' title="bbox 217 4537 1779 4616">
     <span class='ocr_line' id='line_1_47' title="bbox 217 4537 1779 4616; baseline 0.009 -27"><span class='ocrx_word' id='word_1_407' title='bbox 217 4539 257 4589; x_wconf 87' lang='lat' dir='ltr'><strong>si</strong></span> <span class='ocrx_word' id='word_1_408' title='bbox 279 4537 338 4591; x_wconf 84' lang='lat' dir='ltr'><strong>ab</strong></span> <span class='ocrx_word' id='word_1_409' title='bbox 359 4553 422 4592; x_wconf 91' lang='lat' dir='ltr'><strong>co</strong></span> <span class='ocrx_word' id='word_1_410' title='bbox 449 4541 788 4609; x_wconf 82' lang='lat' dir='ltr'><strong>qmcreretis,</strong></span> <span class='ocrx_word' id='word_1_411' title='bbox 817 4541 941 4612; x_wconf 86' lang='lat' dir='ltr'><strong>quid</strong></span> <span class='ocrx_word' id='word_1_412' title='bbox 972 4544 1171 4612; x_wconf 90' lang='lat' dir='ltr'><strong>peccati</strong></span> <span class='ocrx_word' id='word_1_413' title='bbox 1193 4544 1271 4599; x_wconf 92' lang='lat' dir='ltr'><strong>eis</strong></span> <span class='ocrx_word' id='word_1_414' title='bbox 1289 4546 1538 4600; x_wconf 87' lang='lat' dir='ltr'><strong>credatur</strong></span> <span class='ocrx_word' id='word_1_415' title='bbox 1559 4549 1779 4616; x_wconf 91' lang='lat' dir='ltr'><strong>remitti,</strong></span> 
     </span>
    </p>
   </div>
   <div class='ocr_carea' id='block_1_48' title="bbox 218 4631 1622 4702">
    <p class='ocr_par' dir='ltr' id='par_1_48' title="bbox 218 4631 1622 4702">
     <span class='ocr_line' id='line_1_48' title="bbox 218 4631 1622 4702; baseline 0.01 -22"><span class='ocrx_word' id='word_1_416' title='bbox 218 4643 311 4681; x_wconf 85' lang='lat' dir='ltr'><strong>nou</strong></span> <span class='ocrx_word' id='word_1_417' title='bbox 334 4634 426 4684; x_wconf 86' lang='lat' dir='ltr'><strong>eos</strong></span> <span class='ocrx_word' id='word_1_418' title='bbox 451 4631 652 4702; x_wconf 89' lang='lat' dir='ltr'><strong>aliquid</strong></span> <span class='ocrx_word' id='word_1_419' title='bbox 690 4632 888 4688; x_wconf 86' lang='lat' dir='ltr'><strong>habere</strong></span> <span class='ocrx_word' id='word_1_420' title='bbox 917 4635 1284 4692; x_wconf 83' lang='lat' dir='ltr'><strong>contenderet.</strong></span> <span class='ocrx_word' id='word_1_421' title='bbox 1619 4644 1622 4646; x_wconf 65' lang='grc'>⁷</span> 
     </span>
    </p>
   </div>
   <div class='ocr_carea' id='block_1_49' title="bbox 281 4717 1784 4793">
    <p class='ocr_par' dir='ltr' id='par_1_49' title="bbox 281 4717 1784 4793">
     <span class='ocr_line' id='line_1_49' title="bbox 281 4717 1784 4793; baseline 0.01 -21"><span class='ocrx_word' id='word_1_422' title='bbox 281 4717 493 4775; x_wconf 76' lang='lat' dir='ltr'><strong>CAPUT</strong></span> <span class='ocrx_word' id='word_1_423' title='bbox 532 4719 774 4775; x_wconf 77' lang='lat' dir='ltr'><strong>XXXIII.</strong></span> <span class='ocrx_word' id='word_1_424' title='bbox 813 4752 887 4762; x_wconf 96' lang='lat'><strong>—</strong></span> <span class='ocrx_word' id='word_1_425' title='bbox 924 4724 1012 4780; x_wconf 77' lang='lat'><strong>36.</strong></span> <span class='ocrx_word' id='word_1_426' title='bbox 1045 4725 1172 4793; x_wconf 87' lang='lat' dir='ltr'><strong>Quis</strong></span> <span class='ocrx_word' id='word_1_427' title='bbox 1211 4726 1489 4793; x_wconf 85' lang='lat' dir='ltr'><strong>crederet,</strong></span> <span class='ocrx_word' id='word_1_428' title='bbox 1540 4728 1643 4784; x_wconf 90' lang='lat' dir='ltr'><strong>sub</strong></span> <span class='ocrx_word' id='word_1_429' title='bbox 1684 4729 1784 4787; x_wconf 88' lang='lat' dir='ltr'><strong>hac</strong></span> 
     </span>
    </p>
   </div>
   <div class='ocr_carea' id='block_1_50' title="bbox 218 4809 1784 4876">
    <p class='ocr_par' dir='ltr' id='par_1_50' title="bbox 218 4809 1784 4876">
     <span class='ocr_line' id='line_1_50' title="bbox 218 4809 1784 4876; baseline 0.01 -15"><span class='ocrx_word' id='word_1_430' title='bbox 218 4809 350 4875; x_wconf 87' lang='lat' dir='ltr'><strong>quasi</strong></span> <span class='ocrx_word' id='word_1_431' title='bbox 397 4811 679 4866; x_wconf 89' lang='lat' dir='ltr'><strong>manifesta</strong></span> <span class='ocrx_word' id='word_1_432' title='bbox 715 4813 1056 4870; x_wconf 81' lang='lat' dir='ltr'><strong>confessione</strong></span> <span class='ocrx_word' id='word_1_433' title='bbox 1096 4831 1310 4873; x_wconf 89' lang='lat' dir='ltr'><strong>sensum</strong></span> <span class='ocrx_word' id='word_1_434' title='bbox 1357 4819 1525 4875; x_wconf 89' lang='lat' dir='ltr'><strong>latere</strong></span> <span class='ocrx_word' id='word_1_435' title='bbox 1569 4831 1784 4876; x_wconf 85' lang='lat' dir='ltr'><strong>contra-</strong></span> 
     </span>
    </p>
   </div>
   <div class='ocr_carea' id='block_1_51' title="bbox 218 4903 1782 4980">
    <p class='ocr_par' dir='ltr' id='par_1_51' title="bbox 218 4903 1782 4980">
     <span class='ocr_line' id='line_1_51' title="bbox 218 4903 1782 4980; baseline 0.008 -24"><span class='ocrx_word' id='word_1_436' title='bbox 218 4903 370 4972; x_wconf 82' lang='lat' dir='ltr'><strong>rium,</strong></span> <span class='ocrx_word' id='word_1_437' title='bbox 392 4905 490 4958; x_wconf 89' lang='lat' dir='ltr'><strong>nisi</strong></span> <span class='ocrx_word' id='word_1_438' title='bbox 526 4921 648 4960; x_wconf 90' lang='lat' dir='ltr'><strong>eum</strong></span> <span class='ocrx_word' id='word_1_439' title='bbox 693 4907 980 4964; x_wconf 54' lang='lat' dir='ltr'><strong>Calenius</strong></span> <span class='ocrx_word' id='word_1_440' title='bbox 1015 4911 1353 4979; x_wconf 85' lang='lat' dir='ltr'><strong>aperuisset?</strong></span> <span class='ocrx_word' id='word_1_441' title='bbox 1379 4913 1481 4980; x_wconf 84' lang='lat' dir='ltr'><strong>Qui</strong></span> <span class='ocrx_word' id='word_1_442' title='bbox 1518 4913 1570 4967; x_wconf 93' lang='lat' dir='ltr'><strong>in</strong></span> <span class='ocrx_word' id='word_1_443' title='bbox 1599 4913 1782 4969; x_wconf 91' lang='lat' dir='ltr'><strong>libello</strong></span> 
     </span>
    </p>
   </div>
   <div class='ocr_carea' id='block_1_52' title="bbox 219 4997 1784 5076">
    <p class='ocr_par' dir='ltr' id='par_1_52' title="bbox 219 4997 1784 5076">
     <span class='ocr_line' id='line_1_52' title="bbox 219 4997 1784 5076; baseline 0.009 -29"><span class='ocrx_word' id='word_1_444' title='bbox 219 5005 320 5062; x_wconf 81' lang='lat' dir='ltr'><strong>suo,</strong></span> <span class='ocrx_word' id='word_1_445' title='bbox 340 5013 493 5066; x_wconf 80' lang='lat' dir='ltr'><strong>quem</strong></span> <span class='ocrx_word' id='word_1_446' title='bbox 524 4997 712 5053; x_wconf 65' lang='lat' dir='ltr'><strong>Romae</strong></span> <span class='ocrx_word' id='word_1_447' title='bbox 739 4999 908 5070; x_wconf 87' lang='lat' dir='ltr'><strong>gestis</strong></span> <span class='ocrx_word' id='word_1_448' title='bbox 933 5001 1309 5058; x_wconf 82' lang='lat' dir='ltr'><strong>ecclesiasticis</strong></span> <span class='ocrx_word' id='word_1_449' title='bbox 1333 5004 1601 5075; x_wconf 76' lang='lat' dir='ltr'><strong>allegavit,</strong></span> <span class='ocrx_word' id='word_1_450' title='bbox 1629 5020 1784 5076; x_wconf 70' lang='lat' dir='ltr'><strong>«par-</strong></span> 
     </span>
    </p>
   </div>
   <div class='ocr_carea' id='block_1_53' title="bbox 218 5085 1780 5165">
    <p class='ocr_par' dir='ltr' id='par_1_53' title="bbox 218 5085 1780 5165">
     <span class='ocr_line' id='line_1_53' title="bbox 218 5085 1780 5165; baseline 0.009 -24"><span class='ocrx_word' id='word_1_451' title='bbox 218 5085 348 5142; x_wconf 75' lang='lat' dir='ltr'><strong>vulos</strong></span> <span class='ocrx_word' id='word_1_452' title='bbox 366 5097 420 5143; x_wconf 90' lang='lat' dir='ltr'><strong>et</strong></span> <span class='ocrx_word' id='word_1_453' title='bbox 442 5088 701 5159; x_wconf 76' lang='lat' dir='ltr'><strong>baptizari</strong></span> <span class='ocrx_word' id='word_1_454' title='bbox 734 5090 789 5144; x_wconf 91' lang='lat' dir='ltr'><strong>in</strong></span> <span class='ocrx_word' id='word_1_455' title='bbox 819 5092 1191 5150; x_wconf 84' lang='lat' dir='ltr'><strong>remissionem</strong></span> <span class='ocrx_word' id='word_1_456' title='bbox 1230 5106 1570 5165; x_wconf 87' lang='lat' dir='ltr'><strong>peccatorum</strong></span> <span class='ocrx_word' id='word_1_457' title='bbox 1598 5115 1620 5152; x_wconf 84' lang='grc'><strong><em>›</em></strong></span> <span class='ocrx_word' id='word_1_458' title='bbox 1649 5113 1780 5154; x_wconf 89' lang='lat' dir='ltr'><strong>con-</strong></span> 
     </span>
    </p>
   </div>
   <div class='ocr_carea' id='block_1_54' title="bbox 221 5174 1782 5263">
    <p class='ocr_par' dir='ltr' id='par_1_54' title="bbox 221 5174 1782 5263">
     <span class='ocr_line' id='line_1_54' title="bbox 221 5174 1782 5263; baseline 0.01 -30"><span class='ocrx_word' id='word_1_459' title='bbox 221 5174 369 5235; x_wconf 70' lang='lat' dir='ltr'><strong>fessus</strong></span> <span class='ocrx_word' id='word_1_460' title='bbox 396 5190 509 5247; x_wconf 91' lang='lat' dir='ltr'><strong>est,</strong></span> <span class='ocrx_word' id='word_1_461' title='bbox 540 5192 598 5238; x_wconf 90' lang='lat' dir='ltr'><strong>et</strong></span> <span class='ocrx_word' id='word_1_462' title='bbox 623 5184 845 5253; x_wconf 85' lang='lat' dir='ltr'><strong>negavit</strong></span> <span class='ocrx_word' id='word_1_463' title='bbox 876 5203 895 5236; x_wconf 74' lang='grc' dir='ltr'><strong>ι</strong></span> <span class='ocrx_word' id='word_1_464' title='bbox 933 5185 1096 5241; x_wconf 88' lang='lat' dir='ltr'><strong>ullum</strong></span> <span class='ocrx_word' id='word_1_465' title='bbox 1129 5187 1326 5244; x_wconf 88' lang='lat' dir='ltr'><strong>habere</strong></span> <span class='ocrx_word' id='word_1_466' title='bbox 1362 5189 1618 5260; x_wconf 87' lang='lat' dir='ltr'><strong>originale</strong></span> <span class='ocrx_word' id='word_1_467' title='bbox 1652 5207 1782 5263; x_wconf 87' lang='lat' dir='ltr'><strong>pec-</strong></span> 
     </span>
    </p>
   </div>
   <div class='ocr_carea' id='block_1_55' title="bbox 219 5273 1779 5352">
    <p class='ocr_par' dir='ltr' id='par_1_55' title="bbox 219 5273 1779 5352">
     <span class='ocr_line' id='line_1_55' title="bbox 219 5273 1779 5352; baseline 0.01 -29"><span class='ocrx_word' id='word_1_468' title='bbox 219 5278 388 5326; x_wconf 81' lang='lat' dir='ltr'><strong>catum.</strong></span> <span class='ocrx_word' id='word_1_469' title='bbox 419 5291 438 5326; x_wconf 88' lang='lat' dir='ltr'><strong>s</strong></span> <span class='ocrx_word' id='word_1_470' title='bbox 467 5273 574 5329; x_wconf 87' lang='lat' dir='ltr'><strong>Sed</strong></span> <span class='ocrx_word' id='word_1_471' title='bbox 610 5288 758 5329; x_wconf 74' lang='lat' dir='ltr'><strong>mute</strong></span> <span class='ocrx_word' id='word_1_472' title='bbox 797 5289 903 5329; x_wconf 90' lang='lat' dir='ltr'><strong>non</strong></span> <span class='ocrx_word' id='word_1_473' title='bbox 943 5275 1009 5332; x_wconf 90' lang='lat' dir='ltr'><strong>de</strong></span> <span class='ocrx_word' id='word_1_474' title='bbox 1034 5277 1358 5348; x_wconf 86' lang='lat' dir='ltr'><strong>Baptismate</strong></span> <span class='ocrx_word' id='word_1_475' title='bbox 1396 5283 1736 5350; x_wconf 83' lang='lat' dir='ltr'><strong>parvulorum</strong></span> <span class='ocrx_word' id='word_1_476' title='bbox 1761 5325 1779 5352; x_wconf 90' lang='lat'><strong>,</strong></span> 
     </span>
    </p>
   </div>
   <div class='ocr_carea' id='block_1_56' title="bbox 212 5360 1782 5438">
    <p class='ocr_par' dir='ltr' id='par_1_56' title="bbox 212 5360 1782 5438">
     <span class='ocr_line' id='line_1_56' title="bbox 212 5360 1782 5438; baseline 0.009 -22"><span class='ocrx_word' id='word_1_477' title='bbox 212 5360 294 5415; x_wconf 80' lang='lat' dir='ltr'><strong>ted</strong></span> <span class='ocrx_word' id='word_1_478' title='bbox 312 5363 376 5418; x_wconf 87' lang='lat' dir='ltr'><strong>de</strong></span> <span class='ocrx_word' id='word_1_479' title='bbox 410 5365 685 5435; x_wconf 78' lang='lat' dir='ltr'><strong>adjutorio</strong></span> <span class='ocrx_word' id='word_1_480' title='bbox 720 5367 906 5436; x_wconf 69' lang='lat' dir='ltr'><strong>gratia:</strong></span> <span class='ocrx_word' id='word_1_481' title='bbox 936 5369 1143 5438; x_wconf 86' lang='lat' dir='ltr'><strong>potius,</strong></span> <span class='ocrx_word' id='word_1_482' title='bbox 1169 5371 1329 5426; x_wconf 88' lang='lat' dir='ltr'><strong>etiam</strong></span> <span class='ocrx_word' id='word_1_483' title='bbox 1363 5376 1414 5427; x_wconf 91' lang='lat' dir='ltr'><strong>in</strong></span> <span class='ocrx_word' id='word_1_484' title='bbox 1451 5372 1635 5428; x_wconf 87' lang='lat' dir='ltr'><strong>libello</strong></span> <span class='ocrx_word' id='word_1_485' title='bbox 1658 5373 1782 5432; x_wconf 87' lang='lat' dir='ltr'><strong>ﬁdei</strong></span> 
     </span>
    </p>
   </div>
   <div class='ocr_carea' id='block_1_57' title="bbox 260 5477 1782 5554">
    <p class='ocr_par' dir='ltr' id='par_1_57' title="bbox 260 5477 1782 5554">
     <span class='ocr_line' id='line_1_57' title="bbox 260 5477 1782 5554; baseline 0.009 -28"><span class='ocrx_word' id='word_1_486' title='bbox 260 5477 340 5554; x_wconf 52' lang='lat' dir='ltr'><strong>{in</strong></span> <span class='ocrx_word' id='word_1_487' title='bbox 353 5485 480 5554; x_wconf 36' lang='grc' dir='ltr'><strong>ηεξ..)</strong></span> <span class='ocrx_word' id='word_1_488' title='bbox 494 5492 672 5554; x_wconf 64' lang='grc' dir='ltr'><strong>νει-ιω</strong></span> <span class='ocrx_word' id='word_1_489' title='bbox 694 5480 847 5531; x_wconf 64' lang='lat' dir='ltr'><strong>etiam:</strong></span> <span class='ocrx_word' id='word_1_490' title='bbox 867 5480 1113 5545; x_wconf 80' lang='lat' dir='ltr'><strong>patiamini</strong></span> <span class='ocrx_word' id='word_1_491' title='bbox 1129 5498 1218 5550; x_wconf 86' lang='lat' dir='ltr'><strong>pro</strong></span> <span class='ocrx_word' id='word_1_492' title='bbox 1238 5499 1324 5549; x_wconf 86' lang='lat' dir='ltr'><strong>eo;</strong></span> <span class='ocrx_word' id='word_1_493' title='bbox 1342 5489 1541 5552; x_wconf 90' lang='lat' dir='ltr'><strong>omisso,</strong></span> <span class='ocrx_word' id='word_1_494' title='bbox 1554 5495 1638 5552; x_wconf 88' lang='lat' dir='ltr'><strong>ut;</strong></span> <span class='ocrx_word' id='word_1_495' title='bbox 1653 5490 1782 5553; x_wconf 89' lang='lat' dir='ltr'><strong>quod</strong></span> 
     </span>
    </p>
   </div>
   <div class='ocr_carea' id='block_1_58' title="bbox 199 5548 831 5606">
    <p class='ocr_par' dir='ltr' id='par_1_58' title="bbox 199 5548 831 5606">
     <span class='ocr_line' id='line_1_58' title="bbox 199 5548 831 5606; baseline 0.003 -18"><span class='ocrx_word' id='word_1_496' title='bbox 199 5548 282 5606; x_wconf 65' lang='lat' dir='ltr'><strong>nec</strong></span> <span class='ocrx_word' id='word_1_497' title='bbox 298 5548 536 5604; x_wconf 88' lang='lat' dir='ltr'><strong>repetitur</strong></span> <span class='ocrx_word' id='word_1_498' title='bbox 560 5548 615 5592; x_wconf 87' lang='lat' dir='ltr'><strong>in</strong></span> <span class='ocrx_word' id='word_1_499' title='bbox 638 5556 831 5606; x_wconf 59' lang='lat' dir='ltr'><strong>graec.</strong></span> 
     </span>
    </p>
   </div>
   <div class='ocr_carea' id='block_1_59' title="bbox 251 5599 913 5662">
    <p class='ocr_par' dir='ltr' id='par_1_59' title="bbox 251 5599 913 5662">
     <span class='ocr_line' id='line_1_59' title="bbox 251 5599 913 5662; baseline 0.006 -14"><span class='ocrx_word' id='word_1_500' title='bbox 251 5599 271 5632; x_wconf 76' lang='grc'>⁸</span> <span class='ocrx_word' id='word_1_501' title='bbox 291 5599 384 5652; x_wconf 72' lang='lat' dir='ltr'><strong>itm.</strong></span> <span class='ocrx_word' id='word_1_502' title='bbox 410 5611 484 5654; x_wconf 66' lang='lat' dir='ltr'><strong>Fx.</strong></span> <span class='ocrx_word' id='word_1_503' title='bbox 511 5611 568 5653; x_wconf 87' lang='lat' dir='ltr'><strong>et</strong></span> <span class='ocrx_word' id='word_1_504' title='bbox 595 5599 734 5662; x_wconf 49' lang='lat' dir='ltr'><strong>stis”</strong></span> <span class='ocrx_word' id='word_1_505' title='bbox 759 5602 913 5654; x_wconf 68' lang='lat' dir='ltr'><strong>nobis.</strong></span> 
     </span>
    </p>
   </div>
   <div class='ocr_carea' id='block_1_60' title="bbox 245 5663 662 5724">
    <p class='ocr_par' dir='ltr' id='par_1_60' title="bbox 245 5663 662 5724">
     <span class='ocr_line' id='line_1_60' title="bbox 245 5663 662 5724; baseline 0.007 -13"><span class='ocrx_word' id='word_1_506' title='bbox 245 5663 431 5724; x_wconf 51' lang='lat' dir='ltr'><strong>&quot;orte,</strong></span> <span class='ocrx_word' id='word_1_507' title='bbox 456 5666 662 5716; x_wconf 72' lang='lat' dir='ltr'><strong>credat.</strong></span> 
     </span>
    </p>
   </div>
   <div class='ocr_carea' id='block_1_61' title="bbox 238 5723 1296 5811">
    <p class='ocr_par' dir='ltr' id='par_1_61' title="bbox 238 5723 1296 5811">
     <span class='ocr_line' id='line_1_61' title="bbox 238 5723 1296 5811; baseline 0.009 -34"><span class='ocrx_word' id='word_1_508' title='bbox 238 5723 306 5792; x_wconf 79' lang='grc' dir='ltr'><strong>(α)</strong></span> <span class='ocrx_word' id='word_1_509' title='bbox 337 5723 654 5780; x_wconf 76' lang='lat' dir='ltr'><strong>Exhibemus</strong></span> <span class='ocrx_word' id='word_1_510' title='bbox 674 5725 829 5790; x_wconf 74' lang='lat' dir='ltr'><strong>inira,</strong></span> <span class='ocrx_word' id='word_1_511' title='bbox 853 5730 1073 5811; x_wconf 59' lang='lat' dir='ltr'><strong>Append.</strong></span> <span class='ocrx_word' id='word_1_512' title='bbox 1088 5741 1225 5795; x_wconf 85' lang='lat' dir='ltr'><strong>parte</strong></span> <span class='ocrx_word' id='word_1_513' title='bbox 1248 5731 1296 5785; x_wconf 73' lang='lat'><strong>2.</strong></span> 
     </span>
    </p>
   </div>
   <div class='ocr_carea' id='block_1_62' title="bbox 1912 411 3498 489">
    <p class='ocr_par' dir='ltr' id='par_1_62' title="bbox 1912 411 3498 489">
     <span class='ocr_line' id='line_1_62' title="bbox 1912 411 3498 489; baseline 0.011 -27"><span class='ocrx_word' id='word_1_514' title='bbox 1912 423 2044 474; x_wconf 69' lang='lat' dir='ltr'><strong>sum,</strong></span> <span class='ocrx_word' id='word_1_515' title='bbox 2075 425 2233 479; x_wconf 89' lang='lat' dir='ltr'><strong>quem</strong></span> <span class='ocrx_word' id='word_1_516' title='bbox 2262 411 2485 468; x_wconf 80' lang='lat' dir='ltr'><strong>Romam</strong></span> <span class='ocrx_word' id='word_1_517' title='bbox 2515 413 2691 482; x_wconf 83' lang='lat' dir='ltr'><strong>misit,</strong></span> <span class='ocrx_word' id='word_1_518' title='bbox 2722 414 2847 486; x_wconf 88' lang='lat' dir='ltr'><strong>quid</strong></span> <span class='ocrx_word' id='word_1_519' title='bbox 2869 415 3113 489; x_wconf 80' lang='lat' dir='ltr'><strong>Pelagius</strong></span> <span class='ocrx_word' id='word_1_520' title='bbox 3151 423 3379 478; x_wconf 80' lang='lat' dir='ltr'><strong>Senserit</strong></span> <span class='ocrx_word' id='word_1_521' title='bbox 3413 434 3498 480; x_wconf 82' lang='lat' dir='ltr'><strong>at-</strong></span> 
     </span>
    </p>
   </div>
   <div class='ocr_carea' id='block_1_63' title="bbox 1909 498 3495 578">
    <p class='ocr_par' dir='ltr' id='par_1_63' title="bbox 1909 498 3495 578">
     <span class='ocr_line' id='line_1_63' title="bbox 1909 498 3495 578; baseline 0.012 -26"><span class='ocrx_word' id='word_1_522' title='bbox 1909 498 2210 556; x_wconf 90' lang='lat' dir='ltr'><strong>tendamus.</strong></span> <span class='ocrx_word' id='word_1_523' title='bbox 2257 519 2277 555; x_wconf 83' lang='grc' dir='ltr'><strong>ι</strong></span> <span class='ocrx_word' id='word_1_524' title='bbox 2306 502 2586 572; x_wconf 88' lang='lat' dir='ltr'><strong>Liberum,</strong></span> <span class='ocrx_word' id='word_1_525' title='bbox 2618 524 2638 559; x_wconf 85' lang='lat' dir='ltr'><strong>s</strong></span> <span class='ocrx_word' id='word_1_526' title='bbox 2673 507 2838 578; x_wconf 86' lang='lat' dir='ltr'><strong>inquit</strong></span> <span class='ocrx_word' id='word_1_527' title='bbox 2863 549 2880 578; x_wconf 93' lang='lat'><strong>,</strong></span> <span class='ocrx_word' id='word_1_528' title='bbox 2915 528 2935 562; x_wconf 83' lang='grc' dir='ltr'><strong>ι</strong></span> <span class='ocrx_word' id='word_1_529' title='bbox 2969 511 3045 566; x_wconf 92' lang='lat' dir='ltr'><strong>sic</strong></span> <span class='ocrx_word' id='word_1_530' title='bbox 3073 512 3389 570; x_wconf 85' lang='lat' dir='ltr'><strong>conﬁtemur</strong></span> <span class='ocrx_word' id='word_1_531' title='bbox 3407 531 3495 571; x_wconf 82' lang='lat' dir='ltr'><strong>ar-</strong></span> 
     </span>
    </p>
   </div>
   <div class='ocr_carea' id='block_1_64' title="bbox 1906 590 3492 676">
    <p class='ocr_par' dir='ltr' id='par_1_64' title="bbox 1906 590 3492 676">
     <span class='ocr_line' id='line_1_64' title="bbox 1906 590 3492 676; baseline 0.012 -32"><span class='ocrx_word' id='word_1_532' title='bbox 1906 590 2122 647; x_wconf 90' lang='lat' dir='ltr'><strong>bitrium</strong></span> <span class='ocrx_word' id='word_1_533' title='bbox 2145 635 2159 659; x_wconf 91' lang='lat'><strong>,</strong></span> <span class='ocrx_word' id='word_1_534' title='bbox 2189 602 2248 649; x_wconf 92' lang='lat' dir='ltr'><strong>ut</strong></span> <span class='ocrx_word' id='word_1_535' title='bbox 2283 595 2524 652; x_wconf 89' lang='lat' dir='ltr'><strong>dicamus</strong></span> <span class='ocrx_word' id='word_1_536' title='bbox 2563 613 2662 654; x_wconf 89' lang='lat' dir='ltr'><strong>nos</strong></span> <span class='ocrx_word' id='word_1_537' title='bbox 2699 600 2938 676; x_wconf 86' lang='lat' dir='ltr'><strong>indigere</strong></span> <span class='ocrx_word' id='word_1_538' title='bbox 2977 603 3068 658; x_wconf 91' lang='lat' dir='ltr'><strong>Dei</strong></span> <span class='ocrx_word' id='word_1_539' title='bbox 3101 620 3315 676; x_wconf 88' lang='lat' dir='ltr'><strong>semper</strong></span> <span class='ocrx_word' id='word_1_540' title='bbox 3341 607 3492 662; x_wconf 88' lang='lat' dir='ltr'><strong>anxi-</strong></span> 
     </span>
    </p>
   </div>
   <div class='ocr_carea' id='block_1_65' title="bbox 1906 682 3490 769">
    <p class='ocr_par' dir='ltr' id='par_1_65' title="bbox 1906 682 3490 769">
     <span class='ocr_line' id='line_1_65' title="bbox 1906 682 3490 769; baseline 0.013 -33"><span class='ocrx_word' id='word_1_541' title='bbox 1906 682 1998 737; x_wconf 88' lang='lat' dir='ltr'><strong>lio.</strong></span> <span class='ocrx_word' id='word_1_542' title='bbox 2029 701 2049 736; x_wconf 76' lang='grc' dir='ltr'><strong>ι</strong></span> <span class='ocrx_word' id='word_1_543' title='bbox 2084 684 2222 740; x_wconf 84' lang='lat' dir='ltr'><strong>Ecce</strong></span> <span class='ocrx_word' id='word_1_544' title='bbox 2247 687 2436 742; x_wconf 89' lang='lat' dir='ltr'><strong>iterum</strong></span> <span class='ocrx_word' id='word_1_545' title='bbox 2455 691 2761 760; x_wconf 66' lang='lat' dir='ltr'><strong>quaarimus,</strong></span> <span class='ocrx_word' id='word_1_546' title='bbox 2786 709 2891 763; x_wconf 90' lang='lat' dir='ltr'><strong>quo</strong></span> <span class='ocrx_word' id='word_1_547' title='bbox 2907 697 3103 750; x_wconf 79' lang='lat' dir='ltr'><strong>auxilio</strong></span> <span class='ocrx_word' id='word_1_548' title='bbox 3128 712 3226 752; x_wconf 91' lang='lat' dir='ltr'><strong>nos</strong></span> <span class='ocrx_word' id='word_1_549' title='bbox 3250 698 3490 769; x_wconf 84' lang='lat' dir='ltr'><strong>indigere</strong></span> 
     </span>
    </p>
   </div>
   <div class='ocr_carea' id='block_1_66' title="bbox 1902 771 3488 858">
    <p class='ocr_par' dir='ltr' id='par_1_66' title="bbox 1902 771 3488 858">
     <span class='ocr_line' id='line_1_66' title="bbox 1902 771 3488 858; baseline 0.011 -31"><span class='ocrx_word' id='word_1_550' title='bbox 1902 771 2134 830; x_wconf 83' lang='lat' dir='ltr'><strong>fateatur</strong></span> <span class='ocrx_word' id='word_1_551' title='bbox 2162 793 2178 832; x_wconf 88' lang='lat'><strong>:</strong></span> <span class='ocrx_word' id='word_1_552' title='bbox 2203 786 2259 832; x_wconf 87' lang='lat' dir='ltr'><strong>et</strong></span> <span class='ocrx_word' id='word_1_553' title='bbox 2299 780 2488 834; x_wconf 90' lang='lat' dir='ltr'><strong>iterum</strong></span> <span class='ocrx_word' id='word_1_554' title='bbox 2528 780 2827 838; x_wconf 87' lang='lat' dir='ltr'><strong>invenimus</strong></span> <span class='ocrx_word' id='word_1_555' title='bbox 2865 785 3203 858; x_wconf 82' lang='lat' dir='ltr'><strong>ambiguum,</strong></span> <span class='ocrx_word' id='word_1_556' title='bbox 3237 790 3488 858; x_wconf 87' lang='lat' dir='ltr'><strong>quoniam</strong></span> 
     </span>
    </p>
   </div>
   <div class='ocr_carea' id='block_1_67' title="bbox 1904 870 3488 943">
    <p class='ocr_par' dir='ltr' id='par_1_67' title="bbox 1904 870 3488 943">
     <span class='ocr_line' id='line_1_67' title="bbox 1904 870 3488 943; baseline 0.013 -25"><span class='ocrx_word' id='word_1_557' title='bbox 1904 875 2079 934; x_wconf 87' lang='lat' dir='ltr'><strong>potest</strong></span> <span class='ocrx_word' id='word_1_558' title='bbox 2106 870 2456 939; x_wconf 85' lang='lat' dir='ltr'><strong>respondere,</strong></span> <span class='ocrx_word' id='word_1_559' title='bbox 2485 873 2658 943; x_wconf 88' lang='lat' dir='ltr'><strong>legem</strong></span> <span class='ocrx_word' id='word_1_560' title='bbox 2681 890 2740 929; x_wconf 90' lang='lat' dir='ltr'><strong>se</strong></span> <span class='ocrx_word' id='word_1_561' title='bbox 2763 875 2938 932; x_wconf 89' lang='lat' dir='ltr'><strong>dicere</strong></span> <span class='ocrx_word' id='word_1_562' title='bbox 2958 879 3319 937; x_wconf 85' lang='lat' dir='ltr'><strong>doctrinamve</strong></span> <span class='ocrx_word' id='word_1_563' title='bbox 3338 881 3488 937; x_wconf 61' lang='lat' dir='ltr'><strong>chrio&#39;</strong></span> 
     </span>
    </p>
   </div>
   <div class='ocr_carea' id='block_1_68' title="bbox 1902 957 3483 1042">
    <p class='ocr_par' dir='ltr' id='par_1_68' title="bbox 1902 957 3483 1042">
     <span class='ocr_line' id='line_1_68' title="bbox 1902 957 3483 1042; baseline 0.011 -30"><span class='ocrx_word' id='word_1_564' title='bbox 1902 957 2150 1026; x_wconf 88' lang='lat' dir='ltr'><strong>stianam,</strong></span> <span class='ocrx_word' id='word_1_565' title='bbox 2184 977 2286 1030; x_wconf 86' lang='lat' dir='ltr'><strong>qua</strong></span> <span class='ocrx_word' id='word_1_566' title='bbox 2317 965 2572 1018; x_wconf 89' lang='lat' dir='ltr'><strong>naturalis</strong></span> <span class='ocrx_word' id='word_1_567' title='bbox 2601 965 2686 1020; x_wconf 92' lang='lat' dir='ltr'><strong>illa</strong></span> <span class='ocrx_word' id='word_1_568' title='bbox 2710 968 3029 1036; x_wconf 89' lang='lat' dir='ltr'><strong>possibilitas</strong></span> <span class='ocrx_word' id='word_1_569' title='bbox 3045 972 3346 1042; x_wconf 86' lang='lat' dir='ltr'><strong>adjuvetur.</strong></span> <span class='ocrx_word' id='word_1_570' title='bbox 3373 973 3483 1030; x_wconf 87' lang='lat' dir='ltr'><strong>Nos</strong></span> 
     </span>
    </p>
   </div>
   <div class='ocr_carea' id='block_1_69' title="bbox 1899 1055 3488 1138">
    <p class='ocr_par' dir='ltr' id='par_1_69' title="bbox 1899 1055 3488 1138">
     <span class='ocr_line' id='line_1_69' title="bbox 1899 1055 3488 1138; baseline 0.011 -33"><span class='ocrx_word' id='word_1_571' title='bbox 1899 1063 2077 1108; x_wconf 84' lang='lat' dir='ltr'><strong>autem</strong></span> <span class='ocrx_word' id='word_1_572' title='bbox 2113 1055 2257 1110; x_wconf 89' lang='lat' dir='ltr'><strong>illam</strong></span> <span class='ocrx_word' id='word_1_573' title='bbox 2293 1057 2515 1127; x_wconf 88' lang='lat' dir='ltr'><strong>gratiam</strong></span> <span class='ocrx_word' id='word_1_574' title='bbox 2555 1059 2607 1112; x_wconf 92' lang='lat' dir='ltr'><strong>in</strong></span> <span class='ocrx_word' id='word_1_575' title='bbox 2649 1074 2835 1115; x_wconf 89' lang='lat' dir='ltr'><strong>eorum</strong></span> <span class='ocrx_word' id='word_1_576' title='bbox 2877 1063 3214 1121; x_wconf 84' lang='lat' dir='ltr'><strong>confessione</strong></span> <span class='ocrx_word' id='word_1_577' title='bbox 3258 1067 3488 1138; x_wconf 81' lang='lat' dir='ltr'><strong>requiri-</strong></span> 
     </span>
    </p>
   </div>
   <div class='ocr_carea' id='block_1_70' title="bbox 1901 1146 3485 1220">
    <p class='ocr_par' dir='ltr' id='par_1_70' title="bbox 1901 1146 3485 1220">
     <span class='ocr_line' id='line_1_70' title="bbox 1901 1146 3485 1220; baseline 0.008 -22"><span class='ocrx_word' id='word_1_578' title='bbox 1901 1159 2021 1201; x_wconf 88' lang='lat' dir='ltr'><strong>mus</strong></span> <span class='ocrx_word' id='word_1_579' title='bbox 2045 1187 2060 1210; x_wconf 90' lang='lat'><strong>,</strong></span> <span class='ocrx_word' id='word_1_580' title='bbox 2085 1146 2152 1202; x_wconf 91' lang='lat' dir='ltr'><strong>de</strong></span> <span class='ocrx_word' id='word_1_581' title='bbox 2185 1163 2287 1218; x_wconf 90' lang='lat' dir='ltr'><strong>qua</strong></span> <span class='ocrx_word' id='word_1_582' title='bbox 2323 1148 2453 1204; x_wconf 88' lang='lat' dir='ltr'><strong>dicit</strong></span> <span class='ocrx_word' id='word_1_583' title='bbox 2483 1150 2772 1220; x_wconf 82' lang='lat' dir='ltr'><strong>Apostolus</strong></span> <span class='ocrx_word' id='word_1_584' title='bbox 2795 1194 2811 1218; x_wconf 91' lang='lat'><strong>,</strong></span> <span class='ocrx_word' id='word_1_585' title='bbox 2846 1150 2967 1206; x_wconf 83' lang='lat' dir='ltr'><strong>Non</strong></span> <span class='ocrx_word' id='word_1_586' title='bbox 3012 1155 3142 1207; x_wconf 83' lang='lat' dir='ltr'><strong>enim</strong></span> <span class='ocrx_word' id='word_1_587' title='bbox 3169 1155 3307 1210; x_wconf 83' lang='lat' dir='ltr'><strong>dedit</strong></span> <span class='ocrx_word' id='word_1_588' title='bbox 3341 1156 3485 1211; x_wconf 75' lang='lat' dir='ltr'><strong>nobis</strong></span> 
     </span>
    </p>
   </div>
   <div class='ocr_carea' id='block_1_71' title="bbox 1900 1236 3484 1308">
    <p class='ocr_par' dir='ltr' id='par_1_71' title="bbox 1900 1236 3484 1308">
     <span class='ocr_line' id='line_1_71' title="bbox 1900 1236 3484 1308; baseline 0.008 -18"><span class='ocrx_word' id='word_1_589' title='bbox 1900 1236 2042 1291; x_wconf 81' lang='lat' dir='ltr'><strong>Deus</strong></span> <span class='ocrx_word' id='word_1_590' title='bbox 2061 1238 2292 1308; x_wconf 77' lang='lat' dir='ltr'><strong>spiritum</strong></span> <span class='ocrx_word' id='word_1_591' title='bbox 2316 1241 2510 1295; x_wconf 86' lang='lat' dir='ltr'><strong>timoris</strong></span> <span class='ocrx_word' id='word_1_592' title='bbox 2529 1281 2544 1303; x_wconf 91' lang='lat'><strong>,</strong></span> <span class='ocrx_word' id='word_1_593' title='bbox 2573 1243 2662 1297; x_wconf 86' lang='lat' dir='ltr'><strong>sed</strong></span> <span class='ocrx_word' id='word_1_594' title='bbox 2689 1243 2888 1297; x_wconf 73' lang='lat' dir='ltr'><strong>uirtutis</strong></span> <span class='ocrx_word' id='word_1_595' title='bbox 2917 1253 2963 1297; x_wconf 81' lang='lat' dir='ltr'><strong>et</strong></span> <span class='ocrx_word' id='word_1_596' title='bbox 2991 1245 3250 1301; x_wconf 77' lang='lat' dir='ltr'><strong>clraritatis</strong></span> <span class='ocrx_word' id='word_1_597' title='bbox 3279 1256 3324 1301; x_wconf 85' lang='lat' dir='ltr'><strong>et</strong></span> <span class='ocrx_word' id='word_1_598' title='bbox 3358 1265 3484 1302; x_wconf 86' lang='lat' dir='ltr'><strong>con-</strong></span> 
     </span>
    </p>
   </div>
   <div class='ocr_carea' id='block_1_72' title="bbox 1899 1327 3486 1406">
    <p class='ocr_par' dir='ltr' id='par_1_72' title="bbox 1899 1327 3486 1406">
     <span class='ocr_line' id='line_1_72' title="bbox 1899 1327 3486 1406; baseline 0.008 -25"><span class='ocrx_word' id='word_1_599' title='bbox 1899 1327 2124 1382; x_wconf 74' lang='lat' dir='ltr'><strong>tinentia:</strong></span> <span class='ocrx_word' id='word_1_600' title='bbox 2153 1329 2217 1399; x_wconf 91' lang='lat' dir='ltr'><strong>(II</strong></span> <span class='ocrx_word' id='word_1_601' title='bbox 2251 1328 2382 1384; x_wconf 87' lang='lat' dir='ltr'><strong>Tim.</strong></span> <span class='ocrx_word' id='word_1_602' title='bbox 2413 1347 2451 1398; x_wconf 83' lang='lat' dir='ltr'><strong>i,</strong></span> <span class='ocrx_word' id='word_1_603' title='bbox 2484 1331 2562 1402; x_wconf 88' lang='grc'><strong>7).</strong></span> <span class='ocrx_word' id='word_1_604' title='bbox 2589 1331 2707 1388; x_wconf 86' lang='lat' dir='ltr'><strong>Non</strong></span> <span class='ocrx_word' id='word_1_605' title='bbox 2738 1342 2822 1389; x_wconf 88' lang='lat' dir='ltr'><strong>est</strong></span> <span class='ocrx_word' id='word_1_606' title='bbox 2854 1343 3029 1389; x_wconf 89' lang='lat' dir='ltr'><strong>autem</strong></span> <span class='ocrx_word' id='word_1_607' title='bbox 3064 1349 3399 1406; x_wconf 89' lang='lat' dir='ltr'><strong>consequens</strong></span> <span class='ocrx_word' id='word_1_608' title='bbox 3425 1348 3486 1394; x_wconf 92' lang='lat' dir='ltr'><strong>ut</strong></span> 
     </span>
    </p>
   </div>
   <div class='ocr_carea' id='block_1_73' title="bbox 1896 1418 3482 1498">
    <p class='ocr_par' dir='ltr' id='par_1_73' title="bbox 1896 1418 3482 1498">
     <span class='ocr_line' id='line_1_73' title="bbox 1896 1418 3482 1498; baseline 0.009 -28"><span class='ocrx_word' id='word_1_609' title='bbox 1896 1418 1987 1488; x_wconf 88' lang='lat' dir='ltr'><strong>qui</strong></span> <span class='ocrx_word' id='word_1_610' title='bbox 2030 1419 2185 1475; x_wconf 86' lang='lat' dir='ltr'><strong>habet</strong></span> <span class='ocrx_word' id='word_1_611' title='bbox 2218 1418 2416 1475; x_wconf 89' lang='lat' dir='ltr'><strong>donum</strong></span> <span class='ocrx_word' id='word_1_612' title='bbox 2459 1422 2730 1487; x_wconf 68' lang='lat' dir='ltr'><strong>scientiae,</strong></span> <span class='ocrx_word' id='word_1_613' title='bbox 2767 1438 2874 1493; x_wconf 90' lang='lat' dir='ltr'><strong>quo</strong></span> <span class='ocrx_word' id='word_1_614' title='bbox 2912 1425 3122 1479; x_wconf 82' lang='lat' dir='ltr'><strong>noverit</strong></span> <span class='ocrx_word' id='word_1_615' title='bbox 3159 1424 3285 1496; x_wconf 89' lang='lat' dir='ltr'><strong>quid</strong></span> <span class='ocrx_word' id='word_1_616' title='bbox 3324 1442 3482 1498; x_wconf 87' lang='lat' dir='ltr'><strong>agere</strong></span> 
     </span>
    </p>
   </div>
   <div class='ocr_carea' id='block_1_74' title="bbox 1897 1505 3091 1586">
    <p class='ocr_par' dir='ltr' id='par_1_74' title="bbox 1897 1505 3091 1586">
     <span class='ocr_line' id='line_1_74' title="bbox 1897 1505 3091 1586; baseline 0.006 -25"><span class='ocrx_word' id='word_1_617' title='bbox 1897 1505 2111 1573; x_wconf 84' lang='lat' dir='ltr'><strong>debeat,</strong></span> <span class='ocrx_word' id='word_1_618' title='bbox 2139 1508 2329 1564; x_wconf 90' lang='lat' dir='ltr'><strong>habeat</strong></span> <span class='ocrx_word' id='word_1_619' title='bbox 2353 1511 2512 1565; x_wconf 90' lang='lat' dir='ltr'><strong>etiam</strong></span> <span class='ocrx_word' id='word_1_620' title='bbox 2541 1510 2834 1577; x_wconf 85' lang='lat' dir='ltr'><strong>cbaritatis,</strong></span> <span class='ocrx_word' id='word_1_621' title='bbox 2863 1523 2920 1568; x_wconf 91' lang='lat' dir='ltr'><strong>ut</strong></span> <span class='ocrx_word' id='word_1_622' title='bbox 2947 1523 3091 1586; x_wconf 90' lang='lat' dir='ltr'><strong>agat.</strong></span> 
     </span>
    </p>
   </div>
   <div class='ocr_carea' id='block_1_75' title="bbox 1965 1597 3482 1676">
    <p class='ocr_par' dir='ltr' id='par_1_75' title="bbox 1965 1597 3482 1676">
     <span class='ocr_line' id='line_1_75' title="bbox 1965 1597 3482 1676; baseline 0.006 -21"><span class='ocrx_word' id='word_1_623' title='bbox 1965 1597 2192 1656; x_wconf 83' lang='lat' dir='ltr'><strong>CAPUT</strong></span> <span class='ocrx_word' id='word_1_624' title='bbox 2218 1600 2456 1657; x_wconf 79' lang='lat' dir='ltr'><strong>XXXIV.</strong></span> <span class='ocrx_word' id='word_1_625' title='bbox 2479 1633 2553 1644; x_wconf 96' lang='lat'><strong><em>—</em></strong></span> <span class='ocrx_word' id='word_1_626' title='bbox 2577 1603 2664 1658; x_wconf 81' lang='grc'><strong>57.</strong></span> <span class='ocrx_word' id='word_1_627' title='bbox 2699 1604 2822 1659; x_wconf 88' lang='lat' dir='ltr'><strong>Illos</strong></span> <span class='ocrx_word' id='word_1_628' title='bbox 2842 1605 3022 1671; x_wconf 90' lang='lat' dir='ltr'><strong>etiam,</strong></span> <span class='ocrx_word' id='word_1_629' title='bbox 3049 1620 3183 1676; x_wconf 87' lang='lat' dir='ltr'><strong>quos</strong></span> <span class='ocrx_word' id='word_1_630' title='bbox 3208 1607 3259 1661; x_wconf 94' lang='lat' dir='ltr'><strong>in</strong></span> <span class='ocrx_word' id='word_1_631' title='bbox 3279 1606 3482 1664; x_wconf 87' lang='lat' dir='ltr'><strong>eisdem</strong></span> 
     </span>
    </p>
   </div>
   <div class='ocr_carea' id='block_1_76' title="bbox 1895 1690 3482 1769">
    <p class='ocr_par' dir='ltr' id='par_1_76' title="bbox 1895 1690 3482 1769">
     <span class='ocr_line' id='line_1_76' title="bbox 1895 1690 3482 1769; baseline 0.006 -24"><span class='ocrx_word' id='word_1_632' title='bbox 1895 1690 2087 1746; x_wconf 89' lang='lat' dir='ltr'><strong>litteris</strong></span> <span class='ocrx_word' id='word_1_633' title='bbox 2108 1733 2122 1757; x_wconf 95' lang='lat'><strong>,</strong></span> <span class='ocrx_word' id='word_1_634' title='bbox 2149 1707 2280 1763; x_wconf 85' lang='lat' dir='ltr'><strong>quas</strong></span> <span class='ocrx_word' id='word_1_635' title='bbox 2309 1695 2452 1748; x_wconf 84' lang='lat' dir='ltr'><strong>misit</strong></span> <span class='ocrx_word' id='word_1_636' title='bbox 2485 1693 2552 1749; x_wconf 92' lang='lat' dir='ltr'><strong>ad</strong></span> <span class='ocrx_word' id='word_1_637' title='bbox 2575 1704 2772 1750; x_wconf 73' lang='lat' dir='ltr'><strong>sancta:</strong></span> <span class='ocrx_word' id='word_1_638' title='bbox 2803 1698 3073 1752; x_wconf 69' lang='lat' dir='ltr'><strong>memoria:</strong></span> <span class='ocrx_word' id='word_1_639' title='bbox 3103 1712 3292 1769; x_wconf 84' lang='lat' dir='ltr'><strong>papam</strong></span> <span class='ocrx_word' id='word_1_640' title='bbox 3325 1699 3482 1754; x_wconf 84' lang='lat' dir='ltr'><strong>luno-</strong></span> 
     </span>
    </p>
   </div>
   <div class='ocr_carea' id='block_1_77' title="bbox 1893 1783 3466 1862">
    <p class='ocr_par' dir='ltr' id='par_1_77' title="bbox 1893 1783 3466 1862">
     <span class='ocr_line' id='line_1_77' title="bbox 1893 1783 3466 1862; baseline 0.007 -26"><span class='ocrx_word' id='word_1_641' title='bbox 1893 1783 2125 1838; x_wconf 89' lang='lat' dir='ltr'><strong>centium</strong></span> <span class='ocrx_word' id='word_1_642' title='bbox 2151 1826 2166 1849; x_wconf 92' lang='lat'><strong>,</strong></span> <span class='ocrx_word' id='word_1_643' title='bbox 2197 1784 2362 1840; x_wconf 85' lang='lat' dir='ltr'><strong>libros</strong></span> <span class='ocrx_word' id='word_1_644' title='bbox 2399 1801 2527 1840; x_wconf 89' lang='lat' dir='ltr'><strong>suos</strong></span> <span class='ocrx_word' id='word_1_645' title='bbox 2555 1786 2637 1841; x_wconf 89' lang='lat' dir='ltr'><strong>vel</strong></span> <span class='ocrx_word' id='word_1_646' title='bbox 2667 1787 2864 1858; x_wconf 88' lang='lat' dir='ltr'><strong>scripta</strong></span> <span class='ocrx_word' id='word_1_647' title='bbox 2889 1799 3310 1856; x_wconf 90' lang='lat' dir='ltr'><strong>commemorat,</strong></span> <span class='ocrx_word' id='word_1_648' title='bbox 3341 1791 3466 1862; x_wconf 80' lang='lat' dir='ltr'><strong>legi,</strong></span> 
     </span>
    </p>
   </div>
   <div class='ocr_carea' id='block_1_78' title="bbox 1895 1876 3479 1948">
    <p class='ocr_par' dir='ltr' id='par_1_78' title="bbox 1895 1876 3479 1948">
     <span class='ocr_line' id='line_1_78' title="bbox 1895 1876 3479 1948; baseline 0.008 -23"><span class='ocrx_word' id='word_1_649' title='bbox 1895 1883 2090 1942; x_wconf 67' lang='lat' dir='ltr'><strong>praeter</strong></span> <span class='ocrx_word' id='word_1_650' title='bbox 2127 1890 2283 1929; x_wconf 91' lang='lat' dir='ltr'><strong>unam</strong></span> <span class='ocrx_word' id='word_1_651' title='bbox 2319 1876 2598 1946; x_wconf 87' lang='lat' dir='ltr'><strong>epistolam</strong></span> <span class='ocrx_word' id='word_1_652' title='bbox 2621 1920 2634 1942; x_wconf 92' lang='lat'><strong>,</strong></span> <span class='ocrx_word' id='word_1_653' title='bbox 2659 1893 2814 1948; x_wconf 87' lang='lat' dir='ltr'><strong>quam</strong></span> <span class='ocrx_word' id='word_1_654' title='bbox 2843 1893 2903 1934; x_wconf 91' lang='lat' dir='ltr'><strong>se</strong></span> <span class='ocrx_word' id='word_1_655' title='bbox 2931 1879 3144 1936; x_wconf 90' lang='lat' dir='ltr'><strong>brevem</strong></span> <span class='ocrx_word' id='word_1_656' title='bbox 3175 1882 3385 1938; x_wconf 87' lang='lat' dir='ltr'><strong>misisse</strong></span> <span class='ocrx_word' id='word_1_657' title='bbox 3411 1883 3479 1938; x_wconf 88' lang='lat' dir='ltr'><strong>ad</strong></span> 
     </span>
    </p>
   </div>
   <div class='ocr_carea' id='block_1_79' title="bbox 1893 1963 3478 2039">
    <p class='ocr_par' dir='ltr' id='par_1_79' title="bbox 1893 1963 3478 2039">
     <span class='ocr_line' id='line_1_79' title="bbox 1893 1963 3478 2039; baseline 0.005 -19"><span class='ocrx_word' id='word_1_658' title='bbox 1893 1975 2134 2020; x_wconf 88' lang='lat' dir='ltr'><strong>sanctum</strong></span> <span class='ocrx_word' id='word_1_659' title='bbox 2176 1963 2544 2022; x_wconf 88' lang='lat' dir='ltr'><strong>Constantium</strong></span> <span class='ocrx_word' id='word_1_660' title='bbox 2583 1970 2888 2039; x_wconf 89' lang='lat' dir='ltr'><strong>episcopum</strong></span> <span class='ocrx_word' id='word_1_661' title='bbox 2927 1969 3094 2025; x_wconf 89' lang='lat' dir='ltr'><strong>dicit:</strong></span> <span class='ocrx_word' id='word_1_662' title='bbox 3140 1986 3239 2027; x_wconf 91' lang='lat' dir='ltr'><strong>nec</strong></span> <span class='ocrx_word' id='word_1_663' title='bbox 3281 1972 3478 2028; x_wconf 90' lang='lat' dir='ltr'><strong>alicubi</strong></span> 
     </span>
    </p>
   </div>
   <div class='ocr_carea' id='block_1_80' title="bbox 1895 2057 3478 2135">
    <p class='ocr_par' dir='ltr' id='par_1_80' title="bbox 1895 2057 3478 2135">
     <span class='ocr_line' id='line_1_80' title="bbox 1895 2057 3478 2135; baseline 0.008 -27"><span class='ocrx_word' id='word_1_664' title='bbox 1895 2057 2040 2127; x_wconf 87' lang='lat' dir='ltr'><strong>potui</strong></span> <span class='ocrx_word' id='word_1_665' title='bbox 2071 2057 2303 2127; x_wconf 89' lang='lat' dir='ltr'><strong>reperire</strong></span> <span class='ocrx_word' id='word_1_666' title='bbox 2322 2099 2336 2122; x_wconf 93' lang='lat'><strong>,</strong></span> <span class='ocrx_word' id='word_1_667' title='bbox 2371 2058 2507 2114; x_wconf 90' lang='lat' dir='ltr'><strong>hanc</strong></span> <span class='ocrx_word' id='word_1_668' title='bbox 2533 2074 2654 2114; x_wconf 90' lang='lat' dir='ltr'><strong>cum</strong></span> <span class='ocrx_word' id='word_1_669' title='bbox 2684 2061 2905 2130; x_wconf 86' lang='lat' dir='ltr'><strong>gratiam</strong></span> <span class='ocrx_word' id='word_1_670' title='bbox 2933 2062 3209 2130; x_wconf 89' lang='lat' dir='ltr'><strong>conﬁteri,</strong></span> <span class='ocrx_word' id='word_1_671' title='bbox 3237 2078 3339 2135; x_wconf 90' lang='lat' dir='ltr'><strong>qua</strong></span> <span class='ocrx_word' id='word_1_672' title='bbox 3371 2077 3478 2120; x_wconf 90' lang='lat' dir='ltr'><strong>non</strong></span> 
     </span>
    </p>
   </div>
   <div class='ocr_carea' id='block_1_81' title="bbox 1893 2151 3474 2224">
    <p class='ocr_par' dir='ltr' id='par_1_81' title="bbox 1893 2151 3474 2224">
     <span class='ocr_line' id='line_1_81' title="bbox 1893 2151 3474 2224; baseline 0.004 -20"><span class='ocrx_word' id='word_1_673' title='bbox 1893 2151 2064 2204; x_wconf 90' lang='lat' dir='ltr'><strong>solum</strong></span> <span class='ocrx_word' id='word_1_674' title='bbox 2110 2151 2432 2218; x_wconf 87' lang='lat' dir='ltr'><strong>possibilitas</strong></span> <span class='ocrx_word' id='word_1_675' title='bbox 2470 2153 2725 2208; x_wconf 83' lang='lat' dir='ltr'><strong>naturalis</strong></span> <span class='ocrx_word' id='word_1_676' title='bbox 2773 2153 3058 2209; x_wconf 89' lang='lat' dir='ltr'><strong>voluntatis</strong></span> <span class='ocrx_word' id='word_1_677' title='bbox 3104 2163 3160 2209; x_wconf 91' lang='lat' dir='ltr'><strong>et</strong></span> <span class='ocrx_word' id='word_1_678' title='bbox 3206 2155 3474 2224; x_wconf 89' lang='lat' dir='ltr'><strong>actionis,</strong></span> 
     </span>
    </p>
   </div>
   <div class='ocr_carea' id='block_1_82' title="bbox 1893 2242 3503 2318">
    <p class='ocr_par' dir='ltr' id='par_1_82' title="bbox 1893 2242 3503 2318">
     <span class='ocr_line' id='line_1_82' title="bbox 1893 2242 3503 2318; baseline 0.005 -24"><span class='ocrx_word' id='word_1_679' title='bbox 1893 2257 2050 2311; x_wconf 91' lang='lat' dir='ltr'><strong>quam</strong></span> <span class='ocrx_word' id='word_1_680' title='bbox 2078 2242 2206 2296; x_wconf 90' lang='lat' dir='ltr'><strong>dicit</strong></span> <span class='ocrx_word' id='word_1_681' title='bbox 2229 2259 2325 2297; x_wconf 91' lang='lat' dir='ltr'><strong>nos</strong></span> <span class='ocrx_word' id='word_1_682' title='bbox 2351 2242 2547 2299; x_wconf 91' lang='lat' dir='ltr'><strong>habere</strong></span> <span class='ocrx_word' id='word_1_683' title='bbox 2583 2245 2790 2299; x_wconf 89' lang='lat' dir='ltr'><strong>etiamsi</strong></span> <span class='ocrx_word' id='word_1_684' title='bbox 2833 2261 2933 2301; x_wconf 92' lang='lat' dir='ltr'><strong>nec</strong></span> <span class='ocrx_word' id='word_1_685' title='bbox 2970 2247 3212 2301; x_wconf 89' lang='lat' dir='ltr'><strong>volumus</strong></span> <span class='ocrx_word' id='word_1_686' title='bbox 3241 2262 3338 2302; x_wconf 89' lang='lat' dir='ltr'><strong>nec</strong></span> <span class='ocrx_word' id='word_1_687' title='bbox 3366 2248 3503 2318; x_wconf 66' lang='grc' dir='ltr'><strong>τιεί-⁸</strong></span> 
     </span>
    </p>
   </div>
   <div class='ocr_carea' id='block_1_83' title="bbox 1894 2335 3478 2406">
    <p class='ocr_par' dir='ltr' id='par_1_83' title="bbox 1894 2335 3478 2406">
     <span class='ocr_line' id='line_1_83' title="bbox 1894 2335 3478 2406; baseline 0.005 -18"><span class='ocrx_word' id='word_1_688' title='bbox 1894 2349 2013 2388; x_wconf 87' lang='lat' dir='ltr'><strong>mus</strong></span> <span class='ocrx_word' id='word_1_689' title='bbox 2042 2335 2236 2390; x_wconf 83' lang='lat' dir='ltr'><strong>bonum</strong></span> <span class='ocrx_word' id='word_1_690' title='bbox 2264 2377 2277 2400; x_wconf 94' lang='lat'><strong>,</strong></span> <span class='ocrx_word' id='word_1_691' title='bbox 2309 2337 2400 2390; x_wconf 90' lang='lat' dir='ltr'><strong>sed</strong></span> <span class='ocrx_word' id='word_1_692' title='bbox 2433 2338 2542 2406; x_wconf 84' lang='lat' dir='ltr'><strong>ipsa</strong></span> <span class='ocrx_word' id='word_1_693' title='bbox 2574 2339 2732 2392; x_wconf 87' lang='lat' dir='ltr'><strong>etiam</strong></span> <span class='ocrx_word' id='word_1_694' title='bbox 2762 2338 3005 2394; x_wconf 88' lang='lat' dir='ltr'><strong>voluntas</strong></span> <span class='ocrx_word' id='word_1_695' title='bbox 3031 2349 3086 2395; x_wconf 89' lang='lat' dir='ltr'><strong>et</strong></span> <span class='ocrx_word' id='word_1_696' title='bbox 3113 2341 3252 2395; x_wconf 90' lang='lat' dir='ltr'><strong>actio</strong></span> <span class='ocrx_word' id='word_1_697' title='bbox 3277 2341 3478 2396; x_wconf 89' lang='lat' dir='ltr'><strong>submi-</strong></span> 
     </span>
    </p>
   </div>
   <div class='ocr_carea' id='block_1_84' title="bbox 1893 2425 2984 2499">
    <p class='ocr_par' dir='ltr' id='par_1_84' title="bbox 1893 2425 2984 2499">
     <span class='ocr_line' id='line_1_84' title="bbox 1893 2425 2984 2499; baseline 0.005 -20"><span class='ocrx_word' id='word_1_698' title='bbox 1893 2425 2205 2482; x_wconf 87' lang='lat' dir='ltr'><strong>nistratione</strong></span> <span class='ocrx_word' id='word_1_699' title='bbox 2235 2430 2402 2482; x_wconf 87' lang='lat' dir='ltr'><strong>sancti</strong></span> <span class='ocrx_word' id='word_1_700' title='bbox 2435 2428 2660 2499; x_wconf 81' lang='lat' dir='ltr'><strong>Spiritus</strong></span> <span class='ocrx_word' id='word_1_701' title='bbox 2685 2429 2984 2499; x_wconf 89' lang='lat' dir='ltr'><strong>adjuvatur.</strong></span> 
     </span>
    </p>
   </div>
   <div class='ocr_carea' id='block_1_85' title="bbox 1963 2516 3475 2592">
    <p class='ocr_par' dir='ltr' id='par_1_85' title="bbox 1963 2516 3475 2592">
     <span class='ocr_line' id='line_1_85' title="bbox 1963 2516 3475 2592; baseline 0.005 -20"><span class='ocrx_word' id='word_1_702' title='bbox 1963 2516 2188 2574; x_wconf 82' lang='lat' dir='ltr'><strong>CAPUT</strong></span> <span class='ocrx_word' id='word_1_703' title='bbox 2227 2518 2443 2572; x_wconf 76' lang='lat' dir='ltr'><strong>XXXV.</strong></span> <span class='ocrx_word' id='word_1_704' title='bbox 2471 2548 2544 2559; x_wconf 93' lang='lat'><strong>—</strong></span> <span class='ocrx_word' id='word_1_705' title='bbox 2569 2520 2658 2574; x_wconf 77' lang='lat'><strong>58.</strong></span> <span class='ocrx_word' id='word_1_706' title='bbox 2696 2538 2714 2571; x_wconf 75' lang='grc' dir='ltr'><strong>ι</strong></span> <span class='ocrx_word' id='word_1_707' title='bbox 2749 2521 2968 2590; x_wconf 84' lang='lat' dir='ltr'><strong>Legant,</strong></span> <span class='ocrx_word' id='word_1_708' title='bbox 3002 2539 3022 2574; x_wconf 87' lang='lat' dir='ltr'><strong>t</strong></span> <span class='ocrx_word' id='word_1_709' title='bbox 3056 2521 3241 2592; x_wconf 87' lang='lat' dir='ltr'><strong>Inqnit,</strong></span> <span class='ocrx_word' id='word_1_710' title='bbox 3277 2541 3296 2574; x_wconf 80' lang='grc' dir='ltr'><strong>ι</strong></span> <span class='ocrx_word' id='word_1_711' title='bbox 3334 2523 3475 2579; x_wconf 90' lang='lat' dir='ltr'><strong>illam</strong></span> 
     </span>
    </p>
   </div>
   <div class='ocr_carea' id='block_1_86' title="bbox 1891 2610 3475 2685">
    <p class='ocr_par' dir='ltr' id='par_1_86' title="bbox 1891 2610 3475 2685">
     <span class='ocr_line' id='line_1_86' title="bbox 1891 2610 3475 2685; baseline 0.005 -21"><span class='ocrx_word' id='word_1_712' title='bbox 1891 2610 2189 2679; x_wconf 88' lang='lat' dir='ltr'><strong>epistolam,</strong></span> <span class='ocrx_word' id='word_1_713' title='bbox 2219 2627 2374 2680; x_wconf 89' lang='lat' dir='ltr'><strong>quam</strong></span> <span class='ocrx_word' id='word_1_714' title='bbox 2405 2611 2470 2665; x_wconf 90' lang='lat' dir='ltr'><strong>ad</strong></span> <span class='ocrx_word' id='word_1_715' title='bbox 2497 2624 2737 2666; x_wconf 88' lang='lat' dir='ltr'><strong>sanctum</strong></span> <span class='ocrx_word' id='word_1_716' title='bbox 2765 2614 2936 2666; x_wconf 86' lang='lat' dir='ltr'><strong>virum</strong></span> <span class='ocrx_word' id='word_1_717' title='bbox 2966 2614 3242 2669; x_wconf 83' lang='lat' dir='ltr'><strong>Paulinum</strong></span> <span class='ocrx_word' id='word_1_718' title='bbox 3265 2616 3475 2685; x_wconf 86' lang='lat' dir='ltr'><strong>episco-</strong></span> 
     </span>
    </p>
   </div>
   <div class='ocr_carea' id='block_1_87' title="bbox 1891 2701 3476 2775">
    <p class='ocr_par' dir='ltr' id='par_1_87' title="bbox 1891 2701 3476 2775">
     <span class='ocr_line' id='line_1_87' title="bbox 1891 2701 3476 2775; baseline 0.004 -20"><span class='ocrx_word' id='word_1_719' title='bbox 1891 2717 2016 2772; x_wconf 88' lang='lat' dir='ltr'><strong>pum</strong></span> <span class='ocrx_word' id='word_1_720' title='bbox 2047 2711 2170 2756; x_wconf 89' lang='lat' dir='ltr'><strong>ante</strong></span> <span class='ocrx_word' id='word_1_721' title='bbox 2195 2701 2476 2757; x_wconf 90' lang='lat' dir='ltr'><strong>duodecim</strong></span> <span class='ocrx_word' id='word_1_722' title='bbox 2505 2701 2616 2758; x_wconf 89' lang='lat' dir='ltr'><strong>fere</strong></span> <span class='ocrx_word' id='word_1_723' title='bbox 2640 2718 2810 2758; x_wconf 83' lang='lat' dir='ltr'><strong>annos</strong></span> <span class='ocrx_word' id='word_1_724' title='bbox 2841 2704 3154 2774; x_wconf 91' lang='lat' dir='ltr'><strong>scripsimus</strong></span> <span class='ocrx_word' id='word_1_725' title='bbox 3175 2746 3190 2773; x_wconf 96' lang='lat'><strong>,</strong></span> <span class='ocrx_word' id='word_1_726' title='bbox 3220 2722 3336 2775; x_wconf 66' lang='lat' dir='ltr'><strong>quae</strong></span> <span class='ocrx_word' id='word_1_727' title='bbox 3367 2714 3476 2762; x_wconf 85' lang='lat' dir='ltr'><strong>tre-</strong></span> 
     </span>
    </p>
   </div>
   <div class='ocr_carea' id='block_1_88' title="bbox 1889 2793 3477 2866">
    <p class='ocr_par' dir='ltr' id='par_1_88' title="bbox 1889 2793 3477 2866">
     <span class='ocr_line' id='line_1_88' title="bbox 1889 2793 3477 2866; baseline 0.003 -18"><span class='ocrx_word' id='word_1_728' title='bbox 1889 2793 2062 2848; x_wconf 89' lang='lat' dir='ltr'><strong>centis</strong></span> <span class='ocrx_word' id='word_1_729' title='bbox 2084 2793 2218 2848; x_wconf 91' lang='lat' dir='ltr'><strong>forte</strong></span> <span class='ocrx_word' id='word_1_730' title='bbox 2248 2793 2489 2848; x_wconf 86' lang='lat' dir='ltr'><strong>versibus</strong></span> <span class='ocrx_word' id='word_1_731' title='bbox 2515 2794 2648 2848; x_wconf 90' lang='lat' dir='ltr'><strong>nihil</strong></span> <span class='ocrx_word' id='word_1_732' title='bbox 2689 2794 2833 2848; x_wconf 88' lang='lat' dir='ltr'><strong>aliud</strong></span> <span class='ocrx_word' id='word_1_733' title='bbox 2864 2809 3019 2864; x_wconf 88' lang='lat' dir='ltr'><strong>quam</strong></span> <span class='ocrx_word' id='word_1_734' title='bbox 3052 2795 3141 2850; x_wconf 90' lang='lat' dir='ltr'><strong>Dei</strong></span> <span class='ocrx_word' id='word_1_735' title='bbox 3173 2795 3394 2866; x_wconf 85' lang='lat' dir='ltr'><strong>gratiam</strong></span> <span class='ocrx_word' id='word_1_736' title='bbox 3421 2804 3477 2852; x_wconf 90' lang='lat' dir='ltr'><strong>ct</strong></span> 
     </span>
    </p>
   </div>
   <div class='ocr_carea' id='block_1_89' title="bbox 1889 2885 3474 2957">
    <p class='ocr_par' dir='ltr' id='par_1_89' title="bbox 1889 2885 3474 2957">
     <span class='ocr_line' id='line_1_89' title="bbox 1889 2885 3474 2957; baseline 0.004 -17"><span class='ocrx_word' id='word_1_737' title='bbox 1889 2886 2142 2941; x_wconf 78' lang='lat' dir='ltr'><strong>auxilium</strong></span> <span class='ocrx_word' id='word_1_738' title='bbox 2173 2885 2475 2951; x_wconf 87' lang='lat' dir='ltr'><strong>conﬁtetur,</strong></span> <span class='ocrx_word' id='word_1_739' title='bbox 2507 2901 2709 2957; x_wconf 89' lang='lat' dir='ltr'><strong>nosque</strong></span> <span class='ocrx_word' id='word_1_740' title='bbox 2734 2885 2862 2942; x_wconf 92' lang='lat' dir='ltr'><strong>nihil</strong></span> <span class='ocrx_word' id='word_1_741' title='bbox 2889 2888 3107 2942; x_wconf 91' lang='lat' dir='ltr'><strong>omnino</strong></span> <span class='ocrx_word' id='word_1_742' title='bbox 3144 2888 3270 2943; x_wconf 88' lang='lat' dir='ltr'><strong>boni</strong></span> <span class='ocrx_word' id='word_1_743' title='bbox 3299 2889 3474 2946; x_wconf 88' lang='lat' dir='ltr'><strong>facere</strong></span> 
     </span>
    </p>
   </div>
   <div class='ocr_carea' id='block_1_90' title="bbox 1891 2977 3474 3051">
    <p class='ocr_par' dir='ltr' id='par_1_90' title="bbox 1891 2977 3474 3051">
     <span class='ocr_line' id='line_1_90' title="bbox 1891 2977 3474 3051; baseline 0.004 -19"><span class='ocrx_word' id='word_1_744' title='bbox 1891 2993 2049 3046; x_wconf 85' lang='lat' dir='ltr'><strong>posse</strong></span> <span class='ocrx_word' id='word_1_745' title='bbox 2077 2977 2192 3032; x_wconf 90' lang='lat' dir='ltr'><strong>sine</strong></span> <span class='ocrx_word' id='word_1_746' title='bbox 2224 2979 2352 3033; x_wconf 90' lang='lat' dir='ltr'><strong>Deo.</strong></span> <span class='ocrx_word' id='word_1_747' title='bbox 2386 2998 2405 3031; x_wconf 83' lang='lat' dir='ltr'><strong>s</strong></span> <span class='ocrx_word' id='word_1_748' title='bbox 2432 2978 2579 3034; x_wconf 82' lang='lat' dir='ltr'><strong>lianc</strong></span> <span class='ocrx_word' id='word_1_749' title='bbox 2603 2994 2732 3050; x_wconf 87' lang='lat' dir='ltr'><strong>ergo</strong></span> <span class='ocrx_word' id='word_1_750' title='bbox 2763 2979 3040 3051; x_wconf 86' lang='lat' dir='ltr'><strong>epistolam</strong></span> <span class='ocrx_word' id='word_1_751' title='bbox 3068 2979 3190 3050; x_wconf 84' lang='lat' dir='ltr'><strong>legi.</strong></span> <span class='ocrx_word' id='word_1_752' title='bbox 3221 2990 3274 3036; x_wconf 92' lang='lat' dir='ltr'><strong>et</strong></span> <span class='ocrx_word' id='word_1_753' title='bbox 3298 2981 3474 3038; x_wconf 87' lang='lat' dir='ltr'><strong>inveni</strong></span> 
     </span>
    </p>
   </div>
   <div class='ocr_carea' id='block_1_91' title="bbox 1888 3071 3476 3139">
    <p class='ocr_par' dir='ltr' id='par_1_91' title="bbox 1888 3071 3476 3139">
     <span class='ocr_line' id='line_1_91' title="bbox 1888 3071 3476 3139; baseline 0.004 -15"><span class='ocrx_word' id='word_1_754' title='bbox 1888 3082 2011 3124; x_wconf 79' lang='lat' dir='ltr'><strong>eum</strong></span> <span class='ocrx_word' id='word_1_755' title='bbox 2053 3084 2188 3139; x_wconf 88' lang='lat' dir='ltr'><strong>pene</strong></span> <span class='ocrx_word' id='word_1_756' title='bbox 2226 3085 2321 3139; x_wconf 90' lang='lat' dir='ltr'><strong>per</strong></span> <span class='ocrx_word' id='word_1_757' title='bbox 2348 3079 2510 3125; x_wconf 88' lang='lat' dir='ltr'><strong>totam</strong></span> <span class='ocrx_word' id='word_1_758' title='bbox 2539 3085 2643 3125; x_wconf 93' lang='lat' dir='ltr'><strong>non</strong></span> <span class='ocrx_word' id='word_1_759' title='bbox 2673 3071 2963 3136; x_wconf 89' lang='lat' dir='ltr'><strong>immorari,</strong></span> <span class='ocrx_word' id='word_1_760' title='bbox 2995 3072 3094 3128; x_wconf 90' lang='lat' dir='ltr'><strong>nisi</strong></span> <span class='ocrx_word' id='word_1_761' title='bbox 3127 3074 3178 3128; x_wconf 93' lang='lat' dir='ltr'><strong>in</strong></span> <span class='ocrx_word' id='word_1_762' title='bbox 3224 3072 3476 3130; x_wconf 84' lang='lat' dir='ltr'><strong>facultate</strong></span> 
     </span>
    </p>
   </div>
   <div class='ocr_carea' id='block_1_92' title="bbox 1888 3160 3473 3234">
    <p class='ocr_par' dir='ltr' id='par_1_92' title="bbox 1888 3160 3473 3234">
     <span class='ocr_line' id='line_1_92' title="bbox 1888 3160 3473 3234; baseline 0.002 -19"><span class='ocrx_word' id='word_1_763' title='bbox 1888 3169 1945 3215; x_wconf 88' lang='lat' dir='ltr'><strong>et</strong></span> <span class='ocrx_word' id='word_1_764' title='bbox 1965 3160 2313 3230; x_wconf 88' lang='lat' dir='ltr'><strong>possibilitate</strong></span> <span class='ocrx_word' id='word_1_765' title='bbox 2331 3169 2552 3228; x_wconf 57' lang='lat' dir='ltr'><strong>naturas,</strong></span> <span class='ocrx_word' id='word_1_766' title='bbox 2573 3170 2625 3215; x_wconf 93' lang='lat' dir='ltr'><strong>ct</strong></span> <span class='ocrx_word' id='word_1_767' title='bbox 2647 3177 2781 3232; x_wconf 86' lang='lat' dir='ltr'><strong>pene</strong></span> <span class='ocrx_word' id='word_1_768' title='bbox 2801 3161 2872 3216; x_wconf 91' lang='lat' dir='ltr'><strong>ibi</strong></span> <span class='ocrx_word' id='word_1_769' title='bbox 2902 3169 3104 3217; x_wconf 88' lang='lat' dir='ltr'><strong>tantum</strong></span> <span class='ocrx_word' id='word_1_770' title='bbox 3133 3164 3220 3218; x_wconf 87' lang='lat' dir='ltr'><strong>Dei</strong></span> <span class='ocrx_word' id='word_1_771' title='bbox 3250 3165 3473 3234; x_wconf 84' lang='lat' dir='ltr'><strong>gratiam</strong></span> 
     </span>
    </p>
   </div>
   <div class='ocr_carea' id='block_1_93' title="bbox 1889 3251 3476 3321">
    <p class='ocr_par' dir='ltr' id='par_1_93' title="bbox 1889 3251 3476 3321">
     <span class='ocr_line' id='line_1_93' title="bbox 1889 3251 3476 3321; baseline 0.004 -15"><span class='ocrx_word' id='word_1_772' title='bbox 1889 3252 2213 3307; x_wconf 80' lang='lat' dir='ltr'><strong>censtituere</strong></span> <span class='ocrx_word' id='word_1_773' title='bbox 2237 3270 2250 3306; x_wconf 91' lang='lat'><strong>:</strong></span> <span class='ocrx_word' id='word_1_774' title='bbox 2282 3251 2627 3308; x_wconf 88' lang='lat' dir='ltr'><strong>christianam</strong></span> <span class='ocrx_word' id='word_1_775' title='bbox 2655 3268 2782 3308; x_wconf 88' lang='lat' dir='ltr'><strong>vero</strong></span> <span class='ocrx_word' id='word_1_776' title='bbox 2809 3254 3031 3321; x_wconf 86' lang='lat' dir='ltr'><strong>gratiam</strong></span> <span class='ocrx_word' id='word_1_777' title='bbox 3051 3263 3193 3308; x_wconf 86' lang='lat' dir='ltr'><strong>tanta</strong></span> <span class='ocrx_word' id='word_1_778' title='bbox 3217 3255 3476 3312; x_wconf 84' lang='lat' dir='ltr'><strong>brevitate</strong></span> 
     </span>
    </p>
   </div>
   <div class='ocr_carea' id='block_1_94' title="bbox 1889 3344 3474 3417">
    <p class='ocr_par' dir='ltr' id='par_1_94' title="bbox 1889 3344 3474 3417">
     <span class='ocr_line' id='line_1_94' title="bbox 1889 3344 3474 3417; baseline 0.004 -22"><span class='ocrx_word' id='word_1_779' title='bbox 1889 3345 2001 3396; x_wconf 89' lang='lat' dir='ltr'><strong>sola</strong></span> <span class='ocrx_word' id='word_1_780' title='bbox 2050 3344 2280 3398; x_wconf 90' lang='lat' dir='ltr'><strong>nominis</strong></span> <span class='ocrx_word' id='word_1_781' title='bbox 2322 3345 2834 3400; x_wconf 89' lang='lat' dir='ltr'><strong>commemoratione</strong></span> <span class='ocrx_word' id='word_1_782' title='bbox 2884 3346 3206 3417; x_wconf 82' lang='lat' dir='ltr'><strong>perstringit,</strong></span> <span class='ocrx_word' id='word_1_783' title='bbox 3251 3355 3307 3400; x_wconf 92' lang='lat' dir='ltr'><strong>ut</strong></span> <span class='ocrx_word' id='word_1_784' title='bbox 3344 3347 3474 3402; x_wconf 90' lang='lat' dir='ltr'><strong>nihil</strong></span> 
     </span>
    </p>
   </div>
   <div class='ocr_carea' id='block_1_95' title="bbox 1889 3434 3478 3505">
    <p class='ocr_par' dir='ltr' id='par_1_95' title="bbox 1889 3434 3478 3505">
     <span class='ocr_line' id='line_1_95' title="bbox 1889 3434 3478 3505; baseline 0.003 -18"><span class='ocrx_word' id='word_1_785' title='bbox 1889 3434 2028 3488; x_wconf 81' lang='lat' dir='ltr'><strong>aliud</strong></span> <span class='ocrx_word' id='word_1_786' title='bbox 2061 3434 2320 3500; x_wconf 84' lang='lat' dir='ltr'><strong>videatur,</strong></span> <span class='ocrx_word' id='word_1_787' title='bbox 2355 3451 2514 3505; x_wconf 90' lang='lat' dir='ltr'><strong>quam</strong></span> <span class='ocrx_word' id='word_1_788' title='bbox 2545 3450 2663 3490; x_wconf 88' lang='lat' dir='ltr'><strong>eam</strong></span> <span class='ocrx_word' id='word_1_789' title='bbox 2688 3445 2866 3492; x_wconf 89' lang='lat' dir='ltr'><strong>tacere</strong></span> <span class='ocrx_word' id='word_1_790' title='bbox 2891 3437 3150 3492; x_wconf 88' lang='lat' dir='ltr'><strong>timuisse.</strong></span> <span class='ocrx_word' id='word_1_791' title='bbox 3174 3435 3366 3494; x_wconf 84' lang='lat' dir='ltr'><strong>Utrum</strong></span> <span class='ocrx_word' id='word_1_792' title='bbox 3399 3447 3478 3492; x_wconf 88' lang='lat' dir='ltr'><strong>ta-</strong></span> 
     </span>
    </p>
   </div>
   <div class='ocr_carea' id='block_1_96' title="bbox 1889 3525 3474 3599">
    <p class='ocr_par' dir='ltr' id='par_1_96' title="bbox 1889 3525 3474 3599">
     <span class='ocr_line' id='line_1_96' title="bbox 1889 3525 3474 3599; baseline 0.003 -20"><span class='ocrx_word' id='word_1_793' title='bbox 1889 3541 2012 3580; x_wconf 64' lang='lat' dir='ltr'><strong>men</strong></span> <span class='ocrx_word' id='word_1_794' title='bbox 2036 3540 2152 3580; x_wconf 91' lang='lat' dir='ltr'><strong>eam</strong></span> <span class='ocrx_word' id='word_1_795' title='bbox 2180 3526 2232 3580; x_wconf 89' lang='lat' dir='ltr'><strong>in</strong></span> <span class='ocrx_word' id='word_1_796' title='bbox 2260 3525 2579 3582; x_wconf 90' lang='lat' dir='ltr'><strong>remissione</strong></span> <span class='ocrx_word' id='word_1_797' title='bbox 2601 3535 2936 3596; x_wconf 89' lang='lat' dir='ltr'><strong>peccatorum</strong></span> <span class='ocrx_word' id='word_1_798' title='bbox 2966 3527 3094 3583; x_wconf 90' lang='lat' dir='ltr'><strong>velit</strong></span> <span class='ocrx_word' id='word_1_799' title='bbox 3115 3527 3333 3599; x_wconf 83' lang='lat' dir='ltr'><strong>intelligi</strong></span> <span class='ocrx_word' id='word_1_800' title='bbox 3363 3571 3378 3596; x_wconf 89' lang='lat'><strong>,</strong></span> <span class='ocrx_word' id='word_1_801' title='bbox 3404 3543 3474 3584; x_wconf 88' lang='lat' dir='ltr'><strong>an</strong></span> 
     </span>
    </p>
   </div>
   <div class='ocr_carea' id='block_1_97' title="bbox 1888 3617 3476 3684">
    <p class='ocr_par' dir='ltr' id='par_1_97' title="bbox 1888 3617 3476 3684">
     <span class='ocr_line' id='line_1_97' title="bbox 1888 3617 3476 3684; baseline 0.004 -14"><span class='ocrx_word' id='word_1_802' title='bbox 1888 3617 2048 3670; x_wconf 80' lang='lat' dir='ltr'><strong>etiam</strong></span> <span class='ocrx_word' id='word_1_803' title='bbox 2081 3617 2132 3671; x_wconf 93' lang='lat' dir='ltr'><strong>in</strong></span> <span class='ocrx_word' id='word_1_804' title='bbox 2176 3617 2414 3673; x_wconf 90' lang='lat' dir='ltr'><strong>doctrina</strong></span> <span class='ocrx_word' id='word_1_805' title='bbox 2451 3617 2685 3684; x_wconf 89' lang='lat' dir='ltr'><strong>Christi,</strong></span> <span class='ocrx_word' id='word_1_806' title='bbox 2717 3619 2804 3675; x_wconf 90' lang='lat' dir='ltr'><strong>ubi</strong></span> <span class='ocrx_word' id='word_1_807' title='bbox 2839 3629 2920 3674; x_wconf 89' lang='lat' dir='ltr'><strong>est</strong></span> <span class='ocrx_word' id='word_1_808' title='bbox 2957 3629 3012 3675; x_wconf 92' lang='lat' dir='ltr'><strong>et</strong></span> <span class='ocrx_word' id='word_1_809' title='bbox 3051 3619 3476 3676; x_wconf 84' lang='lat' dir='ltr'><strong>conversationis</strong></span> 
     </span>
    </p>
   </div>
   <div class='ocr_carea' id='block_1_98' title="bbox 1888 3707 3473 3781">
    <p class='ocr_par' dir='ltr' id='par_1_98' title="bbox 1888 3707 3473 3781">
     <span class='ocr_line' id='line_1_98' title="bbox 1888 3707 3473 3781; baseline 0.002 -19"><span class='ocrx_word' id='word_1_810' title='bbox 1888 3707 2004 3776; x_wconf 91' lang='lat' dir='ltr'><strong>ejus</strong></span> <span class='ocrx_word' id='word_1_811' title='bbox 2045 3709 2344 3778; x_wconf 89' lang='lat' dir='ltr'><strong>exemplum</strong></span> <span class='ocrx_word' id='word_1_812' title='bbox 2367 3749 2381 3773; x_wconf 90' lang='lat'><strong>,</strong></span> <span class='ocrx_word' id='word_1_813' title='bbox 2413 3709 2551 3778; x_wconf 90' lang='lat' dir='ltr'><strong>quod</strong></span> <span class='ocrx_word' id='word_1_814' title='bbox 2590 3708 2802 3779; x_wconf 89' lang='lat' dir='ltr'><strong>aliquod</strong></span> <span class='ocrx_word' id='word_1_815' title='bbox 2839 3723 3055 3764; x_wconf 88' lang='lat' dir='ltr'><strong>suorum</strong></span> <span class='ocrx_word' id='word_1_816' title='bbox 3095 3709 3473 3781; x_wconf 89' lang='lat' dir='ltr'><strong>opusculorum</strong></span> 
     </span>
    </p>
   </div>
   <div class='ocr_carea' id='block_1_99' title="bbox 1889 3799 3472 3872">
    <p class='ocr_par' dir='ltr' id='par_1_99' title="bbox 1889 3799 3472 3872">
     <span class='ocr_line' id='line_1_99' title="bbox 1889 3799 3472 3872; baseline 0.002 -18"><span class='ocrx_word' id='word_1_817' title='bbox 1889 3799 2022 3854; x_wconf 87' lang='lat' dir='ltr'><strong>locis</strong></span> <span class='ocrx_word' id='word_1_818' title='bbox 2050 3799 2194 3866; x_wconf 89' lang='lat' dir='ltr'><strong>facit,</strong></span> <span class='ocrx_word' id='word_1_819' title='bbox 2221 3816 2290 3854; x_wconf 89' lang='lat' dir='ltr'><strong>an</strong></span> <span class='ocrx_word' id='word_1_820' title='bbox 2312 3803 2497 3856; x_wconf 89' lang='lat' dir='ltr'><strong>credat</strong></span> <span class='ocrx_word' id='word_1_821' title='bbox 2524 3801 2736 3872; x_wconf 88' lang='lat' dir='ltr'><strong>aliquod</strong></span> <span class='ocrx_word' id='word_1_822' title='bbox 2765 3799 3088 3870; x_wconf 86' lang='lat' dir='ltr'><strong>adjutorium</strong></span> <span class='ocrx_word' id='word_1_823' title='bbox 3124 3801 3260 3856; x_wconf 89' lang='lat' dir='ltr'><strong>bene</strong></span> <span class='ocrx_word' id='word_1_824' title='bbox 3278 3801 3472 3872; x_wconf 87' lang='lat' dir='ltr'><strong>agendi</strong></span> 
     </span>
    </p>
   </div>
   <div class='ocr_carea' id='block_1_100' title="bbox 1888 3891 3470 3965">
    <p class='ocr_par' dir='ltr' id='par_1_100' title="bbox 1888 3891 3470 3965">
     <span class='ocr_line' id='line_1_100' title="bbox 1888 3891 3470 3965; baseline 0.004 -21"><span class='ocrx_word' id='word_1_825' title='bbox 1888 3891 2192 3960; x_wconf 87' lang='lat' dir='ltr'><strong>adjunctum</strong></span> <span class='ocrx_word' id='word_1_826' title='bbox 2237 3901 2440 3948; x_wconf 69' lang='lat' dir='ltr'><strong>natura:</strong></span> <span class='ocrx_word' id='word_1_827' title='bbox 2467 3901 2628 3963; x_wconf 86' lang='lat' dir='ltr'><strong>atque</strong></span> <span class='ocrx_word' id='word_1_828' title='bbox 2661 3893 2917 3949; x_wconf 73' lang='lat' dir='ltr'><strong>doctrina:</strong></span> <span class='ocrx_word' id='word_1_829' title='bbox 2952 3909 3048 3964; x_wconf 91' lang='lat' dir='ltr'><strong>per</strong></span> <span class='ocrx_word' id='word_1_830' title='bbox 3068 3893 3470 3965; x_wconf 85' lang='lat' dir='ltr'><strong>inspirationem</strong></span> 
     </span>
    </p>
   </div>
   <div class='ocr_carea' id='block_1_101' title="bbox 1890 3981 3474 4058">
    <p class='ocr_par' dir='ltr' id='par_1_101' title="bbox 1890 3981 3474 4058">
     <span class='ocr_line' id='line_1_101' title="bbox 1890 3981 3474 4058; baseline 0.004 -22"><span class='ocrx_word' id='word_1_831' title='bbox 1890 3981 2313 4053; x_wconf 74' lang='lat' dir='ltr'><strong>ﬁagrantissimm</strong></span> <span class='ocrx_word' id='word_1_832' title='bbox 2336 3996 2388 4040; x_wconf 92' lang='lat' dir='ltr'><strong>et</strong></span> <span class='ocrx_word' id='word_1_833' title='bbox 2410 3985 2838 4040; x_wconf 73' lang='lat' dir='ltr'><strong>luminosissimte</strong></span> <span class='ocrx_word' id='word_1_834' title='bbox 2864 3985 3160 4054; x_wconf 87' lang='lat' dir='ltr'><strong>charitatis,</strong></span> <span class='ocrx_word' id='word_1_835' title='bbox 3184 4000 3290 4042; x_wconf 90' lang='lat' dir='ltr'><strong>non</strong></span> <span class='ocrx_word' id='word_1_836' title='bbox 3310 4000 3474 4058; x_wconf 77' lang='lat' dir='ltr'><strong>appa-</strong></span> 
     </span>
    </p>
   </div>
   <div class='ocr_carea' id='block_1_102' title="bbox 1890 4074 2235 4128">
    <p class='ocr_par' dir='ltr' id='par_1_102' title="bbox 1890 4074 2235 4128">
     <span class='ocr_line' id='line_1_102' title="bbox 1890 4074 2235 4128; baseline 0.003 -2"><span class='ocrx_word' id='word_1_837' title='bbox 1890 4083 1973 4127; x_wconf 90' lang='lat' dir='ltr'><strong>ret</strong></span> <span class='ocrx_word' id='word_1_838' title='bbox 1997 4074 2235 4128; x_wconf 89' lang='lat' dir='ltr'><strong>omnino.</strong></span> 
     </span>
    </p>
   </div>
   <div class='ocr_carea' id='block_1_103' title="bbox 1959 4164 3468 4249">
    <p class='ocr_par' dir='ltr' id='par_1_103' title="bbox 1959 4164 3468 4249">
     <span class='ocr_line' id='line_1_103' title="bbox 1959 4164 3468 4249; baseline 0.003 -30"><span class='ocrx_word' id='word_1_839' title='bbox 1959 4164 2186 4249; x_wconf 64' lang='lat' dir='ltr'><strong>pAPU’I‘</strong></span> <span class='ocrx_word' id='word_1_840' title='bbox 2229 4166 2466 4222; x_wconf 80' lang='lat' dir='ltr'><strong>XXXVI.</strong></span> <span class='ocrx_word' id='word_1_841' title='bbox 2489 4198 2560 4209; x_wconf 97' lang='lat'><strong>—</strong></span> <span class='ocrx_word' id='word_1_842' title='bbox 2581 4168 2668 4224; x_wconf 79' lang='grc'><strong>39.</strong></span> <span class='ocrx_word' id='word_1_843' title='bbox 2699 4186 2717 4220; x_wconf 80' lang='grc' dir='ltr'><strong>ι</strong></span> <span class='ocrx_word' id='word_1_844' title='bbox 2749 4168 2950 4239; x_wconf 87' lang='lat' dir='ltr'><strong>chant</strong></span> <span class='ocrx_word' id='word_1_845' title='bbox 2981 4169 3138 4224; x_wconf 90' lang='lat' dir='ltr'><strong>etiam</strong></span> <span class='ocrx_word' id='word_1_846' title='bbox 3160 4210 3175 4233; x_wconf 94' lang='lat'><strong>,</strong></span> <span class='ocrx_word' id='word_1_847' title='bbox 3211 4185 3230 4220; x_wconf 83' lang='lat' dir='ltr'><strong>s</strong></span> <span class='ocrx_word' id='word_1_848' title='bbox 3264 4169 3468 4240; x_wconf 88' lang='lat' dir='ltr'><strong>inquit,</strong></span> 
     </span>
    </p>
   </div>
   <div class='ocr_carea' id='block_1_104' title="bbox 1895 4257 3523 4330">
    <p class='ocr_par' dir='ltr' id='par_1_104' title="bbox 1895 4257 3523 4330">
     <span class='ocr_line' id='line_1_104' title="bbox 1895 4257 3523 4330; baseline 0.003 -19"><span class='ocrx_word' id='word_1_849' title='bbox 1895 4275 1915 4310; x_wconf 82' lang='grc' dir='ltr'><strong>ι</strong></span> <span class='ocrx_word' id='word_1_850' title='bbox 1949 4257 2014 4312; x_wconf 87' lang='lat' dir='ltr'><strong>ad</strong></span> <span class='ocrx_word' id='word_1_851' title='bbox 2043 4266 2284 4313; x_wconf 88' lang='lat' dir='ltr'><strong>sanctum</strong></span> <span class='ocrx_word' id='word_1_852' title='bbox 2329 4257 2698 4315; x_wconf 90' lang='lat' dir='ltr'><strong>Constantium</strong></span> <span class='ocrx_word' id='word_1_853' title='bbox 2741 4260 3083 4330; x_wconf 89' lang='lat' dir='ltr'><strong>episcopum,</strong></span> <span class='ocrx_word' id='word_1_854' title='bbox 3112 4260 3198 4314; x_wconf 92' lang='lat' dir='ltr'><strong>ubi</strong></span> <span class='ocrx_word' id='word_1_855' title='bbox 3241 4261 3475 4316; x_wconf 79' lang='lat' dir='ltr'><strong>breviter</strong></span> <span class='ocrx_word' id='word_1_856' title='bbox 3513 4260 3523 4276; x_wconf 90' lang='lat'><strong><em>&#39;</em></strong></span> 
     </span>
    </p>
   </div>
   <div class='ocr_carea' id='block_1_105' title="bbox 1889 4347 3472 4421">
    <p class='ocr_par' dir='ltr' id='par_1_105' title="bbox 1889 4347 3472 4421">
     <span class='ocr_line' id='line_1_105' title="bbox 1889 4347 3472 4421; baseline 0.003 -19"><span class='ocrx_word' id='word_1_857' title='bbox 1889 4347 2120 4418; x_wconf 88' lang='lat' dir='ltr'><strong>quidem,</strong></span> <span class='ocrx_word' id='word_1_858' title='bbox 2145 4349 2240 4404; x_wconf 89' lang='lat' dir='ltr'><strong>sed</strong></span> <span class='ocrx_word' id='word_1_859' title='bbox 2273 4349 2425 4419; x_wconf 88' lang='lat' dir='ltr'><strong>plane</strong></span> <span class='ocrx_word' id='word_1_860' title='bbox 2453 4350 2622 4405; x_wconf 89' lang='lat' dir='ltr'><strong>libero</strong></span> <span class='ocrx_word' id='word_1_861' title='bbox 2645 4350 2877 4404; x_wconf 90' lang='lat' dir='ltr'><strong>hominis</strong></span> <span class='ocrx_word' id='word_1_862' title='bbox 2901 4350 3117 4405; x_wconf 88' lang='lat' dir='ltr'><strong>arbitrio</strong></span> <span class='ocrx_word' id='word_1_863' title='bbox 3135 4350 3226 4404; x_wconf 92' lang='lat' dir='ltr'><strong>Dei</strong></span> <span class='ocrx_word' id='word_1_864' title='bbox 3249 4351 3472 4421; x_wconf 89' lang='lat' dir='ltr'><strong>gratiam</strong></span> 
     </span>
    </p>
   </div>
   <div class='ocr_carea' id='block_1_106' title="bbox 1889 4441 3472 4514">
    <p class='ocr_par' dir='ltr' id='par_1_106' title="bbox 1889 4441 3472 4514">
     <span class='ocr_line' id='line_1_106' title="bbox 1889 4441 3472 4514; baseline 0.003 -21"><span class='ocrx_word' id='word_1_865' title='bbox 1889 4441 2249 4512; x_wconf 87' lang='lat' dir='ltr'><strong>auxilimnque</strong></span> <span class='ocrx_word' id='word_1_866' title='bbox 2277 4443 2548 4512; x_wconf 88' lang='lat' dir='ltr'><strong>conjunxi.</strong></span> <span class='ocrx_word' id='word_1_867' title='bbox 2583 4462 2601 4496; x_wconf 87' lang='lat' dir='ltr'><strong>s</strong></span> <span class='ocrx_word' id='word_1_868' title='bbox 2638 4443 2786 4498; x_wconf 86' lang='lat' dir='ltr'><strong>Hanc</strong></span> <span class='ocrx_word' id='word_1_869' title='bbox 2813 4444 3118 4512; x_wconf 89' lang='lat' dir='ltr'><strong>epistolam,</strong></span> <span class='ocrx_word' id='word_1_870' title='bbox 3147 4452 3204 4496; x_wconf 89' lang='lat' dir='ltr'><strong>ut</strong></span> <span class='ocrx_word' id='word_1_871' title='bbox 3228 4445 3472 4514; x_wconf 79' lang='lat' dir='ltr'><strong>superius</strong></span> 
     </span>
    </p>
   </div>
   <div class='ocr_carea' id='block_1_107' title="bbox 1889 4531 3472 4605">
    <p class='ocr_par' dir='ltr' id='par_1_107' title="bbox 1889 4531 3472 4605">
     <span class='ocr_line' id='line_1_107' title="bbox 1889 4531 3472 4605; baseline 0.001 -19"><span class='ocrx_word' id='word_1_872' title='bbox 1889 4533 1995 4587; x_wconf 88' lang='lat' dir='ltr'><strong>dixi</strong></span> <span class='ocrx_word' id='word_1_873' title='bbox 2020 4531 2168 4605; x_wconf 85' lang='lat' dir='ltr'><strong>(Cap.</strong></span> <span class='ocrx_word' id='word_1_874' title='bbox 2201 4533 2271 4590; x_wconf 76' lang='grc'><strong>54</strong></span> <span class='ocrx_word' id='word_1_875' title='bbox 2294 4576 2308 4598; x_wconf 85' lang='grc'><em>,</em></span> <span class='ocrx_word' id='word_1_876' title='bbox 2335 4551 2387 4588; x_wconf 83' lang='grc' dir='ltr'><strong>η.</strong></span> <span class='ocrx_word' id='word_1_877' title='bbox 2421 4534 2534 4604; x_wconf 77' lang='lat'><strong>37),</strong></span> <span class='ocrx_word' id='word_1_878' title='bbox 2561 4550 2666 4588; x_wconf 91' lang='lat' dir='ltr'><strong>non</strong></span> <span class='ocrx_word' id='word_1_879' title='bbox 2699 4535 2800 4604; x_wconf 89' lang='lat' dir='ltr'><strong>legi</strong></span> <span class='ocrx_word' id='word_1_880' title='bbox 2833 4552 2846 4588; x_wconf 90' lang='lat'><strong>:</strong></span> <span class='ocrx_word' id='word_1_881' title='bbox 2879 4533 2971 4589; x_wconf 87' lang='lat' dir='ltr'><strong>sed</strong></span> <span class='ocrx_word' id='word_1_882' title='bbox 2998 4535 3040 4588; x_wconf 89' lang='lat' dir='ltr'><strong>si</strong></span> <span class='ocrx_word' id='word_1_883' title='bbox 3071 4549 3174 4587; x_wconf 92' lang='lat' dir='ltr'><strong>non</strong></span> <span class='ocrx_word' id='word_1_884' title='bbox 3201 4543 3282 4589; x_wconf 87' lang='lat' dir='ltr'><strong>est</strong></span> <span class='ocrx_word' id='word_1_885' title='bbox 3310 4535 3472 4588; x_wconf 81' lang='lat' dir='ltr'><strong>dissi-</strong></span> 
     </span>
    </p>
   </div>
   <div class='ocr_carea' id='block_1_108' title="bbox 1891 4623 3472 4694">
    <p class='ocr_par' dir='ltr' id='par_1_108' title="bbox 1891 4623 3472 4694">
     <span class='ocr_line' id='line_1_108' title="bbox 1891 4623 3472 4694; baseline 0.001 -16"><span class='ocrx_word' id='word_1_886' title='bbox 1891 4623 2030 4678; x_wconf 89' lang='lat' dir='ltr'><strong>milis</strong></span> <span class='ocrx_word' id='word_1_887' title='bbox 2055 4625 2284 4690; x_wconf 70' lang='lat' dir='ltr'><strong>carteris,</strong></span> <span class='ocrx_word' id='word_1_888' title='bbox 2315 4640 2433 4694; x_wconf 63' lang='lat' dir='ltr'><strong>qua!</strong></span> <span class='ocrx_word' id='word_1_889' title='bbox 2462 4623 2586 4678; x_wconf 87' lang='lat' dir='ltr'><strong>mihi</strong></span> <span class='ocrx_word' id='word_1_890' title='bbox 2615 4634 2738 4678; x_wconf 90' lang='lat' dir='ltr'><strong>nota</strong></span> <span class='ocrx_word' id='word_1_891' title='bbox 2759 4633 3161 4692; x_wconf 88' lang='lat' dir='ltr'><strong>commemorat,</strong></span> <span class='ocrx_word' id='word_1_892' title='bbox 3191 4639 3294 4680; x_wconf 90' lang='lat' dir='ltr'><strong>non</strong></span> <span class='ocrx_word' id='word_1_893' title='bbox 3315 4625 3472 4680; x_wconf 88' lang='lat' dir='ltr'><strong>habet</strong></span> 
     </span>
    </p>
   </div>
   <div class='ocr_carea' id='block_1_109' title="bbox 1890 4715 2696 4786">
    <p class='ocr_par' dir='ltr' id='par_1_109' title="bbox 1890 4715 2696 4786">
     <span class='ocr_line' id='line_1_109' title="bbox 1890 4715 2696 4786; baseline 0.001 -15"><span class='ocrx_word' id='word_1_894' title='bbox 1890 4715 2049 4772; x_wconf 89' lang='lat' dir='ltr'><strong>etiam</strong></span> <span class='ocrx_word' id='word_1_895' title='bbox 2081 4715 2194 4786; x_wconf 89' lang='lat' dir='ltr'><strong>ipsa</strong></span> <span class='ocrx_word' id='word_1_896' title='bbox 2220 4716 2359 4786; x_wconf 85' lang='lat' dir='ltr'><strong>quod</strong></span> <span class='ocrx_word' id='word_1_897' title='bbox 2387 4717 2696 4786; x_wconf 75' lang='lat' dir='ltr'><strong>qttmritnus.</strong></span> 
     </span>
    </p>
   </div>
   <div class='ocr_carea' id='block_1_110' title="bbox 1958 4805 3470 4880">
    <p class='ocr_par' dir='ltr' id='par_1_110' title="bbox 1958 4805 3470 4880">
     <span class='ocr_line' id='line_1_110' title="bbox 1958 4805 3470 4880; baseline 0.001 -18"><span class='ocrx_word' id='word_1_898' title='bbox 1958 4805 2184 4863; x_wconf 75' lang='lat' dir='ltr'><strong>CAPUT</strong></span> <span class='ocrx_word' id='word_1_899' title='bbox 2222 4807 2575 4863; x_wconf 79' lang='lat' dir='ltr'><strong>XXXVII.—</strong></span> <span class='ocrx_word' id='word_1_900' title='bbox 2602 4808 2690 4864; x_wconf 74' lang='grc'><strong>40.</strong></span> <span class='ocrx_word' id='word_1_901' title='bbox 2714 4827 2730 4860; x_wconf 84' lang='grc' dir='ltr'><strong>ι</strong></span> <span class='ocrx_word' id='word_1_902' title='bbox 2769 4808 2968 4879; x_wconf 83' lang='lat' dir='ltr'><strong>Legant</strong></span> <span class='ocrx_word' id='word_1_903' title='bbox 2995 4808 3174 4875; x_wconf 89' lang='lat' dir='ltr'><strong>etiam,</strong></span> <span class='ocrx_word' id='word_1_904' title='bbox 3209 4827 3226 4860; x_wconf 86' lang='lat' dir='ltr'><strong>s</strong></span> <span class='ocrx_word' id='word_1_905' title='bbox 3261 4809 3470 4880; x_wconf 89' lang='lat' dir='ltr'><strong>inquit,</strong></span> 
     </span>
    </p>
   </div>
   <div class='ocr_carea' id='block_1_111' title="bbox 1896 4899 3470 4971">
    <p class='ocr_par' dir='ltr' id='par_1_111' title="bbox 1896 4899 3470 4971">
     <span class='ocr_line' id='line_1_111' title="bbox 1896 4899 3470 4971; baseline 0.004 -19"><span class='ocrx_word' id='word_1_906' title='bbox 1896 4914 2104 4970; x_wconf 68' lang='lat' dir='ltr'><strong>«quam</strong></span> <span class='ocrx_word' id='word_1_907' title='bbox 2135 4901 2200 4955; x_wconf 90' lang='lat' dir='ltr'><strong>ad</strong></span> <span class='ocrx_word' id='word_1_908' title='bbox 2229 4915 2432 4955; x_wconf 85' lang='lat' dir='ltr'><strong>sacram</strong></span> <span class='ocrx_word' id='word_1_909' title='bbox 2463 4899 2662 4956; x_wconf 88' lang='lat' dir='ltr'><strong>Chriin</strong></span> <span class='ocrx_word' id='word_1_910' title='bbox 2699 4901 2958 4971; x_wconf 88' lang='lat' dir='ltr'><strong>virginem</strong></span> <span class='ocrx_word' id='word_1_911' title='bbox 3000 4901 3387 4958; x_wconf 88' lang='lat' dir='ltr'><strong>Demetriadem</strong></span> <span class='ocrx_word' id='word_1_912' title='bbox 3417 4903 3470 4958; x_wconf 90' lang='lat' dir='ltr'><strong>in</strong></span> 
     </span>
    </p>
   </div>
   <div class='ocr_carea' id='block_1_112' title="bbox 1888 4985 3473 5066">
    <p class='ocr_par' dir='ltr' id='par_1_112' title="bbox 1888 4985 3473 5066">
     <span class='ocr_line' id='line_1_112' title="bbox 1888 4985 3473 5066; baseline 0.001 -18"><span class='ocrx_word' id='word_1_913' title='bbox 1888 4991 2106 5048; x_wconf 83' lang='lat' dir='ltr'><strong>Oriente</strong></span> <span class='ocrx_word' id='word_1_914' title='bbox 2133 4993 2552 5063; x_wconf 83' lang='lat' dir='ltr'><strong>conscripsimus</strong></span> <span class='ocrx_word' id='word_1_915' title='bbox 2577 4991 2678 5066; x_wconf 86' lang='lat' dir='ltr'><strong>(a).</strong></span> <span class='ocrx_word' id='word_1_916' title='bbox 2701 5003 2754 5049; x_wconf 92' lang='lat' dir='ltr'><strong>et</strong></span> <span class='ocrx_word' id='word_1_917' title='bbox 2782 4985 3053 5050; x_wconf 88' lang='lat' dir='ltr'><strong>invenient</strong></span> <span class='ocrx_word' id='word_1_918' title='bbox 3080 5009 3179 5050; x_wconf 92' lang='lat' dir='ltr'><strong>nos</strong></span> <span class='ocrx_word' id='word_1_919' title='bbox 3208 4995 3278 5049; x_wconf 87' lang='lat' dir='ltr'><strong>ita</strong></span> <span class='ocrx_word' id='word_1_920' title='bbox 3301 4993 3473 5050; x_wconf 64' lang='lat' dir='ltr'><strong>homi-s</strong></span> 
     </span>
    </p>
   </div>
   <div class='ocr_carea' id='block_1_113' title="bbox 1890 5082 3470 5156">
    <p class='ocr_par' dir='ltr' id='par_1_113' title="bbox 1890 5082 3470 5156">
     <span class='ocr_line' id='line_1_113' title="bbox 1890 5082 3470 5156; baseline 0.002 -19"><span class='ocrx_word' id='word_1_921' title='bbox 1890 5083 1973 5138; x_wconf 91' lang='lat' dir='ltr'><strong>nis</strong></span> <span class='ocrx_word' id='word_1_922' title='bbox 2001 5082 2216 5139; x_wconf 86' lang='lat' dir='ltr'><strong>laudare</strong></span> <span class='ocrx_word' id='word_1_923' title='bbox 2251 5095 2492 5139; x_wconf 90' lang='lat' dir='ltr'><strong>naturam</strong></span> <span class='ocrx_word' id='word_1_924' title='bbox 2514 5126 2528 5150; x_wconf 95' lang='lat'><strong>,</strong></span> <span class='ocrx_word' id='word_1_925' title='bbox 2557 5093 2615 5138; x_wconf 92' lang='lat' dir='ltr'><strong>ut</strong></span> <span class='ocrx_word' id='word_1_926' title='bbox 2642 5084 2734 5138; x_wconf 86' lang='lat' dir='ltr'><strong>Dei</strong></span> <span class='ocrx_word' id='word_1_927' title='bbox 2768 5099 2980 5154; x_wconf 87' lang='lat' dir='ltr'><strong>semper</strong></span> <span class='ocrx_word' id='word_1_928' title='bbox 3003 5084 3188 5156; x_wconf 72' lang='lat' dir='ltr'><strong>gratia:</strong></span> <span class='ocrx_word' id='word_1_929' title='bbox 3213 5082 3470 5140; x_wconf 80' lang='lat' dir='ltr'><strong>addamus</strong></span> 
     </span>
    </p>
   </div>
   <div class='ocr_carea' id='block_1_114' title="bbox 1889 5172 3472 5246">
    <p class='ocr_par' dir='ltr' id='par_1_114' title="bbox 1889 5172 3472 5246">
     <span class='ocr_line' id='line_1_114' title="bbox 1889 5172 3472 5246; baseline 0.003 -20"><span class='ocrx_word' id='word_1_930' title='bbox 1889 5172 2165 5226; x_wconf 83' lang='lat' dir='ltr'><strong>auxilium.</strong></span> <span class='ocrx_word' id='word_1_931' title='bbox 2200 5192 2218 5225; x_wconf 83' lang='lat' dir='ltr'><strong>I</strong></span> <span class='ocrx_word' id='word_1_932' title='bbox 2250 5173 2407 5229; x_wconf 89' lang='lat' dir='ltr'><strong>istam</strong></span> <span class='ocrx_word' id='word_1_933' title='bbox 2432 5188 2563 5230; x_wconf 89' lang='lat' dir='ltr'><strong>sane</strong></span> <span class='ocrx_word' id='word_1_934' title='bbox 2588 5174 2688 5246; x_wconf 77' lang='lat' dir='ltr'><strong>legi</strong></span> <span class='ocrx_word' id='word_1_935' title='bbox 2711 5207 2735 5240; x_wconf 91' lang='lat'><strong>,-</strong></span> <span class='ocrx_word' id='word_1_936' title='bbox 2753 5173 2990 5244; x_wconf 87' lang='lat' dir='ltr'><strong>mihique</strong></span> <span class='ocrx_word' id='word_1_937' title='bbox 3017 5189 3152 5244; x_wconf 91' lang='lat' dir='ltr'><strong>pene</strong></span> <span class='ocrx_word' id='word_1_938' title='bbox 3186 5189 3472 5246; x_wconf 87' lang='lat' dir='ltr'><strong>persuase-</strong></span> 
     </span>
    </p>
   </div>
   <div class='ocr_carea' id='block_1_115' title="bbox 1888 5263 3472 5336">
    <p class='ocr_par' dir='ltr' id='par_1_115' title="bbox 1888 5263 3472 5336">
     <span class='ocr_line' id='line_1_115' title="bbox 1888 5263 3472 5336; baseline 0.002 -19"><span class='ocrx_word' id='word_1_939' title='bbox 1888 5272 1991 5330; x_wconf 84' lang='lat' dir='ltr'><strong>rat,</strong></span> <span class='ocrx_word' id='word_1_940' title='bbox 2024 5263 2160 5320; x_wconf 90' lang='lat' dir='ltr'><strong>hanc</strong></span> <span class='ocrx_word' id='word_1_941' title='bbox 2174 5263 2322 5320; x_wconf 91' lang='lat' dir='ltr'><strong>illum</strong></span> <span class='ocrx_word' id='word_1_942' title='bbox 2343 5266 2587 5336; x_wconf 87' lang='lat' dir='ltr'><strong>gratiam,</strong></span> <span class='ocrx_word' id='word_1_943' title='bbox 2607 5264 2676 5320; x_wconf 87' lang='lat' dir='ltr'><strong>de</strong></span> <span class='ocrx_word' id='word_1_944' title='bbox 2692 5280 2793 5335; x_wconf 87' lang='lat' dir='ltr'><strong>qua</strong></span> <span class='ocrx_word' id='word_1_945' title='bbox 2815 5265 3040 5335; x_wconf 69' lang='lat' dir='ltr'><strong>quaestio</strong></span> <span class='ocrx_word' id='word_1_946' title='bbox 3061 5274 3166 5330; x_wconf 88' lang='lat' dir='ltr'><strong>est,</strong></span> <span class='ocrx_word' id='word_1_947' title='bbox 3193 5264 3433 5321; x_wconf 74' lang='lat' dir='ltr'><strong>conﬁteri</strong></span> <span class='ocrx_word' id='word_1_948' title='bbox 3455 5279 3472 5321; x_wconf 90' lang='lat'><strong><em>:</em></strong></span> 
     </span>
    </p>
   </div>
   <div class='ocr_carea' id='block_1_116' title="bbox 1888 5353 3477 5426">
    <p class='ocr_par' dir='ltr' id='par_1_116' title="bbox 1888 5353 3477 5426">
     <span class='ocr_line' id='line_1_116' title="bbox 1888 5353 3477 5426; baseline 0.001 -18"><span class='ocrx_word' id='word_1_949' title='bbox 1888 5355 2130 5424; x_wconf 88' lang='lat' dir='ltr'><strong>quamvis</strong></span> <span class='ocrx_word' id='word_1_950' title='bbox 2158 5355 2210 5410; x_wconf 91' lang='lat' dir='ltr'><strong>in</strong></span> <span class='ocrx_word' id='word_1_951' title='bbox 2240 5356 2420 5412; x_wconf 88' lang='lat' dir='ltr'><strong>multis</strong></span> <span class='ocrx_word' id='word_1_952' title='bbox 2447 5356 2563 5426; x_wconf 86' lang='lat' dir='ltr'><strong>ejus</strong></span> <span class='ocrx_word' id='word_1_953' title='bbox 2588 5355 2828 5426; x_wconf 90' lang='lat' dir='ltr'><strong>opusculi</strong></span> <span class='ocrx_word' id='word_1_954' title='bbox 2851 5355 2982 5409; x_wconf 87' lang='lat' dir='ltr'><strong>locis</strong></span> <span class='ocrx_word' id='word_1_955' title='bbox 3000 5353 3102 5409; x_wconf 88' lang='lat' dir='ltr'><strong>sibi</strong></span> <span class='ocrx_word' id='word_1_956' title='bbox 3123 5353 3238 5424; x_wconf 88' lang='lat' dir='ltr'><strong>ipse</strong></span> <span class='ocrx_word' id='word_1_957' title='bbox 3262 5363 3477 5410; x_wconf 77' lang='lat' dir='ltr'><strong>eontra-</strong></span> 
     </span>
    </p>
   </div>
   <div class='ocr_carea' id='block_1_117' title="bbox 1889 5443 3546 5502">
    <p class='ocr_par' dir='ltr' id='par_1_117' title="bbox 1889 5443 3546 5502">
     <span class='ocr_line' id='line_1_117' title="bbox 1889 5443 3546 5502; baseline 0.001 -4"><span class='ocrx_word' id='word_1_958' title='bbox 1889 5443 2068 5500; x_wconf 88' lang='lat' dir='ltr'><strong>dicere</strong></span> <span class='ocrx_word' id='word_1_959' title='bbox 2091 5445 2361 5500; x_wconf 88' lang='lat' dir='ltr'><strong>videretur</strong></span> <span class='ocrx_word' id='word_1_960' title='bbox 2390 5463 2406 5502; x_wconf 91' lang='lat'><strong>:</strong></span> <span class='ocrx_word' id='word_1_961' title='bbox 2435 5445 2531 5502; x_wconf 88' lang='lat' dir='ltr'><strong>sed</strong></span> <span class='ocrx_word' id='word_1_962' title='bbox 2561 5461 2682 5501; x_wconf 93' lang='lat' dir='ltr'><strong>cum</strong></span> <span class='ocrx_word' id='word_1_963' title='bbox 2705 5445 2761 5500; x_wconf 92' lang='lat' dir='ltr'><strong>in</strong></span> <span class='ocrx_word' id='word_1_964' title='bbox 2789 5458 2980 5500; x_wconf 87' lang='lat' dir='ltr'><strong>manus</strong></span> <span class='ocrx_word' id='word_1_965' title='bbox 3006 5457 3154 5499; x_wconf 81' lang='lat' dir='ltr'><strong>meas</strong></span> <span class='ocrx_word' id='word_1_966' title='bbox 3178 5450 3234 5498; x_wconf 91' lang='lat' dir='ltr'><strong>et</strong></span> <span class='ocrx_word' id='word_1_967' title='bbox 3258 5444 3361 5500; x_wconf 82' lang='lat' dir='ltr'><strong>alia</strong></span> <span class='ocrx_word' id='word_1_968' title='bbox 3379 5457 3474 5499; x_wconf 80' lang='lat' dir='ltr'><strong>ve-</strong></span> <span class='ocrx_word' id='word_1_969' title='bbox 3543 5447 3546 5449; x_wconf 37' lang='grc' dir='ltr'>λ</span> 
     </span>
    </p>
   </div>
   <div class='ocr_carea' id='block_1_118' title="bbox 1890 5533 3468 5607">
    <p class='ocr_par' dir='ltr' id='par_1_118' title="bbox 1890 5533 3468 5607">
     <span class='ocr_line' id='line_1_118' title="bbox 1890 5533 3468 5607; baseline 0.002 -18"><span class='ocrx_word' id='word_1_970' title='bbox 1890 5534 2114 5602; x_wconf 89' lang='lat' dir='ltr'><strong>nissent,</strong></span> <span class='ocrx_word' id='word_1_971' title='bbox 2161 5553 2281 5606; x_wconf 78' lang='lat' dir='ltr'><strong>qua:</strong></span> <span class='ocrx_word' id='word_1_972' title='bbox 2333 5538 2601 5606; x_wconf 91' lang='lat' dir='ltr'><strong>posterius</strong></span> <span class='ocrx_word' id='word_1_973' title='bbox 2653 5536 2918 5607; x_wconf 90' lang='lat' dir='ltr'><strong>latiusque</strong></span> <span class='ocrx_word' id='word_1_974' title='bbox 2963 5535 3308 5606; x_wconf 89' lang='lat' dir='ltr'><strong>conscripsit;</strong></span> <span class='ocrx_word' id='word_1_975' title='bbox 3359 5533 3468 5592; x_wconf 87' lang='lat' dir='ltr'><strong>vidi</strong></span> 
     </span>
    </p>
   </div>
   <div class='ocr_carea' id='block_1_119' title="bbox 1890 5627 3466 5700">
    <p class='ocr_par' dir='ltr' id='par_1_119' title="bbox 1890 5627 3466 5700">
     <span class='ocr_line' id='line_1_119' title="bbox 1890 5627 3466 5700; baseline 0.004 -20"><span class='ocrx_word' id='word_1_976' title='bbox 1890 5628 2334 5698; x_wconf 75' lang='lat' dir='ltr'><strong>quemadmodum</strong></span> <span class='ocrx_word' id='word_1_977' title='bbox 2365 5629 2595 5700; x_wconf 90' lang='lat' dir='ltr'><strong>potuerit</strong></span> <span class='ocrx_word' id='word_1_978' title='bbox 2619 5629 2776 5684; x_wconf 92' lang='lat' dir='ltr'><strong>etiam</strong></span> <span class='ocrx_word' id='word_1_979' title='bbox 2795 5627 2898 5682; x_wconf 88' lang='lat' dir='ltr'><strong>illic</strong></span> <span class='ocrx_word' id='word_1_980' title='bbox 2922 5627 3143 5697; x_wconf 85' lang='lat' dir='ltr'><strong>gratiam</strong></span> <span class='ocrx_word' id='word_1_981' title='bbox 3167 5628 3466 5700; x_wconf 81' lang='lat' dir='ltr'><strong>nominare,</strong></span> 
     </span>
    </p>
   </div>
   <div class='ocr_carea' id='block_1_120' title="bbox 1953 5737 3175 5805">
    <p class='ocr_par' dir='ltr' id='par_1_120' title="bbox 1953 5737 3175 5805">
     <span class='ocr_line' id='line_1_120' title="bbox 1953 5737 3175 5805; baseline 0.002 -17"><span class='ocrx_word' id='word_1_982' title='bbox 1953 5738 2029 5803; x_wconf 86' lang='grc' dir='ltr'><strong>(α)</strong></span> <span class='ocrx_word' id='word_1_983' title='bbox 2063 5739 2162 5789; x_wconf 71' lang='lat' dir='ltr'><strong>vid.</strong></span> <span class='ocrx_word' id='word_1_984' title='bbox 2188 5741 2308 5792; x_wconf 84' lang='lat' dir='ltr'><strong>hanc</strong></span> <span class='ocrx_word' id='word_1_985' title='bbox 2337 5740 2591 5805; x_wconf 80' lang='lat' dir='ltr'><strong>epistolam</strong></span> <span class='ocrx_word' id='word_1_986' title='bbox 2614 5741 2664 5792; x_wconf 90' lang='lat' dir='ltr'><strong>iu</strong></span> <span class='ocrx_word' id='word_1_987' title='bbox 2689 5738 2964 5803; x_wconf 78' lang='lat' dir='ltr'><strong>Appctuhce</strong></span> <span class='ocrx_word' id='word_1_988' title='bbox 2988 5740 3104 5791; x_wconf 68' lang='lat' dir='ltr'><strong>tend</strong></span> <span class='ocrx_word' id='word_1_989' title='bbox 3127 5737 3175 5790; x_wconf 74' lang='lat'><strong>2.</strong></span> 
     </span>
    </p>
   </div>
  </div>
