4042 6548
406 355 513 415 579

406 471 512 528 sub
539 466 784 540 ambigua
830 461 1180 538 generalitate
1201 455 1332 530 quid
1369 457 1596 512 sentiret
1617 453 1952 510 abscondens
1970 493 1986 519 ,

407 562 594 634 gratia:
620 570 794 615 tamen
833 553 1088 612 vocabulo
1134 551 1384 621 frangens
1424 547 1677 603 invidiam
1697 587 1714 613 ,
1745 545 2000 600 offensio-

407 669 638 726 ncmque
665 651 957 708 declinans.
1003 644 1136 700 Nam
1177 643 1230 698 in
1263 641 1429 713 ipsius
1457 638 1742 711 principio,
1772 637 1862 692 ubi
1901 637 1996 703 ait,

413 767 436 803 ι
469 745 750 818 Proposito
777 739 1086 797 insudemus
1105 736 1279 808 operi,
1314 749 1416 792 nec
1443 731 1796 788 mediocritati
1809 730 1832 762 -‘
1852 727 1997 784 diffi-

408 838 600 895 damus
627 831 857 904 ingenii,
885 828 1027 902 quod
1059 826 1329 884 credimus
1353 823 1457 880 fide
1497 823 1683 879 matris
1711 829 1766 876 et
1805 820 2000 876 merito

407 926 630 1000 virginis
665 923 938 996 adjuvari;
968 939 990 976 »
1039 918 1264 993 gratiam
1304 931 1411 988 qua
1448 915 1762 987 adjuvamur
1800 912 1868 969 ad
1897 912 1998 967 ali-

407 1018 536 1091 quid
564 1015 848 1087 agendum,
879 1013 1008 1069 mihi
1032 1013 1178 1066 visus
1207 1010 1378 1064 fuerat
1403 1006 1668 1071 conﬁteri,
1695 1018 1797 1060 nec
1823 1010 2000 1058 atten-

407 1110 593 1166 deram
621 1108 758 1163 hanc
783 1121 907 1163 eum
933 1117 1133 1176 ponere
1154 1101 1390 1172 potuisse
1427 1099 1484 1154 in
1517 1097 1633 1155 sola
1661 1094 1998 1152 revelatione

405 1199 685 1256 doctrinae.
1247 1200 1254 1208 '

478 1290 569 1347 41.
598 1289 729 1344 Item
779 1285 833 1341 in
873 1283 1062 1341 eodem
1105 1297 1270 1354 opere
1317 1280 1428 1336 alio
1473 1279 1593 1334 loco
1633 1295 1648 1334 :
1699 1294 1720 1330 ι
1747 1275 1902 1346 Quod
1950 1275 1999 1330 si

405 1383 572 1439 etiam
597 1381 714 1436 sine
742 1379 875 1443 Deo,
904 1394 924 1430 ι
959 1375 1129 1447 inquit
1152 1413 1170 1440 ,
1203 1392 1223 1425 r
1255 1372 1502 1428 homines
1527 1368 1835 1433 05tendunt,
1861 1381 2000 1438 qua-

409 1473 490 1528 Ies
517 1488 546 1525 a
573 1471 684 1528 Deo
710 1469 831 1524 facti
857 1476 1016 1532 sunt;
1043 1464 1166 1520 vide
1193 1463 1317 1535 quid
1340 1459 1627 1516 Christiani
1669 1459 1842 1515 facere
1873 1472 2000 1528 pos.

409 1562 550 1628 sint,
609 1575 835 1632 quorum
879 1557 934 1612 in
989 1554 1180 1612 melius
1231 1569 1327 1625 per
1381 1551 1654 1608 Christum
1711 1550 2000 1604 instaurata

413 1661 603 1709 natura
648 1659 771 1715 est,
802 1658 854 1705 et
884 1647 973 1719 qui
1014 1647 1211 1702 divina:
1255 1659 1470 1716 quoque
1520 1643 1706 1714 gratia:
1750 1642 2002 1710 juvantnr

409 1744 625 1800 auxilio.
641 1762 660 1796 ι
683 1741 935 1798 Naturam
962 1739 1017 1795 in
1033 1739 1224 1798 melius
1240 1737 1606 1800 instauratam,
1631 1731 2000 1788 remissionem

411 1835 524 1891 vult
549 1833 768 1904 intelligi
801 1840 1142 1902 peccatorum
1171 1846 1185 1882 :
1223 1828 1366 1900 quod
1391 1828 1498 1882 alio
1526 1827 1646 1881 loco
1674 1827 1724 1880 in
1759 1826 1860 1879 hoc
1887 1826 2003 1893 ipso

409 1927 548 1982 libro
574 1925 704 1981 satis
728 1922 1138 1986 demonstravit,
1163 1919 1254 1976 ubi
1276 1920 1372 1986 ait,
1405 1937 1427 1971 ι
1465 1917 1638 1974 Etiam
1669 1916 1744 1970 illi
1775 1916 1865 1986 qui
1890 1916 2006 1970 lon-

413 2035 484 2090 go
513 2017 766 2089 peccandi
791 2033 888 2073 usu
917 2013 1150 2086 quodam
1180 2011 1340 2068 modo
1365 2010 1686 2076 obduruere,
1719 2008 2002 2063 instaurari

412 2126 510 2182 per
549 2109 916 2181 penitentiam
957 2114 1200 2176 possunt.
1254 2123 1274 2156 ι
1313 2103 1583 2158 Auxilium
1636 2115 1767 2156 vero
1812 2100 2005 2154 divinae

399 2202 596 2271 gratim
648 2207 826 2271 potest
885 2206 939 2253 et
1002 2195 1089 2250 hic
1150 2209 1351 2266 ponere
1410 2193 1464 2248 in
1528 2191 1854 2248 revelatione
1903 2189 2005 2245 do-

409 2294 620 2350 ctrinze.

481 2384 705 2442 CAPUT
742 2382 1029 2440 XXXVIII.
1052 2412 1129 2424 —
1150 2380 1241 2437 4‘2.
1267 2380 1396 2436 Item
1425 2378 1548 2435 alibi
1575 2380 1626 2434 in
1656 2378 1843 2435 eadem
1891 2377 2006 2448 epi-

410 2477 593 2531 stola:
629 2493 649 2528 ι
689 2474 822 2529 Nam
871 2474 916 2528 si
959 2475 1120 2528 etiam
1165 2482 1288 2526 ante
1331 2472 1538 2542 legem,
1584 2488 1604 2522 ι
1641 2469 1846 2539 inquit,
1901 2486 1920 2519 s
1951 2477 2010 2522 ut

412 2566 677 2630 diximus,
699 2580 762 2620 ac
790 2564 958 2619 multo
997 2572 1123 2618 ante
1157 2562 1364 2616 Domini
1415 2560 1584 2616 nostri
1617 2569 1672 2616 et
1714 2560 2009 2616 Salvatoris

411 2657 720 2722 adventum,
739 2656 883 2726 juste
909 2653 1124 2724 quidam
1153 2663 1208 2708 et
1226 2661 1410 2708 sancte
1432 2653 1632 2708 vixisse
1663 2652 2006 2718 referuntur;

412 2759 612 2818 quanto
651 2745 820 2816 magis
861 2754 980 2816 post
1009 2743 1418 2798 illustrationem
1461 2743 1722 2797 adventus
1766 2741 1884 2813 ejus
1911 2758 2009 2798 nos

415 2837 474 2893 id
515 2850 672 2908 posse
715 2833 1042 2891 credendum
1087 2841 1192 2899 est,
1223 2834 1318 2902 qui
1354 2832 1630 2887 instaurati
1680 2847 1777 2902 per
1811 2831 2009 2888 Christi

411 2928 638 3000 gratiam
665 2935 719 2982 et
759 2928 811 2981 in
853 2925 1133 2981 meliorem
1162 2923 1428 2980 hominem
1464 2925 1634 2980 renati
1664 2939 1882 2991 sumus,
1914 2926 2005 2995 qui

359 3089 364 3094 λ
412 3019 672 3090 sanguine
699 3017 814 3088 ejus
837 3016 1039 3086 expiati
1066 3024 1226 3086 atque
1242 3014 1499 3080 mandati,
1524 3016 1795 3086 ipsiusque
1817 3030 2002 3070 exem-

415 3112 506 3184 plo
544 3111 612 3167 ad
656 3109 1038 3181 perfectionem
1078 3109 1280 3164 incitati
1309 3107 1566 3178 justitizn,
1607 3107 1856 3162 meliores
1901 3107 2009 3162 illis

416 3220 539 3262 esse
563 3204 840 3269 debemus,
869 3203 960 3273 qui
987 3211 1114 3257 ante
1139 3202 1309 3272 legem
1339 3201 1529 3256 fuere?
1563 3219 1582 3254 ι
1613 3199 1806 3256 Videte
1825 3217 2012 3271 quem-

415 3298 706 3354 admodum
729 3307 783 3353 et
812 3296 900 3351 hie
917 3296 1036 3352 aliis
1063 3295 1276 3365 quidem
1299 3295 1494 3360 verbis,
1519 3298 1614 3350 sed
1637 3303 1812 3348 tamen
1836 3296 1886 3348 in
1917 3310 2008 3349 re-

424 3391 681 3447 missione
729 3395 1066 3460 peccatorum
1100 3397 1155 3441 et
1189 3386 1242 3441 in
1263 3385 1509 3455 exemplo
1551 3384 1753 3442 Christi
1806 3384 2010 3454 adjuto-

414 3483 560 3538 rium
585 3480 771 3552 gratia:
814 3478 1173 3534 constituerit.
1215 3476 1416 3532 Deinde
1441 3475 1710 3545 subiungit
1754 3483 1809 3530 et
1836 3475 2008 3529 dicit:

427 3595 447 3630 ε
472 3573 717 3630 Meliores
735 3573 896 3628 etiam
925 3585 1082 3641 quam
1112 3569 1325 3626 fuerunt
1353 3568 1456 3625 sub
1477 3569 1612 3639 lege,
1635 3569 1846 3623 dicente
1871 3569 2014 3637 Apo-

420 3665 580 3728 stolo,
610 3662 880 3718 Peccatum
905 3662 1042 3718 vobis
1080 3678 1182 3715 non
1223 3660 1565 3716 dominabitur
1583 3675 1603 3724 ;
1621 3675 1722 3714 non
1761 3659 1892 3713 enim
1919 3658 2012 3712 sub

421 3755 531 3826 lege
559 3755 677 3810 estis
697 3794 714 3819 ,
735 3753 825 3808 sed
862 3751 952 3808 sub
979 3752 1145 3822 gratia
1174 3750 1350 3824 (Rom.
1388 3766 1462 3816 vt,
1499 3751 1610 3821 l-l).
1649 3751 1716 3805 Et
1757 3750 2008 3820 quoniam

423 3851 571 3917 hinc,
604 3869 623 3904 s
657 3849 848 3920 inquit,
884 3867 904 3900 ι
935 3847 1284 3911 sufficienter,
1315 3853 1374 3901 ut
1403 3853 1551 3914 puto,
1579 3843 1810 3898 diximus
1831 3884 1846 3910 ,
1873 3857 2014 3897 nunc

422 3939 711 4011 perfectam
740 3939 1077 3994 instituamus
1104 3936 1385 4005 virginem,
1409 3951 1527 4005 quae
1547 3949 1613 3989 ex
1638 3943 1859 4003 utroque
1875 3947 2017 3988 sem-

422 4044 521 4102 per
542 4045 790 4095 accensa,
809 4036 863 4084 et
887 4038 1088 4083 natura:
1115 4027 1272 4081 simul
1302 4035 1354 4080 et
1378 4026 1564 4095 gratia:
1585 4025 1780 4080 bonum
1805 4039 2010 4078 morum

423 4121 703 4178 sanctitate
738 4127 976 4173 testetur.
1011 4137 1030 4170 ι
1061 4117 1129 4171 Et
1167 4116 1220 4170 in
1267 4117 1348 4170 his
1377 4115 1554 4170 verbis
1581 4115 1786 4169 debetis
1819 4114 2013 4170 adver-

424 4221 560 4277 tere,
584 4211 704 4266 ideo
730 4211 875 4265 illum
899 4207 1038 4278 quod
1059 4207 1290 4270 dicebat,
1319 4206 1400 4260 sic
1425 4205 1655 4260 voluisse
1670 4204 2012 4272 concludere,

424 4314 482 4360 ut
503 4311 709 4358 naturae
733 4302 932 4356 bonum
962 4299 1316 4368 intelligamus
1335 4339 1349 4363 ,
1377 4296 1519 4367 quod
1545 4311 1664 4350 cum
1701 4311 2016 4351 crearemur

425 4394 764 4464 accepimus;
813 4391 1000 4463 gratia:
1049 4398 1264 4452 autem,
1306 4403 1426 4442 cum
1460 4387 1658 4442 Christi
1702 4387 2012 4442 intuemnr’

427 4485 732 4555 exemplum
760 4500 775 4538 :
806 4493 1056 4553 tanquam
1107 4480 1228 4535 ideo
1271 4489 1548 4549 peccatum
1595 4492 1702 4532 non
1753 4477 2015 4532 indultum

426 4576 593 4634 fuerit
616 4576 696 4631 eis
722 4575 812 4646 qui
853 4574 954 4629 sub
976 4572 1094 4642 lege
1135 4569 1351 4625 fuerunt
1382 4569 1466 4625 vel
1491 4576 1616 4624 sunt
1635 4609 1651 4635 ,
1679 4568 1801 4638 quia
1831 4583 2018 4624 exem-

430 4669 578 4744 plum
605 4666 806 4723 Christi
829 4666 943 4720 sive
973 4679 1078 4719 non
1109 4662 1429 4728 habuerunt,
1459 4661 1572 4716 sive
1601 4675 1705 4715 non
1734 4661 1978 4715 credunt.

497 4757 727 4815 CAPUT
763 4755 1010 4813 XXXIX.
1067 4785 1140 4796 —-
1167 4756 1257 4810 45.
1313 4753 1424 4808 Hoc
1465 4764 1642 4809 autem
1675 4753 1832 4807 istum
1860 4768 2016 4822 sape-

429 4865 524 4915 re,
553 4858 608 4906 et
631 4847 736 4908 alia
762 4847 882 4918 ejus
922 4846 1083 4902 verba
1125 4844 1450 4911 ostendunt,
1481 4860 1590 4899 non
1635 4844 1687 4898 in
1720 4845 1819 4898 hoc
1846 4843 1982 4898 libro
2001 4884 2014 4906 ,

430 4939 528 4998 sed
557 4939 613 4994 in
639 4936 796 4994 tertio
813 4951 910 5008 pro
935 4935 1128 4991 Libero
1157 4934 1410 4998 Arbitrio,
1435 4934 1522 4989 ubi
1549 4933 1617 4988 ad
1645 4949 1768 4988 eum
1796 4933 2019 5003 loquens

430 5039 618 5087 contra
653 5043 822 5100 quem
867 5025 1133 5098 disputat,
1171 5027 1419 5096 quoniam
1457 5025 1544 5080 ille
1579 5034 1827 5094 posuerat
1861 5025 2019 5079 verba

433 5119 674 5191 Apostoli
701 5117 950 5185 dicentis,
976 5114 1098 5171 Non
1124 5115 1260 5187 quod
1287 5115 1398 5170 nolo
1423 5130 1520 5186 ago
1541 5130 1560 5178 ;
1579 5121 1655 5180 et,
1687 5112 1844 5168 Video
1864 5114 2021 5168 aliam

434 5216 595 5286 iugem
617 5213 673 5268 in
709 5210 944 5266 membris
971 5209 1097 5264 meis
1123 5217 1486 5280 repugnantem
1518 5206 1620 5275 legi
1651 5206 1834 5261 utentis
1861 5221 1986 5261 mea:
1999 5245 2015 5271 ,

419 5312 492 5364 ,et
509 5312 705 5362 cetera
726 5316 847 5374 quae
871 5300 944 5358 ibi
967 5300 1248 5363 dicuntur:
1277 5297 1381 5354 iste
1405 5297 1702 5368 respondit.
1729 5306 1889 5369 atque
1909 5298 1982 5352 ait
2005 5315 2018 5352 :

441 5416 464 5453 s
497 5397 610 5454 Hoc
639 5397 786 5454 enim
825 5394 968 5466 quod
995 5402 1051 5448 tu
1092 5392 1161 5448 de
1205 5391 1463 5462 Apostolo
1505 5391 1798 5478 intelligere
1823 5390 2018 5461 acupis,

436 5505 624 5546 omnes
646 5485 996 5546 ecclesiastici
1035 5484 1134 5542 viri
1175 5484 1227 5539 in
1256 5484 1547 5554 peccatoris
1573 5491 1630 5539 et
1657 5483 1756 5539 sub
1783 5482 1902 5553 lege
1929 5481 2022 5536 ad-

504 5667 522 5696 ¹
549 5667 656 5712 Am.
690 5669 744 5716 et
774 5670 913 5731 ηδε..
955 5659 1390 5731 mediocritate-In
1425 5659 1629 5731 epistola
1667 5657 1727 5710 ad
1759 5658 2025 5710 Demetria-

444 5723 582 5798 dem,
619 5727 831 5798 Alpeqd.
870 5723 1086 5798 ttun.__2,
1116 5723 1177 5780 de
1216 5723 1561 5776 mediocritate.

505 5795 527 5826 ι
545 5799 666 5843 Αω..
691 5793 950 5840 imitemur.
978 5793 1074 5846 Fax,

1671 341 1729 398 S.
1771 336 2139 398 AUGUSTINI
2180 340 2480 399 EPISCOPI

3591 349 3701 407 380

2115 453 2218 510 huc
2251 455 2406 524 positi
2435 465 2684 512 asserunt
2719 471 2844 512 eum
2873 456 3074 515 dixisse
3107 473 3371 530 persona,
3397 459 3487 531 qui
3529 461 3700 518 nimia

2101 547 2351 602 vitiorum
2377 547 2766 606 consuetudine
2792 549 2938 605 velut
2960 549 3185 621 quadam
3208 560 3481 607 teneretur
3502 568 3699 610 neces-

2101 638 2258 693 sitate
2284 638 2536 708 peccandi
2556 679 2573 707 ,
2597 649 2652 695 et
2676 640 2921 710 quamvis
2945 639 3145 698 bonum
3179 650 3457 714 appeteret
3495 644 3692 700 volun-

2103 738 2244 797 tate,
2271 744 2370 786 usu
2395 737 2573 787 tamen
2601 732 3018 803 praecipitaretur
3044 733 3096 789 in
3123 735 3344 791 malum.
3374 737 3430 793 lu
3463 753 3697 808 persona

2101 829 2304 890 autem,
2333 841 2354 876 ι
2385 823 2577 895 inquit,
2611 841 2632 876 ι
2661 823 2895 880 hominis
2921 826 3079 882 unius
3101 869 3118 896 ,
3147 827 3394 900 designat
3431 831 3692 902 populum

2101 913 2204 970 sub
2229 924 2412 970 vetere
2437 914 2612 971 adhuc
2639 915 2758 986 lege
2782 927 3125 986 peccantem;
3152 934 3310 988 quem
3335 920 3403 976 ab
3429 919 3532 976 hoc
3559 938 3698 979 con-

2101 1003 2398 1060 suetudinis
2436 1009 2578 1061 malo
2613 1005 2741 1062 dicit
2773 1007 3106 1064 liberandum
3132 1025 3253 1067 esse
3279 1025 3377 1080 per
3397 1011 3698 1082 Christum,

2100 1097 2193 1168 qui
2235 1097 2579 1153 credentibus
2624 1098 2725 1153 sibi
2773 1100 2950 1170 primo
2991 1101 3171 1156 omnia
3218 1117 3316 1172 per
3367 1105 3700 1174 Baptismum

2102 1198 2318 1259 peccata
2348 1189 2600 1256 dimittit,
2626 1189 2819 1247 deinde
2848 1192 3142 1248 imitatione
3169 1194 3250 1249 sui
3287 1194 3357 1249 ad
3402 1196 3703 1266 perfectam

2101 1281 2287 1337 incitat
2313 1281 2671 1349 sanctitatem,
2702 1291 2758 1338 et
2784 1283 3031 1339 vitiorum
3060 1286 3502 1343 consuetudinem
3532 1288 3705 1342 virtu-

2103 1379 2213 1426 tum
2251 1373 2416 1429 vincit
2453 1374 2719 1444 exemplo.
2753 1393 2774 1426 s
2825 1375 2961 1431 Ecce
3004 1376 3276 1446 quomodo
3322 1378 3434 1432 vult
3479 1378 3702 1449 intelligi

2101 1464 2340 1535 adjuvari
2382 1479 2478 1520 eos
2521 1466 2612 1535 qui
2655 1465 2754 1522 sub
2800 1466 2916 1538 lege
2962 1477 3204 1538 peccant,
3241 1477 3298 1523 ut
3341 1484 3436 1538 per
3473 1471 3702 1540 gratiam

2101 1556 2299 1613 Christi
2317 1556 2592 1628 jnstificati
2616 1558 2933 1624 liberentur,
2961 1569 3209 1630 tanquam
3237 1559 3315 1615 eis
3338 1574 3446 1614 non
3471 1559 3702 1614 sufficiat

2103 1649 2214 1705 sola
2259 1650 2362 1716 lex,
2407 1658 2626 1720 propter
2669 1650 2885 1706 nimiam
2931 1651 3186 1721 peccandi
3234 1653 3699 1721 consuetudinem,

2104 1739 2205 1795 nisi
2231 1738 2426 1796 Christi
2452 1739 2692 1808 accedat,
2721 1757 2826 1796 non
2857 1741 3134 1812 inspiratio
3159 1741 3435 1799 charitatis
3459 1758 3556 1814 per
3575 1743 3702 1815 Spi-

2105 1833 2264 1888 ritum
2293 1843 2533 1889 sanctum
2555 1875 2571 1901 ,
2602 1834 2694 1889 sed
2737 1833 3048 1890 intuendum
3077 1844 3132 1890 et
3158 1835 3472 1891 imitandum
3513 1839 3567 1892 in
3598 1836 3702 1892 do-

2104 1926 2275 1980 ctrina
2315 1925 2620 1996 evangelica
2658 1925 2870 1982 virtutis
2907 1927 3024 1996 ejus
3060 1929 3387 1998 exemplum.
3441 1929 3511 1984 Et
3553 1938 3702 1985 certe

2103 2015 2336 2070 maxima
2384 2015 2471 2072 hic
2507 2023 2627 2072 erat
2666 2031 2826 2072 causa
2871 2017 3249 2088 exprimendi,
3297 2034 3456 2090 quam
3497 2019 3705 2090 diceret

2105 2106 2351 2176 gratiam,
2379 2107 2466 2162 ubi
2496 2107 2670 2163 locum
2699 2109 2872 2178 ipsum
2897 2109 2965 2164 de
2991 2123 3097 2180 quo
3122 2109 3431 2180 respondet,
3455 2111 3532 2166 sic
3562 2126 3667 2166 con
3695 2141 3703 2154 -

2106 2197 2264 2252 clusit
2289 2197 2577 2268 Apostolus
2597 2240 2611 2265 ,
2643 2207 2702 2254 ut
2729 2199 2930 2255 diceret
2962 2217 2977 2252 :
3017 2197 3214 2270 Infelix
3237 2216 3330 2270 ego
3377 2201 3546 2269 homo,
3586 2203 3701 2274 quis

2108 2305 2188 2342 me
2211 2287 2438 2344 liberabit
2478 2289 2544 2344 de
2578 2307 2789 2363 corpore
2813 2292 2989 2347 mortis
3017 2292 3212 2363 hujus?
3253 2292 3430 2348 Gratia
3470 2292 3569 2348 Dei
3611 2311 3706 2364 per

2107 2379 2286 2435 Iesum
2313 2381 2567 2436 Christum
2597 2381 2870 2437 Dominum
2901 2393 3127 2437 nostrum
3151 2383 3326 2456 (Rom.
3358 2399 3449 2449 vn,
3479 2385 3566 2450 I5,
3595 2383 3703 2438 23-

2109 2470 2222 2543 25).
2255 2472 2405 2528 Hanc
2441 2473 2543 2528 iste
2569 2489 2691 2528 cum
2734 2474 3062 2540 constituat,
3093 2488 3197 2528 non
3242 2475 3293 2528 in
3338 2475 3544 2530 virtutis
3585 2475 3706 2545 ejus

2113 2563 2329 2629 auxilio,
2363 2563 2458 2619 sed
2488 2564 2798 2619 imitationis
2826 2565 3089 2634 exemplo,
3123 2565 3248 2635 quid
3277 2565 3503 2635 amplius
3522 2565 3589 2620 de
3608 2565 3706 2620 illo

2113 2668 2331 2724 Sperare
2359 2655 2638 2723 debemus,
2667 2655 2985 2726 ubicumque
3009 2656 3194 2727 gratia:
3221 2671 3415 2711 nomen
3454 2657 3554 2713 sub
3589 2671 3707 2711 am-

2111 2745 2266 2815 bigua
2295 2746 2640 2815 generalitate
2663 2746 3080 2801 commemorat?

2183 2833 2410 2891 CAPUT
2440 2835 2553 2891 XL.
2583 2866 2655 2877 —
2681 2836 2770 2891 μ.
2803 2837 2932 2891 Item
2967 2837 3020 2891 in
3049 2836 3238 2891 eodem
3283 2837 3420 2893 libro
3447 2837 3512 2893 ad
3538 2839 3706 2910 virgi-

2112 2941 2237 2982 nem
2265 2941 2469 2981 sacram
2494 2969 2510 2994 ,
2543 2927 2684 2982 unde
2703 2927 2813 2997 jam
2839 2928 2999 2982 etiam
3031 2943 3188 2998 supra
3215 2927 3585 2996 disseruimus,
3615 2931 3706 2987 ubi

2111 3017 2224 3071 ait:
2253 3017 2489 3073 «Subditi
2508 3017 2674 3072 simus
2697 3019 2826 3085 Deo,
2849 3018 3068 3089 ejusque
3089 3017 3333 3074 faciendo
3351 3019 3705 3091 voluntatem,

2112 3105 2344 3161 divinam
2371 3122 2672 3162 mereamur
2695 3110 2939 3178 gratiam,
2969 3119 3020 3163 et
3055 3109 3263 3164 facilius
3290 3125 3514 3180 nequam
3543 3113 3707 3182 spiri-

2115 3199 2212 3262 tui,
2246 3198 2416 3253 sancti
2447 3199 2678 3269 Spiritus
2721 3201 2938 3266 auxilio,
2987 3201 3317 3257 resistamus.
3348 3221 3369 3256 ι
3416 3202 3471 3257 lu
3517 3205 3708 3273 quibus

2113 3289 2231 3361 ejus
2254 3289 2432 3344 verbis
2460 3297 2606 3345 certe
2634 3289 2971 3346 manifestum
3000 3299 3101 3356 est,
3149 3292 3220 3346 ita
3259 3308 3379 3347 eum
3427 3294 3564 3350 velle
3609 3310 3707 3351 nos

2113 3383 2352 3452 adjuvari
2395 3385 2560 3453 gratia
2611 3383 2842 3452 Spiritus
2892 3385 3081 3448 sancti,
3125 3400 3232 3439 non
3285 3387 3406 3456 quia
3454 3387 3570 3442 sine
3619 3388 3711 3443 illo

2115 3475 2275 3529 etiam
2298 3488 2392 3543 per
2421 3474 2588 3529 solam
2622 3483 2823 3529 naturae
2855 3475 3258 3545 possibilitatem
3289 3493 3393 3532 non
3426 3493 3710 3548 possumus
3809 3517 3815 3522 -

2117 3567 2372 3622 resistere
2401 3567 2650 3621 tentatori
2671 3607 2686 3632 ,
2714 3566 2809 3622 sed
2839 3574 2898 3621 ut
2943 3566 3146 3623 facilius
3175 3568 3507 3625 resistamus.
3553 3570 3710 3640 Quod

2118 3667 2293 3713 tamen
2315 3657 2705 3728 qualecumque
2727 3666 2781 3713 et
2799 3659 3340 3730 quantulumcumque
3361 3659 3706 3731 adjutorium,

2117 3765 2238 3805 enim
2265 3749 2522 3805 credibile
2551 3760 2633 3806 est
2662 3751 2712 3804 in
2740 3750 2844 3805 hoc
2873 3752 3222 3820 constituere,
3251 3752 3394 3823 quod
3425 3753 3584 3809 nobis
3613 3754 3712 3809 ad-

2117 3842 2260 3898 ditur
2285 3842 2506 3898 scientia
2537 3841 2807 3898 revelante
2833 3840 3035 3913 Spiritu
3074 3857 3170 3912 per
3195 3844 3516 3906 doctrinam,
3545 3861 3714 3915 quam

2118 3934 2202 3989 vel
2233 3948 2336 3988 non
2362 3949 2668 4004 possumus,
2699 3934 2784 3990 vel
2813 3934 3026 3988 difficile
3048 3934 3244 3990 habere
3287 3951 3569 4006 possumus
3600 3953 3703 4007 per

2119 4030 2388 4082 naturam.
2425 4025 2524 4078 Ista
2569 4032 2693 4078 sunt
2732 4040 2851 4093 qua:
2894 4024 2948 4078 in
2989 4025 3156 4089 libro,
3205 4041 3362 4095 quem
3405 4027 3716 4098 scripsitad

2119 4117 2377 4185 virginem
2421 4114 2638 4182 Christi,
2689 4116 2964 4172 advertere
3010 4119 3176 4187 potui,
3221 4119 3308 4175 ubi
3338 4120 3549 4176 videtur
3585 4137 3716 4194 gra-

2122 4206 2251 4261 tiam
2276 4206 2517 4261 confiteri
2547 4223 2560 4260 :
2592 4222 2710 4278 quae
2737 4208 2974 4277 profecto
3002 4210 3175 4279 qualia
3204 4211 3309 4266 sint
3331 4253 3345 4278 ,
3377 4213 3557 4283 utique
3587 4230 3717 4269 cer-

2121 4299 2266 4352 nilis.

2191 4389 2416 4446 CAPUT
2436 4389 2760 4445 XLl.—45.
2790 4409 2809 4442 ι
2831 4391 3065 4462 Legam,
3099 4412 3118 4446 ι
3154 4393 3352 4464 inquit,
3383 4414 3403 4447 ι
3431 4397 3591 4452 etiam
3632 4415 3722 4454 re-

2121 4495 2250 4536 cens
2275 4497 2452 4536 meum
2478 4481 2824 4552 opusculum,
2869 4482 3009 4552 quod
3039 4498 3134 4552 pro
3170 4484 3365 4540 Libero
3410 4503 3581 4556 nuper
3609 4490 3724 4542 Ar-

2123 4572 2280 4630 bitrio
2319 4572 2483 4629 edere
2523 4573 2790 4643 compulsi
2829 4587 3049 4639 sumus;
3116 4583 3171 4630 et
3211 4587 3499 4645 agnoscent
3552 4595 3721 4650 quam

2123 4664 2301 4734 inique
2341 4679 2440 4719 nos
2475 4664 2759 4734 negatione
2784 4664 2970 4734 gratia:
2997 4663 3257 4720 infamare
3282 4667 3558 4736 gestierint
3577 4709 3592 4730 ,
3623 4671 3723 4738 qui

2123 4773 2220 4828 per
2243 4765 2408 4812 totum
2449 4771 2587 4827 pene
2616 4757 2781 4826 ipsius
2825 4764 3024 4811 textum
3055 4758 3233 4827 operis
3276 4757 3511 4829 perfecte
3555 4769 3728 4832 atque

2126 4847 2332 4918 integre
2356 4853 2413 4901 et
2438 4847 2663 4902 liberum
2692 4845 2970 4902 arbitrium
2996 4847 3311 4902 confitemur
3336 4858 3392 4904 et
3411 4851 3655 4920 gratiam.
3693 4869 3720 4904 ι

2124 4939 2367 5008 Qua-tuor
2393 4945 2518 4992 sunt
2539 4936 2663 4992 libri
2685 4937 2863 5008 operis
2889 4936 3066 5010 hujus,
3092 4948 3148 4994 et
3169 4939 3265 4994 hos
3286 4939 3411 5010 legi,
3441 4951 3494 4997 et
3519 4957 3582 4998 ex
3614 4943 3731 4999 illis

2125 5032 2476 5101 sumpsiqua:
2504 5029 2778 5085 tractanda
2807 5039 2862 5086 et
2886 5031 3216 5087 discutienda
3255 5033 3544 5101 proposui,
3577 5044 3632 5089 et
3661 5043 3731 5089 ut

2124 5121 2273 5193 potui
2303 5119 2643 5190 pertractari,
2669 5127 2954 5191 antequam
2982 5120 3048 5176 ad
3075 5121 3192 5191 ejus
3220 5121 3318 5178 has
3346 5121 3570 5191 litteras,
3597 5139 3731 5194 qua:

2127 5211 2352 5268 Romam
2401 5211 2579 5268 missa:
2623 5221 2782 5280 sunt,
2832 5213 3152 5269 veniremus.
3193 5213 3298 5270 Sed
3341 5215 3393 5270 in
3439 5216 3520 5271 his
3556 5217 3728 5272 etiam

2127 5314 2355 5379 quatuor
2379 5306 2528 5362 libris
2567 5319 2920 5377 qu:eeumque
2959 5321 3057 5376 pro
3080 5307 3247 5378 gratia
3277 5306 3488 5365 videtur
3513 5309 3728 5376 dicere,

2129 5414 2231 5470 qua
2251 5399 2502 5469 iuvamur
2539 5407 2598 5452 ut
2633 5398 2962 5455 declinemus
2991 5414 3020 5452 a
3051 5398 3192 5454 malo
3224 5399 3531 5471 bonumque
3557 5398 3728 5456 facia-

2129 5505 2270 5559 mus,
2297 5493 2370 5545 ita
2392 5489 2539 5556 dicit,
2571 5497 2629 5544 ut
2651 5489 2800 5546 nullo
2823 5489 2984 5546 modo
3008 5504 3039 5544 a
3067 5489 3349 5545 verborum
3372 5490 3733 5562 ambiguitate

2129 5580 2390 5649 discedat,
2415 5596 2572 5652 quam
2602 5581 2875 5652 discipulis
2902 5581 2981 5637 sic
3009 5581 3176 5652 possit
3201 5596 3490 5652 exponere,
3521 5590 3580 5639 ut
3603 5581 3734 5640 nul-

2131 5675 2242 5732 lum
2268 5674 2519 5730 auxilium
2547 5676 2728 5746 gratim
2755 5673 2994 5742 credant,
3027 5690 3129 5746 qua
3159 5685 3364 5730 natura
3394 5674 3732 5746 possibilitas

2133 5766 2430 5837 adjuvetur,
2459 5766 2573 5838 .nisi
2621 5767 2673 5823 in
2717 5767 2833 5837 lege
2862 5777 3020 5835 atque
3054 5767 3295 5822 doctrina
3329 5785 3343 5820 :
3375 5767 3444 5821 ita
3477 5763 3544 5821 ut
3580 5767 3732 5836 ipsas
