3938 6538
1545 231 1630 248 ν.-

181 394 269 458 εει
1350 373 1551 431 LIBER
1589 373 1678 430 DE
1714 371 1969 432 GRA'I‘IA
2009 371 2298 430 CHRISTI.

178 542 364 606 quoque
386 521 673 588 orationes,
701 525 757 574 ut
782 516 837 572 in
862 514 1070 586 scriptis
1096 513 1204 606 suis
1227 512 1562 606 apertissime
1581 511 1726 606 affir-

180 601 291 685 ιὶιιι,
314 615 376 672 ad
400 612 529 670 nihil
554 609 698 666 aliud
721 606 1046 663 adhibendas
1065 605 1330 676 opinetur,
1357 604 1460 659 nisi
1486 611 1544 658 ut
1571 601 1726 658 nobis

179 708 384 765 doctrina
423 702 584 759 etiam
631 699 803 756 divina
847 696 1171 754 revelatione
1212 695 1501 766 aperiatur,
1531 710 1639 748 non
1669 701 1727 748 ut

179 800 418 871 adjuvetur
445 807 601 847 mens
631 789 856 846 bominis
875 830 892 856 ,
923 797 981 844 ut
1007 787 1062 844 id
1090 786 1230 858 quod
1261 785 1561 842 faciendum
1603 797 1726 839 esse

180 889 403 950 didicerit,
425 886 591 942 etiam
620 883 903 939 dilectione
929 891 983 937 et
1003 881 1212 936 actione
1236 878 1497 950 perﬁciat.
1529 876 1612 933 Ab
1636 876 1728 932 illo

180 988 294 1046 enim
313 997 406 1039 suo
431 967 871 1035 manifestissimo
897 976 1145 1049 dogmate
1184 989 1293 1031 non
1319 972 1526 1030 recedit
1551 972 1728 1029 omni-

180 1095 252 1145 no,
273 1075 350 1132 ubi
375 1073 471 1128 tria
493 1071 583 1126 illa
605 1070 902 1135 constituit,
927 1066 1352 1139 possibilitatem,
1377 1065 1727 1133 voluntatem,

179 1168 399 1225 actionem
425 1181 440 1218 :
468 1172 525 1218 et
568 1162 737 1218 solam
767 1161 1178 1232 possibilitatem
1212 1159 1344 1216 dicit
1365 1157 1546 1214 divino
1571 1157 1727 1227 adiu-

181 1260 266 1314 vari
290 1270 487 1326 semper
509 1253 750 1319 auxilio;
780 1253 1107 1308 voluntatem
1152 1258 1331 1308 autem
1373 1258 1429 1308 et
1462 1249 1728 1306 actionem

179 1348 296 1404 nullo
333 1345 421 1401 Dei
464 1343 735 1414 adiutorio
779 1343 1047 1400 existimat
1092 1341 1350 1413 indigere.
1395 1339 1571 1410 Ipsum
1597 1355 1730 1396 vero

180 1437 410 1501 auxilium,
449 1449 555 1506 quo
584 1435 997 1506 possibilitatem
1037 1433 1328 1489 naturalem
1359 1431 1605 1503 perhibet
1631 1431 1728 1487 ad-

177 1529 342 1602 juvari,
371 1527 421 1580 in
451 1527 568 1597 lege
594 1526 879 1582 constituit
905 1537 1062 1597 atque
1090 1525 1328 1587 doctrina
1348 1565 1364 1591 ,
1392 1539 1550 1596 quam
1577 1523 1730 1579 nobis

182 1623 338 1675 fatetur
362 1617 515 1672 etiam
542 1625 736 1672 sancto
762 1615 962 1687 Spiritu
994 1617 1237 1682 revelari,
1267 1623 1487 1686 propter
1508 1613 1648 1685 quod
1675 1621 1731 1669 et

181 1708 395 1762 orandum
421 1721 539 1762 esse
573 1707 849 1762 concedit.
885 1706 987 1762 Sed
1013 1706 1115 1761 hoc
1137 1705 1461 1776 adiutorium
1487 1704 1619 1774 legis
1643 1712 1726 1758 at-

182 1814 264 1870 que
302 1797 540 1853 doctrina:
567 1797 738 1851 etiam
780 1796 1107 1868 praplieticis
1151 1794 1316 1851 fuisse
1356 1793 1726 1865 temporibus:

182 1889 451 1959 adiutorium
486 1899 674 1944 autem
703 1889 911 1960 gratiae,
938 1904 1055 1960 qua:
1083 1889 1294 1960 proprie
1327 1888 1494 1960 gratia
1519 1901 1722 1942 nuncu-

185 1992 324 2053 patur,
347 1979 606 2036 ianristi
633 1996 754 2037 esse
774 1981 1058 2037 arbitratur
1076 1980 1352 2050 exemplo;
1376 1979 1514 2051 quod
1539 1979 1732 2035 nihilo-

187 2073 327 2128 minus
347 2071 404 2126 ad
427 2071 730 2126 doctrinam
761 2073 1028 2142 pertinere
1073 2072 1392 2142 perspicitis,
1431 2087 1549 2142 quae
1575 2069 1732 2126 nobis

199 2167 439 2240 evangelica
465 2165 799 2238 praedicatur
829 2185 843 2222 :
872 2177 931 2222 ut
954 2166 1201 2222 videlicet
1228 2173 1478 2236 tanquam
1521 2164 1604 2220 via
1633 2164 1728 2220 de-

207 2269 449 2326 monstrata,
488 2275 599 2330 qua
634 2260 913 2316 ambulare
951 2258 1258 2323 debeamus,
1293 2257 1403 2329 iam
1442 2255 1644 2313 viribus
1668 2255 1731 2334 Ii-

203 2353 295 2410 beri
313 2353 494 2418 arbitrii,
520 2352 807 2422 adiutorio
833 2353 975 2407 nullo
997 2353 1218 2408 alterius
1239 2351 1552 2423 indigentes,
1584 2349 1731 2406 sufﬁ-

197 2447 356 2499 ciamus
377 2443 528 2508 nobis,
560 2461 636 2499 ne
661 2443 972 2500 deﬁciamus
996 2444 1046 2498 in
1071 2444 1188 2508 via;
1215 2443 1457 2512 quamvis
1476 2450 1534 2498 et
1559 2442 1728 2512 ipsam
1747 2449 1751 2453 '

190 2537 300 2589 viam
321 2536 586 2591 contendat
616 2537 781 2592 etiam
816 2537 928 2591 sola
957 2535 1182 2592 inveniri
1217 2550 1373 2606 posse
1398 2547 1606 2602 natura,
1635 2534 1729 2590 sed

187 2625 383 2689 facilius,
405 2628 443 2680 si
465 2628 677 2698 adiuvet
705 2629 898 2700 gratia.

251 2717 444 2775 CAPUT
469 2718 623 2775 XLII.
651 2751 725 2760 —
751 2721 843 2775 46.
879 2721 1001 2776 limo
1028 2735 1153 2792 ergo
1184 2734 1280 2791 pro
1308 2734 1430 2776 meo
1455 2727 1612 2789 captu
1641 2718 1728 2774 itt-

194 2813 408 2884 telligere
447 2815 579 2883 potui
623 2815 670 2869 in
717 2814 918 2886 Pelagii
959 2814 1190 2884 scriptis,
1237 2812 1452 2884 quando
1491 2811 1732 2881 nominat

199 2906 408 2975 gratiam.
436 2905 616 2961 Videtis
643 2916 844 2972 autem,
873 2907 1012 2977 quod
1041 2906 1130 2976 qui
1161 2906 1260 2960 ista
1286 2905 1540 2972 sentiunt,
1575 2904 1726 2975 igno-

202 3005 354 3050 rantes
378 2996 454 3051 Dei
471 2997 724 3066 justitiam
752 3039 767 3063 ,
797 3012 949 3051 suam
975 2997 1154 3052 volunt
1187 2997 1513 3052 constituere
1546 2995 1724 3067 (Rom.

195 3101 240 3150 x,
269 3087 332 3155 5),
361 3096 402 3141 et
438 3088 580 3157 longe
625 3088 694 3144 ab
738 3089 829 3142 illa
864 3097 1005 3153 sunt,
1049 3104 1166 3159 quae
1203 3087 1359 3143 nobis
1387 3103 1454 3143 ex
1497 3086 1609 3142 Deo
1647 3095 1729 3141 est

190 3174 408 3249 (Pliilipp.
434 3193 502 3244 ιη,
534 3177 592 3249 9)
627 3219 644 3245 ,
673 3194 781 3234 non
826 3195 889 3234 ex
935 3180 1108 3247 nobis,
1154 3195 1310 3249 quam
1351 3181 1405 3234 in
1441 3179 1730 3247 Scripturie

185 3270 375 3322 maxime
397 3271 594 3327 sanatis
615 3272 889 3326 canonicis
912 3273 951 3336 ί,
965 3271 1241 3327 advertere
1259 3281 1418 3342 atque
1437 3285 1729 3341 agnomere

180 3344 606 3428 debuerunt.,$ed
659 3363 782 3431 quia
830 3377 918 3418 eas
959 3363 1245 3418 secundum
1296 3379 1450 3418 suum
1512 3379 1728 3418 sensum

179 3448 341 3518 legunt,
357 3451 594 3519 profecto
612 3453 665 3506 in
687 3453 796 3507 illis
817 3469 914 3509 nec
931 3455 1144 3523 aperta’
1158 3462 1495 3509 eontuentnr.
1518 3455 1728 3511 Utinam

175 3557 280 3614 ergo
296 3544 464 3600 saltem
483 3546 548 3600 in
561 3547 951 3602 catholicorum
980 3548 1211 3602 virorum
1235 3547 1470 3617 scriptis,
1495 3564 1523 3602 a
1541 3547 1730 3616 quibus

176 3646 388 3691 easrecte
408 3637 715 3694 intellectas
746 3654 867 3695 esse
887 3654 992 3693 non
1013 3639 1275 3706 dubitant,
1305 3638 1428 3709 quid
1453 3640 1525 3694 sit
1547 3639 1612 3695 de
1638 3640 1732 3695 ad-

167 3727 333 3797 iutorio
372 3729 572 3785 divina:
619 3732 806 3802 gratia:
855 3730 1206 3793 sentiendum,
1259 3746 1362 3784 non
1407 3730 1732 3801 negligenter

171 3819 487 3892 attenderem,
536 3837 638 3876 nec
667 3838 778 3876 suae
804 3822 1079 3877 sententia:
1108 3837 1291 3877 amore
1321 3823 1483 3876 nimio
1515 3831 1734 3892 printer-

173 3887 450 3982 ircnlji‘iam
483 3914 590 3967 iste
620 3914 737 3982 ipse
767 3914 1010 3984 Pelagius
1036 3915 1091 3968 in
1120 3914 1208 3968 illo
1237 3914 1352 3983 ipso
1377 3916 1576 3968 recenti
1601 3929 1733 3986 opu-

169 4004 289 4056 sculo
311 4021 418 4068 suo,
454 4005 617 4074 cuius
643 4021 702 4061 se
728 4008 1234 4062 commemoratione
1259 4006 1514 4072 defendit,
1548 4008 1598 4063 id
1627 4019 1728 4076 est,

170 4092 212 4144 in
234 4095 374 4148 tertio
402 4095 571 4151 Libro
600 4113 696 4166 pro
725 4097 896 4152 libero
939 4098 1190 4163 Arbitrio,
1220 4107 1460 4153 sanctum
1500 4099 1732 4154 Ambro-

169 4185 278 4236 sium
307 4186 761 4254 quemadmodum
791 4187 989 4252 laudet,
1022 4189 1265 4258 accipite.
1579 4229 1588 4236 .

222 4275 431 4332 CAPUT
457 4277 652 4337 XLIII.
675 4308 749 4318 ——
776 4279 865 4333 47.
900 4297 919 4330 ι
945 4279 1171 4360 Beatus,
1189 4299 1208 4332 ι
1242 4279 1431 4350 inquit,
1462 4298 1478 4330 ι
1507 4279 1734 4334 Ambro-

168 4366 259 4421 sius
278 4369 581 4439 episcopus,
606 4369 658 4423 in
681 4369 835 4438 cuius
853 4371 1113 4440 praecipue
1135 4370 1282 4426 libris
1300 4371 1536 4425 Romana
1560 4370 1736 4426 elucet

171 4455 296 4524 ﬁdes,
320 4458 408 4528 qui
433 4460 762 4534 scriptorum
805 4461 942 4515 inter
969 4459 1188 4515 Latinos
1213 4459 1313 4515 llos
1349 4460 1566 4531 quidam
1607 4476 1734 4530 spe-

171 4548 320 4604 ciosus
337 4553 552 4616 enituit,
579 4552 732 4621 cuius
758 4551 915 4608 (idem
938 4561 991 4607 et
1016 4554 1354 4623 purissimum
1377 4555 1429 4608 in
1449 4544 1736 4624 Scripturis

173 4654 378 4708 sensum,
401 4659 472 4699 ne
493 4644 743 4700 inimicus
763 4644 976 4714 quidem
1002 4660 1162 4701 ausus
1185 4654 1264 4700 est
1286 4645 1695 4715 reprehendere.
1709 4665 1730 4724 ρ

173 4728 288 4788 Ecce
305 4736 553 4805 qualibus
576 4745 632 4792 et
653 4737 867 4808 quantis
890 4736 1140 4808 praedicat
1159 4736 1422 4803 laudibus,
1445 4738 1738 4809 quamlibet

171 4837 389 4883 sanctum
417 4839 473 4885 et
500 4830 718 4886 doctum
746 4831 918 4885 virum
943 4873 958 4899 ,
990 4846 1322 4902 nequaquam
1351 4841 1527 4888 tamen
1553 4841 1738 4888 aucto-

175 4916 293 4972 ritati
317 4917 609 4992 Scriptura:
637 4923 912 4978 canonicte
939 4923 1380 4994 comparandum.
1419 4925 1587 4990 Quem
1617 4939 1741 4994 pro-

176 5017 334 5076 nterea
357 5013 435 5068 sic
462 5015 562 5068 iste
601 5013 965 5082 commendat,
995 5015 1117 5086 quia
1160 5013 1369 5070 videtur
1393 5014 1495 5070 sibi
1524 5014 1576 5069 in
1603 5028 1738 5086 quo—

179 5097 279 5154 dam
312 5101 430 5159 loco
457 5103 712 5160 librorum
739 5103 855 5174 eius
895 5119 962 5160 eo
1009 5111 1144 5160 teste
1172 5105 1269 5173 uti,
1297 5120 1404 5176 quo
1426 5104 1619 5176 probet
1643 5103 1739 5160 lto-

179 5191 350 5246 minem
373 5209 525 5263 posse
540 5211 662 5252 esse
682 5197 796 5250 sine
819 5205 1064 5265 peccato:
1087 5196 1230 5256 unde
1251 5213 1392 5253 nunc
1416 5213 1522 5253 non
1543 5195 1736 5269 agitur,

180 5281 260 5336 ted
282 5286 448 5354 agitur
471 5286 538 5342 de
577 5287 778 5342 auxilio
805 5287 986 5356 gratia:
1011 5329 1027 5355 ,
1056 5304 1160 5359 quo
1187 5289 1253 5343 ad
1281 5303 1385 5344 non
1412 5288 1739 5359 peccandum

181 5374 466 5444 adiuvamur
486 5380 740 5450 iusteque
767 5379 1073 5437 vivendum.

239 5469 454 5529 CAPUT
489 5473 671 5529 ων.
698 5503 772 5515 -
796 5474 888 5530 48.
915 5474 1109 5530 Audiat
1135 5491 1262 5546 ergo
1291 5474 1434 5530 illum
1463 5475 1742 5531 venerabi-

186 5555 278 5614 ιω
298 5563 574 5619 antistitem
597 5563 866 5619 dicentem
889 5573 947 5621 et
969 5564 1245 5622 docentem
1272 5566 1325 5622 in
1345 5565 1584 5621 secundo
1609 5566 1742 5621 libro

242 5690 345 5767 {ita
383 5697 494 5763 Isi.
527 5701 581 5744 Αι
622 5695 862 5767 Θόίιίοιιρο
895 5696 1152 5747 verborum
1177 5697 1365 5760 ordine,
1407 5695 1458 5748 in
1481 5693 1742 5762 scripturis

189 5752 351 5802 unctis
371 5754 569 5806 "manus
592 5757 852 5808 cmdcis.

242 5818 266 5846 ι
281 5813 417 5880 sum,
434 5824 609 5883 operte.
624 5819 924 5884 castigantur
950 5832 1015 5873 ex
1038 5827 1141 5876 uss.

3319 378 3425 434 382

1839 487 2198 558 Expositionis
2213 486 2482 558 Evangelii
2504 486 2792 543 secundum
2810 484 3006 543 Lucam
3025 485 3163 559 (Lib.
3185 489 3241 558 2,
3262 507 3314 545 n.
3331 491 3422 560 8i,
3512 486 3514 488 ’

1832 583 1898 634 ad
1920 577 2050 634 Luc.
2076 596 2151 645 ιιι,
2177 580 2296 652 22),
2325 579 2602 650 cooperari
2635 581 2916 637 Dominum
2945 583 3107 638 etiam
3137 583 3425 638 voluntati-

1835 671 1934 726 bus
1965 670 2181 727 nostris.
2219 691 2239 725 α
2269 671 2428 726 Vides
2468 671 2678 741 itaque,
2714 691 2732 725 ι
2778 673 2980 744 inquit,
3021 693 3040 728 ι
3067 675 3190 745 quia
3228 674 3425 746 ubique

1836 760 2047 818 Domini
2073 762 2242 818 virtus
2271 762 2462 841 studiis
2501 773 2818 834 cooperatur
2859 765 3137 832 humanis;
3179 777 3236 822 ut
3264 783 3424 824 nemo

1833 855 2001 924 possit
2023 854 2288 911 aedificare
2307 855 2422 910 sine
2445 854 2689 921 Domino,
2715 871 2873 912 nemo
2891 858 3159 916 custodire
3184 858 3299 914 sine
3321 859 3426 915 Do-

1834 946 1999 1010 mino,
2028 960 2188 1001 nemo
2213 945 2498 1018 quidquam
2527 944 2762 1016 incipere
2791 946 2906 1002 sine
2936 949 3179 1005 Domino.
3210 951 3279 1006 Et
3304 951 3426 1008 ideo

1827 1027 1978 1106 iuxta
2005 1037 2313 1106 Apostolum
2333 1080 2347 1102 ,
2381 1036 2500 1092 Siue
2524 1039 2870 1108 manducetis,
2897 1040 2999 1094 sive
3027 1041 3222 1110 bibitis,
3253 1045 3425 1098 omnia

1833 1127 1886 1181 itt
1912 1125 2008 1182 Dei
2033 1126 2252 1199 gloriam
2289 1129 2442 1200 facite
2475 1147 2494 1181 ι
2528 1128 2582 1198 (1
2609 1126 2727 1183 Cor.
2760 1145 2828 1194 ι,
2860 1129 2971 1200 5i).
3002 1131 3202 1187 Videtis
3230 1150 3422 1204 quem-

1834 1218 2117 1275 admodum
2147 1228 2365 1275 sanctus
2393 1219 2707 1275 Ambrosius
2732 1221 2891 1276 etiam
2925 1221 3053 1276 illud
3083 1223 3222 1292 quod
3250 1225 3424 1279 solent

1836 1308 2078 1364 homines
2102 1308 2314 1377 dicere,
2344 1308 2454 1364 Nos
2480 1309 2788 1379 incipimus,
2817 1319 2872 1366 et
2899 1311 3039 1366 Dens
3067 1313 3271 1382 perlicit
3290 1355 3306 1381 ,
3338 1313 3424 1370 bis

1833 1399 2012 1455 verbis
2036 1400 2287 1469 abstulit,
2314 1399 2520 1468 dicens,
2555 1421 2573 1454 ι
2603 1400 2879 1457 Neminem
2911 1403 3196 1474 quidquam
3224 1404 3309 1460 vel
3339 1405 3424 1460 itt-

1833 1493 2012 1563 cipere
2039 1495 2157 1548 sine
2181 1494 2308 1549 Deo.
2340 1512 2360 1546 ι
2391 1492 2520 1548 Item
2549 1493 2599 1548 in
2627 1504 2778 1550 sexto
2800 1493 2933 1549 libro
2956 1494 3194 1564 eiusdem
3222 1497 3421 1566 operis,

1833 1597 1955 1637 cum
1983 1582 2050 1638 de
2073 1581 2282 1638 duobus
2308 1583 2410 1637 illis
2430 1582 2744 1638 feneratoris
2771 1584 2924 1640 unius
2952 1584 3280 1639 debitoribus
3300 1601 3426 1656 age-

1833 1681 1916 1728 ret
1954 1691 1968 1728 :
2014 1692 2033 1726 t
2061 1671 2365 1729 Secundum
2395 1673 2638 1729 homines
2658 1714 2674 1740 ,
2704 1692 2723 1727 ι
2755 1675 2958 1744 inquit,
2992 1694 3012 1728 ι
3041 1677 3157 1744 plus
3199 1672 3424 1732 fortasse

1833 1763 2092 1832 offendit,
2122 1764 2210 1832 qui
2256 1763 2373 1834 plus
2415 1763 2674 1820 debuerat
2703 1782 2718 1820 :
2747 1765 2841 1821 sed
2883 1781 2976 1836 per
3005 1767 3421 1824 misericordiam

1837 1855 2042 1910 Domini
2064 1871 2222 1910 causa
2245 1865 2495 1920 mutatur,
2526 1866 2582 1912 ut
2599 1857 2829 1927 amplius
2854 1857 3057 1929 diligat,
3085 1860 3175 1929 qni
3197 1861 3424 1930 amplius

1831 1948 2034 2016 debuit,
2057 1949 2102 2004 si
2134 1958 2311 2005 tamen
2335 1952 2559 2021 gratiam
2577 1960 2935 2023 consequatur
2961 1971 2979 2006 ι
3005 1952 3142 2026 (Lib.
3165 1953 3221 2020 6,
3245 1971 3297 2008 η.
3327 1953 3419 2021 25,

1833 2040 1901 2094 ad
1924 2038 2050 2094 Luc.
2074 2056 2181 2107 vn,
2211 2041 2324 2114 Η).
2373 2042 2509 2098 Ecce
2544 2043 2880 2113 apertissime
2933 2045 3187 2115 pra-dicat
3237 2045 3424 2101 CtlIIIOv

1835 2130 1966 2187 licus
2010 2131 2198 2188 doctor
2240 2135 2399 2189 etiam
2449 2135 2616 2206 ipsam
2657 2136 3027 2202 dilectionem,
3059 2153 3159 2208 qua
3199 2139 3425 2210 quisque

1833 2222 2062 2293 amplius
2087 2223 2284 2296 diligit,
2313 2225 2380 2282 ad
2405 2225 2720 2283 beneficium
2747 2228 2929 2300 gratia:
2956 2233 3242 2299 pertinere.

1907 2317 2134 2375 CAPUT
2175 2318 2332 2374 XLV.
2361 2351 2432 2360 —
2456 2321 2544 2376 49.
2580 2321 2749 2391 Ipsam
2777 2323 3005 2392 denique
3034 2324 3419 2392 paenitentiam,

1833 2426 1990 2482 quam
2019 2413 2196 2480 procul
2225 2412 2386 2467 dubio
2412 2414 2654 2468 voluntas
2678 2413 2803 2484 agit,
2830 2415 3035 2469 Domini
3059 2416 3423 2472 misericordia

1833 2513 1885 2558 et
1915 2503 2177 2574 adiutorio
2207 2502 2318 2560 ﬁeri
2346 2513 2405 2559 ut
2434 2515 2654 2575 agatur,
2688 2503 2740 2559 in
2769 2520 2910 2560 nono
2932 2506 2948 2537 ⁸
2979 2506 3215 2576 eiusdem
3244 2507 3422 2577 aperis

1833 2595 1968 2650 libro
2011 2596 2197 2650 beatus
2238 2596 2367 2651 dicit
2409 2595 2756 2663 Ambrosius,
2800 2597 2868 2650 ita
2912 2598 3177 2667 loquens:
3214 2617 3232 2650 ι
3265 2599 3423 2656 Bona:

1831 2684 2102 2757 Iacrymic,
2131 2701 2250 2756 qua:
2277 2687 2484 2754 culpam
2515 2687 2708 2740 lavant.
2740 2685 2976 2758 Denique
3001 2703 3134 2758 quos
3153 2687 3307 2744 Jesus
3333 2705 3421 2745 re-

1832 2773 2010 2847 spicit,
2039 2777 2248 2847 plorant
2267 2778 2310 2830 '.
2335 2776 2554 2846 Negavit
2583 2777 2753 2847 primo
2785 2777 2972 2832 Petrus
2990 2821 3005 2845 ,
3033 2787 3088 2833 et
3116 2794 3221 2834 non
3250 2779 3420 2849 flevit,

1831 2870 1954 2941 quia
1985 2885 2088 2925 non
2113 2877 2422 2940 respexerat
2447 2869 2704 2925 Dominus
2732 2887 2747 2925 :
2780 2870 2991 2942 negavit
3019 2871 3250 2927 secundo
3269 2913 3284 2938 ,
3311 2888 3421 2928 non

1833 2961 2010 3030 flevit,
2049 2963 2170 3034 quia
2197 2962 2368 3018 adhuc
2396 2978 2501 3018 non
2529 2973 2838 3033 respexerat
2867 2963 3117 3018 Dominus
3159 2983 3173 3020 :
3214 2965 3426 3034 negavit

1833 3063 1886 3109 et
1926 3055 2103 3122 tertio,
2135 3055 2368 3124 respexit
2403 3053 2579 3121 Jesus,
2627 3063 2683 3110 et
2729 3055 2816 3110 ille
2844 3055 3174 3112 amarissime
3223 3055 3368 3112 ﬂevit
3396 3076 3416 3110 ι

1835 3146 1972 3220 (Lib.
2001 3147 2086 3213 l0,
2111 3165 2162 3201 η.
2192 3147 2281 3212 89,
2311 3147 2379 3201 ad
2404 3145 2530 3202 Luc.
2560 3163 2700 3214 xxn,
2731 3149 2840 3220 Gl).
2886 3147 3087 3218 Legant
3132 3150 3216 3203 isti
3247 3150 3424 3205 Evan-

1833 3239 2048 3311 gelium,
2080 3248 2132 3295 et
2156 3239 2368 3293 γὶιιυτιιιι
2398 3239 2678 3294 Dominum
2704 3239 2882 3295 Jcsum
2913 3249 3038 3295 tunc
3063 3240 3203 3296 intus
3233 3240 3420 3309 fuisse,

1833 3348 1952 3386 enm
1994 3349 2022 3386 a
2062 3333 2394 3388 sacerdotum
2427 3333 2749 3403 principibus
2779 3333 3051 3389 audiretur
3081 3353 3093 3388 :
3123 3336 3420 3405 apostolum

1835 3438 1962 3478 vero
1990 3423 2203 3477 Petrum
2233 3421 2364 3476 foris
2393 3434 2446 3478 ct
2473 3423 2722 3479 deorsum
2757 3424 2806 3478 in
2839 3425 2975 3478 atrio
3003 3440 3125 3479 cum
3156 3425 3324 3480 servis
3355 3425 3423 3480 ad

1837 3513 2011 3568 locum
2040 3529 2180 3568 nunc
2206 3513 2502 3577 sedentem,
2537 3529 2675 3568 nunc
2701 3523 2948 3582 stantem,
2977 3515 3112 3572 sicut
3138 3516 3418 3572 veracissi-

1836 3622 1919 3660 ma
1948 3616 2002 3661 et
2026 3605 2439 3661 concordissima
2467 3604 2922 3676 Evangelistarnm
2947 3608 3248 3664 narratione
3272 3623 3427 3664 mon—

1836 3707 2052 3752 stratur.
2081 3697 2234 3753 Unde
2260 3713 2366 3752 non
2393 3706 2566 3768 potest
2588 3698 2690 3752 dici
2709 3739 2725 3766 ,
2753 3699 2892 3769 quod
2915 3701 3278 3768 corporalibus
3297 3717 3427 3758 ocu-

1839 3788 1903 3844 lis
1947 3805 2068 3844 eum
2111 3789 2364 3843 Dominus
2407 3788 2684 3844 visibiliter
2725 3790 3060 3845 admonendo
3105 3794 3422 3862 respexerit.

1838 3881 1903 3934 Et
1936 3879 2056 3935 ideo
2086 3880 2224 3949 qttod
2256 3880 2325 3934 ibi
2354 3878 2610 3948 scriptum
2638 3891 2739 3947 est,
2773 3881 3012 3952 Respexit
3039 3899 3152 3935 eum
3181 3881 3427 3938 Dominus

1838 3970 1985 4040 (Luc.
2013 3985 2146 4037 xxn,
2176 3967 2299 4042 (il);
2332 3969 2476 4024 intus
2503 3979 2676 4024 actum
2705 3980 2806 4036 est,
2839 3973 3096 4026 intuente
3121 3980 3294 4026 actum
3321 3982 3422 4038 est,

1837 4061 1892 4115 in
1916 4061 2190 4116 voluntate
2219 4070 2396 4117 actum
2424 4070 2507 4119 est
2528 4061 2569 4114 ³.
2596 4061 2956 4118 Misericordia
2984 4063 3236 4118 Dominus
3257 4064 3429 4121 laten-

1839 4162 1919 4208 ter
1949 4151 2227 4219 subvenit,
2259 4169 2353 4208 cor
2384 4152 2582 4224 tetigit,
2616 4153 2924 4208 memoriam
2953 4155 3222 4209 revocavit
3242 4196 3256 4219 ,
3293 4155 3430 4209 inte-

1839 4246 1979 4300 riore
2018 4245 2185 4315 gratia
2229 4260 2323 4300 sua
2354 4245 2584 4299 visitavit
2611 4245 2859 4312 Petrum,
2895 4245 3158 4300 interioris
3201 4246 3428 4306 hominis

1838 4352 2005 4407 usque
2035 4336 2099 4390 ad
2131 4338 2428 4392 exteriores
2466 4338 2727 4410 lacrymas
2771 4339 2934 4392 movit
2969 4346 3022 4392 et
3061 4339 3307 4408 produxit
3345 4340 3428 4392 af-

1841 4427 2058 4482 fectum.
2098 4428 2237 4483 Ecce
2274 4427 2720 4498 quemadmodum
2763 4428 2901 4483 Dens
2939 4428 3236 4499 adiuvando
3278 4429 3429 4484 adi-st

1839 4518 2198 4573 voluntatibus
2231 4527 2288 4572 et
2323 4518 2622 4573 actionibus
2659 4519 2856 4574 nostris
2887 4537 2898 4574 :
2926 4534 3052 4575 ecce
3080 4520 3429 4588 quemadtno.

1840 4609 1965 4665 dum
1994 4619 2049 4666 et
2077 4611 2209 4665 velle
2238 4620 2292 4666 et
2319 4611 2530 4681 operari
2560 4621 2811 4681 operatur
2840 4612 2892 4666 in
2925 4612 3096 4667 nobis.

1911 4701 2001 4758 50.
2036 4701 2164 4756 Item
2195 4702 2246 4756 in
2278 4701 2467 4758 eodem
2497 4702 2634 4757 libro
2665 4702 2804 4758 idem
2833 4713 3048 4760 sanctus
3080 4705 3428 4761 Ambrosius:

1848 4811 1866 4844 ε
1892 4791 2022 4847 Nam
2047 4792 2090 4847 si
2114 4792 2323 4858 Petrus,
2349 4811 2368 4844 ι
2397 4793 2566 4864 inquit
2594 4791 2728 4866 (Lib.
2746 4794 2833 4861 to,
2857 4812 2910 4850 η.
2930 4795 3018 4860 9f,
3045 4796 3111 4850 ad
3125 4781 3255 4850 Luc.
3276 4795 3430 4869 XXII),

1847 4903 1866 4937 ι
1896 4885 2075 4956 lapsus
2095 4894 2195 4954 est,
2223 4885 2311 4958 qui
2338 4885 2493 4952 dixit,
2521 4885 2631 4947 Etsi
2651 4886 2742 4942 alii
2762 4889 3093 4944 scandalizati
3109 4891 3317 4962 fuerint,
3337 4907 3432 4963 ego

1848 4995 1867 5028 ι
1899 4993 1997 5031 non
2017 4976 2400 5032 scandalizabor
2423 4976 2634 5050 (Matth.
2656 4995 2806 5047 xxvt,
2821 4981 2935 5050 55);
2949 4981 3066 5052 quis
3085 4981 3221 5037 alius
3227 4981 3349 5053 iure
3364 4983 3433 5038 de

1849 5086 1866 5119 ι
1897 5083 1954 5122 se
1982 5069 2304 5139 praesumat?
2337 5069 2574 5144 Denique
2598 5069 2758 5125 David
2788 5071 2906 5142 quia
2929 5070 3162 5139 dixerat,
3185 5071 3297 5144 Ego
3325 5073 3432 5128 dixi

1849 5180 1868 5214 ι
1897 5162 1949 5215 in
1974 5177 2084 5216 mea
2109 5140 2420 5216 abundantia
2439 5203 2456 5230 ,
2489 5159 2611 5216 Non
2632 5163 2862 5218 movebar
2886 5165 2938 5218 in
2975 5174 3217 5233 retentum
3234 5179 3254 5230 ;
3283 5180 3432 5221 suam

1851 5272 1869 5306 ι
1897 5254 1996 5309 sibi
2027 5253 2338 5324 iactantiam
2365 5253 2600 5311 obfuisse
2628 5254 2904 5326 profitetur
2922 5297 2936 5322 ,
2959 5255 3173 5324 dicens,
3202 5257 3435 5312 Avertistt'

1909 5454 1928 5486 ⁸
1953 5454 2038 5527 ιξῖᾳ
2053 5453 2336 5527 editiittxta
2358 5451 2912 5527 vulgatatnjtmlirosiaui
2935 5453 3078 5527 huius
3093 5452 3265 5527 operis
3278 5453 3329 5503 in
3349 5451 3437 5524 dc-

1843 5527 1953 5566 ccm
1976 5513 2128 5566 libros
2162 5512 2576 5577 distributionem,
2604 5512 2655 5566 in
2696 5513 2902 5566 decimo.
2940 5512 3200 5566 At'omties
3233 5523 3361 5575 Mss,
3383 5513 3436 5566 in

1848 5589 2000 5712 torio
2026 5638 2170 5712 editis
2186 5674 2201 5700 ,
2226 5638 2417 5712 plorant
2439 5636 2684 5712 delictum.
2709 5644 2838 5689 uane
2859 5651 3044 5700 vocem,
3072 5636 3317 5698 delictum,
3343 5651 3437 5690 nec

1846 5706 1954 5750 mss.
1979 5700 2176 5760 addunt,
2197 5700 2292 5751 nec
2309 5702 2596 5751 Ambrosius.

1911 5763 1932 5795 ³
1949 5769 2056 5825 _I)uo
2072 5759 2198 5822 Mss,
2216 5777 2342 5814 unus
2369 5762 2637 5825 casalensis
2651 5799 2664 5822 ,
2685 5761 2810 5812 alter
2830 5763 3110 5825 Victorinus,
3133 5759 3260 5814 intus
3276 5770 3437 5816 actum

1849 5829 1921 5877 est
1940 5822 1992 5878 in
2011 5833 2166 5878 mente
2187 5831 2346 5877 actum
2367 5831 2437 5876 est
2458 5823 2511 5876 in
2531 5823 2786 5876 voluntate.
