3938 6516
623 285 728 340 585

627 411 645 443 ι
683 397 862 464 [aciem
883 407 1039 468 tuam,
1072 411 1118 456 ct
1139 405 1307 472 factus
1327 421 1436 457 sum
1458 409 1778 464 conturbatus
1801 429 1819 462 ι
1848 411 2020 482 (Psal.
2056 432 2200 478 xxix,

619 482 680 552 7,
708 488 785 562 8).
816 491 1008 547 Au'diat
1032 493 1130 548 iste
1159 500 1360 550 tantum
1399 497 1570 552 virum
1615 501 1892 556 docentem
1919 547 1933 572 ,
1966 505 2204 562 imitetur

617 579 924 637 credentem
945 626 959 650 ,
988 587 1138 654 cujus
1175 585 1470 642 doctrinam
1502 589 1766 662 ﬁdemque
1797 593 2044 650 laudavit.
2085 599 2197 652 Au-

616 670 726 726 diat
755 672 1055 741 humiliter,
1087 675 1324 733 imitetur
1351 679 1579 736 ﬁdeliter
1605 701 1620 738 :
1647 700 1750 739 non
1786 685 1852 740 de
1880 703 1938 742 se
1965 690 2197 756 pertina-

612 765 748 820 citcr
784 777 1103 836 praesumat,
1143 787 1210 826 ne
1253 783 1452 842 pereat.
1484 774 1622 844 Quid
1663 777 1715 833 in
1756 794 1821 833 co
1860 781 2048 852 pelago
2085 785 2198 838 vult

610 858 774 928 mergi
797 858 1057 930 Pelagius,
1084 863 1222 918 unde
1247 881 1339 934 per
1359 876 1560 937 petram
1585 869 1838 926 liberatus
1864 883 1947 928 est
1969 875 2195 932 Petrus?

677 949 902 1006 CAPUT
941 953 1123 1010 XLVI.
1159 985 1234 996 —
1269 957 1357 1014 51.
1389 959 1584 1015 Audiat
1620 963 1865 1018 eumdem
1904 967 2190 1023 antistitem

529 1107 534 1110 ν
605 1039 698 1096 Dei
741 1041 794 1096 in
827 1053 981 1100 sexto
1013 1047 1193 1104 itidem
1239 1049 1373 1106 libro
1414 1051 1652 1122 ejusdem
1683 1055 1860 1125 operis
1885 1055 2189 1116 dicentem:

609 1150 627 1183 ι
657 1133 766 1190 Cur
802 1145 978 1194 autem
1021 1157 1127 1195 non
1170 1144 1470 1213 receperint
1496 1159 1653 1212 eum,
1699 1148 2036 1218 Evangeiista
2075 1149 2190 1221 ipse

601 1229 936 1296 memoravit,
963 1229 1146 1287 dicens
1175 1251 1188 1289 :
1221 1233 1350 1300 Quia
1376 1235 1531 1306 facies
1555 1237 1663 1307 ejus
1687 1249 1794 1292 erat
1823 1241 1984 1295 euntis
2011 1242 2062 1296 in
2090 1243 2187 1297 .Ie-

597 1318 838 1374 rusalcm.
865 1321 1112 1393 Discipuli
1132 1333 1310 1381 autem
1335 1327 1498 1396 recipi
1523 1327 1657 1382 intra
1681 1328 1971 1385 Samariam
1995 1334 2186 1403 gestie-

597 1407 745 1464 bant.
777 1409 881 1466 Sed
924 1412 1066 1468 Deus
1108 1431 1242 1486 quos
1279 1416 1526 1487 dignatur
1562 1430 1747 1485 vocat,
1787 1432 1842 1476 et
1877 1439 2033 1492 quem
2077 1426 2184 1480 vult

595 1499 901 1572 religiosum
948 1503 1072 1561 faCit
1125 1525 1145 1559 ι
1173 1506 1307 1580 (Lib.
1337 1508 1390 1575 7,
1435 1526 1488 1564 η.
1527 1511 1632 1578 27,
1674 1513 1742 1566 ad
1777 1511 1901 1568 Luc.
1936 1531 2022 1582 lx,
2066 1517 2177 1589 53).

594 1588 639 1643 Ο
669 1605 882 1658 sensum
913 1593 1144 1651 hominis
1169 1598 1296 1666 Dei,
1321 1615 1386 1655 ex
1415 1601 1530 1670 ipso
1560 1601 1805 1658 haustum
1831 1605 1972 1660 fonte
1997 1607 2180 1676 gratia:

591 1677 720 1732 Dei!
756 1699 774 1733 ι
804 1682 965 1748 Deus,
996 1703 1018 1736 ι
1049 1686 1236 1757 inquit,
1271 1707 1292 1741 ι
1318 1704 1452 1758 quos
1477 1690 1722 1762 dignatur
1743 1702 1915 1762 vocat,
1942 1704 1995 1750 et
2019 1711 2176 1766 quem

589 1777 705 1829 vult
731 1777 1032 1850 religiosum
1061 1780 1204 1837 facit.
1235 1801 1254 1835 ι
1283 1781 1468 1840 Videte
1493 1786 1538 1840 si
1566 1801 1668 1841 non
1696 1785 1823 1842 illud
1845 1796 1927 1843 est
1949 1792 2176 1862 prophe-

589 1865 750 1920 ticam
773 1908 790 1934 ,
825 1869 1100 1926 Μίδαι-εὐοι-
1125 1874 1271 1943 cujus
1303 1876 1530 1931 misertus
1555 1893 1640 1932 ero
1659 1919 1673 1943 ,
1707 1888 1755 1932 et
1779 1880 2174 1937 misericordiam

587 1961 836 2027 pra’slabo
879 1962 960 2015 cui
1000 1963 1282 2020 misericors
1325 1970 1468 2039 fuero
1493 1984 1514 2022 :
1539 1977 1593 2024 et
1634 1970 1761 2025 illud
1799 1973 2169 2044 apostolicum,

583 2043 756 2118 lgilur
779 2067 880 2105 non
909 2053 1116 2109 volentis
1144 2073 1300 2127 neque
1327 2061 1590 2124 currentis,
1623 2061 1712 2116 sed
1738 2063 2014 2120 miscrentis
2039 2065 2130 2120 Dei
2152 2069 2167 2100 ¹

582 2137 775 2210 (Exod.
806 2158 1012 2212 xxxni,
1049 2147 1149 2214 iit;
1185 2149 1335 2204 Rom.
1366 2166 1453 2216 ix,
1497 2153 1591 2216 15,
1636 2152 1744 2226 16).
1785 2156 1915 2222 Quia
1959 2169 2016 2214 ut
2044 2161 2170 2218 dicit

579 2231 740 2284 etiam
773 2244 1073 2291 nostrorum
1109 2248 1402 2310 temporum
1434 2241 1593 2298 homo
1623 2243 1740 2313 ejus
1761 2245 1800 2309 ί,
1843 2268 1862 2300 ι
1891 2248 2056 2316 Quem
2089 2253 2168 2307 di-

577 2332 770 2390 gnatur
805 2334 992 2394 vocat,
1021 2337 1075 2383 et
1102 2345 1258 2400 quem
1289 2332 1401 2386 vult
1431 2333 1736 2404 religiosum
1767 2337 1908 2395 facit.
1945 2361 1965 2393 ι
1997 2342 2164 2400 Nunt-

577 2412 702 2482 quid
728 2413 918 2486 aliquis
944 2415 1121 2475 dicere
1144 2421 1394 2492 audebit,
1425 2425 1658 2482 nondum
1687 2445 1810 2486 esse
1835 2433 2159 2504 religiosum,

581 2520 602 2555 ι
631 2504 722 2574 qui
750 2508 916 2563 currit
941 2509 1008 2565 ad
1035 2511 1315 2569 Dominum
1336 2557 1351 2582 ,
1383 2527 1436 2573 et
1467 2519 1535 2574 ab
1565 2535 1631 2576 eo
1657 2537 1716 2578 se
1745 2526 1856 2595 regi
1893 2528 2071 2598 cupit,
2109 2538 2163 2585 et

573 2596 901 2656 voluntatem
929 2615 1078 2658 suam
1109 2621 1175 2660 ex
1204 2607 1320 2678 ejus
1349 2610 1617 2668 voluntate
1642 2618 1915 2686 suspendit
1935 2596 2158 2692 ,_etqui

571 2689 620 2744 ei
648 2689 970 2749 adliaarendo
1011 2695 1240 2768 jugiter,
1287 2717 1459 2771 unus,
1502 2707 1791 2764 secundum
1822 2689 2154 2783 Apostolum,

570 2794 692 2835 cum
738 2797 803 2837 eo
841 2783 901 2839 ﬁt
937 2786 1154 2856 spiritus
1181 2808 1201 2842 ι
1250 2789 1474 2866 (Pelagii
1509 2798 1690 2865 verba,
1722 2817 1908 2872 supra,
1939 2821 1992 2859 ιι.
2023 2804 2160 2875 9.4)?

567 2872 641 2925 At
667 2871 768 2928 hoc
800 2883 964 2932 totum
1006 2887 1114 2935 tam
1160 2897 1407 2954 magnum
1451 2888 1682 2960 religiosi
1729 2871 1960 2949 hominis
1999 2911 2153 2967 opus,

565 2961 813 3035 Pelagius
847 2984 868 3018 ι
899 2983 1004 3024 ιιοιι
1034 2988 1053 3022 ι
1085 2971 1214 3028 dicit
1243 2993 1263 3026 ι
1292 2975 1452 3044 efﬁci,
1478 2979 1580 3035 nisi
1604 2982 1808 3038 arbitrii
1835 2961 2096 3044 libertate.

565 3051 760 3110 Contra
781 3065 958 3114 autem
979 3059 1168 3120 beatus
1183 3063 1496 3125 Ambrosius
1517 3069 1682 3142 ipsius
1704 3084 1806 3129 tam
1830 3077 2154 3136 excellenter

568 3159 664 3198 ore
694 3145 975 3218 laudatus,
1013 3169 1032 3204 ι
1063 3151 1319 3211 Dominus
1342 3157 1515 3226 Deus,
1547 3179 1567 3213 ι
1602 3163 1797 3234 inquit,
1831 3185 1851 3218 ι
1879 3184 2034 3238 quem
2067 3169 2151 3226 di-

553 3243 758 3304 gnatur
781 3249 956 3308 vocat,
982 3251 1036 3298 et
1063 3259 1221 3314 quem
1247 3248 1358 3303 vult
1384 3251 1689 3322 religiosum
1717 3255 1858 3312 facit.
1889 3279 1907 3312 ι
1939 3262 2072 3332 Ergo
2093 3271 2152 3318 ut

559 3335 737 3382 currat
763 3329 830 3383 ad
861 3331 1160 3402 Dominum,
1186 3339 1326 3394 etab
1351 3357 1416 3397 eo
1441 3359 1500 3399 se
1527 3346 1636 3416 regi
1666 3349 1859 3418 cupiat,
1893 3368 2149 3424 suamque

559 3417 888 3475 voluntatem
920 3439 986 3478 ex
1017 3423 1132 3495 ejus
1161 3430 1428 3488 voluntate
1455 3437 1761 3506 suspendat,
1792 3441 1946 3512 eique
1969 3443 2149 3501 adlue-

557 3508 727 3563 rendo
747 3511 943 3582 jugiter
967 3531 1123 3583 unus,
1151 3522 1442 3578 secundum
1468 3527 1801 3596 Apostolum,
1831 3508 1948 3588 cum
1970 3551 2033 3592 eo
2057 3537 2146 3593 ﬁat

553 3597 775 3667 Spiritus
807 3601 828 3675 (
844 3602 862 3656 Ι
890 3603 1008 3660 Cor.
1038 3623 1123 3676 γι,
1155 3610 1247 3681 17)
1267 3653 1282 3678 ,
1317 3613 1454 3668 Deus
1493 3632 1648 3686 quem
1687 3621 1798 3676 vult
1837 3624 2140 3696 religiosum

552 3690 679 3748 facit
706 3711 720 3748 :
747 3704 802 3751 et
841 3697 940 3752 hoc
971 3708 1137 3756 totum
1169 3702 1330 3760 homo
1373 3708 1477 3764 nisi
1520 3711 1797 3783 religiosus
1846 3690 1962 3771 non.
1994 3717 2137 3774 facit.

550 3780 885 3855 Quapropter
899 3789 998 3843 nisi
1014 3805 1043 3844 a
1063 3790 1171 3848 Deo
1189 3791 1309 3860 ﬁat,
1329 3805 1386 3850 ut
1402 3796 1502 3853 hoc
1521 3780 1703 3867 faciat,
1722 3805 1841 3874 quis
1859 3805 1958 3861 hoc
1975 3806 2139 3864 facit?

617 3871 846 3958 CAPUT
883 3878 1090 3936 XLVII.
1121 3913 1194 3925 ——
1219 3885 1308 3941 52.
1339 3886 1442 3943 Sed
1473 3892 1591 3961 quia
1625 3895 1724 3948 ista
1740 3871 2016 3966 quurstio,
2047 3901 2134 3957 ubi

545 3963 613 4019 de
639 3955 861 4023 arbitrio
887 3971 1176 4030 voluntatis
1203 3985 1258 4032 et
1285 3978 1376 4034 Dei
1402 3955 1568 4050 gratia
1599 3955 1920 4055 disputatur,
1955 3955 2024 4045 ita
2054 3999 2136 4049 est

545 4054 613 4109 ad
640 4055 1053 4118 discernendum
1080 4063 1332 4132 difﬁcilis,
1361 4081 1420 4124 ut
1445 4074 1655 4142 quando
1679 4054 1978 4135 defenditur
2005 4085 2134 4140 libe-

544 4161 662 4200 rum
703 4150 1016 4218 arbitrium,
1060 4158 1239 4227 negari
1271 4159 1362 4214 Dei
1399 4163 1566 4231 gratia
1607 4165 1879 4236 videatur;
1921 4175 2132 4243 quando

543 4247 720 4292 autem
747 4242 1004 4298 asscritur
1033 4245 1121 4300 Dei
1146 4251 1334 4317 gratia,
1365 4251 1590 4310 liberum
1618 4259 1891 4316 arbitrium
1919 4275 2132 4334 putetur

540 4331 782 4388 auferri:
813 4344 986 4404 potest
1032 4339 1276 4411 Pelagius
1323 4344 1394 4399 ita
1439 4361 1498 4402 se
1540 4347 1756 4407 latebris
1793 4331 2128 4415 obscuritatis

540 4421 697 4494 hujus
726 4427 998 4486 involvere
1017 4473 1031 4497 ,
1064 4442 1121 4487 ut
1145 4434 1302 4490 etiam
1333 4436 1396 4492 iis
1433 4454 1552 4510 qua:
1579 4457 1609 4495 a
1638 4455 1820 4501 sancto
1848 4447 2126 4508 Ambrosio

537 4518 836 4589 conscripta
880 4521 1186 4592 posuimus,
1227 4530 1531 4587 consentire
1568 4547 1628 4590 se
1663 4535 1835 4605 dicat;
1878 4548 1932 4594 et
1965 4557 2026 4597 ea
2066 4559 2125 4600 se

537 4621 749 4678 quoque
773 4613 972 4669 sentire
997 4617 1308 4685 proclamet,
1334 4635 1647 4696 semperque
1673 4629 1940 4698 sensisse;
1964 4642 2123 4704 atque

537 4695 608 4750 ita
634 4699 836 4770 singula
864 4714 1086 4761 conetur
1115 4723 1404 4779 exponere,
1436 4721 1493 4768 ut
1515 4695 1676 4772 etiam
1705 4719 1816 4790 ejus
1843 4727 2122 4782 sententiae

535 4792 823 4846 convenire
850 4795 1151 4852 credantur.
1180 4799 1514 4873 Quapropter
1551 4819 1803 4877 quantum
1838 4816 2027 4872 attinet
2052 4819 2118 4874 ad

534 4877 690 4934 istaut
730 4881 798 4936 de
830 4883 1004 4940 divina
1040 4890 1207 4958 gratia
1239 4901 1292 4946 et
1319 4893 1581 4965 adjutorio
1609 4903 1953 4970 quatstionem
1974 4948 1990 4974 ,
2019 4911 2115 4970 tria

532 4970 620 5025 illa
645 4987 764 5043 qua:
792 4975 1128 5046 apertissime
1156 4980 1397 5040 distinxit
1418 4990 1673 5047 attendite
1700 5011 1713 5046 :
1745 5010 1926 5066 posse,
1958 4970 2112 5070 velle,

529 5075 651 5117 esse
671 5061 722 5129 ³;
749 5061 804 5118 id
829 5073 947 5131 est,
976 5068 1381 5137 possibilitatem
1403 5116 1417 5138 ,
1449 5061 1794 5149 voluntatem,
1825 5061 2111 5147 actionem;

527 5151 584 5210 Si
607 5169 735 5225 ergo
754 5160 1085 5215 consenserit
1109 5162 1284 5231 nobis,
1307 5181 1414 5221 non
1439 5170 1604 5226 solam
1633 5175 2032 5244 possibilitatem
2058 5183 2109 5239 in

526 5244 746 5304 nomine
764 5290 780 5316 ,
810 5250 1018 5306 etiamsi
1045 5269 1143 5309 nec
1169 5255 1323 5323 velit,
1357 5275 1453 5316 nec
1478 5273 1600 5333 agat
1626 5266 1762 5323 bene
1779 5310 1794 5334 ,
1822 5271 1916 5327 sed
1941 5273 2108 5343 ipsam

523 5353 737 5410 quoque
765 5341 1092 5399 voluntatem
1122 5356 1176 5401 et
1203 5349 1486 5420 actionem,
1519 5354 1572 5409 id
1597 5367 1700 5426 est,
1729 5368 1786 5414 ut
1813 5361 1948 5418 bene
1962 5341 2110 5421 veli-

525 5441 644 5485 Inus
671 5439 726 5487 et
753 5431 888 5488 bene
915 5449 1132 5504 agamus
1151 5479 1167 5504 ,
1194 5453 1313 5508 qua:
1347 5455 1452 5496 non
1493 5455 1617 5500 sunt
1647 5447 1697 5502 in
1730 5449 1974 5522 homine,
2008 5455 2106 5513 nisi

587 5585 607 5652 ξ
632 5585 780 5652 ruitio
801 5594 896 5652 ιιι..
921 5589 1011 5642 sed
1032 5591 1300 5652 timeretuis
1315 5603 1388 5649 est
1411 5600 1516 5651 Dei.
1583 5609 1642 5652 ιι.

587 5647 896 5712 ξαιειιιθιιείε
919 5660 1022 5712 Με..
1039 5651 1178 5705 homo
1201 5647 1308 5709 Dei.

585 5706 610 5740 ³
631 5710 882 5762 νιιιίαιιιιιδ
901 5706 1019 5772 Ns;
1032 5729 1192 5772 acere.

1369 289 1425 345 S.
1465 291 1836 350 AUGUSTINI
1878 292 2180 384 εινιδωιήι
2217 303 2419 362 LIBER
2460 309 2546 367 DE
2587 311 2842 375 GRATIA
2883 329 3175 388 ωιιὶιδΤΙ.

2303 891 2408 931 ιιοιι
2437 891 2616 938 nostra
2637 884 2839 955 justitia
2865 891 3038 961 justos
3063 896 3221 970 facit,
3257 917 3312 964 ut
3347 927 3404 968 ea
3441 919 3501 974 sit
3521 884 3625 983 vera

2303 967 2494 1002 ἰηοιῖιὲη
2527 989 2644 1002 nn...
2673 977 2824 1002 ..-1‘.s-
2858 985 2900 1002 ,ι
2948 985 3001 1002 -ιι
3129 999 3138 1002 Α
3240 996 3270 1002 --
3296 999 3306 1002 -

2295 967 2496 1099 iustitia
2527 989 2645 1044 qua:
2672 977 2825 1036 nobis
2852 985 2920 1039 ab
2947 985 3038 1040 illo
3062 999 3175 1057 est;
3203 967 3325 1054 nihil
3362 1003 3425 1061 de
3454 967 3778 1099 admisit:

2302 1065 2388 1099 tim
2475 1065 2522 1099 oi
2596 1077 2848 1099 ηηειηΙι--νι
2894 1076 3120 1099 ..-_i.:..___
3188 1082 3200 1094 -
3245 1095 3254 1099 -

2302 1057 2388 1112 tiae
2429 1061 2557 1128 Dei,
2595 1077 2848 1135 quantum
2892 1076 3153 1146 arbitror,
3187 1082 3320 1142 inter
3355 1107 3448 1151 nos
3483 1057 3777 1179 animi;

2302 1152 2628 1179 nnl:......-.-__

2298 1152 2645 1224 relinquetur.

2291 1535 2456 1590 posse.
2483 1525 2752 1586 hominem
2791 1533 2843 1588 in
2875 1535 2977 1594 hac
3001 1541 3106 1595 vita
3136 1559 3254 1601 esse
3281 1549 3391 1608 sine
3415 1571 3608 1625 peccato
3628 1587 3639 1622 :

2291 1627 2444 1641 Mm
2471 1619 2762 1641 _A_-_,____
2954 1629 2984 1641 ..
3066 1633 3078 1641 .
3105 1633 3117 1641 .
3295 1640 3298 1641 ν

2288 1627 2444 1681 quam
2471 1619 2769 1720 negandum
2795 1641 2900 1682 non
2923 1629 3010 1698 sit,
3036 1633 3079 1686 si
3105 1633 3205 1690 hoc
3227 1640 3348 1696 velit
3369 1619 3517 1718 Deus,
3535 1619 3777 1731 apudque;

2286 1712 2412 1758 sunt
2439 1709 2616 1765 omnia
2647 1715 2947 1783 possibilia,
2989 1725 3294 1785 consideret
3329 1741 3492 1793 tamen
3527 1709 3774 1826 diligetitius,

2286 1799 2726 1826 ηιιηείίηιΙ.--.Ι--..-
2761 1808 2824 1826 J9,
2847 1820 2856 1826 .
3011 1817 3022 1826 .
3095 1819 3154 1826 _-

2284 1799 2731 1863 quemadmodum
2753 1808 2952 1867 dictum
2979 1817 3065 1872 sit.
3094 1819 3301 1880 Dictum
3321 1829 3454 1886 enim
3477 1799 3775 1910 θειμιῖιεηῖξῖτῖ

2283 1891 2412 1945 milii
2465 1895 2707 1966 videtur,
2760 1907 3050 1963 secundum
3099 1917 3378 1982 quamdam
3429 1891 3566 1983 inter.
3597 1891 3777 1998 bomiﬁ;

2279 2341 2426 2452 sese:
2454 2364 2506 2416 ι,
2535 2351 2631 2424 6),
2657 2358 2780 2450 quia
2807 2359 2858 2414 in
2886 2377 2948 2417 ea
2978 2341 3226 2426 homines
3266 2376 3402 2430 nulla
3439 2341 3776 2452 desidia;

2274 2433 2546 2540 fallebant,
2577 2445 2671 2500 sed
2697 2443 2754 2501 ut
2778 2455 3104 2520 apparebant
3127 2433 3775 2540 bominil:us,fita

2271 2529 2440 2584 oculis
2464 2532 2575 2588 Dei.
2601 2535 2720 2593 Non
2745 2550 2922 2598 autem
2947 2547 3146 2606 dictum
3175 2565 3262 2609 est
3286 2555 3384 2614 hoc
3403 2567 3657 2624 secundum
3675 2573 3774 2631 illam

2271 2619 2651 2686 perfectionem
2683 2629 2932 2705 justitite,
2963 2638 3014 2694 in
3043 2657 3145 2712 qua
3177 2661 3302 2702 vere
3327 2661 3479 2722 atque
3502 2661 3772 2720 omnimodo‘

2270 2709 2591 2772 immaculati
2635 2724 2960 2798 perfectique
3001 2733 3266 2792 vivemus.
3307 2739 3436 2798 Nam
3481 2757 3532 2806 et
3570 2758 3776 2820 apostolus

2267 2799 2461 2859 Paulus
2486 2806 2639 2876 dixit,
2668 2817 2957 2874 secundum
2981 2821 3247 2892 justitiam
3275 2849 3392 2900 qua:
3419 2851 3480 2890 ex
3509 2799 3614 2910 legel
3631 2799 3773 2910 est;

2982 2889 2996 2892 _
3293 2889 3304 2900 -
3454 2889 3477 2890 η
3510 2889 3609 2910 “0'
3633 2889 3715 2910 *τη
3733 2889 3773 2904 ⁵⁸⁷⁸

2265 2889 2428 2949 fuisse
2453 2897 2568 2954 sine
2593 2907 2845 2974 querela;
2877 2911 2928 2965 in
2958 2929 3059 2984 qua
3089 2917 3212 2989 lege
3240 2923 3397 2980 etiam
3426 2927 3677 2991 Zacharias
3693 2939 3773 2995 sine

2265 2987 2480 3072 querela
2517 2999 2934 3057 conversabatur
2958 3019 2973 3058 :
3002 3008 3098 3063 sed
3125 2987 3270 3068 lianc
3291 3015 3562 3086 Apostolus
3578 3027 3772 3094 justitiam

2262 3075 2317 3130 in
2343 3084 2667 3168 stercoribus
2697 3098 2750 3144 et
2778 3091 3113 3154 detrimentis
3151 3075 3452 3178 deputavit,
3483 3111 3529 3166 in
3563 3075 3772 3186 c‘ompau-

2262 3167 2406 3226 tione
2429 3172 2649 3243 iustitiae
2674 3197 2832 3250 quam
2859 3199 3137 3257 speramus
3179 3167 3451 3270 (Philipp:
3471 3199 3524 3257 in
3544 3245 3556 3268 ,

2258 3273 2415 3332 quam
2446 3283 2588 3326 nunc
2617 3275 2823 3332 esurire
2859 3295 2921 3335 ac
2957 3281 3110 3340 sitire
3141 3285 3408 3348 debemus
3445 3273 3770 3373 (Matth.v,6i,

2258 3362 2317 3408 ut
2342 3369 2404 3412 ea
2448 3361 2766 3436 quandoque
2804 3378 3106 3431 saturemur
3133 3377 3188 3435 in
3220 3384 3428 3453 Specie,
3453 3361 3566 3458 quin
3589 3408 3700 3448 nunc
3717 3403 3773 3449 est

2255 3443 2310 3499 in
2342 3445 2482 3552 ﬁde:
2497 3456 2747 3521 quamdiu
2769 3459 2946 3529 justus
2974 3481 3038 3520 ex
3065 3465 3172 3524 ﬂde
3205 3443 3336 3528 vivit
3365 3443 3530 3548 (fiant.

2323 3539 2550 3598 CAPUT
2589 3545 2775 3605 XLIX.
2799 3581 2870 3592 —
2890 3554 2979 3610 st.
3009 3558 3210 3617 Audiat
3233 3539 3461 3637 denique
3486 3539 3637 3640 ipsum
3659 3539 3774 3630 {eis

2251 3631 2474 3689 rabilem
2505 3639 2796 3698 antistitem
2818 3686 2831 3710 ,
2877 3663 2998 3703 cum
3042 3665 3344 3723 exponeret
3375 3631 3566 3718 Ulsaia-m
3599 3667 3773 3736 prophe-

2253 3732 2358 3780 tam
2386 3726 2498 3801 (ιι),
2515 3731 2794 3796 dicentem
2816 3781 2832 3806 ,
2861 3743 3106 3798 nemiuem
3133 3747 3188 3802 in
3219 3750 3316 3805 hoc
3342 3756 3526 3810 nmndo
3670 3726 3778 3828 posse

2247 3816 2357 3870 sine
2383 3832 2606 3894 peccato.
2637 3823 2733 3881 Ubi
2765 3843 2923 3885 nemo
2950 3841 3127 3902 potest
3161 3839 3379 3910 dicere,
3416 3862 3436 3896 ι
3465 3845 3514 3899 in
3541 3845 3630 3902 lioc
3659 3816 3774 3903 niua-

2245 3905 2316 3962 do
2344 3927 2364 3961 ι
2396 3926 2516 3966 eum
2547 3914 2747 3975 dixisse
2775 3921 2918 3978 velut
2946 3925 2998 3979 in
3028 3926 3322 3990 dilectione
3349 3905 3504 4006 liujus
3529 3939 3700 3994 mundi.
3723 3941 3776 3994 De

2243 4001 2502 4070 Apostolo
2541 4010 2736 4064 etenim
2786 4013 3125 4087 loquebatur,
3172 4025 3270 4094 qui
3310 4001 3475 4097 dixit,
3514 4031 3775 4086 Caesenatis

2242 4103 2414 4147 nostra
2438 4097 2491 4150 in
2516 4099 2652 4154 aclis
2675 4113 2748 4156 cst
2773 4103 3028 4180 (Philipp.
3053 4127 3131 4179 ιιι,
3153 4113 3273 4187 20).
3299 4119 3450 4176 Hunc
3473 4138 3591 4194 ergo
3608 4139 3776 4179 sensum

2240 4199 2565 4246 memoratus
2585 4193 2866 4266 episcopus
2887 4203 3194 4270 explicans:
3231 4228 3251 4261 ι
3280 4193 3566 4284 Perfectos,
3591 4237 3608 4270 ι
3627 4219 3774 4290 inquit,

2244 4293 2264 4328 ι
2290 4291 2469 4333 secum
2513 4283 2709 4340 multos
2747 4289 2818 4342 ait
2855 4291 3142 4361 Apostolus
3179 4299 3238 4358 in
3281 4301 3383 4359 hoc
3424 4283 3588 4364 adhuc
3621 4283 3778 4365 mundo

2229 4367 2386 4434 sitos,
2414 4373 2502 4442 qui
2529 4375 2572 4429 si
2601 4377 2666 4431 ad
2694 4380 3070 4448 perfectionem
3099 4405 3282 4448 veram
3309 4399 3573 4468 respicias,
3597 4401 3776 4472 perfecti

2235 4475 2354 4519 esse
2381 4481 2484 4520 non
2517 4477 2780 4537 poterant.
2809 4475 2942 4542 Quia
2970 4479 3082 4548 ipse
3107 4482 3275 4554 dixit,
3316 4488 3552 4549 Videmus.
3573 4511 3690 4550 nunc
3711 4513 3779 4568 per

2232 4556 2491 4624 speculum
2511 4558 2563 4614 in
2580 4563 2864 4634 amigmate,
2887 4577 3004 4624 tunc
3023 4583 3190 4629 autem
3210 4579 3347 4649 facie
3364 4581 3435 4636 ad
3451 4585 3622 4656 faciem
3640 4603 3659 4641 :
3673 4556 3778 4642 nunc

2231 4660 2474 4716 cognosco
2499 4667 2562 4705 ex
2581 4663 2741 4723 parte,
2770 4665 2886 4712 tunc
2910 4670 3077 4718 autem
3102 4677 3408 4738 cognOscam
3431 4675 3554 4730 sicut
3579 4687 3620 4731 et
3640 4678 3779 4749 cogni-

2229 4745 2309 4791 tus
2331 4755 2442 4793 sum
2469 4739 2514 4812 (I
2536 4741 2655 4798 Cor.
2677 4762 2791 4814 xm,
2822 4749 2935 4822 12).
2964 4751 3038 4808 Ita
3062 4764 3118 4811 et
3143 4758 3472 4820 immaculati
3493 4776 3610 4822 sunt
3631 4767 3677 4822 in
3690 4739 3778 4824 lioc

2229 4829 2427 4886 nmndo
2467 4841 2520 4888 et
2559 4833 2879 4894 immaculati
2917 4853 3074 4901 erunt
3103 4845 3156 4902 in
3192 4865 3365 4921 regno
3393 4854 3489 4911 Dei
3517 4873 3530 4910 :
3558 4871 3668 4912 cum
3693 4855 3777 4911 uti-

2225 4935 2362 4990 que,
2394 4921 2438 4977 si
2483 4923 2732 4982 minutius
2769 4933 3043 5004 excutias,
3084 4937 3457 5003 immaculatus
3496 4962 3611 5004 esse
3648 4963 3778 5003 nemo

2225 5014 2424 5082 possit,
2455 5017 2576 5086 quia
2625 5035 2785 5077 nemo
2827 5025 2946 5082 sine
2986 5041 3222 5098 peccato.
3257 5053 3279 5088 ι
3314 5035 3450 5094 Illud
3485 5054 3607 5113 ergo
3637 5039 3776 5096 sancti

2224 5105 2487 5162 Ambrosii
2511 5111 2891 5185 testimonium,
2915 5135 3021 5190 quo
3045 5139 3140 5192 pro
3164 5140 3258 5181 sua
3281 5105 3778 5206 sententia-Pelagius

2221 5195 2416 5265 utitur,
2448 5203 2538 5254 au‘t
2566 5205 2855 5262 secundum
2898 5213 3179 5282 quemdam
3217 5221 3442 5278 modum
3479 5225 3664 5282 dictum
3680 5195 3774 5290 cst,

2285 5307 2525 5404 E'L‘i‘ﬂ
2546 5317 3197 5404 Ξῇκξίτξίεερμὲεξφειιςς
3221 5333 3372 5396 paqu
3406 5336 3559 5400 inm.
3581 5351 3678 5404 mp.
3699 5340 3774 5402 ιθ,

2217 5370 3371 5456 Ραῖέειιὲῖῑιὲῖιῦἐ.ν““·ν
3406 5370 3559 5400 ηιμ-ν
3581 5370 3678 5404 κν-
3699 5370 3774 5402 -υι
3833 5453 3836 5456 ν

2279 5431 2496 5513 έιιλιξριιε
2503 5444 2666 5513 exstat
2791 5431 3350 5513 οριιὲ-Χιῆὖῖἇιιῖἀυοᾶ
3371 5469 3564 5510 rursmn
3585 5463 3692 5512 citat
3705 5469 3778 5510 sa-

2217 5495 2464 5583 euus-2.
2482 5495 2691 5583 mea
2711 5495 3390 5583 «ξειξςοωιδ
3402 5495 3775 5583 Ὓθῗιῑίῖῗΐὶῖὶ

2216 5557 2398 5617 Nuptiis
2416 5564 2468 5629 εει
2487 5563 2879 5624 concupiscentia
2898 5602 2913 5626 ,
2955 5557 3007 5619 ii.
3033 5557 3254 5635 ioE’ii'tiI
3272 5557 3306 5628 ἰ
3335 5557 3520 5652 ξῷηἷὲἆ
3533 5557 3772 5642 ιὶἱιῖἑιηῖιιὶἶῖ

2217 5630 2266 5694 ff;
2283 5617 2507 5694 ifilli);
2575 5629 2742 5694 contra
2761 5629 3013 5692 eumdem,
3037 5647 3088 5683 ιι.
3113 5636 3201 5694 24;
3223 5651 3284 5688 ac
3317 5639 3404 5691 lib.
3447 5643 3478 5691 4
3499 5653 3654 5694 contra
3671 5646 3772 5694 dua

2217 5630 2266 5664 ιι.
2293 5630 2345 5666 ιι
2367 5631 2380 5678 ;
2403 5630 2486 5668 un.
2526 5630 2558 5668 z
2575 5630 2742 5674 contra
2761 5630 3013 5692 eumdem,
3037 5647 3088 5683 ιι.
3109 5630 3201 5700 '24;
3223 5651 3284 5688 ac
3317 5639 3404 5691 lib.
3447 5643 3478 5691 4
3499 5630 3776 5696 ωιιίι-ἷιιιιέ

2215 5679 2842 5772 Ἦίξῗξὲῗὲξηνῗέἓὲίὲτέοτὲἒη
2859 5723 2888 5772 ν.
2919 5705 2970 5772 P-
3011 5695 3101 5772 50-,
3136 5702 3351 5772 semina
3374 5704 3773 5772 εἱυεᾴβαμοιτετίε

2219 5741 2492 5791 Ambrosius
2511 5741 2616 5806 ipsé
2641 5744 2725 5796 lib.
2751 5749 2783 5798 2
2801 5741 3066 5820 intutam,
3077 5741 3648 5828 Eii,"
