3938 6514
581 367 689 426 58⁸⁷

588 484 668 536 eis
695 476 892 541 audivi,
919 469 1008 545 qui
1040 468 1220 539 utique
1243 464 1297 520 in
1328 459 1566 520 Ecclesia
1588 455 1854 519 catholica
1892 451 2165 517 constituti

589 580 714 628 sunt
741 563 1054 642 presbyteri.
1079 558 1330 616 Paulinus
1357 554 1433 627 (α)
1463 553 1721 642 diaconus
1746 547 1883 642 dixit
1913 545 2046 602 :Die
2073 557 2169 597 ιιοο

591 666 672 720 his
709 639 922 716 nomina
966 655 1220 724 ipsorum.
1255 645 1540 724 Caelestius
1580 641 1714 697 dixit
1742 657 1757 694 :
1784 639 2014 695 Sanctus
2040 649 2166 704 pre-

591 755 774 825 sbyter
795 719 1016 803 Rufinus
1037 741 1110 812 (ὁ)
1136 740 1320 794 Romae
1343 719 1434 808 qui
1461 733 1656 789 mansit
1678 745 1799 787 cum
1817 737 2002 784 sancto
2015 725 2171 825 Pam-

590 814 802 898 machio
851 855 865 892 :
909 849 1009 907 ego
1053 831 1227 886 audivi
1269 831 1419 884 illum
1464 826 1770 890 dicentem,
1813 819 1936 890 quia
1980 814 2168 872 tradux

592 932 795 1004 peceati
826 945 930 985 non
959 927 1047 982 sit.
1077 925 1327 981 Paulinus
1355 920 1608 976 diaconus
1635 916 1770 971 dixit
1801 931 1814 966 :
1858 912 1954 967 Est
1979 909 2172 980 aliquis

593 999 769 1082 alius?
795 1021 1078 1080 lecstius
1103 1016 1240 1071 dixit
1272 1029 1284 1066 :
1317 1010 1504 1067 Audivi
1528 1019 1583 1065 et
1612 1008 1790 1078 plures
1813 1004 2011 1060 dicere.
2037 999 2174 1054 Pau-

594 1119 736 1174 linus
763 1116 1016 1172 diaconus
1045 1109 1177 1165 dixit
1205 1127 1218 1162 :
1249 1107 1344 1162 Dic
1369 1104 1579 1160 nomina
1606 1104 1859 1172 ipsorum.
1890 1093 2174 1151 Caelestius

596 1211 731 1266 dixit
759 1227 775 1266 :
804 1207 918 1263 Non
950 1204 1041 1259 tibi
1062 1201 1258 1257 suffit-it
1289 1212 1423 1253 unus
1450 1192 1736 1251 sacerdos?
1772 1211 1792 1244 ι
1833 1191 1900 1244 Ει
1928 1196 2046 1258 post
2074 1186 2173 1239 ali-

601 1319 703 1374 qua
745 1301 851 1357 alio
895 1300 1012 1354 loco
1050 1313 1064 1348 :
1113 1313 1131 1346 ι
1166 1292 1410 1349 Aurelius
1436 1289 1714 1358 episcopus
1747 1283 1882 1336 dixit
1909 1299 1930 1356 εἴ
1957 1278 2176 1374 Reliqua

599 1367 762 1454 libelli
791 1396 1051 1464 lcgantur.
1086 1389 1152 1443 Et
1181 1386 1457 1442 recitatum
1499 1389 1604 1444 est,
1639 1375 1789 1446 Quod
1822 1373 2049 1464 infantes
2087 1367 2176 1438 qui

601 1463 926 1551 nascuntur,
971 1483 1024 1537 in
1066 1496 1131 1536 eo
1173 1485 1312 1533 statu
1339 1476 1474 1538 sint,
1505 1473 1560 1525 in
1588 1484 1692 1540 quo
1723 1466 1822 1522 fuit
1849 1463 2016 1519 Adam
2054 1469 2178 1515 ante

603 1576 1076 1648 transgressionem
1107 1589 1120 1624 :
1153 1582 1319 1638 usque
1355 1565 1408 1620 in
1445 1563 1605 1617 finem
1640 1558 1800 1614 libelli
1832 1554 2052 1611 minoris
2091 1566 2180 1607 su-

602 1673 782 1741 peritis
811 1665 1014 1722 inserti.

673 1757 898 1815 CAPUT
934 1754 1124 1810 lV.-—¢
1147 1749 1391 1806 Aurelius
1412 1745 1691 1816 episcopus
1716 1741 1848 1796 dixit
1879 1757 1891 1792 :
1925 1735 2179 1802 Docuisti,

604 1848 839 1916 Caelesti,
870 1843 1167 1916 aliquando,
1201 1849 1257 1895 ut
1294 1839 1428 1894 dixit
1453 1837 1704 1891 diaconus
1744 1831 2012 1894 Paulinus,
2041 1825 2179 1916 quod

606 1942 829 1997 infantes
859 1915 1302 2009 quinascuntur,
1336 1932 1388 1984 ill
1415 1944 1479 1983 co
1509 1935 1647 1983 statu
1683 1925 1822 1988 sint,
1867 1922 1918 1975 iu
1953 1933 2057 1989 quo
2088 1915 2184 1970 fuit

605 2034 772 2089 Adam
808 2041 930 2087 ante
957 2025 1464 2098 transgressionem!
1502 2019 1782 2076 Caelestius
1823 2011 2182 2079 dixitzExpo-

607 2134 696 2179 nat
738 2122 861 2192 quid
891 2120 1048 2183 dixit,
1095 2120 1233 2172 Ante
1273 2112 1770 2183 transgressionem.
1799 2105 2044 2160 Paulinus
2073 2100 2185 2154 dia-

603 2229 770 2270 conus
795 2212 925 2266 dixit
959 2228 970 2262 :
1004 2209 1084 2264 Tu
1112 2223 1243 2276 nega
1278 2205 1382 2260 hoc
1427 2211 1479 2258 te
1524 2199 1787 2256 docuisse.
1827 2195 2000 2252 Unum
2033 2203 2114 2248 est
2153 2206 2184 2246 e

603 2306 827 2366 duobus,
861 2312 946 2357 aut
978 2309 1132 2371 neget
1157 2314 1216 2354 se
1242 2297 1504 2360 docuisse,
1527 2302 1617 2346 aut
1640 2293 1750 2360 jam
1773 2289 1990 2343 damnet.
2018 2285 2182 2340 istud.

604 2397 883 2454 leestius
908 2393 1080 2449 dixit:
1112 2390 1228 2446 Jam
1256 2389 1385 2453 dixi,
1429 2393 1658 2456 exponat
1698 2381 1964 2452 quomodo
2005 2377 2181 2443 dixit,

605 2492 744 2545 Ante
769 2485 1264 2557 transgressionem.
1295 2479 1548 2535 Paulinus
1574 2477 1828 2532 diaconus
1851 2472 2017 2528 dixit:
2041 2469 2186 2540 Nega

607 2594 660 2638 te
701 2581 786 2634 illa
827 2578 1091 2633 docuisse.
1137 2572 1382 2629 Aurelius
1429 2570 1710 2640 episcopus
1757 2565 1891 2621 dixit
1935 2580 1949 2616 :
1998 2563 2184 2632 Rogo,

605 2671 730 2743 quid
781 2668 1085 2736 collegerim
1130 2680 1229 2734 ego
1277 2678 1342 2718 ex
1389 2661 1545 2730 hujus
1590 2659 1604 2690 ¹
1645 2656 1944 2725 objectionc
1972 2696 1987 2718 ,
2028 2653 2182 2718 dico,

607 2763 774 2818 Adam
802 2762 1121 2817 constitutus
1149 2757 1201 2811 ill
1232 2755 1474 2826 paradiso
1493 2793 1510 2820 ,
1543 2749 1684 2822 quod
1716 2758 1839 2804 ante
1866 2747 2070 2804 dicatur
2100 2747 2184 2800 in-

606 2853 1020 2911 externiinabilis
1067 2850 1280 2916 factus,
1334 2856 1514 2919 postea
1566 2860 1664 2915 per
1713 2841 2184 2912 transgressionem

607 2947 853 3018 praecepti
907 2944 1077 2998 factus
1123 2944 1194 2997 sit
1237 2939 1614 3009 corruptibilis.
1665 2937 1777 2992 lloc
1822 2934 1970 2998 dicis,
2023 2933 2187 2987 frater

606 3036 860 3092 Pauline?
887 3034 1136 3089 Paulinus
1162 3032 1416 3086 diaconus
1441 3029 1572 3084 dixit
1603 3047 1618 3083 :
1649 3028 1779 3094 Hoc,
1811 3026 2044 3080 domine.
2075 3025 2186 3078 Au-

605 3127 768 3184 relius
809 3125 1089 3196 episcopus
1131 3122 1264 3176 dixit
1301 3139 1315 3176 :
1352 3120 1534 3175 Status
1571 3129 1716 3174 certe
1746 3117 2001 3172 infantum
2031 3115 2187 3170 hodie

604 3218 1060 3290 baptizandornm,
1089 3226 1264 3269 utrum
1294 3213 1412 3267 talis
1439 3213 1529 3278 sit,
1557 3210 1729 3281 qualis
1755 3209 1852 3263 fuit
1870 3219 1992 3264 ante
2017 3215 2188 3262 trans-

604 3312 932 3384 gressionem
953 3309 1110 3374 Adin,
1145 3323 1210 3360 an
1239 3315 1384 3360 certe
1413 3303 1480 3359 de
1501 3303 1688 3358 eadem
1712 3302 1917 3372 origine
1946 3299 2180 3370 peccati,

605 3405 672 3460 de
698 3418 798 3473 qua
825 3401 1076 3463 nascitur,
1108 3397 1546 3468 transgressionis
1586 3394 1792 3464 culpam
1835 3393 2044 3458 trahat;
2085 3391 2188 3446 hoc

604 3496 716 3549 vu‘lt
771 3493 1024 3548 diaconus
1066 3489 1318 3544 Paulinus
1383 3486 1587 3541 audire.
1637 3485 1888 3540 Paulinus
1931 3483 2186 3538 diaconus

604 3584 737 3640 dixit
766 3603 779 3639 :
811 3581 998 3638 Utrum
1037 3579 1218 3635 docuit
1256 3579 1386 3645 hoc,
1432 3593 1502 3632 an
1532 3592 1638 3631 non
1667 3576 1865 3646 neget?
1904 3575 2186 3632 leestius

603 3676 739 3732 dixit
767 3693 781 3730 :
806 3673 922 3730 Jam
949 3672 1015 3728 de
1043 3671 1257 3726 traduce
1286 3669 1485 3740 peccati
1516 3668 1646 3732 dixi,
1675 3668 1796 3738 quia
1824 3667 1958 3721 intra
1985 3665 2186 3721 Catho-

604 3767 758 3822 licam
787 3764 1102 3821 constitutos
1127 3763 1308 3833 plures
1344 3760 1522 3815 audivi
1564 3759 1871 3824 destruere,
1905 3774 2110 3815 necnon
2134 3766 2189 3814 et

601 3856 736 3910 alios
773 3863 1014 3909 astruere
1043 3869 1056 3905 :
1088 3853 1211 3908 licet
1234 3851 1543 3923 quaestionis
1580 3865 1668 3905 res
1697 3850 1766 3904 sit
1792 3851 1912 3917 ista,
1946 3867 2048 3904 non
2075 3850 2188 3904 ha:-

603 3947 756 4003 resis.
782 3943 1015 4000 infantes
1038 3959 1249 4012 semper
1269 3943 1375 3997 dixi
1406 3956 1568 4012 egere
1596 3941 1884 4011 Baptismo,
1908 3956 1972 3996 ac
1991 3940 2186 3998 debere

607 4036 861 4108 baptizari
892 4052 906 4089 :
933 4034 1060 4106 quid
1085 4033 1276 4104 quierit
1299 4032 1480 4088 aliud?
1509 4051 1528 4086 ι

675 4129 729 4182 4.
760 4125 964 4195 Nempe
992 4124 1214 4179 cernitis
1246 4123 1325 4178 sic
1351 4122 1660 4178 leestium
1700 4121 2031 4176 concessisse
2068 4135 2188 4191 par-

602 4219 744 4272 vulis
768 4217 1115 4286 Baptismum,
1158 4223 1217 4269 ut
1261 4213 1315 4268 ili
1361 4229 1457 4268 eos
1496 4213 1723 4268 transire
1761 4213 1914 4282 primi
1955 4213 2187 4269 hominis

607 4318 904 4382 peccatum,
935 4305 1075 4378 quod
1113 4306 1323 4360 lavacro
1361 4305 1780 4376 regenerationis
1813 4305 2064 4374 abluitur,
2090 4321 2189 4362 no-

667 4465 686 4498 ι
711 4462 782 4514 Sic
801 4465 911 4512 llss.
937 4467 992 4511 At
1015 4459 1152 4523 editi,
1179 4457 1473 4523 htmmmdi.

666 4526 740 4589 (τι)
773 4520 1123 4589 Paulinus‘tlle,
1136 4520 1268 4574 teste
1283 4529 1558 4589 mercatore
1571 4522 1622 4572 in
1642 4523 2012 4589 Οριιιιιιοιιὶῳι-ἰο
2033 4537 2186 4589 super

602 4583 797 4650 nomine
826 4585 1053 4650 leestii,
1077 4584 1309 4650 diaconus
1331 4585 1560 4634 Ambrosii
1581 4583 1951 4650 plediolauensis
1972 4583 2186 4650 episcopi

603 4649 707 4706 linit,
736 4655 788 4697 et
809 4649 927 4700 Vita:
949 4645 1179 4712 illiust!)
1208 4653 1371 4696 rtante
1397 4646 1692 4712 Augustino,
1737 4649 1974 4712 sujiptor,
2005 4645 2102 4712 'qui
2125 4645 2185 4700 se

603 4717 847 4772 versatum
871 4721 983 4758 esse
1003 4709 1056 4772 tu
1076 4706 1226 4772 Africa
1239 4706 1543 4772 testaturfet
1558 4708 1709 4772 yitam
1731 4706 2186 4772 sajpsissegoanne

565 4780 572 4788 ·
604 4769 837 4842 praefecto
869 4771 1095 4842 praetorio
1109 4804 1124 4829 ,
1158 4768 1208 4842 id
1227 4777 1322 4842 est,
1344 4767 1472 4842 anno
1492 4767 1708 4842 £12,.aut
1725 4767 1947 4842 figant
2101 4781 2184 4842 Ju-

601 4830 778 4904 ἐιίείμιη
802 4830 1040 4904 refusis
1063 4843 1162 4894 (ιιιο
1196 4832 1386 4904 θείημεν
1409 4831 1943 4904 ψαίυεηιπειδίιιξφ
1965 4834 2055 4904 fuit
2092 4835 2185 4884 wh

601 4891 793 4964 initium
803 4890 1040 4964 anni-£13
1052 4927 1068 4953 ,
1082 4890 1164 4964 ’ex
1183 4890 1387 4964 epistela
1400 4892 1468 4964 ad
1486 4890 1816 4964 Innocentium
1833 4927 1849 4953 ,
1875 4893 2005 4964 inter
2026 4903 2185 4964 Augu-

601 4953 975 5063 :t;p;:ganlg,
1000 4952 1083 5002 nu.
1107 4953 1131 5002 1
1159 4952 1279 5003 et‘6.
1302 4952 1474 5004 Confer
1495 4965 1641 5017 supra
1663 4988 1678 5015 ,
1724 4952 1901 5005 librum
1939 4957 2006 5007 de
2026 4952 2185 5009 Gestis

637 5026 798 5072 elagu,
821 5026 872 5063 ιι.
896 5026 974 5063 τι).

666 5074 759 5148 (ρΣΔ
771 5082 1002 5148 iterantur
1037 5075 1088 5125 in
1107 5076 1486 5148 οιιιιιιιιριιίινοιιίφ⁸
1502 5075 1735 5148 adversus
1755 5077 1982 5148 heresim
2003 5081 2183 5148 Pelagii

784 5171 800 5196 ,
823 5135 1060 5210 Διιιιίίιιιιιιι
1095 5137 1351 5210 quemdam
1371 5140 1586 5210 .natioue
1625 5144 1788 5204 Syrum
1817 5142 1915 5210 sub
1951 5135 2182 5195 Anastasii

600 5197 874 5262 pontiﬁcatu
897 5203 1084 5248 Romam
1116 5197 1329 5262 primum
1368 5199 1617 5251 invexisse
1652 5197 1980 5262 'quzestiouem
2015 5213 2183 5256 contra

599 5259 1576 5352 assesassesderasisse"!
1598 5259 1788 5352 unus
1807 5263 2181 5340 θίιυίιθείεειιείεν

598 5320 2184 5451 ἓὲῗθιζξἛούὶρξυοὲῗῌηορῖιιωὲιῇιδὲιῖααξῗηᾶἕῗὲἇυδεῖξ’,ὲῇ

599 5442 934 5520 lteram“.
949 5445 1074 5520 alter
1088 5442 1194 5520 {ss
1230 5446 1294 5520 6.6
1314 5442 1593 5520 "imiimi,
1613 5442 2017 5520 epistolium.
2048 5453 2182 5520 Iliam

598 5504 684 5555 ille
707 5505 832 5579 forte
854 5509 937 5579 qui
963 5509 1145 5579 necati
1168 5504 1619 5579 ιιτιᾱιιοεξιιι-ιθῖἰίιίι⁸
1709 5525 1772 5579 eq
1797 5512 1926 5579 libro
1947 5504 2014 5564 de
2034 5514 2178 5579 Fide,

599 5579 749 5638 quem
769 5571 1274 5640 Jacobussirniondus
1307 5571 1512 5640 nomine
1526 5572 1673 5640 Rufini
1699 5574 1961 5640 Palaestina
1983 5571 2181 5640 provin;

713 5630 990 5705 presbyteri
1025 5630 1300 5705 publicavit.
1324 5638 1467 5705 certe
1503 5635 1862 5705 Aquilegiensis
1877 5640 1963 5705 vi_x_
1978 5630 1999 5698 ζ
2019 5649 2077 5686 ac
2117 5649 2181 5688 ne

600 5691 680 5766 vix
705 5691 1056 5764 qllidemcredi
1091 5694 1272 5755 possit,
1296 5701 1380 5745 aut
1402 5691 1590 5746 Romam
1620 5691 1764 5750 ivisse
1799 5691 2026 5751 voutilice
2057 5706 2178 5750 Ana-

605 5755 771 5809 οιιιδιο,
794 5759 876 5801 aut
900 5755 962 5802 tbi
987 5767 1094 5804 cum
1116 5757 1409 5808 I‘anunachio
1430 5759 1673 5809 mansisse.

1809 340 1851 397 ε,
1907 332 2278 395 AUGUSTINI
2317 330 2620 392 EPISCOPI
3669 355 3743 418 388

2267 448 2425 504 luerit
2449 445 2689 502 confiteri
2713 482 2729 511 ,
2769 442 3011 514 quamvis
3039 453 3102 498 et
3127 461 3310 518 negare
3330 467 3424 507 non
3447 471 3585 516 ausus
3606 467 3660 520 sit
3679 489 3690 522 :
3709 486 3748 529 et

2268 547 2488 610 propter
2516 537 2652 592 hanc
2675 535 3054 591 dubitationem
3083 551 3227 592 suam
3254 556 3348 596 non
3372 543 3653 611 damnarerit
3679 579 3746 620 eos

2269 631 2356 700 qui
2387 630 2587 691 dicunt,
2627 646 2645 679 ‹
2680 627 2829 694 Quod
2865 635 3139 697 peccatum
3179 629 3300 686 Adde
3337 635 3490 704 ipsum
3514 644 3654 702 solum
3685 652 3750 708 le-

2271 721 2433 784 scrit,
2473 730 2528 775 et
2565 735 2669 813 non
2710 734 2878 789 genus
2907 717 3221 786 humanum;
3244 732 3295 776 et
3319 727 3447 795 quod
3483 731 3669 796 infantes
3685 747 3749 813 qul

2272 822 2579 873 nascuntur,
2631 810 2680 862 ill
2731 825 2796 863 eo
2837 817 2977 863 statu
3018 809 3155 876 sint,
3185 811 3234 864 in
3263 831 3360 882 quo
3385 818 3534 874 Adam
3568 809 3755 890 fuitaute

2275 904 2781 973 pra‘varicationcm.
2822 921 2841 955 ι

2346 1015 2568 1072 CAPUT
2608 1015 2672 1070 V.
2707 1046 2777 1056 —
2821 1015 2876 1070 5.
2938 1015 2994 1070 In
3047 1014 3225 1071 libello
3269 1029 3435 1075 autem
3462 1039 3599 1092 quem
3620 1031 3757 1093 Rome

2276 1106 2462 1173 edidit,
2494 1108 2580 1177 qui
2605 1108 2769 1177 gestis
2798 1106 2868 1160 ibi
2896 1107 3263 1164 ecclesiasticis
3285 1111 3520 1182 allegatus
3537 1128 3621 1185 est,
3643 1122 3697 1178 ita
3710 1127 3759 1183 de

2279 1198 2378 1252 hac
2407 1214 2465 1252 re
2497 1197 2750 1268 loquitur,
2780 1207 2836 1251 ut
2865 1196 2967 1252 hoc
2991 1211 3050 1252 se
3073 1197 3287 1254 credere
3309 1204 3552 1271 ostendat,
3575 1211 3684 1267 unde
3700 1214 3763 1272 hic

2278 1290 2520 1346 dubitare
2545 1305 2605 1345 se
2633 1290 2856 1345 dixerat.
2884 1289 3015 1344 Nam
3042 1290 3204 1346 verba
3240 1291 3352 1361 ejus
3380 1297 3470 1349 ista
3497 1310 3637 1356 sunt:
3663 1322 3678 1356 ι
3707 1305 3767 1361 Ιη-

2281 1382 2450 1437 fantes
2472 1391 2672 1449 autem,
2705 1402 2724 1435 ι
2757 1382 2946 1452 inquit,
2981 1400 2999 1433 ι
3032 1381 3227 1437 debere
3264 1383 3503 1453 baptiitari
3540 1389 3587 1443 in
3623 1395 3767 1450 remis-

2280 1474 2487 1528 sionem
2532 1481 2892 1544 pcccatornm,
2941 1473 3234 1527 secundum
3273 1476 3494 1542 regulam
3527 1480 3770 1543 universalis

2282 1564 2554 1630 Ecclesiae,
2583 1571 2638 1618 et
2661 1563 2954 1618 secundum
2983 1563 3252 1634 Evangelii
3279 1568 3590 1634 sententiain,
3610 1578 3773 1631 coalito-

2283 1673 2402 1712 mur
2428 1674 2442 1712 :
2474 1658 2596 1727 quia
2621 1657 2875 1711 Dominus
2900 1657 3086 1711 statuit
3115 1672 3329 1726 regnum
3363 1657 3596 1714 caelorum
3619 1667 3774 1723 nonnisi

2283 1747 2564 1817 baptizatis
2585 1762 2742 1817 posse
2772 1747 2998 1803 conferri
3026 1745 3204 1819 (Jaan.
3234 1763 3310 1811 ιιι,
3340 1749 3426 1818 5);
3453 1750 3579 1818 quod
3609 1752 3705 1822 quia
3723 1759 3776 1808 vi-

2285 1853 2371 1893 res
2412 1848 2615 1893 naturm
2656 1852 2761 1892 non
2810 1837 3028 1902 habent,
3071 1838 3298 1893 conferri
3335 1839 3351 1870 ¹
3386 1855 3585 1895 necesse
3615 1853 3676 1896 cst
3713 1861 3778 1913 per

2284 1931 2468 2000 gratia:
2498 1930 2800 1986 libertatem
2826 1931 2868 1980 '.
2905 1948 2924 1981 ι
2951 1929 3005 1984 Si
3034 1929 3162 1983 nihil
3194 1929 3259 1983 de
3285 1928 3381 1986 hac
3412 1946 3468 1986 re
3501 1932 3708 2004 deinceps
3721 1936 3776 1989 di-

2285 2028 2431 2076 ceret
2455 2059 2471 2088 ,
2513 2020 2632 2091 quis
2657 2036 2762 2075 non
2791 2034 2914 2075 eum
2944 2019 3191 2074 crederet
3215 2020 3471 2087 conﬁteri,
3497 2023 3634 2076 etiam
3656 2023 3778 2080 infau-

2289 2112 2427 2167 tibus
2462 2112 2514 2166 in
2554 2112 2826 2182 Baptislno
2854 2111 3130 2182 originalia
3161 2119 3368 2180 peceata
3395 2111 3592 2178 dimitti,
3614 2115 3778 2169 dicendo

2285 2219 2379 2260 eos
2406 2205 2457 2258 in
2505 2205 2871 2260 remissionem
2917 2212 3256 2273 peccatorum
3302 2204 3541 2270 baptizari
3566 2213 3781 2274 oportere?

2287 2296 2422 2351 llinc
2444 2309 2570 2366 ergo
2595 2304 2675 2351 est
2702 2305 2756 2350 ct
2792 2295 2920 2350 illud
2954 2296 3092 2365 quod
3128 2294 3431 2363 scripsistis,
3469 2295 3543 2349 sic
3576 2295 3698 2351 vobis
3725 2315 3781 2353 re-

2287 2388 2570 2458 spondisse
2613 2387 2902 2459 Pelagium,
2941 2405 2960 2439 ι
2994 2385 3142 2456 quod
3166 2387 3366 2441 eisdem
3402 2385 3578 2454 quibus
3599 2397 3646 2443 et
3668 2389 3784 2459 majo-

2289 2494 2376 2534 res
2407 2478 2733 2535 Sacramenli
2758 2478 2934 2533 verbis
2958 2477 3296 2547 baptizantur
3321 2476 3568 2544 infantes;
3600 2496 3618 2531 ι
3643 2494 3784 2549 votique

2287 2571 2452 2633 fuisse
2479 2573 2701 2637 lacu-llos,
2734 2570 2784 2624 id
2825 2570 2965 2641 quod
3003 2569 3301 2640 cupiebatis
3341 2569 3559 2636 audisse,
3595 2579 3784 2628 ettaulclt

2289 2663 2460 2719 adhuc
2486 2664 2552 2719 de
2581 2663 2756 2718 verbis
2786 2663 2901 2733 ejus
2930 2678 3027 2717 nos
3053 2663 3305 2717 maluisse
3323 2663 3601 2718 consulere.

2360 2774 2588 2831 CAPUT
2629 2773 2716 2830 Vl.
2757 2805 2826 2814 —
2854 2773 2908 2830 ϐ.
2941 2773 3219 2829 Attendite
3245 2774 3418 2846 itaque
3440 2773 3556 2845 quid
3576 2772 3788 2829 Cteleslius

2288 2867 2624 2938 apertissime
2657 2866 2872 2933 dixerit,
2917 2874 2974 2921 et
3001 2866 3070 2921 ibi
3099 2865 3356 2920 videbitis
3390 2865 3511 2936 quid
3536 2865 3666 2918 vobis
3687 2865 3794 2920 Pela-

2287 2960 2406 3029 gius
2431 2959 2792 3014 occultaverit.
2824 2957 3108 3014 Caelestius
3133 2958 3343 3028 quippe
3365 2957 3604 3028 adjungit,
3625 2966 3670 3012 et
3683 2956 3793 3011 dicit:

2296 3069 2314 3104 ε
2348 3050 2402 3107 ιη
2431 3051 2800 3106 remissionem
2830 3059 3004 3106 autem
3047 3061 3395 3120 peccatorum
3427 3049 3722 3120 baptizando:
3745 3051 3796 3103 ill-

2290 3141 2493 3206 fautcs,
2526 3156 2630 3195 non
2662 3133 2861 3196 idcirco
2886 3140 3137 3208 diximus,
3170 3150 3242 3195 ut
3279 3148 3540 3211 peccatum
3565 3155 3623 3195 ex
3645 3139 3796 3194 traduce

2291 3231 2502 3287 firtnare
2523 3230 2797 3286 videamur
2827 3248 2839 3284 :
2863 3231 3003 3301 quod
3030 3231 3198 3303 longe
3224 3248 3254 3285 a
3280 3230 3534 3286 catholico
3551 3244 3685 3285 sensu
3704 3230 3793 3283 alic-

2289 3339 2414 3378 num
2455 3332 2556 3379 est.
2587 3322 2718 3392 Quia
2751 3333 3026 3394 peccatum
3070 3340 3175 3378 non
3215 3338 3334 3379 cum
3365 3323 3569 3378 homine
3589 3323 3795 3385 nascitur,

2289 3416 2430 3486 quod
2456 3415 2794 3485 postmodum
2821 3425 3101 3471 exercetur
3120 3415 3196 3470 ab
3219 3415 3435 3470 homine
3463 3433 3476 3469 :
3502 3415 3610 3485 quia
3639 3429 3719 3467 nun
3736 3427 3798 3465 na-

2291 3517 2424 3563 tura:
2478 3507 2761 3573 delictum,
2793 3507 2889 3563 sed
2917 3508 3217 3563 voluntatis
3255 3523 3374 3564 esse
3426 3516 3724 3563 monstratur.
3757 3504 3800 3558 Et

2290 3597 2417 3654 illud
2439 3614 2566 3669 ergo
2589 3599 2832 3654 confiteri
2857 3615 3173 3671 congruum,
3213 3615 3279 3655 ne
3303 3599 3511 3655 diversa
3537 3597 3798 3668 Baptismatis

2287 3707 2486 3764 genera
2524 3692 2698 3749 facere
2730 3693 3040 3759 videamur,
3073 3702 3127 3749 et
3154 3693 3266 3750 hoc
3293 3693 3601 3765 pra-munire
3621 3703 3804 3746 necessa-

2290 3785 2428 3840 rium
2463 3794 2563 3852 est,
2600 3800 2666 3840 ne
2697 3801 2789 3856 per
2820 3788 3056 3858 mysterii
3100 3787 3472 3853 occasionem,
3510 3784 3572 3840 ad
3602 3782 3806 3839 Creatoris

2287 3875 2536 3946 injnrlam
2565 3877 2758 3932 malum
2783 3887 3064 3948 antequam
3094 3878 3186 3934 ﬁat
3227 3879 3297 3934 ab
3339 3878 3577 3944 homine,
3615 3874 3725 3930 tradi
3752 3871 3810 3927 di-

2289 3979 2441 4024 catur
2469 3969 2668 4024 homini
2697 3985 2794 4040 per
2817 3979 3082 4025 naturam.
3123 3989 3143 4024 ι
3177 3969 3338 4026 Hunc
3366 3985 3576 4026 sensum
3601 3982 3728 4021 suum
3747 3979 3812 4018 vo-

2291 4062 2372 4117 bis
2412 4062 2623 4132 aperire
2661 4061 2907 4133 Pelagius
2946 4062 3031 4117 vel
3074 4063 3289 4130 timuit,
3324 4063 3404 4118 vel
3436 4061 3661 4125 erubuit,
3695 4071 3812 4129 quem

2291 4151 2588 4223 discipulus
2629 4153 2746 4222 ejus
2793 4153 2965 4223 palam
2994 4153 3110 4209 sine
3139 4153 3305 4210 ullius
3331 4151 3657 4209 obscuritatis
3676 4149 3815 4204 anilla-

2289 4242 2443 4314 gibus
2467 4242 2606 4313 apud
2634 4242 2827 4299 Sedem
2867 4244 3233 4314 Apostolicam
3276 4245 3514 4317 profiteri
3539 4257 3632 4300 nec
3653 4241 3815 4304 timuit,

2292 4348 2391 4388 nec
2414 4333 2644 4389 erubuit.

2362 4427 2415 4480 7.
2447 4425 2550 4482 Sed
2565 4425 2788 4482 multum
2816 4426 3120 4484 misericors
3140 4438 3457 4486 memorata:
3472 4427 3618 4485 Sedis
3629 4426 3822 4486 antistes,

2290 4516 2379 4572 ubi
2405 4532 2527 4573 cum
2557 4516 2687 4573 vidit
2730 4516 2855 4575 ferri
2892 4527 3034 4574 tanta
3065 4521 3489 4592 prmsumptione
3513 4518 3793 4592 pmipitetll
3813 4553 3826 4577 ο

2291 4617 2539 4679 tanquam
2566 4607 2851 4677 furentem,
2879 4609 3053 4666 donec
3080 4611 3124 4666 si
3154 4621 3340 4682 posset
3377 4612 3494 4668 ﬁeri
3523 4609 3825 4680 resipiscerel.

2291 4699 2479 4754 maluit
2513 4715 2635 4755 emn
2683 4701 2882 4756 sensim
2931 4703 3045 4757 suis
3085 4702 3596 4775 interrogationibus
3633 4711 3682 4758 et
3724 4698 3834 4755 illius

2289 4791 2724 4861 responsionibus
2743 4794 3012 4864 colligare,
3033 4809 3191 4866 quam
3223 4795 3471 4852 districta
3494 4791 3715 4851 feriendo
3735 4805 3832 4844 sen-

2293 4882 2480 4950 tentia,
2513 4883 2564 4938 in
2594 4882 2725 4938 illud
2753 4884 3062 4956 abruptum,
3090 4901 3198 4957 quo
3218 4886 3335 4956 jam
3368 4884 3699 4960 propendere
3716 4881 3836 4936 vide-

2289 4973 2464 5040 batur,
2498 4974 2793 5044 impcllere.
2827 4975 2951 5032 Ideo
2974 4987 3152 5034 autem
3179 4993 3286 5034 non
3319 4978 3458 5046 dixi,
3504 4983 3694 5048 Aperte
3723 4973 3837 5028 ceci-

2251 5066 2254 5068 ’
2288 5064 2459 5130 derat,
2507 5065 2623 5132 sed,
2671 5066 3007 5137 propendere
3051 5068 3366 5136 videbatur;
3400 5070 3528 5141 quia
3555 5067 3778 5138 superius
3799 5063 3842 5117 in

2287 5158 2478 5213 eodem
2493 5158 2670 5214 libello
2685 5174 2784 5216 suo
2798 5159 2867 5216 de
2884 5161 3186 5232 hujusmodi
3199 5163 3594 5234 quaestionibus
3609 5163 3841 5218 locuturus

2286 5258 2413 5306 ante
2443 5248 2797 5320 pnrdixerat:
2837 5271 2856 5305 ι
2901 5249 2958 5308 Si
3000 5251 3140 5309 forte
3181 5263 3238 5309 ut
3270 5254 3586 5310 hominibus
3619 5250 3844 5324 quispiam

2288 5338 2596 5410 ignorantiae
2611 5356 2765 5397 error
2777 5341 3217 5414 obrepsit,vestra
3233 5347 3509 5404 sententia
3526 5344 3840 5415 θοι-τίμιαι.»

2356 5453 2581 5510 CAPUT
2619 5453 2730 5510 VII.
2751 5485 2824 5497 -
2842 5455 2900 5512 8.
2927 5456 3074 5513 Hane
3092 5457 3208 5529 ejus
3233 5457 3682 5529 praloeutionem
3715 5465 3851 5508 vene-

2285 5545 2467 5602 rabilis
2491 5561 2624 5618 papa
2651 5547 2901 5604 lusimus
2928 5557 3135 5618 tenens,
3157 5552 3268 5623 egit
3294 5565 3426 5607 cum
3455 5550 3689 5615 homine,
3715 5559 3848 5618 quem

2348 5700 2369 5773 ξ
2392 5707 2456 5773 tta
2477 5702 2844 5773 Cygirannensis
2865 5711 2946 5754 Ms.
2969 5712 3034 5773 At_
3046 5706 3184 5773 editi,
3195 5707 3456 5773 centena.

2350 5765 2369 5794 ¹
2392 5763 2932 5827 ιὀιιὸζιίῡεναιίιαιρηι,
2958 5768 3054 5827 vel,
3081 5763 3371 5834 hlrgitatc'm.
