3938 6512
175 481 300 534 om
319 467 576 528 doctrina!
608 478 804 528 ventus
842 467 1138 537 lnﬂaverat,
1161 479 1303 524 utea
1322 484 1442 539 quae
1467 468 1538 523 illi
1564 483 1595 521 a
1615 466 1733 522 dia-

173 581 289 624 cono
305 561 515 619 Paulino
538 559 764 618 fuerant
781 561 987 632 objecta
1008 560 1306 626 damnaret,
1321 569 1481 630 atque
1502 567 1559 614 ut
1575 558 1732 614 Sedis

172 656 450 730 Apostolica:
476 653 707 721 litteris,
740 670 858 726 quae
883 670 915 709 a
942 663 1136 709 sanctae
1164 652 1438 708 memoria:
1465 666 1561 706 suo
1587 666 1728 721 pra:-

169 761 349 807 cessore
370 757 755 812 manaverant,
790 747 1050 816 praeberet
1084 759 1386 801 assensum.
1426 745 1492 799 At
1519 743 1608 798 ille
1635 757 1733 797 no-

168 841 246 898 luit
263 835 464 909 quidem
487 836 715 892 diaconi
741 837 951 907 objecta
979 836 1231 891 damnare
1259 835 1392 891 :sed
1413 835 1551 890 beati
1581 849 1730 904 papae

168 925 418 986 Innocentii
458 926 666 982 litteris
695 943 804 983 non
846 937 928 983 est
966 942 1127 982 ausus
1154 925 1450 991 obsistere;
1479 924 1586 980 imo
1618 942 1638 976 ι
1671 939 1732 979 se

165 1022 308 1077 omnia
332 1031 454 1086 quae
495 1017 672 1072 Sedes
723 1018 808 1071 illa
852 1016 1166 1084 damnaret,
1209 1015 1581 1071 damnatarum
1611 1030 1730 1069 esse

164 1108 364 1186 promisit
396 1125 412 1162 :
453 1125 476 1160 ι
508 1117 676 1177 atque
704 1109 776 1164 ita
799 1110 940 1164 velut
967 1107 1324 1178 phreneticus,
1348 1113 1407 1160 ut
1428 1107 1732 1176 requiesce—

161 1210 241 1266 ret,
263 1211 510 1268 tanquam
556 1200 754 1255 leniter
800 1199 961 1267 lotus,
990 1215 1019 1252 a
1047 1198 1270 1253 vinculis
1305 1205 1480 1252 tamen
1511 1211 1728 1252 excom-

162 1290 512 1348 municationis
551 1290 796 1346 nondum
831 1299 914 1346 est
965 1290 1201 1345 creditus
1257 1302 1376 1344 esse
1417 1287 1726 1344 solvendus.

159 1381 242 1438 Sed
279 1381 604 1449 interposito
647 1381 876 1436 duorum
920 1381 1182 1436 mensium
1232 1387 1509 1448 tempore,
1557 1378 1730 1433 donec

159 1471 515 1527 rescriberetur
571 1486 641 1525 ex
693 1472 915 1537 Alrtca,
970 1470 1314 1540 resipisceudi
1363 1471 1412 1526 ei
1450 1470 1599 1524 locus
1628 1468 1728 1523 sub

161 1564 349 1634 quadam
378 1562 704 1619 medicinali
749 1564 1028 1618 sententia:
1067 1564 1283 1618 lenitate
1307 1577 1596 1618 concessus
1623 1571 1726 1617 cst.

159 1654 381 1724 Quoniam
438 1669 680 1721 revera,
739 1655 784 1710 si
834 1653 1069 1724 deposita
1113 1654 1420 1723 pervicacia:
1447 1654 1681 1707 vanitate
1709 1691 1726 1717 ,

163 1746 275 1818 quod
304 1746 636 1815 promiserat
664 1747 828 1802 vellet
854 1745 1148 1812 attendere,
1177 1755 1231 1800 et
1255 1745 1468 1800 easdem
1500 1746 1726 1810 litteras,

158 1839 318 1908 quibus
343 1851 403 1890 se
434 1852 841 1893 consensurum
888 1824 1008 1893 eSse
1049 1837 1419 1906 responderat,
1447 1836 1730 1907 diligenter

159 1928 341 1998 legeret,
374 1936 699 1982 sanaretur.
731 1927 839 1984 Sed
867 1938 1206 1998 posteaquam
1233 1943 1299 1983 ex
1331 1926 1582 1982 Africano
1609 1927 1727 1997 epi-

160 2032 409 2085 scoporum
451 2020 694 2074 concilio
735 2021 989 2090 rescripta
1017 2019 1220 2074 directa
1248 2028 1391 2080 sunt,
1415 2019 1542 2089 quid
1570 2019 1726 2074 fuerit

167 2121 500 2174 consecuturi),
539 2122 596 2164 nt
619 2111 924 2180 justissime
946 2114 1000 2168 in
1028 2128 1146 2166 cum
1178 2112 1438 2167 sententia
1463 2112 1728 2181 proferre-

171 2213 255 2267 tur,
274 2213 444 2259 cuneta
475 2203 665 2271 legite,
697 2205 821 2275 quia
857 2213 1044 2258 cuncta
1073 2203 1494 2259 transmisimus.

233 2293 417 2348 (“APUT
460 2293 599 2348 VIII.
650 2324 725 2336 —-
760 2294 814 2350 9.
864 2293 1014 2349 Unde
1055 2297 1216 2350 etiam
1266 2295 1530 2365 Pelagius,
1576 2296 1620 2350 si
1666 2310 1725 2351 se

173 2385 315 2454 ipsa:
348 2396 396 2439 et
435 2402 534 2439 sua
587 2387 788 2454 scripta
841 2387 958 2442 sine
989 2387 1114 2443 dolo
1143 2387 1379 2458 cogitat,
1435 2405 1539 2443 non
1579 2399 1726 2446 recte

164 2475 286 2540 dicit,
312 2475 492 2530 eadem
519 2479 788 2531 sententia
815 2494 877 2534 se
899 2495 1000 2534 non
1029 2479 1274 2536 debuisse
1300 2481 1488 2535 teneri.
1512 2480 1726 2537 Fefellit

159 2567 280 2621 enim
296 2567 546 2637 judicium
567 2568 913 2623 Palaestinum
934 2585 948 2634 ;
977 2579 1263 2640 propterea
1284 2571 1352 2626 ibi
1377 2571 1584 2626 videtur
1604 2587 1724 2627 esse

159 2668 434 2730 purgatus:
463 2659 757 2712 Romanam
800 2675 928 2715 vero
974 2660 1292 2725 Ecclesium,
1332 2661 1419 2716 ubi
1450 2675 1571 2716 eum
1599 2677 1723 2718 esse

159 2752 483 2805 notissimum
525 2751 684 2814 scitis,
733 2751 920 2806 fallere
958 2767 1338 2821 usquequaque
1378 2769 1482 2807 non
1517 2754 1720 2824 potuit;

164 2844 398 2914 quamvis
432 2853 485 2897 et
519 2842 613 2896 hoc
645 2841 804 2896 fuerit
845 2851 1130 2913 utcumque
1168 2844 1184 2875 ί
1212 2851 1434 2898 conatus
1464 2861 1477 2897 :
1504 2843 1634 2909 sed,
1668 2853 1726 2898 ut

175 2933 303 2999 dixi,
329 2935 527 2988 minime
563 2934 743 2990 valuit.
775 2932 1021 2988 Ilecoluit
1048 2934 1191 2989 enim
1221 2934 1560 2990 beatissimus
1589 2949 1724 3005 papa

170 3023 412 3087 lusimus,
439 3025 558 3093 quid
589 3025 882 3079 imitandus
913 3041 1207 3096 praecessor
1225 3026 1341 3096 ejus
1362 3026 1430 3082 de
1451 3027 1581 3097 ipsis
1601 3042 1722 3082 scn-

159 3116 286 3171 serit
303 3118 466 3187 gestis.
497 3117 745 3172 Attendit
772 3119 932 3172 etiam
962 3119 1088 3190 quid
1115 3119 1184 3174 de
1213 3119 1305 3173 illo
1333 3120 1557 3174 sentiret
1582 3134 1723 3189 pra:-

154 3207 356 3262 dicanda
395 3207 444 3261 in
493 3207 729 3263 Domino
771 3208 1133 3263 Romanorum
1181 3207 1318 3264 ﬁdes
1353 3209 1528 3281 (Rom.
1553 3225 1592 3277 ι,
1622 3210 1720 3283 8),

152 3314 346 3368 quorum
388 3300 654 3357 adversus
697 3301 816 3371 ejus
854 3318 1090 3358 errorem
1128 3318 1228 3374 pro
1274 3305 1497 3359 veritate
1538 3304 1724 3359 catho-

146 3391 251 3458 lica,
267 3393 431 3447 studia
454 3395 813 3448 consonantia
838 3393 1177 3449 concorditer
1193 3393 1417 3464 ﬂagrare
1437 3394 1720 3451 cernebat:

146 3484 268 3537 inter
290 3500 424 3555 quos
440 3487 532 3540 ille
557 3486 651 3541 diu
668 3487 897 3553 vixerat,
914 3495 967 3541 et
987 3501 1118 3554 quos
1138 3487 1257 3556 ejus
1283 3486 1531 3558 dogmata
1558 3488 1725 3544 latere

142 3589 236 3628 non
277 3584 577 3647 poterant:
610 3577 705 3646 qui
737 3577 1044 3633 Caelestium
1083 3577 1201 3646 ejus
1239 3592 1360 3632 esse
1403 3577 1721 3648 discipulum

139 3666 210 3720 sic
229 3676 506 3731 noverant,
534 3677 594 3722 ut
623 3667 993 3722 fidelissimum
1025 3677 1081 3722 et
1118 3667 1479 3722 firmissimum
1506 3679 1726 3738 possent

138 3756 198 3812 de
221 3756 315 3812 hac
336 3773 400 3813 re
422 3759 798 3814 testimonium
825 3758 1123 3828 perhibere.
1165 3757 1302 3824 Quid
1347 3774 1475 3829 ergo
1515 3758 1584 3814 de
1620 3760 1724 3815 Pa-

138 3849 342 3904 laestina:
367 3848 568 3920 synodi
596 3849 786 3920 gestis,
819 3848 1014 3919 quibus
1051 3863 1111 3903 se
1140 3848 1387 3919 Pelagius
1412 3850 1720 3906 absolutum

137 3955 242 3996 esse
279 3943 569 4012 gloriatur,
613 3949 834 3996 sanctus
875 3955 1004 4011 papa
1051 3940 1392 3996 Innocentius
1429 3941 1720 4011 judicarit,

135 4033 362 4101 quamvis
392 4040 450 4087 et
479 4033 535 4085 in
567 4032 766 4086 litteris
792 4030 942 4101 ejus,
973 4046 1104 4101 quas
1133 4030 1287 4086 nobis
1317 4032 1615 4102 rescripsit,
1643 4032 1722 4087 le-

133 4136 243 4192 gere
284 4123 549 4192 possitis,
598 4132 655 4176 et
705 4131 1180 4178 commemoratum
1219 4136 1339 4176 cum
1369 4122 1392 4155 ³
1434 4121 1724 4178 venerabili

135 4229 268 4283 papa!
290 4215 519 4270 Zosimo
537 4213 778 4286 synodus
798 4213 1044 4269 Africana
1063 4212 1358 4283 respondit,
1374 4213 1515 4283 quod
1533 4223 1724 4268 vestra:

136 4306 380 4363 Charitati
423 4323 554 4364 cum
590 4307 803 4363 caeteris
848 4304 1286 4360 instructionibus
1335 4305 1603 4372 misimus,
1639 4314 1722 4359 ta-

133 4414 244 4456 men
271 4416 372 4456 nee
403 4403 458 4456 in
492 4403 598 4454 hoc
625 4415 787 4470 opere
817 4396 1246 4469 prmioreundum
1276 4395 1506 4468 videtur.

194 4494 420 4551 CAPUT
458 4493 555 4548 IX.
578 4523 654 4534 —-
674 4492 761 4547 I0.
776 4492 909 4547 Cum
930 4491 1074 4546 enim
1097 4504 1196 4544 nos
1218 4491 1270 4543 in
1288 4488 1535 4558 epistola,
1563 4503 1722 4560 quam

134 4586 177 4640 ei
199 4587 433 4656 quinque
461 4584 704 4656 episcOpi
733 4583 1046 4653 scripsimus
1069 4579 1168 4654 (α),
1197 4579 1508 4636 earumdem
1545 4593 1726 4651 gesto-

135 4689 244 4730 rum
269 4676 703 4740 Palzestiuorum,
731 4689 958 4746 quorum
982 4673 1048 4728 ad
1080 4687 1180 4728 nos
1215 4673 1324 4742 jam
1364 4672 1501 4726 fama
1531 4688 1722 4742 perve-

135 4775 314 4832 nerat,
351 4766 917 4823 commemorationem
965 4763 1308 4828 fecissemus,
1355 4762 1624 4828 dicentes,
1668 4764 1722 4818 in

139 4855 365 4924 Oriente,
390 4859 482 4914 ubi
511 4857 677 4928 degit,
707 4866 857 4929 gesta
883 4855 1241 4911 ecclesiastica
1272 4853 1408 4908 facta
1444 4869 1584 4920 esse,
1606 4854 1724 4924 qui-

139 4946 230 5003 bs
258 4959 470 5020 putatur
495 4963 621 5005 esse
646 4958 899 5020 purgatus
918 4990 933 5012 ,
962 4955 1122 5017 atque
1145 4944 1214 5001 ad
1240 4945 1344 5001 hoc
1368 4951 1505 5000 Inter
1527 4956 1722 5000 czelera

141 5038 218 5094 ilie
237 5041 590 5097 rescriberet:
617 5057 638 5091 ς
668 5037 804 5094 Cum
829 5037 958 5104 sint,
986 5054 1006 5089 ι
1039 5036 1229 5107 inquit,
1259 5055 1278 5088 ι
1307 5036 1479 5107 aliqua
1508 5036 1561 5091 in
1589 5035 1720 5106 ipsis

141 5131 304 5200 pausita
333 5132 513 5203 gestis,
544 5146 666 5200 qua:
695 5128 926 5199 objecta,
965 5129 1158 5198 partim
1197 5127 1288 5184 ille
1329 5126 1546 5182 vitando
1589 5142 1720 5198 sup-

141 5224 362 5292 pressit,
401 5224 590 5294 partim
639 5221 805 5277 multa
838 5222 889 5275 in
921 5237 982 5277 se
1009 5221 1171 5277 verba
1212 5219 1573 5292 retorquendo
1611 5231 1720 5277 tota

143 5315 449 5372 obscuritate
473 5314 752 5380 confudit;
790 5314 964 5384 aliqua
1002 5314 1170 5384 magis
1206 5311 1340 5368 falsa
1360 5354 1376 5378 ,
1405 5328 1564 5384 quam
1590 5327 1719 5369 vera

141 5408 360 5474 ratione,
386 5417 442 5464 ut
477 5405 547 5463 ad
591 5417 802 5476 tempus
827 5413 1035 5476 poterat
1059 5404 1259 5471 videri,
1293 5405 1565 5476 purgavit,
1620 5419 1718 5462 ue-

200 5538 219 5570 ⁸
236 5541 318 5588 Sic
338 5546 429 5589 IIS.
443 5538 582 5600 aditi,
606 5542 880 5600 utrumque.

198 5600 224 5631 ⁸
252 5608 354 5648 ιιι-ι.
374 5609 422 5650 et
440 5607 535 5659 ιτ..
556 5598 688 5649 evnit.
713 5598 884 5648 Helius
918 5603 1085 5648 autem
1119 5603 1229 5647 ιον.
1257 5603 1310 5647 et
1330 5603 1460 5658 κει..
1483 5609 1594 5659 cum
1622 5608 1640 5646 :
1661 5601 1718 5646 ut

144 5659 307 5720 ipsulm
327 5655 566 5712 Innocentii
595 5660 849 5724 degestis
877 5659 1386 5724 ralzestinisjudicium
1415 5655 1717 5724 intelligatur

146 5733 556 5785 mummium
573 5724 626 5772 in
650 5721 831 5785 litteris
854 5721 1079 5772 Africana
1100 5721 1267 5785 synodi
1283 5721 1342 5770 ad
1365 5723 1617 5772 Zosimutn.
1635 5727 1716 5772 tta:

149 5781 331 5832 litera:
343 5786 565 5834 hactenus
587 5784 948 5834 desiderantur.

209 5853 285 5910 (τὴ
326 5849 510 5912 Epistula
536 5849 639 5910 ΓΠ,
663 5849 792 5896 inter
817 5846 1199 5909 augustinianas,
1226 5859 1274 5894 n.
1295 5844 1342 5894 9.

1220 351 1422 410 LIBER
1462 352 1550 408 DE
1591 350 1905 409 PECCATO
1941 351 2308 413 ORIGINAIJ.

3309 369 3414 428 390

1833 465 2009 536 gaudo
2034 468 2158 536 alia,
2205 470 2307 524 alia
2351 469 2478 525 falsa
2519 470 2956 544 interpretatione
3009 478 3282 536 vertendo.
3312 482 3420 541 Sed

1782 594 1794 601 ρ
1834 559 2058 623 utinam,
2084 561 2227 630 quod
2255 563 2542 631 Optandqu
2575 567 2741 637 magis
2766 577 2866 636 cst,
2893 569 3003 640 jam
3028 585 3089 626 se
3119 570 3207 628 ille
3233 573 3299 628 ad
3323 590 3422 632 ve-

1832 665 1945 704 ram
1976 653 2252 708 catholica:
2279 653 2400 709 fidei
2430 656 2567 711 viam
2591 658 2659 712 ab
2687 659 2775 713 illo
2800 677 2898 716 suo
2917 678 3102 718 errore
3120 676 3418 736 convertat,

1833 749 1888 796 et
1930 743 2109 812 cupiat
2154 744 2386 814 velitque
2417 753 2629 818 purgarl
2649 790 2664 814 ,
2693 753 3038 810 considerans
3061 756 3418 826 quotidianam

1835 831 1928 887 Dei
1956 833 2180 903 gratiam
2202 875 2217 900 ,
2249 835 2674 908 adjutoriumque
2702 855 3059 912 cognoscens,
3093 853 3152 900 ut
3181 848 3419 904 videatur

1832 937 1978 989 vere,
2023 932 2078 979 et
2115 925 2440 995 approbetur
2473 927 2542 982 ab
2574 931 2843 1000 omnibus,
2882 937 3160 992 manifesta
3210 941 3416 997 ratione

1831 1022 2132 1078 correctus;
2168 1031 2270 1068 non
2294 1024 2566 1085 gestorum
2591 1018 2821 1088 judicio,
2853 1023 2948 1078 sed
2991 1025 3058 1080 ad
3100 1028 3414 1086 catholicam

1831 1102 1989 1157 (idem
2027 1105 2189 1161 corde
2215 1122 2493 1162 converso.
2527 1108 2679 1164 Unde
2721 1128 2827 1166 non
2876 1129 3156 1184 possumus
3206 1120 3414 1176 illorum

1832 1211 1932 1250 nec
1955 1199 2251 1267 approbare
2279 1215 2378 1256 nec
2405 1202 2620 1272 culpare
2641 1204 2920 1274 judicium,
2951 1223 3074 1264 cum
3119 1214 3415 1272 nesciamus

1831 1293 2005 1340 utrum
2033 1303 2155 1342 vera
2185 1290 2289 1344 sint
2313 1300 2493 1360 gesta;
2520 1303 2612 1348 aut
2635 1296 2678 1349 si
2708 1311 2829 1350 vera
2859 1298 2985 1365 sint,
3014 1311 3222 1357 constet
3247 1309 3416 1374 magis

1829 1377 2245 1450 subterfugisse,
2289 1397 2444 1451 quam
2473 1398 2531 1438 se
2564 1395 2670 1440 tota
2717 1389 2941 1444 veritate
2975 1407 3226 1461 purgasse
3257 1397 3356 1467 (a).
3395 1416 3412 1448 ι

1833 1467 2032 1524 Videtis
2048 1483 2192 1527 certe
2215 1474 2264 1526 iu
2286 1473 2366 1528 his
2383 1475 2579 1543 verbis,
2595 1480 3037 1547 quemadmodum
3060 1499 3191 1554 papa
3217 1486 3415 1541 beatis-

1829 1560 1996 1616 sinms
2031 1561 2366 1621 Innocentius
2406 1581 2510 1622 non
2556 1577 2803 1640 tanquam
2853 1573 2921 1629 de
2968 1575 3233 1646 ineognito
3271 1579 3417 1649 loqui

1831 1651 2090 1708 videatur.
2116 1655 2317 1710 Videtis
2347 1660 2558 1727 qualem
2607 1662 2784 1716 tulerit
2825 1665 2892 1720 de
2927 1665 3065 1721 illius
3107 1671 3417 1740 purgatione

1829 1747 2167 1835 sententiam.
2205 1748 2406 1805 Videtis
2432 1752 2556 1820 quid
2589 1768 2868 1810 successor
2889 1758 3004 1826 ejus
3041 1771 3254 1816 sanctus
3277 1778 3412 1835 papa

1828 1833 2068 1891 Zosimus
2115 1839 2354 1896 recoleze
2401 1840 2688 1910 debuerit,
2749 1845 2888 1901 sicut
2936 1849 3208 1917 recoluit,
3262 1833 3318 1906 ut
3347 1833 3414 1907 in

1827 1941 1892 1982 eo
1924 1928 2004 1983 sui
2048 1934 2386 1999 prmcessoris
2407 1933 2666 2004 judicium
2709 1949 2910 1994 remota
2948 1945 3285 2001 cunctatione
3321 1947 3413 2000 lir-

1830 2029 2017 2073 ιιιίινει.

1899 2109 2126 2166 CAPUT
2167 2112 2232 2166 X.
2265 2144 2336 2154 —
2376 2116 2460 2170 ll.
2501 2115 2618 2171 Jam
2648 2134 2787 2172 nunc
2819 2119 3098 2191 diligenter
3123 2125 3409 2192 attendite,

1827 2200 1968 2255 unde
2019 2212 2341 2258 monstretur
2368 2207 2507 2275 quod
2549 2207 2862 2266 Palmstinos
2890 2212 3132 2284 Pelagius
3172 2215 3416 2270 fefellerit

1821 2292 2057 2361 judiees,
2094 2305 2151 2350 ut
2191 2298 2290 2352 alia
2338 2308 2560 2368 taceam,
2609 2303 2662 2356 in
2714 2302 2814 2359 hac
2861 2305 2974 2374 ipsa
3015 2308 3310 2376 qua-suone
3347 2310 3414 2364 de

1828 2383 2152 2453 Baptismate
2207 2390 2545 2457 parvulorum
2589 2409 2603 2445 :
2649 2409 2717 2448 ne
2767 2393 2906 2450 forte
2947 2398 3216 2467 cuipiam,
3257 2400 3307 2453 in
3347 2416 3414 2453 eo

1825 2477 1965 2544 quod
1991 2476 2244 2546 diximus,
2269 2495 2390 2535 eum
2411 2497 2647 2549 sensum,
2678 2483 2728 2538 iu
2755 2501 2862 2555 quo
2886 2487 3103 2542 liberior
3126 2489 3412 2546 Caelestius

1826 2567 1940 2631 fuit,
1971 2569 2120 2624 vobis
2149 2573 2447 2629 occultasse
2473 2573 2763 2644 Pelagium,
2787 2593 2906 2632 cum
2930 2587 2984 2633 et
3001 2581 3113 2649 ipse
3130 2598 3234 2634 non
3257 2581 3413 2636 aliter

1824 2660 2038 2724 sentiat,
2061 2662 2373 2718 calumniari
2411 2666 2584 2734 potius
2610 2666 2691 2720 vel
2719 2668 2996 2736 suspicari,
3022 2686 3179 2740 quam
3203 2682 3412 2728 certum

1824 2749 2021 2820 aliquid
2049 2753 2520 2821 comprehendisse
2544 2756 2842 2812 videamur.
2872 2758 3074 2829 Nempe
3108 2761 3219 2830 jam
3255 2777 3414 2832 supe-

1825 2844 1936 2898 rius
1960 2845 2090 2900 satis
2119 2847 2302 2901 claruil
2329 2889 2343 2912 ,
2378 2857 2656 2918 propterea
2690 2849 2998 2906 leestium
3043 2853 3278 2910 noluisse
3320 2855 3413 2908 da-

1825 2949 2009 2990 mnare
2025 2936 2164 3005 quod
2186 2936 2402 3002 dicitur,
2425 2956 2444 2989 ι
2470 2939 2599 2994 Athe
2624 2949 2896 3008 peccatum
2915 2941 3012 3012 ipsi
3037 2944 3133 2997 soli
3156 2945 3411 3012 obfuisse,

1826 3040 1930 3080 non
1956 3028 2136 3097 generi
2166 3027 2430 3095 humano;
2462 3039 2516 3084 et
2545 3029 2775 3086 infantes
2798 3032 2889 3102 qui
2927 3044 3234 3099 nascuntur,
3267 3036 3320 3090 in
3347 3052 3412 3090 eo

1824 3127 1962 3173 statu
1989 3133 2129 3186 esse,
2152 3119 2207 3175 in
2233 3126 2337 3190 quo
2364 3121 2532 3176 Adam
2560 3120 2659 3176 fuit
2679 3133 2803 3178 ante
2828 3125 3316 3194 prrevaricationem
3346 3144 3357 3179 :
3387 3145 3404 3176 ι

1824 3209 1947 3278 quia
1974 3210 2205 3276 videbat,
2232 3212 2276 3266 si
2309 3212 2406 3268 ista
2449 3212 2762 3279 damnaret,
2805 3213 3120 3270 confirmare
3158 3231 3216 3270 se
3247 3217 3298 3270 in
3328 3215 3412 3271 in-

1826 3299 2054 3356 fantibus
2103 3304 2307 3373 peccati
2359 3319 2432 3360 ex
2480 3305 2650 3360 Adam
2699 3305 3002 3362 transitum.
3053 3307 3180 3363 Ilaec
3232 3320 3408 3367 autem

1824 3406 1945 3446 cum
1973 3389 2196 3448 fuissent
2222 3393 2429 3463 objecta
2457 3394 2693 3467 Pelagio,
2725 3395 2868 3467 quod
2898 3412 2960 3452 ea
2991 3411 3113 3452 cum
3157 3399 3411 3454 leestio

1824 3487 1982 3542 etiam
2022 3488 2138 3556 ipse
2162 3490 2405 3555 sentiret,
2435 3490 2550 3544 sine
2581 3491 2682 3544 ulla
2712 3491 3086 3548 retractatione
3117 3492 3407 3548 damnavit.

1823 3579 1976 3648 Quod
2014 3579 2142 3637 licet
2164 3597 2259 3635 vos
2289 3581 2479 3652 legisse
2508 3586 2674 3638 sciam
2698 3600 2724 3647 ;.
2748 3593 2924 3638 tamen
2969 3585 3090 3654 quia
3131 3601 3234 3638 non
3280 3587 3411 3641 solis

1824 3671 1975 3727 vobis
2018 3670 2119 3726 hoc
2144 3672 2394 3726 scribitur
2411 3713 2426 3739 ,
2457 3688 2524 3727 ne
2551 3674 2724 3744 pigeat
2751 3675 3004 3730 lcetorem
3031 3675 3098 3729 ad
3126 3676 3237 3746 ipsa
3264 3687 3410 3746 gesta

1825 3775 2120 3826 recurrere,
2153 3760 2237 3815 vel
2274 3761 2320 3815 si
2360 3775 2424 3821 ea
2469 3777 2573 3830 non
2625 3763 2828 3830 habet,
2873 3764 3033 3818 etiam
3077 3779 3198 3820 cum
3231 3765 3415 3822 labore

1826 3854 2154 3926 perquirere,
2183 3854 2295 3932 ipsa
2327 3853 2449 3910 inde
2477 3854 2640 3912 verba
2672 3856 3097 3922 transcribimus,
3129 3874 3248 3928 qua:
3275 3855 3412 3914 infra

1824 3947 2018 4016 scripta
2045 3956 2189 4002 sunt.

1893 4037 2121 4095 CAPUT
2157 4037 2251 4094 XI.
2280 4067 2353 4079 —
2379 4037 2466 4093 l2.
2513 4057 2532 4091 ι
2579 4037 2827 4110 Synodus
2855 4037 2986 4094 dixit
3027 4056 3042 4094 :
3092 4038 3244 4095 Nunc
3281 4055 3415 4112 quo-

1826 4130 1966 4184 niam
1999 4130 2521 4185 anathematizaverit
2555 4130 2570 4162 ³
2605 4129 2851 4200 Pelagius
2881 4129 3142 4184 incertum
3181 4131 3414 4185 stultilo-

1825 4225 2004 4293 quium
2030 4265 2046 4290 ,
2100 4232 2247 4279 recte
2290 4223 2643 4294 respondens,
2678 4221 2947 4278 hominem
2981 4238 3103 4277 cum
3149 4222 3414 4294 adjutorio

1827 4314 1918 4369 Dei
1945 4324 1999 4371 et
2025 4315 2191 4385 gratia
2219 4329 2375 4385 posse
2395 4329 2516 4370 esse
2542 4317 2897 4386 ἀναμάρτητον,
2937 4313 2986 4368 id
3012 4323 3115 4380 est,
3143 4314 3257 4369 sine
3279 4329 3408 4386 pec-

1824 4414 1967 4475 cato,
1989 4406 2309 4477 respondeat
2333 4416 2386 4462 ct
2411 4407 2477 4462 ad
2505 4407 2608 4461 alia
2649 4406 2899 4475 capitula.
2939 4406 3094 4460 Aliud
3120 4408 3408 4476 capitulum

1825 4498 1877 4553 in
1907 4498 2145 4553 doctrina
2165 4497 2401 4554 leestii
2431 4497 2675 4567 discipuli
2701 4495 2922 4566 Pelagii,
2947 4513 3012 4551 ex
3040 4497 3120 4552 eis
3146 4513 3263 4568 qua:
3285 4496 3412 4552 Car-

1826 4589 2038 4660 thagine
2062 4605 2092 4642 a
2117 4599 2302 4645 sancto
2334 4587 2547 4642 Aurelio
2571 4585 2977 4658 Carthaginensi
3008 4586 3260 4657 episcopo
3285 4601 3408 4642 cum

1823 4681 1940 4735 aliis
1975 4678 2239 4749 episcopis
2277 4677 2456 4733 audita
2501 4687 2626 4732 sunt
2654 4688 2707 4734 et
2745 4685 3157 4734 commemorata
3193 4692 3208 4730 :
3237 4678 3407 4732 Adam

1823 4773 2100 4827 mortalem
2130 4769 2323 4825 factum
2343 4811 2359 4837 ,
2392 4769 2479 4839 qui
2509 4770 2621 4824 sive
2649 4779 2912 4840 peccaret,
2940 4771 3054 4825 sive
3084 4784 3188 4824 non
3219 4784 3410 4839 pecca-

1824 4874 1925 4929 ret,
1953 4865 2243 4920 moriturus
2268 4869 2431 4918 esset.
2477 4861 2737 4932 Quoniam
2779 4872 3052 4934 peccatum
3082 4861 3211 4917 Adae
3237 4862 3409 4933 ipsum

1824 4957 1992 5012 solum
2021 4955 2240 5022 laeserit,
2271 4965 2325 5011 et
2351 4970 2457 5010 non
2485 4969 2652 5026 genus
2679 4954 2991 5010 humanum.
3021 4953 3284 5021 Quoniam
3325 4955 3408 5010 lex

1824 5051 1902 5104 sic
1925 5049 2095 5102 mittat
2116 5049 2180 5106 ad
2203 5062 2448 5118 rcgnum,
2476 5047 2923 5118 quemadmodum
2955 5057 3009 5102 et
3035 5047 3407 5118 Evangelium.

1823 5141 2080 5210 Quoniam
2111 5151 2235 5197 ante
2263 5139 2549 5196 adventum
2575 5139 2768 5196 Christi
2797 5141 2992 5197 fuerint
3020 5141 3264 5196 homines
3292 5143 3409 5198 sine

1823 5246 2062 5305 peccato.
2083 5233 2355 5303 Quoniam
2371 5231 2600 5288 infantes
2625 5249 2792 5305 nuper
2811 5234 2919 5288 nati
2948 5234 2999 5288 in
3027 5248 3092 5288 eo
3118 5242 3257 5288 statu
3281 5234 3407 5299 sint,

1823 5325 1875 5381 in
1913 5340 2019 5397 quo
2068 5323 2237 5380 Adam
2281 5323 2377 5380 fuit
2427 5332 2550 5380 ante
2591 5324 3100 5396 praevaricationem.
3147 5323 3408 5393 Quoniam

1823 5433 1994 5490 neque
2039 5432 2133 5487 per
2175 5425 2402 5472 mortem
2447 5415 2530 5472 vel
2568 5416 3058 5488 prmvaricationem
3088 5416 3218 5472 Δάαι
3246 5431 3407 5471 omne

1820 5523 1986 5580 genus
2014 5507 2287 5563 hominum
2318 5507 2595 5571 moriatur,
2625 5523 2799 5579 neque
2830 5523 2924 5579 per
2951 5508 3402 5563 resurrectionem

1819 5598 2014 5657 Christi
2059 5613 2220 5655 omne
2270 5614 2440 5668 genus
2497 5599 2770 5654 hominum
2824 5608 3086 5670 resurgat.
3140 5599 3404 5668 Quoniam

1881 5712 1898 5745 ³
1926 5717 1974 5760 tn
1995 5708 2119 5760 libro
2139 5707 2204 5758 de
2240 5709 2398 5759 Gestis
2432 5707 2627 5772 Pelagii,
2652 5722 2702 5758 n.
2732 5709 2807 5772 t6,
2833 5708 3267 5764 anathematizaril.
3303 5717 3433 5761 For--

1819 5783 1869 5826 te
1891 5772 2176 5834 legendum,
2201 5784 2310 5821 cum
2330 5770 2820 5822 anatltcm'lttisavert't.

1883 5833 2175 5899 (.jEpistola
2193 5835 2456 5884 Innocentii
2482 5836 2608 5882 inter
2625 5835 2990 5897 Augustiniauas
3014 5834 3116 5897 183,
3131 5849 3211 5885 nn.
3233 5835 3266 5886 ὅ
3289 5843 3338 5886 et
3361 5835 3409 5884 4.
