3938 6510
520 371 623 432 391

520 491 743 544 sanctus
795 481 1078 554 episcopus
1132 472 1458 545 Augustinus
1506 468 1761 524 adversus
1808 464 2100 535 discipulos

524 581 642 654 ejus
671 581 726 636 in
747 576 924 634 Sicilia
951 569 1224 643 respondit
1249 566 1449 624 Hilario
1472 563 1538 619 ad
1566 561 1802 632 subjecta
1825 557 2052 628 capitula
2084 597 2100 623 ,

525 647 767 728 scribens
810 666 1003 721 librum
1038 658 1113 733 (α)
1145 659 1197 714 in
1229 671 1338 730 quo
1386 656 1486 712 ista
1525 651 1864 708 continentur
1895 665 1910 702 :
1941 647 2105 701 Posse

524 761 796 818 hominem
822 756 938 811 sine
965 760 1182 822 peccato
1225 763 1344 804 esse
1366 788 1382 814 ,
1431 745 1476 800 si
1525 742 1647 800 velit
1677 759 1691 796 ε
1725 739 1970 801 Infantes,
2001 735 2103 792 etsi

524 869 632 909 non
671 848 1023 919 baptizenlur,
1053 841 1250 896 habere
1275 840 1433 893 vitam
1461 845 1712 890 :eternam
1742 850 1758 888 :
1791 830 1988 884 Divites
2009 826 2101 881 ba-

525 917 770 1016 ptizatos,
799 937 898 994 nisi
921 935 1167 991 omnibus
1194 928 1587 993 abrenuntient,
1625 924 1670 979 si
1708 921 1831 995 quid
1856 919 1980 976 boni
2007 917 2103 972 visi

525 1010 726 1092 fuerint
759 1033 956 1096 facere,
987 1042 1093 1082 non
1124 1023 1354 1094 reputari
1385 1021 1513 1083 illis,
1545 1031 1719 1087 neque
1756 1028 1978 1085 regnum
2012 1010 2103 1064 Dei

528 1143 688 1198 posse
714 1139 808 1181 eos
837 1122 1053 1177 habere.
1097 1117 1340 1186 Pelagius
1379 1112 1512 1168 dixit
1541 1127 1556 1165 :
1589 1110 1664 1164 De
1704 1121 1861 1178 posse
1890 1105 2103 1174 quidem

529 1219 802 1275 hominem
826 1213 945 1269 sine
975 1217 1190 1281 peccato
1215 1219 1356 1272 esse,
1383 1203 1584 1258 dictum
1623 1207 1705 1255 est
1734 1195 1994 1266 superius.
2033 1193 2107 1248 De

529 1325 597 1365 eo
625 1315 803 1364 autem
832 1300 972 1374 quod
1013 1298 1211 1355 fuerint
1251 1294 1495 1350 homines
1523 1298 1646 1344 ante
1673 1287 1956 1342 adventuum
1996 1283 2106 1338 Do-

531 1399 661 1456 mini
686 1397 801 1452 sine
826 1372 1073 1466 peccato,
1103 1387 1330 1444 dicimus
1362 1393 1417 1438 et
1459 1395 1556 1436 nos
1580 1377 1830 1452 quoniam
1857 1383 1982 1429 ante
2010 1372 2108 1428 ad-

531 1497 748 1547 ventum
813 1465 1009 1541 Christi
1073 1480 1320 1535 vixerunt
1360 1472 1574 1544 quidam
1618 1475 1804 1524 sancte
1837 1481 1900 1522 ac
1925 1465 2066 1536 juste
2090 1505 2105 1530 ,

532 1578 823 1639 secundum
863 1575 1256 1642 Seripturarum
1284 1573 1584 1622 sanctarum
1613 1559 1949 1616 traditionem
1983 1577 1997 1612 :
2024 1571 2112 1611 re-

532 1673 674 1742 liqua
712 1682 840 1724 vero
865 1676 920 1721 et
947 1661 1235 1719 secundum
1266 1657 1505 1728 ipsorum
1547 1650 1941 1713 testimonium,
1986 1647 2110 1718 quia

533 1738 636 1820 ista
678 1775 782 1816 non
823 1765 948 1813 sunt
987 1769 1082 1825 pro
1126 1752 1318 1822 quibus
1355 1762 1454 1817 ego
1481 1743 1784 1799 satisfacere
1821 1739 2044 1795 debeam
2067 1738 2110 1804 ί,

536 1853 632 1911 sed
684 1863 861 1907 tamen
904 1847 971 1902 ad
1005 1840 1419 1899 satisfactionem
1464 1843 1661 1891 saneta:
1709 1830 1942 1905 Synodi,
1985 1843 2115 1884 ana-

538 1943 825 2003 thematizo
860 1954 956 1996 eos
989 1937 1079 2008 qui
1123 1935 1203 1992 sic
1236 1938 1453 1997 tenent,
1493 1937 1585 1983 aut
1619 1922 1904 1996 aliquando
1931 1931 2113 1978 tenue-

535 2045 834 2180 mlghizll'l‘
871 2118 986 2176 Xll.
1019 2147 1094 2160 —
1123 2116 1209 2172 l3.
1240 2114 1399 2176 Ecce,
1435 2118 1490 2165 ut
1518 2109 1620 2164 alia
1640 2106 1902 2169 omittam,
1925 2099 2114 2157 videtis

534 2211 1008 2272 anathematizasse
1029 2205 1295 2276 Pelagium
1317 2217 1411 2257 eos
1434 2200 1524 2272 qui
1547 2205 1748 2263 tenent,
1778 2213 1796 2248 ε
1824 2193 1964 2264 quod
1986 2191 2114 2246 Ada:

535 2317 812 2381 peccatum
841 2303 1011 2374 ipsum
1039 2299 1210 2354 solum
1239 2294 1456 2355 lmserit,
1485 2301 1539 2347 et
1577 2305 1682 2345 non
1719 2302 1887 2359 genus
1930 2284 2117 2340 huma-

537 2380 776 2468 num;et
805 2395 945 2469 quod
992 2392 1218 2448 infantes
1262 2387 1353 2460 qui
1398 2391 1703 2446 nascuntur,
1758 2380 1812 2434 in
1858 2393 1924 2433 eo
1973 2383 2114 2430 statu

537 2496 664 2558 sint,
683 2466 746 2547 in
773 2466 878 2561 quo
904 2487 1071 2542 Adam
1101 2484 1198 2538 fuit
1227 2489 1349 2535 ante
1377 2473 1886 2549 praevaricationem.
1925 2487 1944 2522 ι
1979 2466 2115 2534 Quid

539 2599 668 2656 ergo
694 2581 780 2637 hic
803 2577 946 2635 aliud
971 2573 1202 2647 episcopi
1227 2569 1439 2641 judices
1467 2565 1765 2636 intelligere
1791 2565 2112 2632 potuerunt,

540 2651 644 2732 nisi
667 2687 789 2729 eum
814 2667 1074 2732 confiteri,
1115 2661 1254 2735 quod
1290 2668 1561 2732 peccatum
1602 2672 1667 2711 ex
1714 2654 1881 2709 Adam
1917 2651 1972 2706 in
1999 2665 2118 2720 par-

540 2766 694 2821 vulos
720 2759 986 2817 transeat?
1011 2755 1160 2827 Quod
1189 2768 1256 2809 ne
1283 2751 1628 2808 confiteretur
1655 2745 1960 2810 Caelestius,
2002 2741 2118 2796 haec

541 2856 796 2912 damnare
818 2850 1006 2918 noluit,
1028 2862 1147 2916 qua:
1171 2844 1274 2902 iste
1297 2840 1586 2898 damnavit.
1617 2835 1845 2893 Proinde
1869 2834 1915 2889 si
1937 2841 2120 2889 osten-

542 2949 704 3016 dero,
734 2946 893 3002 etiam
919 2944 1092 3014 ipsum
1122 2937 1252 2995 nihil
1273 2933 1414 2992 aliud
1435 2932 1634 2990 sentire
1651 2932 1719 2986 de
1741 2927 1992 3000 parvulis,
2017 2925 2117 2982 nisi

544 3039 686 3114 quod
711 3039 826 3095 sine
852 3037 956 3093 ulla
981 3037 1290 3106 cujusquam
1317 3028 1428 3083 vitii
1455 3023 1770 3095 contagione
1790 3029 2115 3083 nascuntur;

541 3109 670 3204 quid
697 3132 833 3186 inter
857 3128 1014 3183 istum
1036 3135 1090 3182 et
1109 3121 1418 3179 Caelestium
1443 3119 1497 3173 in
1517 3114 1615 3171 hac
1637 3113 1928 3185 quaestione
1951 3109 2121 3165 dista-

545 3199 643 3292 bit,
674 3222 776 3278 nisi
814 3218 954 3290 quod
998 3217 1087 3273 ille
1123 3213 1378 3285 apertior,
1426 3209 1526 3265 iste
1571 3203 1828 3260 occultior
1865 3200 1998 3265 fuit;
2035 3199 2122 3254 ille

544 3312 899 3387 pertinacior,
941 3308 1042 3364 iste
1081 3302 1422 3366 mendacior;
1451 3298 1536 3354 vel
1563 3305 1708 3352 certe
1738 3293 1828 3349 ille
1861 3289 2080 3349 liberior
2103 3329 2118 3354 ,

545 3381 632 3466 hic
659 3405 915 3464 asttttior?
939 3403 1030 3460 ille
1057 3400 1198 3456 enim
1229 3412 1329 3453 nec
1363 3396 1418 3450 in
1454 3390 1690 3448 Ecclesia
1715 3381 2121 3456 Carthaginensi

546 3505 800 3560 damnare
839 3497 1026 3563 voluit,
1067 3490 1210 3566 quod
1247 3491 1300 3546 in
1338 3487 1578 3543 Romana
1619 3489 1800 3555 postea
1839 3494 1900 3536 se
1939 3486 2124 3533 tenere

545 3594 823 3652 confessus
847 3598 949 3657 est,
979 3596 1033 3645 et
1053 3585 1240 3656 corrigi
1266 3589 1570 3657 paratumst:
1594 3591 1701 3632 esse
1727 3571 1996 3645 professus
2011 3575 2118 3637 est,

545 3689 590 3743 si
614 3686 661 3744 ei
686 3695 922 3756 tanquam
939 3655 1140 3736 homini
1163 3655 1302 3734 error
1326 3655 1563 3744 obrepsit.
1588 3669 1694 3725 iste
1712 3674 1889 3722 autem
1915 3674 1970 3720 et
1993 3661 2122 3718 illud

510 3767 513 3772 ’
545 3779 736 3848 dogma
757 3755 1028 3832 damnavit
1048 3781 1294 3842 tanquam
1316 3763 1639 3825 contrarium
1662 3757 1890 3822 veritati.
1915 3771 1984 3812 ne
2012 3755 2126 3825 ipse

544 3887 576 3927 a
603 3845 878 3926 catholicis
902 3863 1168 3936 jndicibus
1193 3860 1569 3920 damnaretur;
1609 3861 1664 3909 et
1703 3849 1758 3908 id
1799 3847 1902 3906 sibi
1940 3845 2125 3903 delen-

544 3961 778 4020 dendum
809 3965 992 4030 postea
1028 3951 1338 4020 reservavit,
1364 3958 1456 4005 aut
1479 3944 1808 4005 mendaciter
1829 3941 2089 3998 damnans
2107 3981 2122 4007 ,

544 4063 638 4112 aut
663 4050 852 4110 callide
876 4051 1252 4120 interpretans.

614 4162 840 4223 CAPUT
867 4159 1005 4219 χιιι.
1034 4189 1105 4201 -
1135 4158 1222 4214 id.
1266 4154 1372 4212 Sed
1411 4151 1564 4209 video
1591 4149 1657 4206 de
1683 4165 1770 4206 me
1801 4149 1910 4219 jam
1945 4145 2130 4218 justis-

545 4258 680 4315 sime
709 4252 988 4326 postulari,
1020 4260 1075 4305 ut
1112 4246 1253 4320 quod
1285 4245 1534 4318 promisi,
1577 4251 1750 4296 utrum
1778 4249 1833 4296 et
1874 4239 1987 4311 ipse
2028 4237 2130 4293 hoc

545 4347 741 4403 sentiat
775 4342 915 4414 quod
951 4339 1264 4405 leesﬁus,
1311 4335 1679 4391 demonstrare
1720 4344 1822 4385 non
1864 4327 2124 4382 differant.

547 4438 603 4495 itt
634 4435 804 4508 primo
841 4433 978 4489 libro
1022 4428 1337 4487 recentioris
1379 4423 1555 4496 operis
1583 4422 1696 4490 sui,
1739 4419 1879 4492 quod
1918 4419 2131 4488 scripsit

546 4545 643 4600 pro
682 4526 876 4585 Libero
925 4522 1198 4588 Arbitrio,
1231 4517 1384 4589 cujus
1429 4514 1608 4586 operis
1658 4512 1709 4567 in
1769 4511 1955 4565 litteris
2000 4523 2132 4579 quas

547 4622 771 4677 Romam
813 4619 989 4686 misit,
1016 4610 1576 4672 commemorationem
1613 4605 1736 4662 fecit
1766 4625 1779 4660 :
1833 4624 1852 4658 α
1885 4603 2074 4669 Omne,
2106 4622 2125 4656 ι

548 4711 750 4781 inquit,
803 4726 822 4761 ο
858 4708 1053 4763 bonum
1079 4719 1144 4759 ac
1194 4701 1391 4758 malum
1413 4741 1428 4767 ,
1465 4714 1571 4770 quo
1599 4697 1682 4752 vel
1711 4695 2004 4752 laudabiles
2046 4693 2131 4749 vel

547 4797 922 4871 vituperabiles
947 4809 1150 4862 sumus,
1180 4810 1284 4850 non
1315 4793 1587 4848 nobiscum
1618 4789 1807 4857 oritur,
1837 4787 1930 4843 sed
1961 4787 2133 4858 agitur

549 4905 580 4947 a
610 4889 763 4947 nobis
789 4905 803 4942 :
834 4901 1054 4958 capaces
1093 4885 1235 4942 enim
1267 4885 1540 4954 utriusque
1573 4881 1651 4938 rei
1671 4921 1686 4946 ,
1716 4895 1820 4935 non
1860 4878 1999 4948 pleni
2035 4892 2130 4932 nn-

547 4990 836 5053 scimur,et
860 4992 916 5040 ut
938 4980 1054 5038 sine
1077 4980 1290 5044 virtute,
1309 4979 1377 5033 ita
1399 4985 1453 5032 et
1477 4976 1590 5031 sine
1615 4974 1741 5029 vitio
1763 4985 2127 5044 procreantur:

547 5090 708 5151 atque
748 5085 871 5133 ante
903 5074 1167 5130 actionem
1196 5063 1423 5142 propriae
1452 5067 1760 5132 voluntatis,
1804 5065 1854 5120 id
1883 5065 2052 5120 solum
2080 5064 2132 5119 in

549 5173 765 5230 homine
790 5180 893 5234 est,
922 5165 1063 5240 quod
1096 5165 1235 5221 Deus
1259 5162 1546 5218 condidit.»
1594 5159 1795 5230 Nempe
1825 5159 2044 5215 cernitis
2079 5159 2132 5214 in

549 5264 636 5322 his
664 5261 860 5333 Pelagii
881 5259 1077 5326 verbis,
1099 5254 1241 5329 quod
1265 5253 1452 5324 dogma
1478 5253 1814 5309 contineatur
1831 5251 2132 5318 amborum,

549 5357 617 5413 de
670 5353 902 5427 parvulis
945 5350 1062 5406 sine
1121 5346 1276 5402 ullius
1318 5344 1429 5399 vitii
1485 5361 1550 5399 ex
1604 5343 1772 5398 Adam
1822 5341 2135 5412 contagione

549 5444 910 5503 nascentibus.
965 5439 1081 5496 Non
1127 5437 1304 5508 itaque
1347 5434 1540 5490 mirum
1578 5442 1687 5500 est,
1734 5431 1876 5505 quod
1923 5446 2016 5487 cos
2045 5431 2133 5501 qui

613 5577 634 5611 ί
657 5581 708 5645 II!
731 5573 916 5645 eadem.
940 5569 1084 5631 ιίιιτον
1107 5581 1159 5645 n-
1179 5567 1275 5645 ξμς.
1289 5564 1642 5645 ῖεὲἐιῑιωεεετομ
1657 5569 1705 5645 εξ
1725 5563 1988 5645 {esz
2011 5561 2137 5626 ίρθο-

550 5625 666 5711 τρεῖ
682 5625 1152 5711 καιβεηιφείωιιξέἒιε
1163 5625 1893 5711 ΕΪΕΨΞηῨῨὶἑτξητιΒῙΜὲξέἕδ
1920 5625 2136 5711 εστω-

551 5699 772 5811 more
813 5709 909 5749 non
952 5693 1120 5747 debeo.
1163 5692 1338 5743 Eadem
1378 5691 1541 5742 verba.
1578 5688 1867 5753 repetuntur
1919 5688 2134 5748 ibidem,

614 5824 690 5885 (α)
720 5821 922 5885 [cpistola
967 5821 1072 5880 ίᾚ,
1095 5817 1154 5870 ad
1177 5815 1425 5868 ililarium.

1784 350 1848 408 'S.
1888 343 2252 406 AUGUSTINI
2293 343 2599 403 EPISCOPI
3634 367 3717 428 Μ

2214 462 2398 517 dicunt
2423 502 2438 524 ,
2473 479 2491 513 ς
2527 460 2656 515 Adin
2687 467 2959 531 peccatum
3005 459 3101 529 ipsi
3141 461 3239 517 soli
3279 464 3525 538 obfuisse,
3549 485 3598 531 et
3631 496 3716 542 non

2208 551 2398 622 generi
2447 551 2716 615 humano;
2761 559 2816 604 et
2860 548 3088 605 infantes
3122 553 3208 621 qui
3251 569 3548 630 nascuntur,
3586 566 3631 622 in
3667 590 3718 630 eo

2207 650 2343 696 statu
2372 655 2494 697 esse
2520 681 2536 705 ,
2566 641 2618 694 in
2645 655 2750 708 quo
2779 639 2875 693 fuit
2901 638 3068 694 Adam
3095 649 3215 696 ante
3241 649 3714 716 pravaricaiioaem..

2207 732 2490 788 leestius
2531 731 2784 786 damnare
2826 731 2996 785 noluit
3025 749 3039 784 :
3067 733 3159 786 sed
3201 702 3413 792 multum

2208 841 2311 895 qua
2336 825 2509 880 fronte
2539 824 2783 894 Pelagius
2829 823 2926 877 ista
2967 822 3308 881 damnaverit.
3350 828 3402 884 Si
3427 795 3721 900 enini,—

2208 917 2367 980 dicit,
2423 932 2442 966 ι
2475 914 2671 968 malum
2703 929 2808 968 non
2857 913 3129 968 nobiscum
3175 916 3340 971 oritur
3360 959 3375 985 ,
3413 928 3463 974 et
3496 923 3598 980 sine
3624 929 3722 986 vitio

2210 1024 2584 1081 procreamur,
2615 1017 2773 1078 atque
2807 1015 2932 1062 ante
2957 1007 3216 1062 actionem
3258 1012 3469 1080 propriae
3492 1017 3723 1078 voluntatis

2209 1103 2262 1157 id
2283 1103 2453 1158 solum
2483 1103 2534 1155 in
2566 1101 2779 1155 homine
2807 1107 2922 1164 est,
2953 1098 3093 1167 quod
3117 1099 3255 1155 Deus
3291 1102 3545 1170 condidit;
3581 1125 3598 1160 ο
3627 1126 3723 1179 pro.

2210 1190 2349 1248 fecto
2390 1200 2662 1261 peccatum
2693 1187 2821 1243 Adae
2847 1187 2948 1258 ipsi
2986 1187 3086 1242 soli
3112 1189 3306 1254 obfuit,
3349 1193 3462 1261 quia
3497 1196 3664 1253 nullum
3686 1202 3725 1257 in

2212 1282 2410 1352 prolem
2442 1281 2718 1336 transitum
2745 1277 2888 1334 fecit.
2935 1277 3054 1333 Non
3083 1279 3223 1355 enim
3251 1290 3512 1349 peccatum
3552 1301 3640 1340 non
3663 1301 3726 1346 est

2211 1373 2408 1428 malum
2433 1414 2447 1436 ,
2478 1380 2569 1426 aut
2601 1377 2875 1441 peceatum
2901 1384 3006 1424 non
3035 1376 3118 1424 est
3151 1369 3331 1424 vitium
3352 1413 3367 1437 ,
3392 1380 3479 1427 aut
3504 1387 3726 1443 peccatum

2213 1463 2355 1518 Deus
2380 1460 2638 1516 condidit.
2679 1460 2816 1514 Dicit
2837 1467 3016 1514 autem
3049 1459 3169 1525 iste,
3201 1476 3221 1510 ι
3256 1459 3440 1515 Malum
3467 1477 3562 1518 non
3582 1465 3728 1522 nobis-

2212 1569 2333 1611 cum
2359 1553 2527 1608 oritur
2548 1594 2564 1620 ,
2601 1559 2658 1607 et
2681 1551 2798 1606 sine
2839 1549 2968 1604 vitio
2999 1563 3340 1620 procreamur
3360 1592 3374 1616 ,
3402 1551 3568 1608 ethoc
3593 1557 3730 1614 solum
3806 1539 3808 1541 l

2214 1655 2296 1702 est
2315 1646 2368 1702 in
2404 1643 2764 1710 nascentibus,
2791 1642 2935 1713 quod
2966 1643 3106 1698 Deus
3149 1642 3429 1698 condidit.»
3461 1647 3533 1700 Ac
3557 1661 3636 1716 per
3651 1649 3730 1706 hoc

2213 1750 2334 1791 cum
2380 1753 2400 1788 ι
2439 1741 2710 1805 peccatum
2756 1731 2886 1787 Ααω
2916 1731 3016 1801 ipsi
3041 1730 3141 1786 soli
3167 1731 3430 1799 obfuisse,
3460 1751 3554 1790 non
3590 1741 3734 1807 generi

2216 1825 2500 1893 humano,»
2531 1823 2821 1881 secundum
2847 1825 3004 1878 istam
3035 1837 3186 1878 suam
3209 1826 3538 1888 sententiam,
3562 1830 3734 1884 verissi-

2216 1932 2360 1971 mum
2384 1923 2550 1986 putet,
2571 1931 2665 1970 cur
2688 1913 2792 1969 hoc
2815 1913 3084 1967 damnavit
3107 1912 3370 1983 Pelagius,
3399 1915 3492 1970 nisi
3512 1917 3738 1985 utjudiees

2215 2009 2460 2064 catholici
2494 2007 2844 2062 fallerentur?
2891 2004 3152 2061 Similiter
3190 2005 3347 2060 etiam
3384 2005 3504 2062 illud
3542 2008 3635 2064 dici
3664 2025 3738 2079 po-

2218 2108 2320 2155 test
2351 2117 2365 2154 :
2402 2116 2422 2151 (
2453 2098 2506 2156 Si
2536 2099 2731 2153 malum
2763 2111 2865 2152 non
2897 2096 3178 2152 nobiscum
3206 2097 3372 2151 oritur
3395 2137 3408 2162 ,
3448 2106 3500 2152 et
3521 2099 3622 2154 sine
3641 2101 3739 2156 vitio

2219 2206 2598 2263 procreamur,
2647 2189 2806 2260 idque
2847 2188 3024 2244 solum
3061 2197 3146 2244 est
3193 2188 3245 2242 in
3276 2188 3481 2244 homine
3519 2201 3738 2255 nascente,

2217 2281 2356 2353 quod
2388 2283 2524 2336 Deus
2543 2280 2814 2346 condidit;
2863 2296 2882 2331 ι
2916 2278 3104 2349 procul
3130 2278 3314 2346 dubio,
3346 2296 3366 2331 ι
3398 2280 3482 2350 qui
3511 2293 3744 2336 nascuntur

2218 2372 2467 2438 infantes,
2495 2372 2549 2426 in
2575 2387 2640 2427 eo
2665 2380 2806 2426 statu
2832 2380 2977 2438 sunt,
3001 2371 3053 2425 in
3076 2386 3186 2441 quo
3211 2369 3377 2425 Adam
3403 2370 3496 2425 fuit
3512 2381 3621 2428 ante
3641 2389 3745 2442 prte-

2218 2463 2614 2530 varicationem,
2644 2483 2663 2516 ι
2693 2464 2776 2518 cui
2812 2463 3014 2518 nullum
3058 2461 3260 2518 ma'lutn
3286 2462 3558 2532 vitiumque
3587 2464 3739 2531 inerat,

2219 2566 2378 2628 atque
2406 2555 2456 2610 id
2485 2555 2659 2610 solum
2697 2554 2751 2609 in
2790 2553 2883 2609 illo
2927 2562 3074 2618 erat,
3132 2553 3274 2624 quod
3308 2553 3444 2608 Deus
3469 2553 3746 2610 condiderat.

2220 2649 2286 2705 Et
2315 2658 2490 2703 tamen
2522 2647 2993 2702 anathematizavit
3034 2646 3315 2716 Pelagius,
3349 2665 3368 2698 ε
3398 2645 3483 2716 qui
3511 2655 3665 2702 tenent
3685 2659 3748 2702 aut

2220 2737 2507 2809 aliquando
2557 2745 2869 2802 tenuerunt,
2917 2737 2970 2791 in
3010 2752 3076 2792 eo
3107 2745 3254 2792 statu
3295 2751 3414 2792 esse
3457 2747 3672 2792 recentes
3702 2741 3750 2794 ab

2221 2840 2341 2886 ortu
2385 2829 2662 2900 parvulos,
2692 2829 2743 2883 in
2785 2844 2891 2900 quo
2915 2828 3084 2884 Adam
3125 2828 3226 2884 fuit
3266 2838 3388 2883 ante
3420 2815 3750 2901 praevaricatio-

2221 2936 2365 2989 nem,
2397 2941 2414 2974 ι
2452 2921 2502 2976 id
2531 2929 2632 2988 est,
2659 2921 2776 2976 sine
2795 2921 2901 2976 ullo
2926 2920 3086 2988 malo,
3115 2920 3234 2975 sine
3262 2920 3371 2975 ullo
3395 2919 3536 2986 vitio,
3562 2919 3606 2974 id
3624 2921 3751 2973 solum

2225 3012 2512 3077 habentes,
2560 3011 2702 3082 quod
2748 3012 2889 3066 Deus
2930 3011 3192 3068 condidit.
3248 3010 3440 3082 thuid
3475 3027 3591 3081 ergo
3614 3011 3754 3067 ethoc

2223 3105 2492 3159 damnavit
2533 3103 2806 3174 Pelagius,
2847 3103 2949 3158 nisi
2975 3112 3036 3159 ut
3077 3102 3346 3158 catholica
3382 3102 3604 3174 synodus
3642 3101 3755 3156 falle-

2223 3206 2393 3263 retur,
2423 3211 2489 3250 ne
2516 3209 2685 3249 novus
2710 3193 2995 3249 hazreticus
3023 3192 3422 3248 damnaretur?

2294 3286 2521 3344 CAPUT
2549 3285 2690 3342 XIV.
2713 3315 2783 3327 —
2810 3287 2896 3341 15.
2925 3285 3077 3352 Quod
3109 3295 3290 3339 autem
3316 3283 3482 3348 scitis,
3513 3291 3564 3338 et
3586 3281 3755 3353 quodin

2224 3395 2291 3436 eo
2319 3381 2475 3436 etiam
2507 3379 2644 3434 libro
2673 3379 2858 3448 posui,
2890 3392 3047 3448 quem
3094 3376 3167 3432 de
3194 3376 3361 3447 gestis
3406 3374 3677 3430 Palaestinis
3709 3372 3756 3426 ad

2227 3469 2583 3526 venerabilem
2627 3481 2812 3524 senem
2856 3476 3099 3523 nostrum
3129 3467 3410 3522 Aurelium
3455 3465 3650 3534 scripsi,
3695 3463 3758 3516 illa

2226 3577 2328 3632 ego
2356 3562 2372 3592 ¹
2401 3560 2752 3631 responsione
2792 3559 3022 3630 Pelagii,
3069 3566 3238 3613 totam
3285 3559 3435 3612 istam
3476 3555 3759 3627 qua-stionem

2227 3659 2594 3720 consumptam
2617 3663 2736 3704 esse
2761 3648 3076 3720 gaudebam,
3106 3648 3495 3718 confessusque
3515 3645 3629 3700 mihi
3647 3659 3763 3714 aper-

2230 3742 2432 3797 tissime
2452 3739 2748 3806 videbatur,
2771 3753 2890 3794 esse
2913 3738 2964 3792 in
2987 3739 3227 3809 parvulis
3241 3738 3497 3809 originale
3517 3744 3760 3807 peccatum,

2229 3831 2508 3887 anathema
2531 3829 2758 3886 dicendo
2784 3830 2863 3885 eis
2890 3830 2978 3901 qui
3012 3839 3237 3899 peceato
3260 3829 3390 3884 Adzn
3419 3829 3579 3899 ipsum
3609 3825 3764 3887 solum,

2230 3924 2516 3979 nonetiam
2537 3935 2707 3993 genus
2735 3913 3021 3976 humanum
3049 3921 3339 3976 crederent
3367 3921 3564 3986 laesum,
3590 3927 3638 3974 et
3659 3918 3699 3971 in
3719 3930 3768 3969 eo

2229 4024 2371 4070 statu
2406 4013 2751 4083 opinarentur
2789 4025 2913 4067 esse
2953 4011 3243 4082 parvulos,
3291 4011 3343 4065 in
3392 4025 3495 4081 quo
3536 4010 3619 4064 ille
3645 4008 3770 4061 homo

2233 4105 2434 4176 primus
2465 4112 2592 4158 ante
2630 4103 3120 4174 pmvaricationem
3175 4101 3295 4157 fuit.
3347 4100 3451 4156 Sed
3493 4110 3659 4172 postea
3681 4111 3771 4152 cum
3836 4095 3841 4099 ’

2232 4195 2476 4267 legissem
2503 4205 2728 4266 quatuor
2751 4195 2865 4264 ejus
2890 4194 3074 4260 libros,
3107 4193 3180 4248 de
3214 4208 3447 4263 quorum
3483 4193 3640 4263 primo
3665 4189 3773 4243 libro

2234 4287 2388 4356 paulo
2425 4294 2549 4340 ante
2583 4293 2998 4339 commemorata
3041 4284 3208 4339 verba
3259 4282 3544 4354 descripsi,
3583 4289 3633 4337 ct
3665 4280 3776 4334 inve-

2234 4377 2431 4434 nissem
2467 4375 2736 4430 hominem
2773 4373 2949 4430 adhuc
2989 4383 3179 4429 contra
3221 4375 3538 4430 catholicam
3568 4369 3703 4426 fidem
3725 4368 3777 4421 de

2233 4467 2464 4540 parvulis
2493 4467 2847 4532 sentientem;
2896 4466 3014 4536 plus
3037 4467 3058 4499 ⁸
3089 4466 3277 4522 mirari
3303 4467 3471 4538 coepi,
3505 4477 3604 4522 tam
3640 4464 3778 4532 impu-

2234 4559 2368 4615 dens
2397 4560 2453 4614 in
2493 4558 2854 4615 ecclesiastico
2893 4557 3096 4628 judicio
3137 4568 3195 4614 et
3229 4559 3300 4614 de
3347 4568 3489 4616 tanta
3535 4555 3782 4629 quaestione

2235 4650 2589 4706 mendacium.
2645 4651 2705 4705 Si
2738 4650 2881 4705 enim
2911 4651 3126 4706 eosdem
3156 4651 3327 4707 libros
3368 4660 3492 4707 ante
3532 4656 3631 4721 jam
3675 4645 3781 4701 scri-

2236 4753 2447 4814 pserat,
2471 4741 2739 4812 quomodo
2762 4756 2822 4798 se
2841 4742 2975 4798 dixit
2997 4758 3092 4798 eos
3116 4745 3598 4808 anathematizare,
3626 4741 3702 4812 qui
3725 4739 3786 4792 sic

2236 4834 2520 4906 aliquando
2571 4833 2906 4890 tenuerunt?
2947 4835 3002 4890 Si
3050 4844 3230 4890 autem
3280 4848 3465 4906 postea
3514 4832 3634 4889 illud
3679 4842 3788 4900 opus

2239 4929 2503 4998 pollicitus
2543 4927 2564 4959 ⁸
2603 4936 2720 4990 est,
2767 4928 3035 4996 qtmmodo
3091 4929 3561 4984 anathematizavit
3602 4926 3682 4995 qui
3729 4920 3788 4973 sic

2240 5019 2470 5074 tenenti
2504 5019 2613 5074 Nisi
2661 5018 2883 5076 ridicule
2910 5021 3046 5077 forte
3073 5020 3316 5077 dicturus
3344 5030 3457 5087 est,
3501 5035 3590 5076 eos
3625 5034 3677 5072 se
3711 5015 3787 5069 da-

2246 5127 2458 5167 mnasse
2483 5111 2573 5182 qui
2597 5111 2674 5165 sic
2696 5111 2981 5183 aliquando
3003 5123 3313 5181 tenuerunt,
3329 5125 3385 5170 et
3397 5115 3487 5185 qui
3503 5113 3577 5168 sic
3605 5115 3789 5168 tenent;

2239 5204 2308 5258 de
2334 5214 2575 5271 tempore
2599 5213 2776 5258 autem
2799 5202 2979 5258 futuro
3003 5247 3018 5272 ,
3061 5205 3114 5258 id
3139 5213 3253 5270 est,
3295 5205 3376 5259 eis
3404 5205 3493 5275 qui
3515 5203 3591 5258 sic
3617 5201 3792 5256 fuerant

2240 5295 2495 5352 rctenturi
2512 5336 2527 5361 ,
2554 5309 2656 5350 nec
2682 5295 2804 5361 sibi,
2832 5310 2932 5352 nec
2958 5297 3075 5351 aliis
3096 5296 3450 5366 praejudieare
3472 5293 3728 5366 potuisse;
3751 5297 3794 5342 θι

2241 5391 2362 5446 ideo
2390 5405 2496 5445 non
2525 5390 2690 5445 fuisse
2718 5389 3001 5444 mentitum
3024 5432 3038 5456 ,
3069 5390 3192 5461 quia
3232 5398 3420 5459 postea
3464 5386 3794 5459 deprehensus

2239 5490 2321 5538 est
2349 5481 2428 5536 sic
2477 5490 2682 5536 tenere.
2733 5479 2840 5536 Sed
2872 5495 2979 5536 non
3024 5479 3124 5535 hoc
3153 5480 3317 5547 dicit,
3352 5496 3459 5536 non
3497 5477 3658 5534 solum
3694 5473 3796 5545 quia

2240 5572 2518 5629 ridiculum
2554 5580 2668 5638 est,
2709 5572 2805 5628 sed
2843 5574 2963 5644 quia
3004 5589 3184 5629 verum
3215 5587 3340 5628 esse
3380 5588 3484 5628 non
3531 5575 3708 5642 potest.
3749 5561 3796 5618 In

2307 5688 2327 5779 ξ
2353 5687 2426 5736 sic
2444 5693 2549 5735 Mss.
2567 5691 2623 5735 At
2647 5683 2782 5745 editi,
2799 5697 2932 5757 ergo.

2359 5756 2436 5779 Am
2479 5753 2535 5779 lil-
2581 5753 2626 5779 nl
2651 5752 2740 5779 Me:
2802 5760 2877 5779 ut!
2900 5761 2932 5779 ιε

2359 5756 2453 5796 Arn.
2479 5753 2552 5795 Er.
2581 5752 2777 5812 θρίω..
2802 5752 2936 5812 pairs

2311 5810 2331 5841 ³
2359 5815 2516 5872 Forte,
2539 5805 2730 5860 molitus
