3938 6506
188 333 263 393 5,5
602 276 609 281 ’
1225 312 1428 370 LIBER
1468 308 1556 367 ne
1593 308 1901 366 peccaro
1938 310 2310 367 ORIGINALI.

186 448 334 508 eisdem
366 440 561 514 quippe
599 437 790 505 libris,
820 443 876 492 et
912 441 1096 490 contra
1123 429 1326 502 peccati
1369 444 1438 484 ex
1469 425 1636 483 Adam
1669 426 1719 479 in

189 537 376 615 panitth
411 532 701 589 transitum
742 529 1008 600 loquitur,
1054 535 1110 582 et
1140 525 1208 580 de
1233 523 1399 594 gestis
1424 521 1724 577 Palaestina:

188 612 325 709 synodi
362 628 646 700 gloriatur,
690 624 780 679 ubi
827 637 921 677 eos
959 619 1049 691 qui
1095 618 1174 685 sic
1207 624 1441 682 tenent,
1466 612 1724 669 veraciter

189 702 411 785 Mnasse
436 724 655 788 pptatus
681 722 785 779 cst,
807 721 863 768 et
886 709 1278 768 absolutionem
1309 721 1459 763 suam
1492 702 1724 759 fallendo

192 817 339 872 iurabis
360 818 459 864 est.

240 900 424 961 CAPUT
444 898 564 955 XV.
585 927 661 938 —
679 896 769 953 16.
792 894 931 962 Quid
950 892 1092 948 enim
1108 890 1177 947 ad
1196 904 1334 954 rem,
1365 886 1432 944 de
1453 901 1555 957 qua
1582 900 1723 941 nunc

195 1001 373 1069 agimus,
422 989 694 1061 pertinet,
740 984 884 1058 quod
932 982 1210 1053 discipulis
1259 979 1372 1036 suis
1411 976 1720 1048 respondet,

197 1067 326 1142 «ideo
349 1098 404 1139 se
439 1082 524 1135 illa
550 1078 758 1149 objecta
788 1077 1071 1130 damnasse
1097 1115 1114 1141 ,
1145 1071 1267 1143 quia
1307 1078 1363 1125 et
1408 1069 1525 1139 ipse
1572 1067 1721 1128 dicit.

197 1195 272 1235 non
293 1185 471 1231 tantum
497 1173 671 1242 primo
703 1167 907 1225 homini
926 1208 941 1232 ,
973 1165 1069 1221 sed
1094 1165 1254 1221 etiam
1282 1163 1513 1217 humano
1540 1160 1724 1232 generi

197 1271 373 1342 primum
400 1263 523 1320 illud
559 1261 797 1317 obfuisse
824 1266 1121 1329 peccatum,
1146 1270 1252 1310 non
1285 1252 1590 1324 propagine,
1625 1249 1722 1342 sed

195 1341 422 1430 exemplo;
452 1376 473 1409 ›
501 1355 554 1410 id
582 1360 686 1416 est,
712 1368 821 1407 non
849 1349 989 1421 quod
1017 1364 1081 1404 ex
1110 1348 1200 1402 illo
1227 1345 1488 1401 traxerint
1510 1341 1723 1414 aliquod

194 1453 366 1514 vitium,
394 1445 478 1517 qui
518 1460 583 1500 ex
629 1443 723 1498 illo
767 1440 1041 1513 prapagati
1080 1446 1238 1505 sunt,
1276 1435 1371 1492 sed
1418 1434 1559 1506 quod
1602 1448 1724 1489 eum

122 1538 131 1549 ”
196 1543 375 1613 primum
416 1542 719 1606 peccantem
750 1531 941 1591 imitati
987 1537 1112 1586 sunt
1154 1541 1376 1593 omnes,
1408 1526 1498 1596 qui
1541 1533 1724 1596 postea

198 1626 534 1703 μαραίνει-ιλιιιῖ
578 1632 673 1679 aut
700 1623 821 1693 quia
852 1621 1007 1687 dicit,
1042 1638 1062 1672 ι
1098 1618 1219 1674 ideo
1260 1616 1486 1672 infantes
1526 1631 1630 1671 non
1671 1617 1725 1671 in

196 1739 245 1778 eo
276 1730 394 1777 statu
427 1732 541 1774 esse
560 1758 576 1781 ,
607 1716 661 1770 in
689 1728 797 1786 quo
837 1712 936 1768 fuit
963 1711 1133 1767 Adam
1160 1718 1284 1766 ante
1327 1708 1725 1778 praevaricatio-

198 1831 319 1879 nem,
343 1811 453 1883 quia
494 1808 579 1864 isti
626 1813 953 1878 prazceptum
983 1817 1175 1873 capere
1216 1800 1451 1857 nondum
1480 1808 1722 1869 possunt,

201 1908 269 1963 ille
313 1914 468 1959 autem
514 1898 728 1969 potuit;
784 1895 1128 1964 nondumque
1183 1900 1402 1947 utuntur
1454 1889 1726 1945 rationalis

205 1995 436 2053 voluntatis
475 1991 727 2058 arbitrio,
776 2003 883 2059 quo
929 1986 1019 2041 ille
1063 1983 1168 2039 nisi
1215 1990 1472 2049 uteretur,
1522 1996 1628 2036 non
1675 1980 1725 2036 ci

206 2096 466 2163 mptum
512 2081 773 2139 daretur?
820 2099 840 2132 ι
883 2077 1017 2147 Quid
1063 2075 1166 2130 hoc
1206 2073 1273 2130 ad
1317 2089 1434 2129 rem
1478 2072 1723 2144 pertinet,

214 2182 307 2253 quia
328 2176 464 2234 verba
487 2173 588 2229 sibi
616 2172 823 2243 objecta
854 2169 931 2225 sic
958 2164 1295 2236 exponendo,
1322 2172 1469 2219 recte
1493 2178 1552 2218 se
1580 2170 1728 2234 putat

221 2274 432 2327 damname
469 2264 608 2337 quod
655 2262 886 2328 dicitur,
935 2278 955 2314 ι
1004 2265 1281 2331 peccatum
1310 2256 1440 2311 Adae
1482 2255 1583 2325 ipsi
1629 2253 1724 2310 soli

220 2362 425 2429 qbl‘uisse,
460 2365 511 2412 et
550 2369 660 2410 non
707 2350 892 2425 generi
939 2350 1217 2413 humano;
1263 2355 1318 2403 et
1360 2345 1589 2401 infantes
1636 2342 1728 2414 qui

212 2459 472 2515 nascuntur,
497 2447 551 2502 in
591 2460 659 2502 eo
701 2451 843 2499 statu
881 2456 1035 2506 esse,
1066 2440 1120 2497 in
1150 2454 1255 2511 quo
1280 2437 1448 2495 Adam
1480 2436 1577 2492 fuit
1603 2445 1729 2492 ante

204 2554 471 2617 peccatum:
503 2560 521 2593 ι
550 2548 605 2596 ct
628 2546 810 2593 tamen
839 2534 922 2590 his
958 2533 1222 2590 damnatis
1259 2546 1365 2587 non
1406 2529 1731 2585 mendaciter

207 2650 383 2704 tenere,
406 2633 529 2707 quod
549 2634 600 2688 in
625 2632 745 2701 ejus
772 2639 958 2701 postea
991 2625 1308 2698 conscriptis
1349 2623 1616 2695 opusculis
1646 2623 1729 2677 in-

206 2729 423 2794 venitur,
453 2743 471 2777 ι
500 2724 602 2779 sine
638 2721 748 2777 ullo
791 2719 934 2775 malo
956 2760 977 2794 ,_
1013 2717 1130 2774 sine
1174 2716 1283 2771 ullo
1313 2712 1442 2769 vitio
1483 2714 1732 2783 parvulos

210 2822 360 2883 nasci,
379 2792 535 2872 ethoc
554 2812 710 2869 solum
738 2811 793 2866 in
820 2810 900 2865 eis
927 2792 1067 2874 esse,
1095 2806 1235 2879 quod
1260 2804 1399 2861 Deus
1423 2804 1679 2872 condidit,
1705 2822 1725 2857 ι

214 2927 312 2966 non
331 2909 489 2964 vulnus
512 2904 634 2977 quod
659 2903 911 2959 inimicus
940 2899 1171 2956 inﬂixit?

279 3000 466 3058 CAPUT
496 2997 622 3054 XVI.
650 3027 725 3037 —
751 2995 838 3051 l7.
867 2991 1127 3064 Numquid
1158 2990 1273 3048 hmc
1301 2989 1544 3056 dicendo,
1574 2988 1732 3045 verba

210 3105 399 3168 prepter
419 3091 539 3145 aliud
566 3089 775 3160 objecta
804 3088 958 3143 aliter
986 3082 1322 3155 exponendo,
1355 3082 1407 3137 id
1433 3083 1559 3152 agit,
1594 3090 1650 3136 ut
1677 3096 1736 3136 se

196 3186 376 3257 judices
410 3198 504 3237 non
537 3180 804 3236 fefellisse
844 3174 1219 3233 demonstret?
1265 3173 1494 3229 Prorsus
1536 3188 1641 3227 non
1684 3171 1735 3226 id

194 3278 333 3333 efficit
362 3295 376 3331 :
405 3277 542 3331 tanto
565 3273 710 3330 enim
748 3270 938 3327 fefellit
962 3268 1242 3332 occultius,
1287 3275 1484 3337 quanto
1521 3266 1739 3336 exponit

191 3373 276 3427 ista
327 3372 594 3427 versutius.
651 3366 902 3438 Episcopi
977 3364 1173 3435 quippe
1224 3359 1473 3418 catholici
1526 3357 1737 3430 quando

191 3463 441 3519 audiebant
458 3461 728 3518 hominem
751 3456 1284 3517 anatlicmatizantem
1307 3469 1400 3509 eos
1420 3452 1509 3523 qui
1532 3450 1733 3517 dicunt,

195 3576 213 3609 ι
238 3557 351 3611 Adze
389 3563 655 3626 peccatum
703 3551 803 3622 ipsi
832 3550 931 3605 soli
971 3546 1240 3615 obfuisse,
1271 3560 1377 3601 non
1423 3543 1604 3615 generi
1635 3542 1734 3598 hu—

191 3662 358 3712 mano;
390 3665 409 3698 ι
441 3644 576 3701 nihil
604 3640 750 3697 aliud
779 3655 900 3697 eum
932 3653 1120 3709 sapere
1147 3635 1541 3700 existimabant,
1578 3647 1735 3703 quam

185 3739 231 3793 id
280 3738 408 3810 quod
457 3734 719 3792 catholica
785 3730 1022 3787 Ecclesia
1075 3728 1366 3800 praedicare
1417 3723 1734 3780 consuevit:

183 3831 304 3886 unde
330 3828 586 3885 veraciter
615 3824 869 3896 parvulos
910 3822 965 3877 in
1000 3831 1339 3893 peccatorum
1367 3817 1735 3873 remissionem

180 3922 419 3992 baptizat,
447 3935 552 3974 non
578 3931 701 3989 qua:
730 3912 989 3970 imitando
1017 3910 1292 3975 fecerunt,
1327 3917 1542 3979 propter
1584 3906 1737 3977 primi

174 4012 449 4085 peccatoris
473 4009 819 4080 exemplum;
862 4004 958 4062 sed
987 4018 1107 4075 qua:
1141 4000 1411 4058 nascendo
1439 4006 1735 4062 traxerunt,

172 4117 375 4177 propter
410 4103 634 4174 originis
663 4100 872 4155 vitium.
920 4098 989 4153 Et
1032 4094 1244 4167 quando
1285 4092 1572 4148 audiebant
1609 4105 1740 4146 ana-

171 4200 585 4267 thematizantem
613 4208 710 4250 eos
749 4192 838 4264 qui
866 4190 1080 4253 dicunt,
1111 4186 1339 4243 infantes
1380 4186 1467 4256 qui
1510 4198 1739 4239 nascun-

169 4306 262 4357 tur,
294 4292 345 4346 in
386 4305 451 4346 eo
479 4296 623 4344 statu
651 4300 770 4341 esse
790 4325 807 4351 ,
839 4283 891 4338 in
921 4296 1027 4353 quo
1055 4279 1224 4336 Adam
1256 4277 1354 4332 fuit
1381 4284 1504 4331 ante
1533 4290 1738 4345 praeva-

168 4384 503 4446 ricationem;
537 4397 558 4431 ι
591 4376 728 4432 nihil
755 4389 879 4431 eum
909 4371 1052 4427 aliud
1081 4370 1260 4426 dicere
1287 4367 1606 4431 credebant,
1639 4362 1742 4419 nisi

165 4492 253 4532 eos
291 4475 380 4547 qui
426 4471 677 4545 parvqus
726 4476 912 4538 putant
956 4463 1160 4519 nullum
1206 4476 1273 4516 ex
1306 4458 1472 4514 Adam
1521 4458 1743 4513 traxisse

168 4575 449 4638 peccatum,
496 4571 553 4620 et
596 4558 893 4616 secundum
937 4556 1042 4611 hoc
1089 4554 1142 4609 in
1190 4568 1255 4608 eo
1307 4560 1451 4606 statu
1500 4565 1642 4617 esse,
1688 4549 1741 4603 in

169 4674 265 4726 quo
296 4657 392 4711 fuit
417 4656 507 4710 ille
544 4660 672 4707 ante
702 4656 996 4721 peccatum.
1042 4645 1253 4701 Etenim
1284 4643 1387 4699 hoc
1424 4641 1501 4697 illi
1540 4641 1741 4711 objice-

173 4757 306 4803 retur
326 4749 367 4812 ¹,
396 4762 504 4801 non
531 4742 713 4808 aliud,
745 4740 883 4795 unde
908 4738 1132 4809 qumstio
1157 4736 1485 4792 versabatur.
1516 4731 1745 4789 Proinde

172 4856 283 4893 cum
313 4838 413 4894 hoc
437 4838 538 4892 iste
565 4835 646 4891 sic
675 4832 913 4903 exponit,
945 4838 1003 4884 ut
1042 4828 1202 4895 dicat,
1233 4825 1460 4882 infantes
1489 4825 1610 4881 ideo
1637 4839 1745 4879 non

178 4931 223 4983 iu
264 4946 328 4986 eo
368 4935 506 4983 statu
546 4940 671 4982 esse
692 4964 709 4991 ,
738 4923 795 4977 in
822 4936 925 4991 quo
950 4919 1120 4975 Adam
1160 4917 1270 4985 fuit,
1295 4927 1420 4972 ante
1448 4924 1743 4986 peccatum,

176 5023 286 5090 quia
332 5018 564 5075 nondum
615 5022 744 5070 sunt
794 5013 845 5067 in
889 5009 1075 5066 eadem
1122 5007 1373 5063 firmitate
1416 5006 1612 5061 mentis
1656 5014 1749 5059 aut

179 5114 427 5184 corporis,
455 5125 565 5166 non
593 5106 739 5180 quod
766 5105 821 5160 in
848 5117 941 5159 eos
981 5100 1253 5157 transierit
1292 5099 1394 5154 ulla
1437 5097 1592 5168 culpa
1620 5112 1749 5167 pro~

186 5206 392 5274 juginis,
413 5198 805 5272 respondeatur
827 5195 876 5251 ei
901 5213 913 5248 ε
937 5191 1161 5262 Quando
1186 5190 1278 5246 tibi
1304 5188 1391 5245 illa
1418 5185 1748 5244 damnanda'

186 5297 552 5366 objiciebantur
573 5334 588 5359 ,
617 5306 727 5346 non
755 5303 817 5345 ea
846 5285 1090 5344 catholici
1119 5283 1354 5356 episcopi
1381 5282 1458 5337 sic
1483 5279 1749 5350 intellige-

188 5389 334 5449 bant:
384 5388 501 5443 ideo
546 5400 673 5441 cum
713 5382 802 5437 illa
848 5380 1130 5435 damnares
1172 5374 1492 5431 catholicum
1538 5382 1590 5429 te
1633 5385 1753 5427 esse

187 5481 472 5535 credebant.
502 5476 800 5546 Propterea
827 5486 976 5541 ergo,
1006 5467 1144 5541 quod
1172 5467 1329 5547 tegilli
1358 5479 1546 5536 sapere
1574 5463 1754 5517 existi-

190 5572 405 5633 mabant,
446 5563 832 5623 absolvendum
875 5561 1019 5615 fuit:
1060 5559 1199 5631 quod
1229 5573 1373 5623 vero.
1401 5566 1453 5611 tu
1489 5554 1750 5625 sapiebas,

248 5697 263 5726 ι
291 5703 531 5744 taticanus
552 5691 737 5748 codex,
760 5687 847 5737 hoc
871 5685 938 5737 ibi
953 5668 1281 5748 objiciebatur.

248 5758 375 5826 {nco
396 5764 520 5814 uss,
557 5744 808 5802 danmuta.
845 5755 961 5797 Item
993 5744 1132 5810 [aulo
1154 5754 1279 5810 post,
1313 5744 1396 5809 qui
1427 5746 1652 5793 damnata
1694 5749 1759 5792 te-

193 5825 335 5870 uasa.

451 5900 687 5965 Sacr.
724 5898 990 5957 AUGUST.
1022 5895 1104 5955 Χ.

3305 316 3413 376 δεδι

1835 424 2189 481 damnandum
2242 425 2355 481 fuit.
2408 425 2525 481 Non
2567 440 2693 498 ergo
2754 435 2812 482 tu
2858 425 3131 485 absolutus
3177 444 3270 498 es,
3320 432 3414 504 qui

1832 517 2132 572 damnanda
2172 517 2431 573 tenuisti:
2462 516 2556 579 sed
2599 517 2727 573 illud
2772 518 3071 574 absolutum
3116 528 3219 586 est,
3264 521 3412 591 quod

1834 617 2018 663 tenere
2062 607 2309 664 debuisti.
2365 606 2436 664 Ut
2477 616 2654 664 autem
2704 619 2760 663 tu
2805 608 3081 665 absolutus
3124 610 3409 680 putareris,

1832 700 2069 756 creditus
2109 714 2169 755 es
2210 700 2409 756 sentire
2454 700 2736 766 laudanda,
2785 715 2905 757 cum
2959 709 3010 757 te
3051 701 3258 772 judices
3301 716 3412 758 non

1831 789 2191 861 intelligerent
2251 789 2517 845 occultare
2575 788 2891 846 damnanda.
2952 791 3119 847 Recte
3173 791 3413 848 Calestil

1831 882 2007 938 socius
2028 881 2293 952 judicatus
2331 896 2411 948 es,
2453 880 2604 950 cujus
2644 879 2955 953 manifestas
2992 890 3048 938 te
3083 882 3411 953 esse‘parti-

1832 972 2024 1042 cipem.
2052 971 2122 1026 Et
2148 972 2193 1026 si
2220 972 2270 1026 in
2294 970 2494 1042 judicio
2519 978 2639 1026 tuos
2665 971 2985 1041 cooperuisti
3012 972 3195 1041 libros,
3228 982 3408 1029 tamen

1830 1071 1951 1133 post
1974 1062 2229 1132 judicium
2256 1077 2351 1119 eos
2378 1061 2610 1119 edidisti.

1901 1150 2126 1211 CAPUT
2163 1153 2327 1208 XVII.
2356 1184 2424 1193 —
2449 1154 2536 1209 18.
2572 1152 2701 1220 Quae
2742 1168 2864 1209 cum
2905 1152 2978 1207 ita
3007 1153 3135 1222 sint,
3170 1155 3411 1224 profecto

1830 1245 2059 1312 sentitis,
2091 1245 2142 1299 in
2174 1253 2279 1300 tam
2315 1244 2528 1300 nefandi
2557 1244 2756 1301 erroris
2783 1251 3048 1311 auctores,
3089 1244 3410 1314 episcopalia

1830 1336 2089 1404 concilia,
2128 1342 2182 1391 et
2207 1336 2564 1406 Apostolicam
2603 1332 2833 1402 Sedem,
2870 1333 3276 1404 uuiversamque
3304 1333 3413 1389 Ro-

1829 1444 2041 1485 manam
2087 1428 2413 1496 Ecclesiam,
2458 1428 2863 1498 Romanumque
2911 1426 3227 1498 imperium,
3266 1426 3411 1497 quod

1831 1521 1941 1577 Deo
1967 1520 2194 1591 propitio
2218 1520 2566 1576 christianum
2590 1529 2701 1588 est,
2729 1518 3022 1574 rectissime
3060 1517 3224 1574 fuisse
3259 1531 3411 1573 com-

1829 1622 2033 1668 motum
2064 1610 2165 1686 (a)
2193 1654 2209 1681 ,
2255 1610 2428 1668 donec
2472 1610 2787 1682 resipiscam
2833 1610 2900 1665 de
2947 1609 3143 1666 diaboli
3184 1608 3411 1681 laqueis.

1830 1706 1959 1774 Quis
1987 1706 2129 1761 enim
2175 1706 2296 1772 scit,
2342 1720 2410 1761 ne
2450 1703 2587 1760 forte
2627 1704 2719 1759 det
2748 1703 2852 1758 illis
2882 1702 3023 1758 Deus
3045 1702 3417 1773 paenitentiam

1830 1799 1898 1855 ad
1935 1796 2381 1870 cognoscendam,
2422 1805 2476 1853 et
2511 1795 2888 1863 confitendam,
2930 1804 2986 1851 et
3024 1794 3414 1865 praedicandam

1829 1890 1991 1946 etiam
2028 1888 2305 1945 veritatem
2321 1928 2338 1956 ,
2369 1886 2829 1957 damnandamque
2852 1885 3115 1941 veraciter
3139 1884 3418 1940 damnabi-

1829 1982 1936 2038 lem
1976 1978 2296 2036 falsitatem?
2337 1978 2561 2049 Quoquo
2601 1977 2760 2033 modo
2799 1986 2975 2033 autem
3006 1991 3066 2033 se
3102 1975 3302 2033 habere
3329 1974 3417 2031 isti

1830 2071 2031 2139 velint,
2058 2069 2242 2125 multis
2279 2077 2458 2125 tamen
2498 2067 2862 2124 misericordia
2891 2067 3100 2124 Domini
3125 2081 3245 2124 esse
3282 2081 3417 2122 con-

1830 2162 2051 2231 sultum,
2078 2156 2282 2232 quieos
2305 2168 2586 2231 pr0pterea
2615 2160 2974 2226 sectabantur,
2996 2160 3117 2229 quia
3140 2158 3416 2214 catholicze

1831 2252 2192 2310 communioni
2207 2252 2459 2309 videbant
2481 2266 2601 2308 esse
2621 2252 2870 2321 sociatos,
2891 2250 3135 2308 dubitare
3157 2265 3262 2306 non
3288 2262 3381 2321 pos

1833 2361 2035 2402 sumus.
2827 2388 2838 2398 .

1904 2436 1992 2494 l9.
2033 2436 2311 2507 Quomodo
2339 2444 2516 2493 autem
2555 2434 2798 2507 Pelagius
2831 2435 3091 2505 obrepere
3134 2436 3419 2491 teutaverit

1834 2527 1901 2584 ad
1924 2526 2209 2584 fallendum
2237 2526 2399 2583 etiam
2425 2524 2744 2596 Apostolica:
2769 2523 2926 2581 Sedis
2952 2524 3256 2595 episcopale
3275 2523 3419 2595 judi-
3440 2534 3455 2545 '

1834 2617 1973 2673 cium
2010 2618 2063 2672 in
2099 2617 2198 2671 hac
2236 2617 2348 2687 ipsa
2386 2614 2680 2686 quaestione
2711 2612 2780 2670 de
2814 2614 3143 2685 Baptismate
3178 2615 3424 2685 parvulo-

1836 2725 1976 2777 rum,
2003 2708 2286 2780 diligenter
2331 2705 2605 2763 attendite.
2648 2704 2708 2761 In
2744 2704 2936 2762 litteris
2978 2706 3121 2762 enim
3156 2721 3287 2777 quas
3310 2706 3422 2761 Ro-

1836 2814 1979 2854 mam
2016 2797 2160 2854 misit
2199 2796 2267 2852 ad
2292 2797 2462 2852 beatae
2500 2795 2775 2851 memoria:
2805 2809 2996 2866 papam
3031 2792 3423 2862 Innocentium,

1838 2892 2088 2964 quoniam
2129 2892 2183 2945 in
2226 2904 2452 2960 corpore
2484 2904 2606 2945 eum
2646 2904 2754 2945 non
2790 2888 3126 2957 invenerunt,
3155 2898 3211 2945 et
3239 2900 3425 2946 sancto

1843 3001 1989 3056 papa:
2015 2983 2231 3040 Zosimo
2255 2982 2391 3038 datae
2434 2990 2590 3050 sunt,
2620 2989 2779 3053 atque
2804 2981 2871 3037 ad
2913 2997 3013 3039 nos
3041 2982 3166 3039 inde
3187 2981 3423 3050 directae,

1839 3081 1969 3137 dicit
1989 3099 2009 3133 ι
2042 3095 2101 3136 se
2123 3079 2192 3135 ab
2218 3077 2524 3134 hominibus
2547 3076 2815 3144 infamari,
2842 3076 2984 3148 quod
3011 3085 3169 3148 neget
3190 3077 3426 3147 parvulis

1839 3175 2096 3245 Baptismi
2124 3180 2542 3241 sacramentum,
2570 3178 2625 3227 et
2651 3170 2856 3242 absque
2880 3170 3252 3241 redemptione
3275 3170 3428 3227 Chri-

1840 3266 1906 3320 sti
1945 3265 2210 3335 aliquibus
2249 3264 2507 3319 cmlorum
2554 3278 2718 3334 regna
2762 3262 3059 3334 promittat.
3105 3281 3125 3316 ι
3174 3261 3281 3319 Sed
3320 3278 3426 3318 non

1842 3357 1919 3410 sic
1959 3356 2064 3410 illis
2098 3355 2213 3410 haec
2251 3353 2592 3425 objiciuntur,
2617 3363 2675 3409 ut
2709 3354 2907 3424 posuit.
2948 3353 3082 3409 Nam
3106 3370 3278 3426 neque
3311 3368 3432 3425 par-

1842 3447 1979 3502 vulis
2034 3459 2232 3518 negant
2266 3444 2542 3517 'Baptismi
2598 3453 3033 3514 sacramentum,
3077 3460 3179 3502 nec
3231 3446 3432 3516 absque

1843 3537 2209 3608 redemptione
2253 3537 2448 3593 Christi
2491 3534 2756 3608 aliquibus
2794 3536 3052 3592 caelorum
3095 3551 3259 3608 regna
3303 3551 3430 3608 pro-

1845 3630 2078 3684 mittunt.
2107 3628 2287 3699 Itaque
2317 3627 2457 3684 unde
2497 3642 2556 3683 se
2596 3627 2836 3698 queritur
2876 3628 3140 3695 infamari,
3170 3644 3237 3685 eo
3266 3629 3429 3684 modo

1845 3722 2141 3794 proposuit,
2170 3731 2227 3776 ut
2254 3719 2411 3776 facile
2438 3728 2621 3791 posset
2653 3718 2862 3777 crimini
2889 3720 3100 3792 objecto
3118 3763 3135 3791 ,
3161 3721 3309 3778 salvo
3333 3736 3431 3778 suo

1843 3812 2111 3886 dogmate,
2138 3810 2486 3881 respondere.

1913 3905 2139 3962 CAPUT
2176 3904 2366 3960 XVIII.
2389 3934 2464 3946 -—
2488 3902 2749 3975 Objicitur
2772 3913 2950 3960 autem
2983 3905 3087 3961 illis
3107 3948 3121 3973 ,
3151 3905 3291 3977 quod
3324 3922 3430 3967 non

1822 3984 2141 4068 baptizatos
2168 3994 2416 4066 parvulos
2447 3995 2635 4051 nolunt
2662 3994 2989 4051 damnationi
3019 3998 3173 4067 primi
3202 3997 3432 4054 hominis

1845 4090 2106 4145 obnoxios
2138 4088 2403 4157 confiteri,
2432 4097 2487 4145 et
2519 4088 2571 4143 in
2609 4102 2704 4144 eos
2729 4089 2987 4145 transisse
3010 4090 3268 4162 originale
3303 4106 3429 4162 pec-

1845 4192 2020 4237 catum
2059 4177 2459 4252 regeneratione
2502 4179 2873 4250 purgandum;
2919 4182 3169 4251 quoniam
3211 4193 3429 4253 propter

1846 4272 2210 4345 accipiendum
2236 4289 2457 4344 regnum
2480 4272 2736 4329 caelorum
2765 4273 3128 4329 tantummodo
3149 4288 3241 4330 eos
3262 4274 3434 4344 bapti-

1848 4367 2047 4422 zandos
2077 4380 2196 4422 esse
2219 4364 2549 4421 contendunt
2578 4382 2591 4418 :
2618 4364 2769 4433 quasi
2798 4372 2996 4433 praeter
3020 4380 3239 4434 regnum
3266 4365 3435 4421 cmlo-

1848 4474 1965 4513 rum
2008 4456 2206 4512 habere
2241 4456 2341 4511 nisi
2380 4464 2633 4510 aeternam
2673 4463 2898 4510 mortem
2926 4454 3164 4524 possint,
3193 4455 3282 4525 qui
3316 4455 3435 4512 sine

1848 4555 2251 4627 participatione
2291 4552 2532 4622 corporis
2557 4561 2612 4608 et
2635 4550 2908 4620 sanguinis
2936 4549 3143 4606 Domini
3177 4558 3432 4606 aeternam

1850 4649 2011 4701 vitam
2040 4645 2236 4700 habere
2261 4659 2366 4699 non
2396 4650 2637 4713 possunt.
2665 4640 2806 4696 Ecce
2829 4638 2971 4709 quod
2995 4640 3074 4695 eis
3097 4639 3344 4709 Objicitur
3367 4638 3435 4694 de

1852 4740 2123 4810 Baptismo
2164 4736 2503 4807 parvulorum
2533 4753 2546 4790 :
2574 4748 2681 4789 non
2707 4731 2847 4804 quod
2878 4732 2993 4802 ipse
3029 4732 3101 4786 ita
3138 4732 3434 4803 proposuit.

1850 4839 1909 4886 ut
1950 4828 2118 4902 possit
2158 4843 2269 4885 suae
2304 4824 2678 4898 propositioni,
2724 4823 2876 4899 quasi
2916 4822 3251 4879 adversantis
3290 4823 3440 4894 obje-

1851 4925 2014 4980 ctioni
2033 4966 2049 4991 ,
2073 4920 2366 4978 secundum
2393 4933 2486 4975 sua
2512 4917 2757 4989 dogmata
2782 4915 3129 4986 respondere.

1923 5013 2014 5069 20.
2058 5012 2296 5083 Denique
2324 5008 2592 5081 quomodo
2617 5006 2937 5077 respondeat
2964 5006 3243 5070 advertite,
3270 5017 3324 5062 et
3351 5009 3435 5062 vi-

1854 5106 1978 5162 dete
2007 5103 2236 5159 latebras
2264 5099 2622 5172 ambiguitatis
2649 5097 2857 5154 falsitati
2891 5112 3191 5167 praeparare
3213 5096 3438 5168 refugia.

1855 5194 2175 5254 oll'undendo
2211 5192 2491 5264 caliginem
2530 5189 2775 5256 veritati;
2807 5189 2878 5244 ita
2908 5190 2974 5245 ut'
3003 5190 3162 5259 etiam
3193 5205 3292 5245 nos
3318 5205 3437 5245 cum

1858 5288 2083 5359 primum
2127 5299 2189 5342 ea
2228 5284 2481 5355 legimus,
2506 5291 2651 5338 recta
2677 5282 2760 5337 vel
2789 5288 3028 5337 correcta
3057 5281 3437 5351 propemodum

1858 5379 2225 5451 gauderemus.
2259 5375 2364 5431 Sed
2391 5374 2607 5429 latiores
2636 5372 3021 5443 disputationes
3054 5371 3168 5440 ejus
3194 5370 3245 5424 in
3269 5369 3441 5431 libris.

1922 5491 1994 5600 qq)
2027 5488 2282 5559 Possidius,
2306 5488 2357 5560 in
2370 5489 2474 5538 vita
2497 5487 2763 5558 Augustini,
2786 5497 2890 5547 cap.
2906 5483 3000 5558 .18;
3029 5489 3122 5556 gEt
3144 5482 3236 5532 hoc
3259 5482 3356 5555 tale
3378 5483 3445 5533 dc

1922 5556 1927 5600 ἱ
1949 5551 2007 5600 lis
2030 5549 2253 5600 Ecclesm:
2277 5558 2361 5598 Det
2385 5546 2622 5598 catholice
2646 5545 2882 5600 prolatum
2900 5546 3131 5600 ledtClUlll
3165 5545 3370 5595 audiens
3393 5555 3445 5595 et

1868 5571 1890 5600 ii
1912 5545 2007 5603 illis
2030 5549 2253 5616 Ecclesiae
2271 5545 2361 5598 Dei
2385 5545 2882 5616 catholiéeprolatum
2900 5545 3131 5616 judicium
3165 5545 3370 5616 audiens
3393 5555 3446 5595 et

1869 5633 1892 5661 ι
1915 5612 2316 5676 sequensetiam
2352 5611 2593 5676 piissimus
2626 5607 3186 5676 iinperatorQHoporius,
3224 5607 3325 5655 suis
3361 5619 3449 5676 eos

1871 5696 1893 5724 α
1916 5668 2111 5747 legibus
2132 5668 2530 5747 damnatosiuter
2555 5668 2810 5747 literqticos
2840 5668 3004 5747 haberi
3042 5668 3234 5725 debere
3270 5672 3447 5747 consti-

1872 5757 1894 5783 σι
1916 5730 2023 5788 luit.
2050 5753 2072 5779 ι
2102 5736 2404 5784 Hasttonorii
2429 5732 2571 5795 leges
2608 5732 2761 5779 habes
2798 5730 2948 5788 infra,
2971 5730 3020 5777 in
3060 5738 3197 5790 [arte
3237 5730 3449 5779 secunda

1870 5798 2168 5863 Appendicis.

2894 5871 3200 5955 {Tm’zeJ
