4042 6526
525 343 631 400 395

527 457 616 512 ubi
647 472 702 510 se
727 451 1110 526 quantumlibet
1137 447 1359 518 operiant,
1391 445 1700 516 plerumque
1729 446 1936 514 aperire
1963 458 2112 498 com-

525 551 758 622 pellitur,
791 547 1027 603 fecerunt
1051 542 1203 596 nobis
1228 550 1283 596 et
1305 541 1404 594 ista
1441 546 1684 607 suspecta
1711 580 1724 604 ,
1771 547 1828 592 ut
1864 538 2117 591 attentius

527 644 796 696 intuentes
841 634 1198 692 inveniremus
1225 631 1490 701 ambigua.
1523 629 1657 684 Cum
1687 628 1827 683 enim
1855 627 2114 692 dixisset,

531 752 551 784 ε
591 743 858 800 nunquam
887 741 945 782 se
983 725 1068 780 vel
1095 723 1312 793 impium
1343 721 1572 792 aliquetn
1599 719 1906 774 ha:rcticum
1933 717 2114 773 audis-

525 843 604 889 se,
637 823 726 894 qui
759 821 860 875 hoc
889 839 908 872 ›
937 815 1078 889 quod
1106 814 1382 888 proposuit
1413 833 1431 866 ι
1457 812 1525 868 de
1554 812 1792 883 parvulis
1817 811 2052 871 diceret;
2091 829 2109 862 ι

526 913 718 970 deinde
747 911 974 982 subjecit
999 919 1156 979 atque
1181 907 1291 961 ait:
1326 925 1346 958 ι
1377 905 1508 973 Quis
1535 903 1676 960 enim
1706 904 1774 958 ita
1800 901 2118 972 evangelica:

529 1005 770 1060 lectionis
791 1003 1006 1074 ignarus
1031 1008 1135 1066 est,
1163 999 1251 1068 qui
1275 996 1378 1052 huc
1409 1011 1513 1051 non
1540 995 1698 1050 modo
1721 992 1994 1048 affirmare
2023 1007 2116 1046 co-

527 1107 684 1152 netur
708 1136 723 1162 ,
750 1093 846 1150 sed
889 1092 980 1163 qui
1019 1091 1100 1146 vel
1133 1090 1316 1144 leviter
1359 1087 1569 1154 dicere,
1601 1097 1692 1142 aut
1733 1085 1894 1140 etiam
1921 1084 2118 1139 sentire

527 1187 734 1257 possit?
761 1183 959 1240 Deinde
989 1183 1105 1254 quis
1137 1191 1240 1235 tam
1271 1181 1497 1249 impius,
1529 1178 1618 1248 qui
1665 1175 1910 1248 parvulos
1936 1189 2118 1230 exsor-

483 1307 488 1340 ί
533 1291 617 1334 tes
644 1277 790 1348 regni
820 1275 1078 1332 caelorum
1107 1288 1226 1326 esse
1254 1271 1407 1338 velit,
1449 1269 1574 1325 dum
1595 1283 1688 1324 eos
1709 1266 1962 1339 baptizari
1985 1276 2038 1322 et
2065 1265 2116 1321 in

479 1353 488 1396 ί
531 1367 743 1424 Christo
771 1367 975 1422 renasci
1011 1367 1206 1422 velat'.
1249 1385 1265 1417 ι

602 1457 828 1515 CAPUT
866 1457 1006 1512 XIX.
1049 1487 1120 1498 --
1151 1455 1239 1510 21.
1283 1453 1499 1509 Frustra
1529 1454 1624 1507 ista
1656 1450 1786 1506 dicit
1819 1467 1832 1502 :
1863 1463 1967 1504 non
1998 1449 2120 1504 inde

535 1567 594 1605 se
622 1558 826 1620 purgat.
860 1547 916 1602 lu
943 1563 1164 1618 regnum
1191 1545 1446 1601 cwlorum
1485 1543 1602 1598 sine
1625 1541 1901 1610 Baptismo
1929 1555 2121 1610 parvu-

533 1645 615 1698 los
639 1643 837 1697 intrare
865 1655 968 1694 non
997 1655 1182 1711 posse,
1218 1653 1314 1692 nec
1342 1637 1438 1708 ipsi
1463 1635 1746 1707 aliquando
1775 1643 2118 1705 negaverunt.

533 1732 640 1789 Sed
679 1749 784 1788 non
828 1732 951 1786 inde
989 1732 1213 1801 quazstio
1255 1739 1336 1784 est
1365 1747 1378 1784 :
1410 1728 1476 1783 de
1519 1727 1826 1798 purgatione
1851 1725 2121 1796 originalis

535 1825 736 1895 peccati
781 1825 834 1878 in
877 1823 1108 1894 parvulis
1135 1821 1358 1891 quaestio
1387 1827 1487 1874 est.
1531 1817 1662 1874 Inde
1691 1833 1750 1874 se
1791 1827 2000 1888 purget,
2032 1817 2120 1888 qui

539 1931 643 1970 non
674 1917 784 1969 vult
815 1913 1000 1981 fateri,
1043 1914 1310 1968 lavacrum
1353 1909 1768 1982 regenerationis
1811 1909 1863 1963 in
1891 1907 2124 1978 parvulis

542 2009 740 2064 habere
765 2007 904 2078 quod
942 2015 1148 2076 purget.
1181 2005 1248 2060 Et
1272 2005 1390 2060 ideo
1418 2012 1609 2060 crctera
1636 2019 1755 2074 qua:
1781 2003 2018 2057 dicturus
2044 2011 2126 2057 est

539 2098 892 2153 attendamus.
921 2097 1048 2154 Post
1075 2096 1444 2168 interpositum
1475 2095 1616 2150 enim
1643 2109 1710 2149 ex
1739 2093 2026 2164 Evangelio
2047 2101 2125 2148 tc-

541 2192 868 2256 stimonium,
894 2191 1035 2261 quod
1067 2191 1164 2244 nisi
1187 2197 1400 2244 renatus
1424 2203 1490 2244 ex
1511 2203 1645 2259 aqua
1667 2197 1720 2244 et
1745 2187 1946 2258 Spiritu
1967 2189 2010 2253 ',
2043 2203 2126 2240 rc-

540 2297 700 2350 gnum
741 2281 997 2336 cmlorum
1039 2281 1217 2335 nullus
1251 2287 1418 2350 possit
1459 2281 1658 2336 intrare
1685 2278 1875 2352 (Joan.
1905 2294 1980 2344 ut,
2014 2277 2118 2352 5),

543 2373 683 2428 unde
721 2372 843 2437 illis,
876 2379 932 2426 ut
957 2371 1206 2436 diximus,
1246 2371 1390 2426 nulla
1416 2371 1474 2426 fit
1499 2371 1758 2442 quaastio;
1791 2379 2006 2426 secutus
2031 2369 2126 2424 ad-

540 2465 732 2534 junxit,
755 2465 938 2520 dicens
967 2481 980 2516 :
1017 2481 1034 2516 ι
1063 2463 1191 2532 Quis
1221 2463 1311 2518 ille
1337 2471 1444 2518 tam
1471 2463 1666 2532 impius
1693 2471 1795 2530 est,
1827 2449 1916 2534 qui
1944 2462 2124 2532 cujus-

477 2541 500 2552 ’
547 2559 676 2614 libet
695 2558 865 2614 relatis
887 2557 1104 2627 parvulo
1131 2556 1410 2611 interdicat
1435 2569 1772 2610 communem
1801 2555 2014 2610 humani
2035 2571 2126 2626 ge-

545 2651 686 2706 neris
713 2649 1170 2718 redemptionem?
1204 2663 1234 2701 i'
1269 2647 1334 2702 Et
1373 2647 1476 2702 hoc
1517 2647 1820 2718 ambiguum
1851 2656 1962 2712 est,
1991 2663 2124 2717 qua-

545 2743 646 2795 lem
675 2740 814 2795 dicat
835 2738 1292 2808 redemptionem:
1322 2745 1496 2792 utrum
1535 2753 1598 2792 ex
1631 2737 1770 2790 malo
1791 2737 1856 2792 ad
1889 2738 2082 2790 bonum
2111 2779 2122 2798 ,

543 2847 610 2885 an
633 2846 698 2885 ex
723 2831 863 2885 bono
889 2827 955 2882 ad
979 2827 1186 2883 melius.
1209 2827 1340 2882 Nam
1369 2833 1422 2882 et
1441 2825 1723 2882 C(elestius
1749 2826 1884 2894 apud
1908 2824 2126 2880 Cartha-

541 2925 716 2993 ginem
747 2923 799 2976 in
827 2920 1004 2976 libello
1025 2934 1122 2974 suo
1151 2915 1428 2974 confessus
1449 2927 1530 2972 est
1553 2917 1976 2987 redemptionem
2009 2933 2126 2988 par-

539 3016 820 3080 vulorum,
853 3022 907 3068 et
949 3022 1126 3066 tamen
1169 3011 1336 3066 noluit
1363 3009 1606 3066 confiteri
1635 3025 1702 3066 ex
1741 3009 1909 3064 Adam
1941 3011 1990 3064 in
2035 3025 2128 3064 eos

539 3105 793 3160 transisse
822 3111 1119 3174 peccatum.

611 3195 836 3252 CAPUT
873 3193 993 3250 XX.
1025 3225 1098 3238 --
1130 3193 1220 3248 2‘2.
1253 3193 1356 3249 Sed
1387 3193 1514 3264 quid
1546 3193 1740 3249 deinde
1769 3195 1868 3249 iste
1905 3193 2126 3263 subjun-

539 3297 648 3358 gat,
673 3286 932 3342 advertite
964 3303 978 3339 :
1015 3303 1033 3337 ι
1062 3286 1127 3339 Et
1153 3285 1205 3339 in
1225 3295 1556 3355 perpetuam,
1589 3303 1608 3338 ι
1639 3286 1825 3357 inquit,
1857 3304 1875 3339 ι
1903 3296 2129 3340 certaru-

539 3397 644 3451 que
682 3383 840 3436 vitam
867 3383 1077 3438 renasci
1101 3391 1244 3438 vetet
1276 3397 1398 3439 eum
1443 3383 1530 3454 qui
1573 3391 1728 3438 natus
1755 3383 1824 3438 sit
1854 3383 1918 3438 ad
1951 3383 2130 3438 incer-

543 3473 690 3527 tam?
715 3491 736 3525 ι
771 3473 822 3528 id
852 3481 953 3542 est,
985 3475 1116 3542 Quis
1155 3482 1260 3529 tam
1287 3475 1482 3545 impius
1507 3483 1623 3543 est,
1667 3485 1723 3530 ut
1749 3484 1890 3532 vetet
1922 3477 2130 3530 renasci

541 3566 606 3620 ad
635 3577 944 3637 perpetuam
971 3577 1280 3638 certamque
1317 3568 1481 3622 vitam
1509 3583 1632 3624 eum
1662 3569 1750 3638 qui
1789 3577 1942 3624 natus
1967 3569 2036 3622 sit
2063 3569 2130 3624 ad

539 3660 836 3716 incertam?
879 3660 1006 3716 Htec
1029 3661 1190 3717 verba
1217 3660 1430 3731 quando
1457 3661 1700 3730 primitus
1729 3661 1970 3731 legimus,
2009 3675 2132 3716 crc-

539 3757 770 3812 didlmus
814 3773 936 3812 eum
981 3761 1240 3813 incertam
1282 3757 1444 3812 vitam
1489 3759 1644 3811 istam
1685 3756 1916 3812 voluisse
1953 3755 2133 3811 dicere

541 3849 887 3918 temporalem
942 3867 954 3902 :
1011 3849 1254 3919 quamvis
1290 3847 1445 3904 nobis
1489 3847 1759 3904 videretur
1805 3849 1972 3918 magis
2013 3863 2132 3902 eam

541 3941 822 3996 mortalem
863 3940 1044 3996 dicere
1077 3939 1346 4009 debuisse,
1377 3955 1536 4012 quam
1577 3941 1832 3996 incertam
1857 3981 1870 4005 ,
1898 3955 1964 3996 eo
1992 3939 2133 4011 quod

541 4041 687 4086 certa
733 4041 904 4087 morte
943 4031 1175 4086 finiatur.
1215 4032 1417 4087 Tamen
1445 4031 1698 4102 quamdiu
1732 4031 1963 4100 ducitur,
1995 4047 2132 4102 quo-

543 4125 683 4178 niam
711 4125 994 4179 momentis
1019 4125 1268 4179 omnibus
1304 4139 1428 4180 esse
1457 4139 1562 4179 non
1577 4117 1863 4180 ‘dubitatur
1889 4125 2090 4180 incerta
2115 4141 2128 4190 ;

507 4215 675 4269 (nihil
722 4214 863 4268 aliud
904 4229 1024 4269 eum
1067 4215 1403 4284 putavimus,
1450 4231 1608 4286 quam
1652 4217 1806 4270 istam
1851 4215 2132 4271 mortalem

543 4307 704 4360 vitam
727 4305 976 4360 maluisse
1001 4306 1182 4361 dicere
1212 4306 1488 4361 incertam.
1521 4305 1597 4360 Ac
1617 4321 1712 4376 per
1741 4307 1861 4371 hoc,
1895 4307 2134 4376 quamvis

543 4405 798 4452 aeternam
827 4405 1054 4452 mortem
1085 4397 1423 4466 parvulorum
1453 4397 1568 4452 sine
1590 4397 1929 4467 Baptismatis
1955 4411 2134 4452 sacra-

545 4497 728 4543 mento
760 4503 829 4543 ex
859 4489 956 4542 hac
985 4487 1089 4541 vita
1117 4487 1455 4557 migrantium
1486 4497 1670 4558 aperte
1711 4487 1939 4543 noluerit
1963 4487 2134 4542 confi-

545 4579 680 4644 teri;
707 4587 882 4633 tamen
899 4577 966 4632 de
995 4579 1083 4632 iilo
1109 4577 1523 4634 sollicitudinem
1545 4587 1783 4633 nostram
1808 4579 1958 4648 quasi
1984 4587 2132 4632 certa

545 4669 880 4724 ratiocinatio
905 4668 1198 4724 solabatur.
1237 4669 1554 4724 Dicebamus
1581 4669 1722 4722 enim
1751 4687 1763 4721 :
1794 4667 1849 4724 Si
1879 4677 2132 4738 perpetua

543 4763 672 4828 vita,
701 4761 840 4816 sicut
867 4761 1106 4816 confiteri
1139 4761 1368 4828 videtur,
1397 4763 1496 4816 nisi
1535 4777 1720 4818 eorum
1755 4763 1844 4832 qui
1885 4763 2134 4832 baptizati

461 4835 474 4846 ’
547 4861 671 4908 sunt
695 4867 801 4907 non
835 4861 1009 4922 potest
1047 4869 1200 4916 esse;
1233 4851 1472 4923 profecto
1502 4867 1594 4908 eos
1625 4855 1712 4923 qui
1753 4869 1856 4908 non
1887 4853 2134 4924 baptizati

547 4943 865 5009 moriuntur,
911 4957 1056 5000 mors
1103 4954 1358 5014 perpetua
1402 4953 1777 5014 consequetur.
1808 4943 1960 5012 Quod
1991 4945 2134 4999 nulla

541 5034 742 5104 justitia
773 5043 947 5105 potest
970 5035 1212 5090 accidere
1244 5035 1352 5094 his.
1391 5049 1420 5088 a
1447 5035 1636 5106 quibus
1667 5037 1718 5088 in
1743 5034 1842 5090 hac
1864 5037 1965 5090 vita
1993 5037 2134 5091 nulla

551 5137 764 5196 peccata
792 5128 1076 5182 commissa
1108 5136 1252 5194 sunt,
1283 5127 1383 5180 nisi
1412 5126 1670 5197 originale
1701 5135 1993 5196 peccatum.

617 5217 842 5274 CAPUT
889 5216 1032 5273 XXI.
1078 5247 1152 5258 —
1189 5217 1280 5272 23.
1322 5216 1428 5273 Sed
1474 5226 1658 5286 postea
1707 5233 1812 5272 non
1857 5218 2138 5276 defuerunt

549 5309 755 5376 fratres,
775 5311 862 5381 qui
887 5325 983 5366 nos
1009 5311 1378 5376 admonerent,
1409 5309 1511 5365 hoc
1529 5309 1649 5367 ideo
1667 5311 1847 5368 dicere
1863 5312 2134 5384 Pelagium

549 5405 805 5472 potuisse,
833 5404 956 5475 quia
985 5404 1052 5460 de
1080 5404 1180 5460 ista
1201 5403 1496 5474 quaestione
1517 5405 1586 5460 ita
1615 5405 1927 5476 perhibetur
1947 5407 2136 5462 solitus

547 5495 874 5565 respondere
900 5497 1282 5568 qumrentibus,
1309 5506 1366 5552 ut
1393 5497 1624 5566 diceret,
1664 5519 1682 5552 ι
1710 5498 1838 5555 Sine
1861 5499 2137 5570 Baptismo

551 5588 750 5656 parvuli
779 5589 1096 5654 morientes,
1127 5603 1234 5659 quo
1259 5603 1364 5643 non
1397 5597 1544 5657 eant,
1571 5591 1714 5656 scio;
1746 5607 1850 5662 quo
1867 5601 2012 5658 eaut,
2041 5605 2138 5646 nc-

617 5719 628 5746 ι
659 5719 794 5776 i-Zdili,
821 5725 968 5781 putat.
993 5721 1314 5771 Emendantur
1339 5735 1402 5772 ex
1427 5729 1535 5772 Mss.

618 5781 636 5805 ³
663 5781 795 5830 talin.
819 5795 880 5828 ex
904 5797 1028 5832 unua
1051 5790 1094 5831 ct
1119 5783 1296 5834 sniritu
1319 5793 1498 5836 sancto.
1529 5788 1691 5842 Abest.
1716 5791 1896 5843 sancto,
1915 5799 1940 5834 a
1963 5792 2068 5834 Mss.

1763 331 1820 386 s.
1866 326 2228 385 AUGUSTINI
2279 327 2576 384 EPISCOI‘I
3691 343 3780 406 ωε
3873 389 3876 392 ρ

2228 441 2338 495 scio
2367 458 2379 495 :
2421 459 2439 492 ι
2477 441 2526 496 id
2558 447 2659 508 est,
2685 457 2788 496 non
2812 442 2891 498 ire
2919 442 2970 496 in
3001 459 3221 514 regnum
3249 445 3507 504 cmlornm
3537 453 3666 522 scio;
3685 474 3780 529 quo

2225 547 2351 586 vero
2375 541 2520 598 eant,
2549 531 2668 588 ideo
2685 548 2744 588 se
2765 535 2974 590 nescire
2993 535 3222 600 dicebat,
3251 547 3342 592 aut
3366 537 3495 595 dicit
3519 545 3554 607 ί,
3575 547 3684 614 quia
3705 550 3774 604 di-

2224 638 2348 680 cere
2375 639 2478 678 non
2504 625 2732 680 audebat
2758 626 2810 680 in
2832 637 3058 682 mortem
3081 628 3198 682 illos
3225 629 3302 684 ire
3323 643 3632 700 perpetuam,
3657 655 3770 708 quos

2224 725 2278 770 et
2307 715 2393 770 hic
2431 715 2560 770 nihil
2599 719 2722 772 mali
2759 718 3092 776 commisisse
3129 721 3422 790 sentiebat,
3459 733 3510 780 et
3545 729 3771 798 originale

2225 811 2448 860 traxisse
2469 817 2742 877 peccatum
2761 825 2868 864 non
2885 811 3268 868 consentiebat.
3291 813 3469 886 Itaque
3493 827 3546 872 et
3565 821 3654 875 ista
3673 823 3772 892 ejus

2227 899 2384 956 verba
2405 899 2626 956 Romam
2657 917 2754 971 pro
2777 917 2966 974 magna
2998 904 3114 975 ejus
3145 906 3452 976 purgatione
3471 914 3771 981 transmissa,

2225 999 2333 1045 tam
2359 999 2483 1046 sunt
2501 993 2768 1064 ambigua,
2785 1003 2844 1048 ut
2868 996 3074 1065 possint
3101 1011 3290 1052 eorum
3317 997 3540 1068 dogmati
3565 1004 3774 1072 praebere

2227 1082 2478 1150 latibula,
2519 1085 2662 1141 unde
2709 1086 2777 1141 ad
2827 1088 3186 1144 insidiandum
3243 1090 3479 1160 prosiliat
3523 1092 3777 1154 htereticus

2225 1188 2434 1236 sensus.
2459 1175 2670 1245 quando
2697 1177 2842 1232 nullo
2863 1179 3123 1236 existente
3147 1181 3238 1251 qui
3263 1181 3438 1238 valeat
3461 1187 3776 1256 respondere,

2225 1273 2476 1336 tanquam
2505 1267 2556 1320 in
2587 1268 2870 1324 solitudine
2903 1269 3094 1340 aliquis
3121 1271 3384 1328 invenitur
3409 1273 3656 1332 inﬁmus.

2296 1355 2386 1411 24.
2415 1356 2532 1412 Jam
2557 1373 2683 1413 vero
2713 1359 2768 1413 in
2796 1359 2931 1414 libro
2963 1360 3112 1416 Fidei
3142 1377 3254 1417 sua:
3274 1361 3373 1435 (α).
3403 1380 3554 1434 quem
3581 1367 3780 1425 Romam

2225 1465 2346 1505 cum
2375 1451 2501 1521 ipsis
2531 1453 2722 1508 litteris
2749 1453 2896 1508 misit
2937 1454 3002 1509 ad
3043 1457 3292 1512 eumdem
3333 1473 3516 1528 papam
3547 1459 3781 1518 Innocen-

2227 1543 2378 1610 tium,
2403 1544 2470 1598 ad
2497 1560 2654 1615 quem
2681 1545 2840 1601 etiam
2869 1547 3147 1616 epistolam
3177 1549 3484 1619 scripserat,
3513 1553 3672 1607 multo
3689 1557 3784 1609 evi-

2227 1633 2440 1690 dentius
2488 1650 2547 1691 se
2575 1637 2748 1706 ipsum
2781 1639 3008 1708 tegendo
3043 1639 3290 1712 nudavit,
3323 1640 3504 1696 dicens
3533 1661 3545 1697 :
3579 1661 3597 1695 ι
3623 1644 3784 1714 Bapti-

2227 1740 2340 1780 sma
2369 1743 2530 1782 unum
2564 1737 2804 1784 tenemus
2825 1771 2840 1793 ,
2869 1730 3010 1800 quod
3051 1731 3240 1786 iisdem
3279 1733 3607 1789 Sacramenti
3633 1737 3787 1792 verbis

2229 1815 2280 1870 in
2305 1815 2612 1886 infantibus,
2638 1820 2830 1889 quibus
2851 1822 3014 1876 etiam
3039 1821 3092 1876 in
3113 1823 3424 1893 majoribus,
3449 1825 3664 1882 dicimus
3683 1844 3788 1886 esse

2227 1909 2626 1964 celebrandum.
2663 1929 2684 1964 ι
2717 1911 2832 1967 Νοη
2857 1913 3048 1968 saltem
3075 1913 3228 1982 dixit,
3258 1915 3464 1970 Eodem
3495 1917 3790 1976 Sacramen-

2229 2011 2324 2069 to;
2355 2003 2496 2074 quod
2521 2003 2734 2074 quidem
2763 2007 2809 2059 si
2828 2005 3070 2073 dixisset,
3099 2006 3273 2062 adhuc
3297 2017 3446 2063 esset
3469 2011 3786 2081 ambiguum:

2229 2095 2344 2160 sed,
2379 2114 2398 2148 ι
2427 2095 2652 2164 iisdem,
2685 2115 2704 2149 ι
2737 2098 2936 2168 inquit,
2985 2117 3003 2152 ‹
3031 2099 3368 2155 Sacramenti
3409 2101 3614 2168 verbis;
3643 2121 3660 2154 ι
3695 2113 3794 2159 tan-

2229 2203 2386 2257 quam
2415 2187 2702 2244 infantibus
2737 2190 2986 2246 remissio
3023 2199 3368 2261 peccatorum
3411 2193 3686 2249 verborum
3714 2209 3794 2250 so-

2231 2279 2343 2334 nitu
2373 2280 2663 2348 diceretur,
2693 2297 2800 2337 non
2831 2297 3008 2338 rerum
3031 2293 3280 2355 ageretur
3307 2285 3522 2341 effectu.
3555 2283 3702 2342 Visus
3727 2298 3798 2343 est

2231 2380 2406 2427 tamen
2437 2373 2502 2428 ad
2532 2383 2758 2445 tempus,
2784 2375 2982 2446 aliquid
3011 2377 3190 2432 dicere
3219 2377 3364 2448 quod
3397 2377 3520 2434 fidei
3543 2379 3818 2434 catholicae

2229 2465 2540 2520 conveniret
2577 2483 2590 2521 :
2625 2465 2716 2521 sed
2745 2465 2888 2521 illam
2929 2467 3110 2522 sedem
3143 2483 3314 2538 usque
3347 2469 3400 2522 in
3435 2469 3593 2525 finem
3636 2469 3800 2525 fallere

2231 2569 2336 2608 non
2359 2555 2654 2626 prtevaluit.
2683 2556 2812 2612 Post
2835 2559 3092 2627 rescripta
3108 2559 3304 2630 quippe
3331 2559 3568 2614 Africani
3589 2561 3796 2622 concilii,

2231 2647 2284 2700 in
2324 2663 2480 2717 quam
2527 2649 2854 2718 provinciam
2895 2650 3110 2721 quidem
3155 2651 3404 2706 doctrina
3449 2651 3540 2706 illa
3575 2653 3802 2722 pestifera

2231 2741 2496 2810 serpendo
2530 2751 2864 2811 pervenerat,
2895 2743 2990 2797 sed
3029 2758 3146 2797 eam
3179 2759 3282 2798 non
3317 2751 3432 2798 tam
3463 2745 3570 2799 late
3593 2759 3802 2813 occupa-

2231 2843 2380 2887 verat
2403 2833 2612 2903 alteque
2649 2839 2992 2903 pervaserat:
3031 2834 3132 2888 alia
3161 2849 3382 2905 quoque
3409 2835 3576 2904 ipsius
3613 2836 3664 2889 in
3693 2835 3806 2890 urbe

2233 2923 2422 2990 Roma,
2445 2923 2535 2978 ubi
2555 2923 2858 2980 diutissime
2875 2924 3099 2992 vixerat,
3121 2935 3280 2996 atque
3303 2927 3361 2980 in
3381 2926 3468 2982 his
3493 2927 3662 2982 fuerat
3681 2928 3808 2998 prius

2233 3017 2570 3071 sermonibus
2589 3017 3128 3089 contentionibusque
3149 3028 3423 3086 versatus,
3447 3035 3574 3076 cura
3598 3021 3808 3075 fidelium

2233 3105 2455 3160 fratrum
2483 3107 2683 3176 prolata
2711 3115 3012 3176 patuerunt,
3036 3123 3152 3178 quae
3177 3108 3377 3164 litteris
3398 3110 3534 3178 suis,
3553 3125 3680 3180 quas
3699 3125 3812 3164 con-

2235 3197 2448 3266 scripsit
2475 3213 2570 3267 per
2597 3198 2780 3254 orbem
2813 3197 3132 3253 catholicum
3163 3199 3540 3269 perferendas,
3575 3215 3700 3272 papa
3725 3199 3812 3254 Zo-

2234 3287 2402 3343 simus
2429 3289 2777 3357 exsecranda,
2805 3289 2942 3344 sicut
2973 3290 3148 3361 legere
3177 3293 3434 3360 potestis,
3465 3292 3704 3347 attexuit.
3727 3290 3812 3346 Ubi

2234 3377 2477 3450 Pelagius
2507 3379 2798 3448 Epistolam
2827 3379 2976 3434 Pauli
3007 3381 3239 3450 apostoli
3277 3383 3352 3436 ad
3387 3383 3661 3437 Romanos
3691 3381 3816 3436 velut

2233 3487 2528 3542 exponens,
2551 3481 2950 3544 argumentatur
2973 3483 3029 3530 et
3051 3473 3184 3530 dicit
3211 3492 3224 3528 :
3258 3493 3276 3526 ‹
3311 3475 3372 3531 Si
3403 3477 3537 3531 Atla:
3561 3483 3816 3548 peccatum

2235 3563 2394 3618 etiam
2427 3579 2530 3618 non
2561 3561 2900 3634 peccantibus
2927 3567 3136 3632 nocuit,
3161 3581 3290 3637 ergo
3321 3576 3381 3624 et
3411 3567 3612 3624 Christi
3636 3567 3818 3638 justitia

2235 3655 2394 3710 etiam
2425 3671 2532 3710 non
2553 3657 2893 3711 credentibus
2917 3657 3154 3728 prodest.
3193 3679 3209 3710 ι
3245 3659 3316 3714 Et
3345 3671 3550 3716 cetera
3573 3661 3824 3732 bujusmo-

2238 3745 2312 3812 di,
2342 3763 2460 3816 qua:
2489 3747 2664 3801 omnia
2689 3747 2910 3801 Domino
2935 3749 3223 3817 adjuvante
3254 3751 3308 3804 in
3341 3751 3524 3818 libris,
3555 3767 3687 3822 quos
3711 3749 3828 3804 scri-

2237 3837 2474 3906 psimus,
2505 3838 2572 3893 de
2601 3838 2866 3908 Baptismo
2895 3841 3269 3909 parvulorum,
3309 3841 3550 3897 refutatu
3591 3851 3646 3897 et
3670 3841 3828 3896 disso-

2237 3930 2345 3984 luta
2375 3939 2499 3985 sunt
2531 3929 2667 4000 (Lib.
2698 3931 2751 3994 5,
2799 3947 2889 3984 nn.
2921 3931 2954 3986 5
2979 3973 2991 3994 ,
3027 3929 3102 4002 ti).
3133 3931 3200 3986 Et
3241 3947 3304 3986 ea
3357 3933 3582 4003 quidem
3629 3933 3679 3985 in
3717 3929 3829 3999 ipsis

2237 4022 2387 4092 quasi
2417 4022 2839 4092 expositionibus
2885 4037 2990 4076 non
3035 4039 3100 4077 ex
3147 4039 3240 4078 sua
3293 4039 3539 4094 persona
3579 4032 3661 4079 est
3689 4037 3834 4078 ausus

2238 4112 2500 4178 objiccre;
2528 4111 2620 4166 sed
2661 4111 2730 4166 ibi
2760 4111 2861 4167 hoc
2889 4113 3136 4180 dicebat,
3186 4115 3274 4168 ubi
3307 4115 3504 4171 multis
3535 4115 3834 4170 notissimus

2237 4217 2352 4260 crat
2373 4247 2386 4272 ,
2415 4215 2468 4260 et
2493 4205 2619 4275 quid
2649 4207 2874 4261 sentiret
2903 4222 2965 4260 ac
2995 4207 3219 4274 diceret,
3247 4207 3426 4264 latere
3453 4223 3562 4262 non
3603 4215 3834 4278 poterat:

2237 4297 2378 4367 quod
2411 4297 2462 4350 in
2493 4297 2640 4351 libris
2668 4297 2769 4351 illis
2791 4339 2803 4362 ,
2834 4298 2900 4352 de
2935 4314 3160 4368 quorum
3189 4299 3371 4370 primo
3401 4299 3661 4369 quiddam
3689 4311 3836 4366 supra

2239 4390 2652 4446 commemoravi
2681 4390 2898 4462 (Supra,
2926 4409 2978 4444 η.
3017 4391 3128 4460 Η),
3159 4407 3264 4446 non
3287 4391 3725 4458 dissimulanter,
3755 4387 3840 4444 scd

2239 4482 2571 4552 apertissime
2597 4482 2808 4554 quantis
2835 4491 3009 4553 potest
3035 4482 3342 4552 disputandi
3385 4485 3598 4539 viribus
3624 4484 3762 4553 agit,
3791 4488 3843 4534 ut

2241 4583 2428 4627 natura
2461 4573 2688 4626 humana
2729 4575 2780 4626 in
2817 4573 3048 4644 parvulis
3075 4575 3220 4628 nullo
3249 4575 3421 4630 modo
3447 4591 3520 4631 ex
3567 4573 3846 4646 prepagiue

2241 4665 2422 4719 vitiata
2447 4665 2726 4730 credatur;
2767 4666 2850 4720 cui
2881 4667 3180 4736 arrogando
3207 4667 3471 4733 salutem,
3509 4668 3712 4723 invidet
3749 4663 3846 4720 salo

2241 4765 2480 4812 vatorem
2493 4758 2514 4788 ²
2523 4796 2535 4808 .

2313 4847 2538 4904 CAPUT
2579 4847 2744 4902 XXII.
2775 4879 2846 4888 —
2873 4847 2962 4903 25.
2993 4847 3120 4904 Ilaec
3151 4865 3270 4906 cum
3315 4849 3390 4904 ita
3441 4851 3587 4916 sint,
3629 4861 3852 4916 cumque

2239 4939 2348 5011 jam
2379 4949 2588 4995 constet
2607 4940 2798 5010 dogma
2816 4941 3086 4996 exsdtisse
3113 4940 3434 5010 pestiferum
3457 4949 3518 4995 et
3539 4938 3847 4994 haereticmn

2243 5051 2502 5100 errorem,
2527 5047 2684 5103 quem
2713 5033 2940 5088 Domino
2967 5033 3249 5104 adjuvante
3279 5035 3534 5102 apertius
3557 5032 3674 5103 jam
3713 5029 3852 5085 devi-

2245 5135 2320 5183 tat
2347 5127 2605 5194 Ecclesia,
2627 5125 2834 5182 dnobus
2859 5127 2996 5194 istis,
3021 5127 3235 5196 Pelagio
3257 5127 3478 5182 scilicet
3501 5135 3558 5180 et
3581 5123 3851 5183 Coelestio,

2245 5219 2409 5274 autin
2441 5219 2613 5274 locum
2645 5218 2972 5288 paenitentia:
3007 5217 3254 5280 redactis,
3284 5223 3386 5270 aut
3417 5217 3465 5272 si
3491 5217 3547 5272 id
3577 5229 3856 5271 recusave-

2243 5312 2351 5366 rint
2378 5309 2597 5366 omnino
2623 5309 2888 5364 damnatis
2910 5350 2922 5374 ,
2953 5309 3042 5378 qui
3071 5307 3225 5378 hujus
3253 5307 3646 5376 perversitatis
3675 5312 3856 5359 auctu-

2244 5420 2333 5460 res
2355 5404 2438 5458 vel
2471 5402 2836 5474 perhibentur,
2865 5401 2946 5458 vel
2975 5402 3134 5457 etiam
3159 5401 3505 5471 probantur;
3531 5402 3618 5456 vel
3653 5409 3796 5456 certe
3817 5397 3860 5450 si

2309 5541 2326 5572 ‘
2353 5549 2450 5590 non
2473 5539 2724 5601 superfluo
2743 5537 2976 5601 additum,
3019 5535 3260 5601 autﬁdicit,
3299 5535 3444 5596 quod
3473 5531 3862 5601 expungendmn

2245 5609 2475 5663 putarunt
2493 5599 2848 5663 l.ovanieuses:
2874 5599 2962 5648 sed
2993 5613 3061 5663 _eo
3083 5599 3410 5661 significatur,
3439 5599 3702 5660 Pelagium
3725 5609 3752 5644 a
3779 5605 3866 5640 suo

2247 5661 2416 5712 errore
2443 5661 2654 5712 nondum
2679 5661 2804 5710 forte
2821 5661 3106 5710 recessisse.

2311 5727 2330 5755 ²
2357 5731 2452 5782 t‘r.,
2477 5723 2702 5772 salvatori
2733 5735 2749 5772 :
2775 5723 2932 5770 minus
2963 5729 3120 5770 recte.

2311 5789 2382 5845 (ii)
2421 5787 2680 5835 exhibetur
2707 5783 2846 5844 infra,
2873 5785 2918 5831 in
2943 5791 3080 5844 [arte
3113 5783 3344 5831 sccmulu
3371 5783 3690 5842 Appendicu‘n
