  <div class='ocr_page' id='page_1' title='image "/cluster/home/n/w/nwhite01/storage/ocr_20150623/44-45/uva.x000217727/202.png"; bbox 0 0 3938 6508; ppageno 0'>
   <div class='ocr_carea' id='block_1_1' title="bbox 100 5707 104 5836">
    <p class='ocr_par' dir='ltr' id='par_1_1' title="bbox 100 5707 104 5836">
     <span class='ocr_line' id='line_1_1' title="bbox 100 5707 104 5836; baseline 0 0"><span class='ocrx_word' id='word_1_1' title='bbox 100 5707 104 5836; x_wconf 63' lang='grc' dir='ltr'>ἔ</span> 
     </span>
    </p>
   </div>
   <div class='ocr_carea' id='block_1_2' title="bbox 100 5837 104 5934">
    <p class='ocr_par' dir='ltr' id='par_1_2' title="bbox 100 5841 104 5934">
     <span class='ocr_line' id='line_1_2' title="bbox 100 5841 104 5934; baseline 0 0"><span class='ocrx_word' id='word_1_2' title='bbox 100 5841 104 5934; x_wconf 68' lang='lat'><strong>1</strong></span> 
     </span>
    </p>
   </div>
   <div class='ocr_carea' id='block_1_3' title="bbox 207 334 2328 425">
    <p class='ocr_par' dir='ltr' id='par_1_3' title="bbox 207 334 2328 425">
     <span class='ocr_line' id='line_1_3' title="bbox 207 334 2328 425; baseline -0.005 -29"><span class='ocrx_word' id='word_1_3' title='bbox 207 367 278 425; x_wconf 63' lang='lat'><strong>39-;</strong></span> <span class='ocrx_word' id='word_1_4' title='bbox 1241 341 1436 399; x_wconf 79' lang='lat' dir='ltr'><strong>LIBER</strong></span> <span class='ocrx_word' id='word_1_5' title='bbox 1480 337 1566 392; x_wconf 84' lang='lat' dir='ltr'><strong>DE</strong></span> <span class='ocrx_word' id='word_1_6' title='bbox 1607 334 1916 391; x_wconf 75' lang='lat' dir='ltr'><strong>PECCATO</strong></span> <span class='ocrx_word' id='word_1_7' title='bbox 1955 334 2328 390; x_wconf 79' lang='lat' dir='ltr'><strong>ORIGINALI.</strong></span> 
     </span>
    </p>
   </div>
   <div class='ocr_carea' id='block_1_4' title="bbox 209 458 1724 538">
    <p class='ocr_par' dir='ltr' id='par_1_4' title="bbox 209 458 1724 538">
     <span class='ocr_line' id='line_1_4' title="bbox 209 458 1724 538; baseline -0.02 -2"><span class='ocrx_word' id='word_1_8' title='bbox 209 489 392 538; x_wconf 73' lang='lat' dir='ltr'><strong>auctores</strong></span> <span class='ocrx_word' id='word_1_9' title='bbox 417 487 517 527; x_wconf 91' lang='lat' dir='ltr'><strong>non</strong></span> <span class='ocrx_word' id='word_1_10' title='bbox 547 477 692 535; x_wconf 88' lang='lat' dir='ltr'><strong>sunt,</strong></span> <span class='ocrx_word' id='word_1_11' title='bbox 727 467 824 523; x_wconf 88' lang='lat' dir='ltr'><strong>sed</strong></span> <span class='ocrx_word' id='word_1_12' title='bbox 852 467 952 520; x_wconf 91' lang='lat' dir='ltr'><strong>hoc</strong></span> <span class='ocrx_word' id='word_1_13' title='bbox 980 463 1045 517; x_wconf 85' lang='lat' dir='ltr'><strong>ab</strong></span> <span class='ocrx_word' id='word_1_14' title='bbox 1071 462 1188 515; x_wconf 83' lang='lat' dir='ltr'><strong>aliis</strong></span> <span class='ocrx_word' id='word_1_15' title='bbox 1211 458 1530 522; x_wconf 86' lang='lat' dir='ltr'><strong>didicerunt,</strong></span> <span class='ocrx_word' id='word_1_16' title='bbox 1551 468 1724 508; x_wconf 89' lang='lat' dir='ltr'><strong>asser-</strong></span> 
     </span>
    </p>
   </div>
   <div class='ocr_carea' id='block_1_5' title="bbox 213 549 1734 632">
    <p class='ocr_par' dir='ltr' id='par_1_5' title="bbox 213 549 1734 632">
     <span class='ocr_line' id='line_1_5' title="bbox 213 549 1734 632; baseline -0.018 -7"><span class='ocrx_word' id='word_1_17' title='bbox 213 587 313 630; x_wconf 83' lang='lat' dir='ltr'><strong>tores</strong></span> <span class='ocrx_word' id='word_1_18' title='bbox 331 579 488 622; x_wconf 76' lang='lat' dir='ltr'><strong>tamen</strong></span> <span class='ocrx_word' id='word_1_19' title='bbox 517 570 681 632; x_wconf 88' lang='lat' dir='ltr'><strong>atque</strong></span> <span class='ocrx_word' id='word_1_20' title='bbox 705 561 974 622; x_wconf 86' lang='lat' dir='ltr'><strong>doctores,</strong></span> <span class='ocrx_word' id='word_1_21' title='bbox 1007 569 1102 624; x_wconf 90' lang='lat' dir='ltr'><strong>per</strong></span> <span class='ocrx_word' id='word_1_22' title='bbox 1127 567 1262 623; x_wconf 91' lang='lat' dir='ltr'><strong>quos</strong></span> <span class='ocrx_word' id='word_1_23' title='bbox 1289 550 1341 604; x_wconf 98' lang='lat' dir='ltr'><strong>id</strong></span> <span class='ocrx_word' id='word_1_24' title='bbox 1370 549 1526 604; x_wconf 86' lang='lat' dir='ltr'><strong>latius</strong></span> <span class='ocrx_word' id='word_1_25' title='bbox 1556 555 1734 616; x_wconf 88' lang='lat' dir='ltr'><strong>repta-</strong></span> 
     </span>
    </p>
   </div>
   <div class='ocr_carea' id='block_1_6' title="bbox 214 643 1734 723">
    <p class='ocr_par' dir='ltr' id='par_1_6' title="bbox 214 643 1734 723">
     <span class='ocr_line' id='line_1_6' title="bbox 214 643 1734 723; baseline -0.019 -3"><span class='ocrx_word' id='word_1_26' title='bbox 214 679 272 723; x_wconf 89' lang='lat' dir='ltr'><strong>ret</strong></span> <span class='ocrx_word' id='word_1_27' title='bbox 293 674 330 719; x_wconf 87' lang='lat' dir='ltr'><strong>et</strong></span> <span class='ocrx_word' id='word_1_28' title='bbox 346 664 628 721; x_wconf 77' lang='lat' dir='ltr'><strong>cresceret,</strong></span> <span class='ocrx_word' id='word_1_29' title='bbox 655 659 714 708; x_wconf 90' lang='lat' dir='ltr'><strong>et</strong></span> <span class='ocrx_word' id='word_1_30' title='bbox 745 650 922 706; x_wconf 82' lang='lat' dir='ltr'><strong>verbis</strong></span> <span class='ocrx_word' id='word_1_31' title='bbox 951 656 1006 704; x_wconf 91' lang='lat' dir='ltr'><strong>et</strong></span> <span class='ocrx_word' id='word_1_32' title='bbox 1031 644 1222 700; x_wconf 89' lang='lat' dir='ltr'><strong>litteris</strong></span> <span class='ocrx_word' id='word_1_33' title='bbox 1250 643 1360 698; x_wconf 89' lang='lat' dir='ltr'><strong>suis</strong></span> <span class='ocrx_word' id='word_1_34' title='bbox 1381 683 1396 707; x_wconf 93' lang='lat'><strong>,</strong></span> <span class='ocrx_word' id='word_1_35' title='bbox 1438 650 1492 696; x_wconf 93' lang='lat' dir='ltr'><strong>et</strong></span> <span class='ocrx_word' id='word_1_36' title='bbox 1519 651 1734 707; x_wconf 87' lang='lat' dir='ltr'><strong>compe-</strong></span> 
     </span>
    </p>
   </div>
   <div class='ocr_carea' id='block_1_7' title="bbox 216 736 1736 816">
    <p class='ocr_par' dir='ltr' id='par_1_7' title="bbox 216 736 1736 816">
     <span class='ocr_line' id='line_1_7' title="bbox 216 736 1736 816; baseline -0.019 -2"><span class='ocrx_word' id='word_1_37' title='bbox 216 759 386 816; x_wconf 84' lang='lat' dir='ltr'><strong>tentibus</strong></span> <span class='ocrx_word' id='word_1_38' title='bbox 413 748 637 809; x_wconf 82' lang='lat' dir='ltr'><strong>indiciis,</strong></span> <span class='ocrx_word' id='word_1_39' title='bbox 662 755 720 802; x_wconf 90' lang='lat' dir='ltr'><strong>et</strong></span> <span class='ocrx_word' id='word_1_40' title='bbox 743 745 884 798; x_wconf 82' lang='lat' dir='ltr'><strong>fama</strong></span> <span class='ocrx_word' id='word_1_41' title='bbox 911 756 976 797; x_wconf 87' lang='lat' dir='ltr'><strong>ex</strong></span> <span class='ocrx_word' id='word_1_42' title='bbox 1019 739 1102 794; x_wconf 90' lang='lat' dir='ltr'><strong>his</strong></span> <span class='ocrx_word' id='word_1_43' title='bbox 1132 736 1380 793; x_wconf 88' lang='lat' dir='ltr'><strong>omnibus</strong></span> <span class='ocrx_word' id='word_1_44' title='bbox 1405 740 1655 804; x_wconf 78' lang='lat' dir='ltr'><strong>surgente</strong></span> <span class='ocrx_word' id='word_1_45' title='bbox 1679 739 1736 786; x_wconf 91' lang='lat' dir='ltr'><strong>et</strong></span> 
     </span>
    </p>
   </div>
   <div class='ocr_carea' id='block_1_8' title="bbox 219 824 1736 910">
    <p class='ocr_par' dir='ltr' id='par_1_8' title="bbox 219 824 1736 910">
     <span class='ocr_line' id='line_1_8' title="bbox 219 824 1736 910; baseline -0.02 -2"><span class='ocrx_word' id='word_1_46' title='bbox 219 851 519 908; x_wconf 86' lang='lat' dir='ltr'><strong>crebrescente</strong></span> <span class='ocrx_word' id='word_1_47' title='bbox 559 841 828 910; x_wconf 89' lang='lat' dir='ltr'><strong>jactantur</strong></span> <span class='ocrx_word' id='word_1_48' title='bbox 860 853 874 889; x_wconf 92' lang='lat'><strong>:</strong></span> <span class='ocrx_word' id='word_1_49' title='bbox 904 832 1030 904; x_wconf 93' lang='lat' dir='ltr'><strong>quid</strong></span> <span class='ocrx_word' id='word_1_50' title='bbox 1055 837 1254 891; x_wconf 88' lang='lat' dir='ltr'><strong>restat.</strong></span> <span class='ocrx_word' id='word_1_51' title='bbox 1285 827 1386 883; x_wconf 89' lang='lat' dir='ltr'><strong>nisi</strong></span> <span class='ocrx_word' id='word_1_52' title='bbox 1417 835 1473 880; x_wconf 89' lang='lat' dir='ltr'><strong>ut</strong></span> <span class='ocrx_word' id='word_1_53' title='bbox 1510 824 1736 900; x_wconf 88' lang='lat' dir='ltr'><strong>quisque</strong></span> 
     </span>
    </p>
   </div>
   <div class='ocr_carea' id='block_1_9' title="bbox 219 915 1736 1004">
    <p class='ocr_par' dir='ltr' id='par_1_9' title="bbox 219 915 1736 1004">
     <span class='ocr_line' id='line_1_9' title="bbox 219 915 1736 1004; baseline -0.021 -3"><span class='ocrx_word' id='word_1_54' title='bbox 219 939 444 1001; x_wconf 78' lang='lat' dir='ltr'><strong>catholicus</strong></span> <span class='ocrx_word' id='word_1_55' title='bbox 469 949 564 1004; x_wconf 87' lang='lat' dir='ltr'><strong>pro</strong></span> <span class='ocrx_word' id='word_1_56' title='bbox 591 931 817 994; x_wconf 87' lang='lat' dir='ltr'><strong>viribus,</strong></span> <span class='ocrx_word' id='word_1_57' title='bbox 859 942 991 998; x_wconf 83' lang='lat' dir='ltr'><strong>quas</strong></span> <span class='ocrx_word' id='word_1_58' title='bbox 1015 923 1175 979; x_wconf 86' lang='lat' dir='ltr'><strong>sumit</strong></span> <span class='ocrx_word' id='word_1_59' title='bbox 1203 937 1232 978; x_wconf 90' lang='lat' dir='ltr'><strong>a</strong></span> <span class='ocrx_word' id='word_1_60' title='bbox 1264 920 1520 987; x_wconf 90' lang='lat' dir='ltr'><strong>Domino,</strong></span> <span class='ocrx_word' id='word_1_61' title='bbox 1550 915 1736 972; x_wconf 89' lang='lat' dir='ltr'><strong>redar-</strong></span> 
     </span>
    </p>
   </div>
   <div class='ocr_carea' id='block_1_10' title="bbox 221 1013 1736 1108">
    <p class='ocr_par' dir='ltr' id='par_1_10' title="bbox 221 1013 1736 1108">
     <span class='ocr_line' id='line_1_10' title="bbox 221 1013 1736 1108; baseline -0.017 -20"><span class='ocrx_word' id='word_1_62' title='bbox 221 1045 309 1108; x_wconf 75' lang='lat' dir='ltr'><strong>guat</strong></span> <span class='ocrx_word' id='word_1_63' title='bbox 329 1033 462 1085; x_wconf 84' lang='lat' dir='ltr'><strong>istam</strong></span> <span class='ocrx_word' id='word_1_64' title='bbox 492 1033 693 1096; x_wconf 89' lang='lat' dir='ltr'><strong>pestem</strong></span> <span class='ocrx_word' id='word_1_65' title='bbox 714 1063 728 1085; x_wconf 98' lang='lat'><strong>,</strong></span> <span class='ocrx_word' id='word_1_66' title='bbox 756 1022 914 1090; x_wconf 85' lang='lat' dir='ltr'><strong>eique</strong></span> <span class='ocrx_word' id='word_1_67' title='bbox 937 1017 1220 1088; x_wconf 76' lang='lat' dir='ltr'><strong>vigilanter</strong></span> <span class='ocrx_word' id='word_1_68' title='bbox 1247 1013 1502 1108; x_wconf 80' lang='lat' dir='ltr'><strong>obsistat;</strong></span> <span class='ocrx_word' id='word_1_69' title='bbox 1531 1017 1592 1108; x_wconf 81' lang='lat' dir='ltr'><strong>ut</strong></span> <span class='ocrx_word' id='word_1_70' title='bbox 1617 1022 1736 1063; x_wconf 92' lang='lat' dir='ltr'><strong>cum</strong></span> 
     </span>
    </p>
   </div>
   <div class='ocr_carea' id='block_1_11' title="bbox 223 1101 1738 1194">
    <p class='ocr_par' dir='ltr' id='par_1_11' title="bbox 223 1101 1738 1194">
     <span class='ocr_line' id='line_1_11' title="bbox 223 1101 1738 1194; baseline -0.018 -15"><span class='ocrx_word' id='word_1_71' title='bbox 223 1101 513 1194; x_wconf 70' lang='lat' dir='ltr'><strong>respondendi</strong></span> <span class='ocrx_word' id='word_1_72' title='bbox 533 1113 870 1178; x_wconf 84' lang='lat' dir='ltr'><strong>necessitate,</strong></span> <span class='ocrx_word' id='word_1_73' title='bbox 892 1111 1007 1164; x_wconf 90' lang='lat' dir='ltr'><strong>sine</strong></span> <span class='ocrx_word' id='word_1_74' title='bbox 1035 1106 1212 1162; x_wconf 86' lang='lat' dir='ltr'><strong>studio</strong></span> <span class='ocrx_word' id='word_1_75' title='bbox 1233 1101 1610 1165; x_wconf 89' lang='lat' dir='ltr'><strong>contentionis,</strong></span> <span class='ocrx_word' id='word_1_76' title='bbox 1640 1112 1738 1168; x_wconf 89' lang='lat' dir='ltr'><strong>pro</strong></span> 
     </span>
    </p>
   </div>
   <div class='ocr_carea' id='block_1_12' title="bbox 224 1191 1739 1277">
    <p class='ocr_par' dir='ltr' id='par_1_12' title="bbox 224 1191 1739 1277">
     <span class='ocr_line' id='line_1_12' title="bbox 224 1191 1739 1277; baseline -0.022 0"><span class='ocrx_word' id='word_1_77' title='bbox 224 1191 392 1277; x_wconf 79' lang='lat' dir='ltr'><strong>veritate</strong></span> <span class='ocrx_word' id='word_1_78' title='bbox 413 1220 654 1274; x_wconf 84' lang='lat' dir='ltr'><strong>certatur,</strong></span> <span class='ocrx_word' id='word_1_79' title='bbox 675 1207 1008 1261; x_wconf 87' lang='lat' dir='ltr'><strong>instruantur</strong></span> <span class='ocrx_word' id='word_1_80' title='bbox 1035 1199 1254 1264; x_wconf 91' lang='lat' dir='ltr'><strong>indocti,</strong></span> <span class='ocrx_word' id='word_1_81' title='bbox 1282 1207 1439 1266; x_wconf 91' lang='lat' dir='ltr'><strong>atque</strong></span> <span class='ocrx_word' id='word_1_82' title='bbox 1467 1195 1537 1248; x_wconf 92' lang='lat' dir='ltr'><strong>ita</strong></span> <span class='ocrx_word' id='word_1_83' title='bbox 1559 1192 1612 1246; x_wconf 91' lang='lat' dir='ltr'><strong>in</strong></span> <span class='ocrx_word' id='word_1_84' title='bbox 1637 1191 1739 1246; x_wconf 87' lang='lat' dir='ltr'><strong>Ec-</strong></span> 
     </span>
    </p>
   </div>
   <div class='ocr_carea' id='block_1_13' title="bbox 224 1284 1740 1368">
    <p class='ocr_par' dir='ltr' id='par_1_13' title="bbox 224 1284 1740 1368">
     <span class='ocr_line' id='line_1_13' title="bbox 224 1284 1740 1368; baseline -0.02 -1"><span class='ocrx_word' id='word_1_85' title='bbox 224 1311 354 1368; x_wconf 56' lang='lat' dir='ltr'><strong>clesia:</strong></span> <span class='ocrx_word' id='word_1_86' title='bbox 369 1308 688 1361; x_wconf 89' lang='lat' dir='ltr'><strong>convertatur</strong></span> <span class='ocrx_word' id='word_1_87' title='bbox 704 1297 1003 1359; x_wconf 85' lang='lat' dir='ltr'><strong>utilitatem,</strong></span> <span class='ocrx_word' id='word_1_88' title='bbox 1022 1291 1162 1363; x_wconf 90' lang='lat' dir='ltr'><strong>quod</strong></span> <span class='ocrx_word' id='word_1_89' title='bbox 1188 1297 1271 1344; x_wconf 89' lang='lat' dir='ltr'><strong>est</strong></span> <span class='ocrx_word' id='word_1_90' title='bbox 1286 1286 1530 1342; x_wconf 88' lang='lat' dir='ltr'><strong>inimicus</strong></span> <span class='ocrx_word' id='word_1_91' title='bbox 1551 1284 1606 1338; x_wconf 91' lang='lat' dir='ltr'><strong>in</strong></span> <span class='ocrx_word' id='word_1_92' title='bbox 1626 1297 1740 1352; x_wconf 90' lang='lat' dir='ltr'><strong>per-</strong></span> 
     </span>
    </p>
   </div>
   <div class='ocr_carea' id='block_1_14' title="bbox 226 1374 1742 1458">
    <p class='ocr_par' dir='ltr' id='par_1_14' title="bbox 226 1374 1742 1458">
     <span class='ocr_line' id='line_1_14' title="bbox 226 1374 1742 1458; baseline -0.02 -1"><span class='ocrx_word' id='word_1_93' title='bbox 226 1402 371 1458; x_wconf 88' lang='lat' dir='ltr'><strong>niciem</strong></span> <span class='ocrx_word' id='word_1_94' title='bbox 385 1393 717 1455; x_wconf 85' lang='lat' dir='ltr'><strong>machinatus,</strong></span> <span class='ocrx_word' id='word_1_95' title='bbox 737 1388 888 1457; x_wconf 83' lang='lat' dir='ltr'><strong>juxta</strong></span> <span class='ocrx_word' id='word_1_96' title='bbox 907 1382 1033 1439; x_wconf 91' lang='lat' dir='ltr'><strong>illud</strong></span> <span class='ocrx_word' id='word_1_97' title='bbox 1060 1379 1319 1451; x_wconf 83' lang='lat' dir='ltr'><strong>Apostoli,</strong></span> <span class='ocrx_word' id='word_1_98' title='bbox 1346 1376 1553 1445; x_wconf 82' lang='lat' dir='ltr'><strong>Oportet</strong></span> <span class='ocrx_word' id='word_1_99' title='bbox 1579 1381 1623 1428; x_wconf 88' lang='lat' dir='ltr'><strong>et</strong></span> <span class='ocrx_word' id='word_1_100' title='bbox 1645 1374 1742 1428; x_wconf 73' lang='lat' dir='ltr'><strong>hae-</strong></span> 
     </span>
    </p>
   </div>
   <div class='ocr_carea' id='block_1_15' title="bbox 223 1463 1741 1552">
    <p class='ocr_par' dir='ltr' id='par_1_15' title="bbox 223 1463 1741 1552">
     <span class='ocr_line' id='line_1_15' title="bbox 223 1463 1741 1552; baseline -0.019 -5"><span class='ocrx_word' id='word_1_101' title='bbox 223 1509 322 1547; x_wconf 67' lang='lat' dir='ltr'><strong>reses</strong></span> <span class='ocrx_word' id='word_1_102' title='bbox 334 1504 436 1548; x_wconf 80' lang='lat' dir='ltr'><strong>esse,</strong></span> <span class='ocrx_word' id='word_1_103' title='bbox 449 1494 498 1538; x_wconf 84' lang='lat' dir='ltr'><strong>ut</strong></span> <span class='ocrx_word' id='word_1_104' title='bbox 515 1481 704 1552; x_wconf 81' lang='lat' dir='ltr'><strong>probati</strong></span> <span class='ocrx_word' id='word_1_105' title='bbox 718 1476 967 1547; x_wconf 76' lang='lat' dir='ltr'><strong>manifesti</strong></span> <span class='ocrx_word' id='word_1_106' title='bbox 986 1474 1109 1544; x_wconf 85' lang='lat' dir='ltr'><strong>ﬁant</strong></span> <span class='ocrx_word' id='word_1_107' title='bbox 1127 1473 1257 1525; x_wconf 86' lang='lat' dir='ltr'><strong>inter</strong></span> <span class='ocrx_word' id='word_1_108' title='bbox 1267 1486 1352 1523; x_wconf 84' lang='lat' dir='ltr'><strong>vos</strong></span> <span class='ocrx_word' id='word_1_109' title='bbox 1362 1467 1408 1540; x_wconf 87' lang='lat'><strong>(1</strong></span> <span class='ocrx_word' id='word_1_110' title='bbox 1421 1465 1595 1522; x_wconf 79' lang='lat' dir='ltr'><strong>Camn</strong></span> <span class='ocrx_word' id='word_1_111' title='bbox 1605 1463 1741 1535; x_wconf 67' lang='lat'><strong>.19)?</strong></span> 
     </span>
    </p>
   </div>
   <div class='ocr_carea' id='block_1_16' title="bbox 278 1561 1742 1638">
    <p class='ocr_par' dir='ltr' id='par_1_16' title="bbox 278 1561 1742 1638">
     <span class='ocr_line' id='line_1_16' title="bbox 278 1561 1742 1638; baseline -0.018 -1"><span class='ocrx_word' id='word_1_112' title='bbox 278 1579 463 1638; x_wconf 72' lang='lat' dir='ltr'><strong>CAPUT</strong></span> <span class='ocrx_word' id='word_1_113' title='bbox 496 1572 677 1631; x_wconf 73' lang='lat' dir='ltr'><strong>XXIII.</strong></span> <span class='ocrx_word' id='word_1_114' title='bbox 705 1603 778 1612; x_wconf 93' lang='lat'><strong>—</strong></span> <span class='ocrx_word' id='word_1_115' title='bbox 800 1571 889 1625; x_wconf 73' lang='lat'><strong>26.</strong></span> <span class='ocrx_word' id='word_1_116' title='bbox 936 1568 1267 1636; x_wconf 84' lang='lat' dir='ltr'><strong>Quapropter</strong></span> <span class='ocrx_word' id='word_1_117' title='bbox 1291 1569 1412 1632; x_wconf 92' lang='lat' dir='ltr'><strong>post</strong></span> <span class='ocrx_word' id='word_1_118' title='bbox 1435 1561 1598 1615; x_wconf 91' lang='lat' dir='ltr'><strong>multa</strong></span> <span class='ocrx_word' id='word_1_119' title='bbox 1623 1572 1742 1629; x_wconf 70' lang='lat' dir='ltr'><strong>qua:</strong></span> 
     </span>
    </p>
   </div>
   <div class='ocr_carea' id='block_1_17' title="bbox 227 1657 1741 1733">
    <p class='ocr_par' dir='ltr' id='par_1_17' title="bbox 227 1657 1741 1733">
     <span class='ocr_line' id='line_1_17' title="bbox 227 1657 1741 1733; baseline -0.017 0"><span class='ocrx_word' id='word_1_120' title='bbox 227 1680 429 1733; x_wconf 80' lang='lat' dir='ltr'><strong>adversus</strong></span> <span class='ocrx_word' id='word_1_121' title='bbox 465 1672 613 1724; x_wconf 91' lang='lat' dir='ltr'><strong>istum</strong></span> <span class='ocrx_word' id='word_1_122' title='bbox 643 1680 881 1722; x_wconf 89' lang='lat' dir='ltr'><strong>errorem</strong></span> <span class='ocrx_word' id='word_1_123' title='bbox 911 1661 1183 1716; x_wconf 91' lang='lat' dir='ltr'><strong>inimicum</strong></span> <span class='ocrx_word' id='word_1_124' title='bbox 1212 1658 1394 1729; x_wconf 68' lang='lat' dir='ltr'><strong>gratia:</strong></span> <span class='ocrx_word' id='word_1_125' title='bbox 1427 1657 1552 1723; x_wconf 90' lang='lat' dir='ltr'><strong>Dei,</strong></span> <span class='ocrx_word' id='word_1_126' title='bbox 1582 1669 1741 1725; x_wconf 88' lang='lat' dir='ltr'><strong>quam</strong></span> 
     </span>
    </p>
   </div>
   <div class='ocr_carea' id='block_1_18' title="bbox 229 1746 1745 1840">
    <p class='ocr_par' dir='ltr' id='par_1_18' title="bbox 229 1746 1745 1840">
     <span class='ocr_line' id='line_1_18' title="bbox 229 1746 1745 1840; baseline -0.015 -19"><span class='ocrx_word' id='word_1_127' title='bbox 229 1785 300 1840; x_wconf 81' lang='lat' dir='ltr'><strong>per</strong></span> <span class='ocrx_word' id='word_1_128' title='bbox 319 1766 472 1821; x_wconf 81' lang='lat' dir='ltr'><strong>Jesum</strong></span> <span class='ocrx_word' id='word_1_129' title='bbox 497 1759 760 1815; x_wconf 86' lang='lat' dir='ltr'><strong>Christum</strong></span> <span class='ocrx_word' id='word_1_130' title='bbox 803 1753 1084 1810; x_wconf 91' lang='lat' dir='ltr'><strong>Dominum</strong></span> <span class='ocrx_word' id='word_1_131' title='bbox 1113 1758 1356 1804; x_wconf 90' lang='lat' dir='ltr'><strong>nostrum</strong></span> <span class='ocrx_word' id='word_1_132' title='bbox 1383 1746 1590 1818; x_wconf 90' lang='lat' dir='ltr'><strong>pusillis</strong></span> <span class='ocrx_word' id='word_1_133' title='bbox 1630 1760 1745 1799; x_wconf 84' lang='lat' dir='ltr'><strong>ma-</strong></span> 
     </span>
    </p>
   </div>
   <div class='ocr_carea' id='block_1_19' title="bbox 229 1839 1746 1930">
    <p class='ocr_par' dir='ltr' id='par_1_19' title="bbox 229 1839 1746 1930">
     <span class='ocr_line' id='line_1_19' title="bbox 229 1839 1746 1930; baseline -0.013 -18"><span class='ocrx_word' id='word_1_134' title='bbox 229 1839 404 1930; x_wconf 77' lang='lat' dir='ltr'><strong>gnisque</strong></span> <span class='ocrx_word' id='word_1_135' title='bbox 423 1851 643 1921; x_wconf 81' lang='lat' dir='ltr'><strong>largitur,</strong></span> <span class='ocrx_word' id='word_1_136' title='bbox 671 1845 956 1902; x_wconf 89' lang='lat' dir='ltr'><strong>scribendo</strong></span> <span class='ocrx_word' id='word_1_137' title='bbox 982 1842 1251 1912; x_wconf 89' lang='lat' dir='ltr'><strong>disputare</strong></span> <span class='ocrx_word' id='word_1_138' title='bbox 1275 1839 1578 1908; x_wconf 87' lang='lat' dir='ltr'><strong>potuimus;</strong></span> <span class='ocrx_word' id='word_1_139' title='bbox 1604 1851 1746 1892; x_wconf 91' lang='lat' dir='ltr'><strong>nunc</strong></span> 
     </span>
    </p>
   </div>
   <div class='ocr_carea' id='block_1_20' title="bbox 235 1931 1747 2015">
    <p class='ocr_par' dir='ltr' id='par_1_20' title="bbox 235 1931 1747 2015">
     <span class='ocr_line' id='line_1_20' title="bbox 235 1931 1747 2015; baseline -0.015 -10"><span class='ocrx_word' id='word_1_140' title='bbox 235 1950 331 2005; x_wconf 76' lang='lat' dir='ltr'><strong>illud</strong></span> <span class='ocrx_word' id='word_1_141' title='bbox 351 1952 531 2015; x_wconf 86' lang='lat' dir='ltr'><strong>oportet</strong></span> <span class='ocrx_word' id='word_1_142' title='bbox 556 1948 828 2005; x_wconf 73' lang='lat' dir='ltr'><strong>excutere,</strong></span> <span class='ocrx_word' id='word_1_143' title='bbox 857 1935 1018 2008; x_wconf 93' lang='lat' dir='ltr'><strong>quod,</strong></span> <span class='ocrx_word' id='word_1_144' title='bbox 1050 1933 1288 1989; x_wconf 87' lang='lat' dir='ltr'><strong>volentes</strong></span> <span class='ocrx_word' id='word_1_145' title='bbox 1316 1931 1581 1985; x_wconf 65' lang='lat' dir='ltr'><strong>haereseos</strong></span> <span class='ocrx_word' id='word_1_146' title='bbox 1601 1938 1747 1984; x_wconf 80' lang='lat' dir='ltr'><strong>astu-</strong></span> 
     </span>
    </p>
   </div>
   <div class='ocr_carea' id='block_1_21' title="bbox 239 2021 1744 2096">
    <p class='ocr_par' dir='ltr' id='par_1_21' title="bbox 239 2021 1744 2096">
     <span class='ocr_line' id='line_1_21' title="bbox 239 2021 1744 2096; baseline -0.014 0"><span class='ocrx_word' id='word_1_147' title='bbox 239 2037 501 2096; x_wconf 87' lang='lat' dir='ltr'><strong>teinvidiam</strong></span> <span class='ocrx_word' id='word_1_148' title='bbox 525 2033 810 2093; x_wconf 87' lang='lat' dir='ltr'><strong>declinare,</strong></span> <span class='ocrx_word' id='word_1_149' title='bbox 855 2035 1130 2093; x_wconf 87' lang='lat' dir='ltr'><strong>asserunt,</strong></span> <span class='ocrx_word' id='word_1_150' title='bbox 1169 2043 1187 2078; x_wconf 76' lang='grc' dir='ltr'><strong>ι</strong></span> <span class='ocrx_word' id='word_1_151' title='bbox 1220 2024 1372 2079; x_wconf 88' lang='lat' dir='ltr'><strong>istam</strong></span> <span class='ocrx_word' id='word_1_152' title='bbox 1404 2032 1597 2092; x_wconf 73' lang='lat' dir='ltr'><strong>prmter</strong></span> <span class='ocrx_word' id='word_1_153' title='bbox 1627 2021 1744 2077; x_wconf 89' lang='lat' dir='ltr'><strong>ﬁdei</strong></span> 
     </span>
    </p>
   </div>
   <div class='ocr_carea' id='block_1_22' title="bbox 245 2112 1746 2202">
    <p class='ocr_par' dir='ltr' id='par_1_22' title="bbox 245 2112 1746 2202">
     <span class='ocr_line' id='line_1_22' title="bbox 245 2112 1746 2202; baseline -0.014 -16"><span class='ocrx_word' id='word_1_154' title='bbox 245 2129 470 2202; x_wconf 84' lang='lat' dir='ltr'><strong>periculum</strong></span> <span class='ocrx_word' id='word_1_155' title='bbox 503 2139 615 2180; x_wconf 89' lang='lat' dir='ltr'><strong>esse</strong></span> <span class='ocrx_word' id='word_1_156' title='bbox 653 2123 1045 2193; x_wconf 79' lang='lat' dir='ltr'><strong>quaestionem:</strong></span> <span class='ocrx_word' id='word_1_157' title='bbox 1085 2135 1104 2170; x_wconf 75' lang='grc' dir='ltr'><strong>ι</strong></span> <span class='ocrx_word' id='word_1_158' title='bbox 1141 2126 1198 2172; x_wconf 82' lang='grc' dir='ltr'><strong>ιιι</strong></span> <span class='ocrx_word' id='word_1_159' title='bbox 1235 2115 1482 2170; x_wconf 85' lang='lat' dir='ltr'><strong>videlicet</strong></span> <span class='ocrx_word' id='word_1_160' title='bbox 1519 2113 1562 2169; x_wconf 93' lang='lat' dir='ltr'><strong>si</strong></span> <span class='ocrx_word' id='word_1_161' title='bbox 1592 2112 1647 2167; x_wconf 90' lang='lat' dir='ltr'><strong>in</strong></span> <span class='ocrx_word' id='word_1_162' title='bbox 1683 2125 1746 2166; x_wconf 86' lang='lat' dir='ltr'><strong>ea</strong></span> 
     </span>
    </p>
   </div>
   <div class='ocr_carea' id='block_1_23' title="bbox 253 2204 1746 2278">
    <p class='ocr_par' dir='ltr' id='par_1_23' title="bbox 253 2204 1746 2278">
     <span class='ocr_line' id='line_1_23' title="bbox 253 2204 1746 2278; baseline -0.013 0"><span class='ocrx_word' id='word_1_163' title='bbox 253 2224 397 2278; x_wconf 83' lang='lat' dir='ltr'><strong>iuerint</strong></span> <span class='ocrx_word' id='word_1_164' title='bbox 426 2216 732 2274; x_wconf 86' lang='lat' dir='ltr'><strong>exorbitasse</strong></span> <span class='ocrx_word' id='word_1_165' title='bbox 777 2212 1038 2278; x_wconf 75' lang='lat' dir='ltr'><strong>convicti,</strong></span> <span class='ocrx_word' id='word_1_166' title='bbox 1084 2226 1191 2265; x_wconf 89' lang='lat' dir='ltr'><strong>non</strong></span> <span class='ocrx_word' id='word_1_167' title='bbox 1237 2206 1604 2270; x_wconf 88' lang='lat' dir='ltr'><strong>criminaliter,</strong></span> <span class='ocrx_word' id='word_1_168' title='bbox 1653 2204 1746 2260; x_wconf 82' lang='lat' dir='ltr'><strong>sed</strong></span> 
     </span>
    </p>
   </div>
   <div class='ocr_carea' id='block_1_24' title="bbox 258 2298 1749 2386">
    <p class='ocr_par' dir='ltr' id='par_1_24' title="bbox 258 2298 1749 2386">
     <span class='ocr_line' id='line_1_24' title="bbox 258 2298 1749 2386; baseline -0.011 -17"><span class='ocrx_word' id='word_1_169' title='bbox 258 2315 370 2386; x_wconf 85' lang='lat' dir='ltr'><strong>quasi</strong></span> <span class='ocrx_word' id='word_1_170' title='bbox 390 2310 571 2367; x_wconf 83' lang='lat' dir='ltr'><strong>civiliter</strong></span> <span class='ocrx_word' id='word_1_171' title='bbox 594 2321 807 2363; x_wconf 85' lang='lat' dir='ltr'><strong>errasse</strong></span> <span class='ocrx_word' id='word_1_172' title='bbox 835 2304 1132 2360; x_wconf 87' lang='lat' dir='ltr'><strong>videantur.</strong></span> <span class='ocrx_word' id='word_1_173' title='bbox 1159 2303 1247 2358; x_wconf 88' lang='lat' dir='ltr'><strong>Sic</strong></span> <span class='ocrx_word' id='word_1_174' title='bbox 1284 2302 1427 2356; x_wconf 83' lang='lat' dir='ltr'><strong>enim</strong></span> <span class='ocrx_word' id='word_1_175' title='bbox 1465 2298 1749 2355; x_wconf 86' lang='lat' dir='ltr'><strong>Caelestius</strong></span> 
     </span>
    </p>
   </div>
   <div class='ocr_carea' id='block_1_25' title="bbox 253 2393 1745 2478">
    <p class='ocr_par' dir='ltr' id='par_1_25' title="bbox 253 2393 1745 2478">
     <span class='ocr_line' id='line_1_25' title="bbox 253 2393 1745 2478; baseline -0.01 -17"><span class='ocrx_word' id='word_1_176' title='bbox 253 2409 358 2478; x_wconf 81' lang='lat' dir='ltr'><strong>apud</strong></span> <span class='ocrx_word' id='word_1_177' title='bbox 390 2403 720 2473; x_wconf 82' lang='lat' dir='ltr'><strong>Carthaginem</strong></span> <span class='ocrx_word' id='word_1_178' title='bbox 763 2399 930 2470; x_wconf 79' lang='lat' dir='ltr'><strong>gestis</strong></span> <span class='ocrx_word' id='word_1_179' title='bbox 966 2395 1344 2452; x_wconf 86' lang='lat' dir='ltr'><strong>ecclesiasticis</strong></span> <span class='ocrx_word' id='word_1_180' title='bbox 1377 2402 1460 2449; x_wconf 91' lang='lat' dir='ltr'><strong>est</strong></span> <span class='ocrx_word' id='word_1_181' title='bbox 1493 2393 1703 2448; x_wconf 88' lang='lat' dir='ltr'><strong>locutus</strong></span> <span class='ocrx_word' id='word_1_182' title='bbox 1731 2409 1745 2446; x_wconf 88' lang='lat'><strong>:</strong></span> 
     </span>
    </p>
   </div>
   <div class='ocr_carea' id='block_1_26' title="bbox 250 2485 1746 2566">
    <p class='ocr_par' dir='ltr' id='par_1_26' title="bbox 250 2485 1746 2566">
     <span class='ocr_line' id='line_1_26' title="bbox 250 2485 1746 2566; baseline -0.011 -13"><span class='ocrx_word' id='word_1_183' title='bbox 250 2501 392 2564; x_wconf 70' lang='lat' dir='ltr'><strong>«iam,</strong></span> <span class='ocrx_word' id='word_1_184' title='bbox 413 2517 429 2550; x_wconf 79' lang='grc' dir='ltr'><strong>ι</strong></span> <span class='ocrx_word' id='word_1_185' title='bbox 451 2496 616 2566; x_wconf 80' lang='lat' dir='ltr'><strong>inquit,</strong></span> <span class='ocrx_word' id='word_1_186' title='bbox 649 2511 669 2546; x_wconf 84' lang='grc'><strong>‹</strong></span> <span class='ocrx_word' id='word_1_187' title='bbox 697 2493 766 2548; x_wconf 90' lang='lat' dir='ltr'><strong>de</strong></span> <span class='ocrx_word' id='word_1_188' title='bbox 793 2491 1013 2546; x_wconf 86' lang='lat' dir='ltr'><strong>traduce</strong></span> <span class='ocrx_word' id='word_1_189' title='bbox 1051 2489 1256 2559; x_wconf 88' lang='lat' dir='ltr'><strong>peccati</strong></span> <span class='ocrx_word' id='word_1_190' title='bbox 1284 2487 1423 2552; x_wconf 82' lang='lat' dir='ltr'><strong>dixi,</strong></span> <span class='ocrx_word' id='word_1_191' title='bbox 1449 2486 1571 2556; x_wconf 89' lang='lat' dir='ltr'><strong>quia</strong></span> <span class='ocrx_word' id='word_1_192' title='bbox 1610 2485 1746 2540; x_wconf 87' lang='lat' dir='ltr'><strong>intra</strong></span> 
     </span>
    </p>
   </div>
   <div class='ocr_carea' id='block_1_27' title="bbox 241 2579 1748 2654">
    <p class='ocr_par' dir='ltr' id='par_1_27' title="bbox 241 2579 1748 2654">
     <span class='ocr_line' id='line_1_27' title="bbox 241 2579 1748 2654; baseline -0.011 -7"><span class='ocrx_word' id='word_1_193' title='bbox 241 2592 507 2648; x_wconf 79' lang='lat' dir='ltr'><strong>Catholicam</strong></span> <span class='ocrx_word' id='word_1_194' title='bbox 528 2586 838 2642; x_wconf 88' lang='lat' dir='ltr'><strong>constitutos</strong></span> <span class='ocrx_word' id='word_1_195' title='bbox 874 2583 1055 2654; x_wconf 86' lang='lat' dir='ltr'><strong>plures</strong></span> <span class='ocrx_word' id='word_1_196' title='bbox 1097 2580 1274 2635; x_wconf 89' lang='lat' dir='ltr'><strong>audivi</strong></span> <span class='ocrx_word' id='word_1_197' title='bbox 1302 2579 1599 2643; x_wconf 83' lang='lat' dir='ltr'><strong>destruere,</strong></span> <span class='ocrx_word' id='word_1_198' title='bbox 1622 2591 1748 2632; x_wconf 84' lang='lat' dir='ltr'><strong>nec-</strong></span> 
     </span>
    </p>
   </div>
   <div class='ocr_carea' id='block_1_28' title="bbox 246 2669 1748 2743">
    <p class='ocr_par' dir='ltr' id='par_1_28' title="bbox 246 2669 1748 2743">
     <span class='ocr_line' id='line_1_28' title="bbox 246 2669 1748 2743; baseline -0.012 -4"><span class='ocrx_word' id='word_1_199' title='bbox 246 2702 336 2739; x_wconf 88' lang='lat' dir='ltr'><strong>non</strong></span> <span class='ocrx_word' id='word_1_200' title='bbox 352 2693 397 2736; x_wconf 90' lang='lat' dir='ltr'><strong>ct</strong></span> <span class='ocrx_word' id='word_1_201' title='bbox 414 2683 523 2736; x_wconf 84' lang='lat' dir='ltr'><strong>alios</strong></span> <span class='ocrx_word' id='word_1_202' title='bbox 538 2686 800 2742; x_wconf 83' lang='lat' dir='ltr'><strong>astruere;</strong></span> <span class='ocrx_word' id='word_1_203' title='bbox 829 2675 952 2729; x_wconf 92' lang='lat' dir='ltr'><strong>licet</strong></span> <span class='ocrx_word' id='word_1_204' title='bbox 975 2671 1284 2743; x_wconf 70' lang='lat' dir='ltr'><strong>quaestionis</strong></span> <span class='ocrx_word' id='word_1_205' title='bbox 1303 2685 1389 2724; x_wconf 91' lang='lat' dir='ltr'><strong>res</strong></span> <span class='ocrx_word' id='word_1_206' title='bbox 1408 2669 1479 2724; x_wconf 85' lang='lat' dir='ltr'><strong>sit</strong></span> <span class='ocrx_word' id='word_1_207' title='bbox 1500 2669 1617 2733; x_wconf 90' lang='lat' dir='ltr'><strong>ista,</strong></span> <span class='ocrx_word' id='word_1_208' title='bbox 1642 2682 1748 2722; x_wconf 93' lang='lat' dir='ltr'><strong>non</strong></span> 
     </span>
    </p>
   </div>
   <div class='ocr_carea' id='block_1_29' title="bbox 250 2759 1751 2836">
    <p class='ocr_par' dir='ltr' id='par_1_29' title="bbox 250 2759 1751 2836">
     <span class='ocr_line' id='line_1_29' title="bbox 250 2759 1751 2836; baseline -0.01 -8"><span class='ocrx_word' id='word_1_209' title='bbox 250 2773 453 2829; x_wconf 68' lang='lat' dir='ltr'><strong>lueresis.</strong></span> <span class='ocrx_word' id='word_1_210' title='bbox 477 2770 671 2825; x_wconf 77' lang='lat' dir='ltr'><strong>infantes</strong></span> <span class='ocrx_word' id='word_1_211' title='bbox 694 2780 910 2836; x_wconf 89' lang='lat' dir='ltr'><strong>semper</strong></span> <span class='ocrx_word' id='word_1_212' title='bbox 934 2763 1045 2820; x_wconf 88' lang='lat' dir='ltr'><strong>dixi</strong></span> <span class='ocrx_word' id='word_1_213' title='bbox 1083 2778 1243 2833; x_wconf 89' lang='lat' dir='ltr'><strong>egere</strong></span> <span class='ocrx_word' id='word_1_214' title='bbox 1265 2760 1552 2830; x_wconf 85' lang='lat' dir='ltr'><strong>Baptismo,</strong></span> <span class='ocrx_word' id='word_1_215' title='bbox 1574 2774 1638 2815; x_wconf 92' lang='lat' dir='ltr'><strong>ac</strong></span> <span class='ocrx_word' id='word_1_216' title='bbox 1658 2759 1751 2814; x_wconf 83' lang='lat' dir='ltr'><strong>de-</strong></span> 
     </span>
    </p>
   </div>
   <div class='ocr_carea' id='block_1_30' title="bbox 251 2850 1747 2932">
    <p class='ocr_par' dir='ltr' id='par_1_30' title="bbox 251 2850 1747 2932">
     <span class='ocr_line' id='line_1_30' title="bbox 251 2850 1747 2932; baseline -0.011 -12"><span class='ocrx_word' id='word_1_217' title='bbox 251 2867 361 2920; x_wconf 84' lang='lat' dir='ltr'><strong>bere</strong></span> <span class='ocrx_word' id='word_1_218' title='bbox 394 2861 630 2932; x_wconf 81' lang='lat' dir='ltr'><strong>baptizari:</strong></span> <span class='ocrx_word' id='word_1_219' title='bbox 665 2857 796 2928; x_wconf 87' lang='lat' dir='ltr'><strong>quid</strong></span> <span class='ocrx_word' id='word_1_220' title='bbox 823 2855 1018 2927; x_wconf 62' lang='lat' dir='ltr'><strong>quaerit</strong></span> <span class='ocrx_word' id='word_1_221' title='bbox 1047 2853 1230 2909; x_wconf 85' lang='lat' dir='ltr'><strong>aliud?</strong></span> <span class='ocrx_word' id='word_1_222' title='bbox 1256 2871 1276 2905; x_wconf 73' lang='grc' dir='ltr'><strong>ι</strong></span> <span class='ocrx_word' id='word_1_223' title='bbox 1322 2851 1400 2908; x_wconf 86' lang='lat' dir='ltr'><strong>lla</strong></span> <span class='ocrx_word' id='word_1_224' title='bbox 1440 2851 1542 2906; x_wconf 87' lang='lat' dir='ltr'><strong>hoc</strong></span> <span class='ocrx_word' id='word_1_225' title='bbox 1581 2850 1747 2915; x_wconf 85' lang='lat' dir='ltr'><strong>dixit,</strong></span> 
     </span>
    </p>
   </div>
   <div class='ocr_carea' id='block_1_31' title="bbox 254 2941 1750 3024">
    <p class='ocr_par' dir='ltr' id='par_1_31' title="bbox 254 2941 1750 3024">
     <span class='ocr_line' id='line_1_31' title="bbox 254 2941 1750 3024; baseline -0.01 -15"><span class='ocrx_word' id='word_1_226' title='bbox 254 2968 453 3024; x_wconf 78' lang='lat' dir='ltr'><strong>tanquam</strong></span> <span class='ocrx_word' id='word_1_227' title='bbox 476 2951 746 3022; x_wconf 82' lang='lat' dir='ltr'><strong>signiﬁcare</strong></span> <span class='ocrx_word' id='word_1_228' title='bbox 774 2947 1022 3010; x_wconf 86' lang='lat' dir='ltr'><strong>voluerit.</strong></span> <span class='ocrx_word' id='word_1_229' title='bbox 1048 2955 1174 3000; x_wconf 92' lang='lat' dir='ltr'><strong>tunc</strong></span> <span class='ocrx_word' id='word_1_230' title='bbox 1201 2944 1364 2999; x_wconf 79' lang='lat' dir='ltr'><strong>fuisse</strong></span> <span class='ocrx_word' id='word_1_231' title='bbox 1395 2941 1641 2997; x_wconf 82' lang='lat' dir='ltr'><strong>haeresim</strong></span> <span class='ocrx_word' id='word_1_232' title='bbox 1665 2941 1750 3010; x_wconf 81' lang='lat' dir='ltr'><strong>ju-</strong></span> 
     </span>
    </p>
   </div>
   <div class='ocr_carea' id='block_1_32' title="bbox 249 3034 1752 3112">
    <p class='ocr_par' dir='ltr' id='par_1_32' title="bbox 249 3034 1752 3112">
     <span class='ocr_line' id='line_1_32' title="bbox 249 3034 1752 3112; baseline -0.007 -12"><span class='ocrx_word' id='word_1_233' title='bbox 249 3045 486 3104; x_wconf 83' lang='lat' dir='ltr'><strong>dicandam,</strong></span> <span class='ocrx_word' id='word_1_234' title='bbox 509 3043 547 3096; x_wconf 90' lang='lat' dir='ltr'><strong>si</strong></span> <span class='ocrx_word' id='word_1_235' title='bbox 572 3041 822 3112; x_wconf 79' lang='lat' dir='ltr'><strong>baptizari</strong></span> <span class='ocrx_word' id='word_1_236' title='bbox 847 3039 1044 3094; x_wconf 87' lang='lat' dir='ltr'><strong>debere</strong></span> <span class='ocrx_word' id='word_1_237' title='bbox 1070 3044 1288 3106; x_wconf 77' lang='lat' dir='ltr'><strong>negaret</strong></span> <span class='ocrx_word' id='word_1_238' title='bbox 1315 3034 1543 3089; x_wconf 79' lang='lat' dir='ltr'><strong>infantes</strong></span> <span class='ocrx_word' id='word_1_239' title='bbox 1569 3051 1582 3087; x_wconf 85' lang='lat'><strong>:</strong></span> <span class='ocrx_word' id='word_1_240' title='bbox 1613 3048 1752 3089; x_wconf 90' lang='lat' dir='ltr'><strong>nunc</strong></span> 
     </span>
    </p>
   </div>
   <div class='ocr_carea' id='block_1_33' title="bbox 240 3127 1745 3206">
    <p class='ocr_par' dir='ltr' id='par_1_33' title="bbox 240 3127 1745 3206">
     <span class='ocr_line' id='line_1_33' title="bbox 240 3127 1745 3206; baseline -0.009 -14"><span class='ocrx_word' id='word_1_241' title='bbox 240 3153 346 3192; x_wconf 86' lang='lat' dir='ltr'><strong>vero</strong></span> <span class='ocrx_word' id='word_1_242' title='bbox 375 3137 584 3206; x_wconf 86' lang='lat' dir='ltr'><strong>quoniam</strong></span> <span class='ocrx_word' id='word_1_243' title='bbox 626 3130 976 3203; x_wconf 82' lang='lat' dir='ltr'><strong>baptizandus</strong></span> <span class='ocrx_word' id='word_1_244' title='bbox 1015 3128 1229 3193; x_wconf 78' lang='lat' dir='ltr'><strong>fatetur,</strong></span> <span class='ocrx_word' id='word_1_245' title='bbox 1275 3127 1484 3182; x_wconf 90' lang='lat' dir='ltr'><strong>etiamsi</strong></span> <span class='ocrx_word' id='word_1_246' title='bbox 1527 3140 1745 3180; x_wconf 87' lang='lat' dir='ltr'><strong>causam</strong></span> 
     </span>
    </p>
   </div>
   <div class='ocr_carea' id='block_1_34' title="bbox 233 3217 1751 3297">
    <p class='ocr_par' dir='ltr' id='par_1_34' title="bbox 233 3217 1751 3297">
     <span class='ocr_line' id='line_1_34' title="bbox 233 3217 1751 3297; baseline -0.007 -15"><span class='ocrx_word' id='word_1_247' title='bbox 233 3227 517 3297; x_wconf 81' lang='lat' dir='ltr'><strong>Baptismatis</strong></span> <span class='ocrx_word' id='word_1_248' title='bbox 533 3241 719 3280; x_wconf 88' lang='lat' dir='ltr'><strong>eorum</strong></span> <span class='ocrx_word' id='word_1_249' title='bbox 748 3239 854 3279; x_wconf 90' lang='lat' dir='ltr'><strong>non</strong></span> <span class='ocrx_word' id='word_1_250' title='bbox 893 3237 1010 3278; x_wconf 89' lang='lat' dir='ltr'><strong>eam</strong></span> <span class='ocrx_word' id='word_1_251' title='bbox 1040 3221 1200 3288; x_wconf 88' lang='lat' dir='ltr'><strong>dicat,</strong></span> <span class='ocrx_word' id='word_1_252' title='bbox 1234 3234 1391 3290; x_wconf 83' lang='lat' dir='ltr'><strong>quam</strong></span> <span class='ocrx_word' id='word_1_253' title='bbox 1431 3217 1628 3273; x_wconf 87' lang='lat' dir='ltr'><strong>veritas</strong></span> <span class='ocrx_word' id='word_1_254' title='bbox 1656 3217 1751 3271; x_wconf 85' lang='lat' dir='ltr'><strong>ba-</strong></span> 
     </span>
    </p>
   </div>
   <div class='ocr_carea' id='block_1_35' title="bbox 230 3309 1753 3386">
    <p class='ocr_par' dir='ltr' id='par_1_35' title="bbox 230 3309 1753 3386">
     <span class='ocr_line' id='line_1_35' title="bbox 230 3309 1753 3386; baseline -0.007 -13"><span class='ocrx_word' id='word_1_255' title='bbox 230 3321 313 3385; x_wconf 84' lang='lat' dir='ltr'><strong>bet,</strong></span> <span class='ocrx_word' id='word_1_256' title='bbox 335 3318 415 3373; x_wconf 91' lang='lat' dir='ltr'><strong>sed</strong></span> <span class='ocrx_word' id='word_1_257' title='bbox 433 3333 540 3386; x_wconf 74' lang='lat' dir='ltr'><strong>qua:</strong></span> <span class='ocrx_word' id='word_1_258' title='bbox 567 3315 633 3369; x_wconf 83' lang='lat' dir='ltr'><strong>ad</strong></span> <span class='ocrx_word' id='word_1_259' title='bbox 664 3315 824 3371; x_wconf 86' lang='lat' dir='ltr'><strong>ﬁdem</strong></span> <span class='ocrx_word' id='word_1_260' title='bbox 843 3329 949 3369; x_wconf 91' lang='lat' dir='ltr'><strong>non</strong></span> <span class='ocrx_word' id='word_1_261' title='bbox 971 3313 1218 3384; x_wconf 88' lang='lat' dir='ltr'><strong>pertinet;</strong></span> <span class='ocrx_word' id='word_1_262' title='bbox 1253 3326 1356 3365; x_wconf 91' lang='lat' dir='ltr'><strong>non</strong></span> <span class='ocrx_word' id='word_1_263' title='bbox 1383 3326 1442 3365; x_wconf 90' lang='lat' dir='ltr'><strong>se</strong></span> <span class='ocrx_word' id='word_1_264' title='bbox 1465 3309 1753 3364; x_wconf 86' lang='lat' dir='ltr'><strong>arbitratur</strong></span> 
     </span>
    </p>
   </div>
   <div class='ocr_carea' id='block_1_36' title="bbox 220 3394 1749 3480">
    <p class='ocr_par' dir='ltr' id='par_1_36' title="bbox 220 3394 1749 3480">
     <span class='ocr_line' id='line_1_36' title="bbox 220 3394 1749 3480; baseline -0.007 -15"><span class='ocrx_word' id='word_1_265' title='bbox 220 3427 369 3466; x_wconf 85' lang='lat' dir='ltr'><strong>errare</strong></span> <span class='ocrx_word' id='word_1_266' title='bbox 382 3412 534 3480; x_wconf 80' lang='lat' dir='ltr'><strong>(a),et</strong></span> <span class='ocrx_word' id='word_1_267' title='bbox 551 3409 670 3464; x_wconf 89' lang='lat' dir='ltr'><strong>ideo</strong></span> <span class='ocrx_word' id='word_1_268' title='bbox 699 3394 804 3462; x_wconf 82' lang='lat' dir='ltr'><strong>non</strong></span> <span class='ocrx_word' id='word_1_269' title='bbox 831 3421 948 3461; x_wconf 92' lang='lat' dir='ltr'><strong>esse</strong></span> <span class='ocrx_word' id='word_1_270' title='bbox 965 3402 1648 3473; x_wconf 68' lang='lat' dir='ltr'><strong>haereticumjudicandnm.</strong></span> <span class='ocrx_word' id='word_1_271' title='bbox 1673 3401 1749 3474; x_wconf 78' lang='grc' dir='ltr'><strong>(ὁ)</strong></span> 
     </span>
    </p>
   </div>
   <div class='ocr_carea' id='block_1_37' title="bbox 220 3495 1749 3571">
    <p class='ocr_par' dir='ltr' id='par_1_37' title="bbox 220 3495 1749 3571">
     <span class='ocr_line' id='line_1_37' title="bbox 220 3495 1749 3571; baseline -0.007 -11"><span class='ocrx_word' id='word_1_272' title='bbox 220 3505 322 3560; x_wconf 83' lang='lat' dir='ltr'><strong>Item</strong></span> <span class='ocrx_word' id='word_1_273' title='bbox 361 3503 409 3557; x_wconf 91' lang='lat' dir='ltr'><strong>in</strong></span> <span class='ocrx_word' id='word_1_274' title='bbox 443 3503 620 3558; x_wconf 87' lang='lat' dir='ltr'><strong>libello</strong></span> <span class='ocrx_word' id='word_1_275' title='bbox 656 3516 818 3571; x_wconf 84' lang='lat' dir='ltr'><strong>quem</strong></span> <span class='ocrx_word' id='word_1_276' title='bbox 848 3500 1030 3554; x_wconf 70' lang='lat' dir='ltr'><strong>Romae</strong></span> <span class='ocrx_word' id='word_1_277' title='bbox 1053 3497 1231 3563; x_wconf 90' lang='lat' dir='ltr'><strong>dedit,</strong></span> <span class='ocrx_word' id='word_1_278' title='bbox 1265 3513 1384 3551; x_wconf 92' lang='lat' dir='ltr'><strong>cum</strong></span> <span class='ocrx_word' id='word_1_279' title='bbox 1416 3495 1574 3551; x_wconf 88' lang='lat' dir='ltr'><strong>ﬁdem</strong></span> <span class='ocrx_word' id='word_1_280' title='bbox 1600 3511 1749 3551; x_wconf 90' lang='lat' dir='ltr'><strong>suam</strong></span> 
     </span>
    </p>
   </div>
   <div class='ocr_carea' id='block_1_38' title="bbox 215 3587 1750 3660">
    <p class='ocr_par' dir='ltr' id='par_1_38' title="bbox 215 3587 1750 3660">
     <span class='ocr_line' id='line_1_38' title="bbox 215 3587 1750 3660; baseline -0.005 -9"><span class='ocrx_word' id='word_1_281' title='bbox 215 3613 238 3651; x_wconf 86' lang='lat' dir='ltr'><strong>a</strong></span> <span class='ocrx_word' id='word_1_282' title='bbox 269 3596 494 3651; x_wconf 83' lang='lat' dir='ltr'><strong>&#39;l&#39;rinitatc</strong></span> <span class='ocrx_word' id='word_1_283' title='bbox 536 3595 699 3649; x_wconf 88' lang='lat' dir='ltr'><strong>unius</strong></span> <span class='ocrx_word' id='word_1_284' title='bbox 735 3591 950 3648; x_wconf 88' lang='lat' dir='ltr'><strong>deitatis</strong></span> <span class='ocrx_word' id='word_1_285' title='bbox 993 3605 1160 3660; x_wconf 90' lang='lat' dir='ltr'><strong>usque</strong></span> <span class='ocrx_word' id='word_1_286' title='bbox 1202 3589 1269 3644; x_wconf 86' lang='lat' dir='ltr'><strong>ad</strong></span> <span class='ocrx_word' id='word_1_287' title='bbox 1308 3587 1750 3644; x_wconf 87' lang='lat' dir='ltr'><strong>resurrectionem</strong></span> 
     </span>
    </p>
   </div>
   <div class='ocr_carea' id='block_1_39' title="bbox 211 3680 1753 3758">
    <p class='ocr_par' dir='ltr' id='par_1_39' title="bbox 211 3680 1753 3758">
     <span class='ocr_line' id='line_1_39' title="bbox 211 3680 1753 3758; baseline -0.002 -18"><span class='ocrx_word' id='word_1_288' title='bbox 211 3690 352 3758; x_wconf 73' lang='lat' dir='ltr'><strong>quaiis</strong></span> <span class='ocrx_word' id='word_1_289' title='bbox 385 3687 548 3742; x_wconf 83' lang='lat' dir='ltr'><strong>futura</strong></span> <span class='ocrx_word' id='word_1_290' title='bbox 589 3695 673 3740; x_wconf 90' lang='lat' dir='ltr'><strong>est</strong></span> <span class='ocrx_word' id='word_1_291' title='bbox 701 3692 1030 3738; x_wconf 89' lang='lat' dir='ltr'><strong>mortuorum</strong></span> <span class='ocrx_word' id='word_1_292' title='bbox 1055 3723 1068 3746; x_wconf 94' lang='lat'><strong>,</strong></span> <span class='ocrx_word' id='word_1_293' title='bbox 1099 3681 1167 3736; x_wconf 91' lang='lat' dir='ltr'><strong>de</strong></span> <span class='ocrx_word' id='word_1_294' title='bbox 1207 3680 1399 3750; x_wconf 88' lang='lat' dir='ltr'><strong>quibus</strong></span> <span class='ocrx_word' id='word_1_295' title='bbox 1426 3695 1545 3735; x_wconf 92' lang='lat' dir='ltr'><strong>eum</strong></span> <span class='ocrx_word' id='word_1_296' title='bbox 1576 3682 1753 3737; x_wconf 88' lang='lat' dir='ltr'><strong>nullus</strong></span> 
     </span>
    </p>
   </div>
   <div class='ocr_carea' id='block_1_40' title="bbox 208 3773 1750 3851">
    <p class='ocr_par' dir='ltr' id='par_1_40' title="bbox 208 3773 1750 3851">
     <span class='ocr_line' id='line_1_40' title="bbox 208 3773 1750 3851; baseline -0.004 -17"><span class='ocrx_word' id='word_1_297' title='bbox 208 3782 619 3851; x_wconf 65' lang='lat' dir='ltr'><strong>interrogaverat,</strong></span> <span class='ocrx_word' id='word_1_298' title='bbox 647 3785 703 3833; x_wconf 90' lang='lat' dir='ltr'><strong>et</strong></span> <span class='ocrx_word' id='word_1_299' title='bbox 731 3776 869 3832; x_wconf 90' lang='lat' dir='ltr'><strong>unde</strong></span> <span class='ocrx_word' id='word_1_300' title='bbox 899 3775 973 3830; x_wconf 91' lang='lat' dir='ltr'><strong>illi</strong></span> <span class='ocrx_word' id='word_1_301' title='bbox 1000 3774 1140 3828; x_wconf 91' lang='lat' dir='ltr'><strong>nulla</strong></span> <span class='ocrx_word' id='word_1_302' title='bbox 1167 3773 1392 3843; x_wconf 73' lang='lat' dir='ltr'><strong>qumstio</strong></span> <span class='ocrx_word' id='word_1_303' title='bbox 1419 3773 1750 3839; x_wconf 88' lang='lat' dir='ltr'><strong>movebatur,</strong></span> 
     </span>
    </p>
   </div>
   <div class='ocr_carea' id='block_1_41' title="bbox 201 3862 1754 3943">
    <p class='ocr_par' dir='ltr' id='par_1_41' title="bbox 201 3862 1754 3943">
     <span class='ocr_line' id='line_1_41' title="bbox 201 3862 1754 3943; baseline -0.003 -19"><span class='ocrx_word' id='word_1_304' title='bbox 201 3883 423 3943; x_wconf 81' lang='lat' dir='ltr'><strong>quantum</strong></span> <span class='ocrx_word' id='word_1_305' title='bbox 465 3871 647 3925; x_wconf 88' lang='lat' dir='ltr'><strong>dicere</strong></span> <span class='ocrx_word' id='word_1_306' title='bbox 683 3868 872 3934; x_wconf 90' lang='lat' dir='ltr'><strong>libuit,</strong></span> <span class='ocrx_word' id='word_1_307' title='bbox 914 3866 1258 3935; x_wconf 80' lang='lat' dir='ltr'><strong>explicasset;</strong></span> <span class='ocrx_word' id='word_1_308' title='bbox 1289 3863 1375 3918; x_wconf 90' lang='lat' dir='ltr'><strong>ubi</strong></span> <span class='ocrx_word' id='word_1_309' title='bbox 1413 3862 1479 3918; x_wconf 88' lang='lat' dir='ltr'><strong>ad</strong></span> <span class='ocrx_word' id='word_1_310' title='bbox 1516 3863 1567 3918; x_wconf 92' lang='lat' dir='ltr'><strong>id</strong></span> <span class='ocrx_word' id='word_1_311' title='bbox 1611 3863 1754 3934; x_wconf 87' lang='lat' dir='ltr'><strong>quod</strong></span> 
     </span>
    </p>
   </div>
   <div class='ocr_carea' id='block_1_42' title="bbox 198 3956 1754 4038">
    <p class='ocr_par' dir='ltr' id='par_1_42' title="bbox 198 3956 1754 4038">
     <span class='ocr_line' id='line_1_42' title="bbox 198 3956 1754 4038; baseline -0.006 -18"><span class='ocrx_word' id='word_1_312' title='bbox 198 3968 422 4038; x_wconf 76' lang='lat' dir='ltr'><strong>agebatur</strong></span> <span class='ocrx_word' id='word_1_313' title='bbox 447 3965 564 4033; x_wconf 88' lang='lat' dir='ltr'><strong>ejus</strong></span> <span class='ocrx_word' id='word_1_314' title='bbox 593 3975 774 4017; x_wconf 88' lang='lat' dir='ltr'><strong>sermo</strong></span> <span class='ocrx_word' id='word_1_315' title='bbox 806 3958 1045 4030; x_wconf 76' lang='lat' dir='ltr'><strong>pervenit</strong></span> <span class='ocrx_word' id='word_1_316' title='bbox 1073 3975 1086 4011; x_wconf 89' lang='lat'><strong>:</strong></span> <span class='ocrx_word' id='word_1_317' title='bbox 1125 3975 1145 4009; x_wconf 73' lang='grc' dir='ltr'><strong>ι</strong></span> <span class='ocrx_word' id='word_1_318' title='bbox 1185 3956 1240 4011; x_wconf 88' lang='lat' dir='ltr'><strong>Si</strong></span> <span class='ocrx_word' id='word_1_319' title='bbox 1269 3971 1388 4026; x_wconf 71' lang='lat' dir='ltr'><strong>qua:</strong></span> <span class='ocrx_word' id='word_1_320' title='bbox 1428 3971 1584 4022; x_wconf 86' lang='lat' dir='ltr'><strong>vero,</strong></span> <span class='ocrx_word' id='word_1_321' title='bbox 1622 3975 1641 4008; x_wconf 73' lang='grc' dir='ltr'><strong>ι</strong></span> <span class='ocrx_word' id='word_1_322' title='bbox 1676 3957 1754 4010; x_wconf 86' lang='lat' dir='ltr'><strong>in-</strong></span> 
     </span>
    </p>
   </div>
   <div class='ocr_carea' id='block_1_43' title="bbox 196 4047 1755 4128">
    <p class='ocr_par' dir='ltr' id='par_1_43' title="bbox 196 4047 1755 4128">
     <span class='ocr_line' id='line_1_43' title="bbox 196 4047 1755 4128; baseline -0.003 -19"><span class='ocrx_word' id='word_1_323' title='bbox 196 4059 306 4128; x_wconf 87' lang='lat' dir='ltr'><strong>quit,</strong></span> <span class='ocrx_word' id='word_1_324' title='bbox 337 4077 354 4109; x_wconf 74' lang='grc' dir='ltr'><strong>ι</strong></span> <span class='ocrx_word' id='word_1_325' title='bbox 387 4064 583 4126; x_wconf 69' lang='lat' dir='ltr'><strong>praeter</strong></span> <span class='ocrx_word' id='word_1_326' title='bbox 609 4053 770 4108; x_wconf 90' lang='lat' dir='ltr'><strong>ﬁdem</strong></span> <span class='ocrx_word' id='word_1_327' title='bbox 799 4050 1122 4122; x_wconf 68' lang='lat' dir='ltr'><strong>quaestiones</strong></span> <span class='ocrx_word' id='word_1_328' title='bbox 1147 4058 1284 4103; x_wconf 72' lang='lat' dir='ltr'><strong>nata:</strong></span> <span class='ocrx_word' id='word_1_329' title='bbox 1305 4056 1450 4112; x_wconf 91' lang='lat' dir='ltr'><strong>sunt,</strong></span> <span class='ocrx_word' id='word_1_330' title='bbox 1475 4047 1544 4103; x_wconf 91' lang='lat' dir='ltr'><strong>de</strong></span> <span class='ocrx_word' id='word_1_331' title='bbox 1563 4049 1755 4119; x_wconf 87' lang='lat' dir='ltr'><strong>quibus</strong></span> 
     </span>
    </p>
   </div>
   <div class='ocr_carea' id='block_1_44' title="bbox 196 4140 1758 4216">
    <p class='ocr_par' dir='ltr' id='par_1_44' title="bbox 196 4140 1758 4216">
     <span class='ocr_line' id='line_1_44' title="bbox 196 4140 1758 4216; baseline -0.006 -12"><span class='ocrx_word' id='word_1_332' title='bbox 196 4159 318 4204; x_wconf 81' lang='lat' dir='ltr'><strong>esset</strong></span> <span class='ocrx_word' id='word_1_333' title='bbox 338 4149 473 4202; x_wconf 88' lang='lat' dir='ltr'><strong>inter</strong></span> <span class='ocrx_word' id='word_1_334' title='bbox 497 4147 786 4216; x_wconf 88' lang='lat' dir='ltr'><strong>plerosque</strong></span> <span class='ocrx_word' id='word_1_335' title='bbox 808 4142 1081 4197; x_wconf 87' lang='lat' dir='ltr'><strong>contentio</strong></span> <span class='ocrx_word' id='word_1_336' title='bbox 1105 4156 1120 4205; x_wconf 93' lang='lat'><strong>;</strong></span> <span class='ocrx_word' id='word_1_337' title='bbox 1150 4155 1255 4194; x_wconf 93' lang='lat' dir='ltr'><strong>non</strong></span> <span class='ocrx_word' id='word_1_338' title='bbox 1283 4155 1382 4210; x_wconf 89' lang='lat' dir='ltr'><strong>ego</strong></span> <span class='ocrx_word' id='word_1_339' title='bbox 1401 4140 1552 4210; x_wconf 91' lang='lat' dir='ltr'><strong>quasi</strong></span> <span class='ocrx_word' id='word_1_340' title='bbox 1573 4149 1758 4195; x_wconf 83' lang='lat' dir='ltr'><strong>auctor</strong></span> 
     </span>
    </p>
   </div>
   <div class='ocr_carea' id='block_1_45' title="bbox 195 4233 1756 4310">
    <p class='ocr_par' dir='ltr' id='par_1_45' title="bbox 195 4233 1756 4310">
     <span class='ocr_line' id='line_1_45' title="bbox 195 4233 1756 4310; baseline -0.003 -18"><span class='ocrx_word' id='word_1_341' title='bbox 195 4240 393 4310; x_wconf 82' lang='lat' dir='ltr'><strong>alicujus</strong></span> <span class='ocrx_word' id='word_1_342' title='bbox 426 4237 696 4308; x_wconf 80' lang='lat' dir='ltr'><strong>dogmatis</strong></span> <span class='ocrx_word' id='word_1_343' title='bbox 727 4235 941 4290; x_wconf 90' lang='lat' dir='ltr'><strong>deﬁnita</strong></span> <span class='ocrx_word' id='word_1_344' title='bbox 971 4233 1072 4288; x_wconf 91' lang='lat' dir='ltr'><strong>hoc</strong></span> <span class='ocrx_word' id='word_1_345' title='bbox 1103 4233 1417 4287; x_wconf 88' lang='lat' dir='ltr'><strong>auctoritate</strong></span> <span class='ocrx_word' id='word_1_346' title='bbox 1457 4233 1633 4298; x_wconf 80' lang='lat' dir='ltr'><strong>Statni,</strong></span> <span class='ocrx_word' id='word_1_347' title='bbox 1663 4234 1756 4288; x_wconf 89' lang='lat' dir='ltr'><strong>sed</strong></span> 
     </span>
    </p>
   </div>
   <div class='ocr_carea' id='block_1_46' title="bbox 193 4325 1754 4402">
    <p class='ocr_par' dir='ltr' id='par_1_46' title="bbox 193 4325 1754 4402">
     <span class='ocr_line' id='line_1_46' title="bbox 193 4325 1754 4402; baseline -0.003 -16"><span class='ocrx_word' id='word_1_348' title='bbox 193 4348 247 4386; x_wconf 85' lang='lat' dir='ltr'><strong>ea</strong></span> <span class='ocrx_word' id='word_1_349' title='bbox 265 4347 373 4402; x_wconf 80' lang='lat' dir='ltr'><strong>qua:</strong></span> <span class='ocrx_word' id='word_1_350' title='bbox 391 4332 458 4386; x_wconf 92' lang='lat' dir='ltr'><strong>de</strong></span> <span class='ocrx_word' id='word_1_351' title='bbox 479 4329 872 4400; x_wconf 85' lang='lat' dir='ltr'><strong>Prophetarum</strong></span> <span class='ocrx_word' id='word_1_352' title='bbox 893 4335 948 4383; x_wconf 90' lang='lat' dir='ltr'><strong>et</strong></span> <span class='ocrx_word' id='word_1_353' title='bbox 968 4327 1347 4397; x_wconf 90' lang='lat' dir='ltr'><strong>Apostolorum</strong></span> <span class='ocrx_word' id='word_1_354' title='bbox 1361 4325 1504 4380; x_wconf 80' lang='lat' dir='ltr'><strong>fonte</strong></span> <span class='ocrx_word' id='word_1_355' title='bbox 1525 4328 1754 4397; x_wconf 89' lang='lat' dir='ltr'><strong>suscepi,</strong></span> 
     </span>
    </p>
   </div>
   <div class='ocr_carea' id='block_1_47' title="bbox 194 4417 1756 4494">
    <p class='ocr_par' dir='ltr' id='par_1_47' title="bbox 194 4417 1756 4494">
     <span class='ocr_line' id='line_1_47' title="bbox 194 4417 1756 4494; baseline -0.002 -18"><span class='ocrx_word' id='word_1_356' title='bbox 194 4425 335 4479; x_wconf 86' lang='lat' dir='ltr'><strong>vestri</strong></span> <span class='ocrx_word' id='word_1_357' title='bbox 369 4424 719 4494; x_wconf 81' lang='lat' dir='ltr'><strong>Apostolatus</strong></span> <span class='ocrx_word' id='word_1_358' title='bbox 745 4421 1018 4476; x_wconf 81' lang='lat' dir='ltr'><strong>oﬁ&#39;erimus</strong></span> <span class='ocrx_word' id='word_1_359' title='bbox 1053 4417 1324 4489; x_wconf 90' lang='lat' dir='ltr'><strong>probanda</strong></span> <span class='ocrx_word' id='word_1_360' title='bbox 1367 4431 1486 4474; x_wconf 75' lang='lat' dir='ltr'><strong>esse</strong></span> <span class='ocrx_word' id='word_1_361' title='bbox 1524 4418 1756 4489; x_wconf 89' lang='lat' dir='ltr'><strong>judicio;</strong></span> 
     </span>
    </p>
   </div>
   <div class='ocr_carea' id='block_1_48' title="bbox 196 4509 1760 4580">
    <p class='ocr_par' dir='ltr' id='par_1_48' title="bbox 196 4509 1760 4580">
     <span class='ocr_line' id='line_1_48' title="bbox 196 4509 1760 4580; baseline -0.003 -11"><span class='ocrx_word' id='word_1_362' title='bbox 196 4527 243 4570; x_wconf 90' lang='lat' dir='ltr'><strong>ut</strong></span> <span class='ocrx_word' id='word_1_363' title='bbox 266 4517 307 4571; x_wconf 87' lang='lat' dir='ltr'><strong>si</strong></span> <span class='ocrx_word' id='word_1_364' title='bbox 345 4516 482 4571; x_wconf 81' lang='lat' dir='ltr'><strong>forte</strong></span> <span class='ocrx_word' id='word_1_365' title='bbox 525 4523 586 4569; x_wconf 93' lang='lat' dir='ltr'><strong>ut</strong></span> <span class='ocrx_word' id='word_1_366' title='bbox 622 4511 925 4567; x_wconf 89' lang='lat' dir='ltr'><strong>hominibus</strong></span> <span class='ocrx_word' id='word_1_367' title='bbox 963 4510 1224 4580; x_wconf 76' lang='lat' dir='ltr'><strong>quiSpiam</strong></span> <span class='ocrx_word' id='word_1_368' title='bbox 1265 4509 1577 4579; x_wconf 69' lang='lat' dir='ltr'><strong>ignorantia:</strong></span> <span class='ocrx_word' id='word_1_369' title='bbox 1611 4525 1760 4564; x_wconf 90' lang='lat' dir='ltr'><strong>error</strong></span> 
     </span>
    </p>
   </div>
   <div class='ocr_carea' id='block_1_49' title="bbox 198 4599 1759 4676">
    <p class='ocr_par' dir='ltr' id='par_1_49' title="bbox 198 4599 1759 4676">
     <span class='ocr_line' id='line_1_49' title="bbox 198 4599 1759 4676; baseline -0.004 -16"><span class='ocrx_word' id='word_1_370' title='bbox 198 4608 464 4676; x_wconf 69' lang='lat' dir='ltr'><strong>obrepsit‘,</strong></span> <span class='ocrx_word' id='word_1_371' title='bbox 490 4615 671 4661; x_wconf 86' lang='lat' dir='ltr'><strong>vestra</strong></span> <span class='ocrx_word' id='word_1_372' title='bbox 701 4602 962 4659; x_wconf 88' lang='lat' dir='ltr'><strong>sententia</strong></span> <span class='ocrx_word' id='word_1_373' title='bbox 989 4602 1282 4671; x_wconf 86' lang='lat' dir='ltr'><strong>corrigatur</strong></span> <span class='ocrx_word' id='word_1_374' title='bbox 1298 4602 1338 4652; x_wconf 80' lang='grc'><strong>³.</strong></span> <span class='ocrx_word' id='word_1_375' title='bbox 1370 4619 1390 4652; x_wconf 83' lang='grc'><strong>›</strong></span> <span class='ocrx_word' id='word_1_376' title='bbox 1414 4599 1615 4670; x_wconf 85' lang='lat' dir='ltr'><strong>Nempe</strong></span> <span class='ocrx_word' id='word_1_377' title='bbox 1637 4616 1759 4670; x_wconf 52' lang='lat' dir='ltr'><strong>per.</strong></span> 
     </span>
    </p>
   </div>
   <div class='ocr_carea' id='block_1_50' title="bbox 200 4692 1756 4766">
    <p class='ocr_par' dir='ltr' id='par_1_50' title="bbox 200 4692 1756 4766">
     <span class='ocr_line' id='line_1_50' title="bbox 200 4692 1756 4766; baseline -0.004 -15"><span class='ocrx_word' id='word_1_378' title='bbox 200 4699 378 4766; x_wconf 83' lang='lat' dir='ltr'><strong>spicitis</strong></span> <span class='ocrx_word' id='word_1_379' title='bbox 399 4741 415 4765; x_wconf 94' lang='lat'><strong>,</strong></span> <span class='ocrx_word' id='word_1_380' title='bbox 456 4697 508 4752; x_wconf 86' lang='lat' dir='ltr'><strong>id</strong></span> <span class='ocrx_word' id='word_1_381' title='bbox 548 4711 674 4751; x_wconf 92' lang='lat' dir='ltr'><strong>eum</strong></span> <span class='ocrx_word' id='word_1_382' title='bbox 706 4695 878 4765; x_wconf 83' lang='lat' dir='ltr'><strong>egisse</strong></span> <span class='ocrx_word' id='word_1_383' title='bbox 907 4693 1010 4748; x_wconf 86' lang='lat' dir='ltr'><strong>hac</strong></span> <span class='ocrx_word' id='word_1_384' title='bbox 1056 4692 1431 4762; x_wconf 65' lang='lat' dir='ltr'><strong>praelocutione</strong></span> <span class='ocrx_word' id='word_1_385' title='bbox 1463 4693 1756 4761; x_wconf 75' lang='lat' dir='ltr'><strong>praemissa,</strong></span> 
     </span>
    </p>
   </div>
   <div class='ocr_carea' id='block_1_51' title="bbox 204 4784 1759 4862">
    <p class='ocr_par' dir='ltr' id='par_1_51' title="bbox 204 4784 1759 4862">
     <span class='ocr_line' id='line_1_51' title="bbox 204 4784 1759 4862; baseline -0.004 -18"><span class='ocrx_word' id='word_1_386' title='bbox 204 4801 251 4844; x_wconf 84' lang='lat' dir='ltr'><strong>ut</strong></span> <span class='ocrx_word' id='word_1_387' title='bbox 281 4792 321 4845; x_wconf 87' lang='lat' dir='ltr'><strong>si</strong></span> <span class='ocrx_word' id='word_1_388' title='bbox 351 4792 474 4862; x_wconf 90' lang='lat' dir='ltr'><strong>quid</strong></span> <span class='ocrx_word' id='word_1_389' title='bbox 505 4791 558 4846; x_wconf 94' lang='lat' dir='ltr'><strong>in</strong></span> <span class='ocrx_word' id='word_1_390' title='bbox 589 4790 682 4845; x_wconf 86' lang='lat' dir='ltr'><strong>illo</strong></span> <span class='ocrx_word' id='word_1_391' title='bbox 707 4787 1039 4858; x_wconf 84' lang='lat' dir='ltr'><strong>apparuisset</strong></span> <span class='ocrx_word' id='word_1_392' title='bbox 1064 4785 1285 4853; x_wconf 89' lang='lat' dir='ltr'><strong>erroris,</strong></span> <span class='ocrx_word' id='word_1_393' title='bbox 1307 4785 1487 4840; x_wconf 91' lang='lat' dir='ltr'><strong>nonin</strong></span> <span class='ocrx_word' id='word_1_394' title='bbox 1517 4784 1640 4848; x_wconf 84' lang='lat' dir='ltr'><strong>ﬁde,</strong></span> <span class='ocrx_word' id='word_1_395' title='bbox 1666 4786 1759 4840; x_wconf 87' lang='lat' dir='ltr'><strong>sed</strong></span> 
     </span>
    </p>
   </div>
   <div class='ocr_carea' id='block_1_52' title="bbox 209 4875 1763 4952">
    <p class='ocr_par' dir='ltr' id='par_1_52' title="bbox 209 4875 1763 4952">
     <span class='ocr_line' id='line_1_52' title="bbox 209 4875 1763 4952; baseline -0.002 -19"><span class='ocrx_word' id='word_1_396' title='bbox 209 4883 252 4933; x_wconf 89' lang='lat' dir='ltr'><strong>in</strong></span> <span class='ocrx_word' id='word_1_397' title='bbox 268 4882 637 4952; x_wconf 69' lang='lat' dir='ltr'><strong>qumstionibus</strong></span> <span class='ocrx_word' id='word_1_398' title='bbox 661 4895 781 4950; x_wconf 60' lang='lat' dir='ltr'><strong>quae</strong></span> <span class='ocrx_word' id='word_1_399' title='bbox 807 4885 930 4932; x_wconf 88' lang='lat' dir='ltr'><strong>sunt</strong></span> <span class='ocrx_word' id='word_1_400' title='bbox 954 4885 1147 4947; x_wconf 64' lang='lat' dir='ltr'><strong>praeter</strong></span> <span class='ocrx_word' id='word_1_401' title='bbox 1175 4876 1356 4943; x_wconf 92' lang='lat' dir='ltr'><strong>ﬁdem,</strong></span> <span class='ocrx_word' id='word_1_402' title='bbox 1379 4875 1650 4932; x_wconf 83' lang='lat' dir='ltr'><strong>videretur</strong></span> <span class='ocrx_word' id='word_1_403' title='bbox 1676 4891 1763 4932; x_wconf 90' lang='lat' dir='ltr'><strong>er-</strong></span> 
     </span>
    </p>
   </div>
   <div class='ocr_carea' id='block_1_53' title="bbox 213 4968 1758 5039">
    <p class='ocr_par' dir='ltr' id='par_1_53' title="bbox 213 4968 1758 5039">
     <span class='ocr_line' id='line_1_53' title="bbox 213 4968 1758 5039; baseline -0.003 -14"><span class='ocrx_word' id='word_1_404' title='bbox 213 4988 336 5027; x_wconf 81' lang='lat' dir='ltr'><strong>rasse</strong></span> <span class='ocrx_word' id='word_1_405' title='bbox 354 5015 368 5039; x_wconf 87' lang='lat'><strong>,</strong></span> <span class='ocrx_word' id='word_1_406' title='bbox 395 4973 480 5027; x_wconf 90' lang='lat' dir='ltr'><strong>ubi</strong></span> <span class='ocrx_word' id='word_1_407' title='bbox 507 4971 610 5027; x_wconf 87' lang='lat' dir='ltr'><strong>etsi</strong></span> <span class='ocrx_word' id='word_1_408' title='bbox 640 4968 988 5039; x_wconf 85' lang='lat' dir='ltr'><strong>corrigendus</strong></span> <span class='ocrx_word' id='word_1_409' title='bbox 1013 4977 1094 5023; x_wconf 90' lang='lat' dir='ltr'><strong>est</strong></span> <span class='ocrx_word' id='word_1_410' title='bbox 1113 4982 1284 5033; x_wconf 90' lang='lat' dir='ltr'><strong>error,</strong></span> <span class='ocrx_word' id='word_1_411' title='bbox 1314 4982 1418 5020; x_wconf 91' lang='lat' dir='ltr'><strong>non</strong></span> <span class='ocrx_word' id='word_1_412' title='bbox 1443 4975 1616 5021; x_wconf 90' lang='lat' dir='ltr'><strong>tamen</strong></span> <span class='ocrx_word' id='word_1_413' title='bbox 1644 4975 1758 5021; x_wconf 88' lang='lat' dir='ltr'><strong>tan-</strong></span> 
     </span>
    </p>
   </div>
   <div class='ocr_carea' id='block_1_54' title="bbox 217 5057 1760 5133">
    <p class='ocr_par' dir='ltr' id='par_1_54' title="bbox 217 5057 1760 5133">
     <span class='ocr_line' id='line_1_54' title="bbox 217 5057 1760 5133; baseline -0.003 -16"><span class='ocrx_word' id='word_1_414' title='bbox 217 5081 348 5132; x_wconf 84' lang='lat' dir='ltr'><strong>quam</strong></span> <span class='ocrx_word' id='word_1_415' title='bbox 387 5065 605 5120; x_wconf 72' lang='lat' dir='ltr'><strong>hrercsis</strong></span> <span class='ocrx_word' id='word_1_416' title='bbox 639 5063 954 5133; x_wconf 86' lang='lat' dir='ltr'><strong>corrigatur,</strong></span> <span class='ocrx_word' id='word_1_417' title='bbox 1000 5069 1054 5115; x_wconf 91' lang='lat' dir='ltr'><strong>et</strong></span> <span class='ocrx_word' id='word_1_418' title='bbox 1099 5061 1186 5130; x_wconf 91' lang='lat' dir='ltr'><strong>qui</strong></span> <span class='ocrx_word' id='word_1_419' title='bbox 1227 5069 1498 5114; x_wconf 91' lang='lat' dir='ltr'><strong>correctus</strong></span> <span class='ocrx_word' id='word_1_420' title='bbox 1542 5057 1760 5126; x_wconf 77' lang='lat' dir='ltr'><strong>fuerit&#39;,</strong></span> 
     </span>
    </p>
   </div>
   <div class='ocr_carea' id='block_1_55' title="bbox 223 5148 1760 5220">
    <p class='ocr_par' dir='ltr' id='par_1_55' title="bbox 223 5148 1760 5220">
     <span class='ocr_line' id='line_1_55' title="bbox 223 5148 1760 5220; baseline -0.003 -13"><span class='ocrx_word' id='word_1_421' title='bbox 223 5157 276 5209; x_wconf 81' lang='lat' dir='ltr'><strong>ita</strong></span> <span class='ocrx_word' id='word_1_422' title='bbox 301 5158 488 5211; x_wconf 87' lang='lat' dir='ltr'><strong>dicatur</strong></span> <span class='ocrx_word' id='word_1_423' title='bbox 512 5169 727 5220; x_wconf 90' lang='lat' dir='ltr'><strong>errare,</strong></span> <span class='ocrx_word' id='word_1_424' title='bbox 758 5163 817 5207; x_wconf 90' lang='lat' dir='ltr'><strong>ut</strong></span> <span class='ocrx_word' id='word_1_425' title='bbox 842 5168 947 5207; x_wconf 91' lang='lat' dir='ltr'><strong>non</strong></span> <span class='ocrx_word' id='word_1_426' title='bbox 977 5159 1154 5206; x_wconf 89' lang='lat' dir='ltr'><strong>tamen</strong></span> <span class='ocrx_word' id='word_1_427' title='bbox 1179 5150 1456 5205; x_wconf 65' lang='lat' dir='ltr'><strong>hatreticus</strong></span> <span class='ocrx_word' id='word_1_428' title='bbox 1476 5148 1760 5220; x_wconf 91' lang='lat' dir='ltr'><strong>judicetur.</strong></span> 
     </span>
    </p>
   </div>
   <div class='ocr_carea' id='block_1_56' title="bbox 280 5241 1767 5312">
    <p class='ocr_par' dir='ltr' id='par_1_56' title="bbox 280 5241 1767 5312">
     <span class='ocr_line' id='line_1_56' title="bbox 280 5241 1767 5312; baseline -0.004 -10"><span class='ocrx_word' id='word_1_429' title='bbox 280 5251 355 5302; x_wconf 73' lang='lat'><strong>‘27.</strong></span> <span class='ocrx_word' id='word_1_430' title='bbox 391 5249 489 5304; x_wconf 86' lang='lat' dir='ltr'><strong>Sed</strong></span> <span class='ocrx_word' id='word_1_431' title='bbox 511 5248 737 5303; x_wconf 90' lang='lat' dir='ltr'><strong>multum</strong></span> <span class='ocrx_word' id='word_1_432' title='bbox 766 5261 885 5301; x_wconf 88' lang='lat' dir='ltr'><strong>eum</strong></span> <span class='ocrx_word' id='word_1_433' title='bbox 912 5245 1008 5299; x_wconf 93' lang='lat' dir='ltr'><strong>ista</strong></span> <span class='ocrx_word' id='word_1_434' title='bbox 1038 5243 1169 5298; x_wconf 84' lang='lat' dir='ltr'><strong>fallit</strong></span> <span class='ocrx_word' id='word_1_435' title='bbox 1192 5241 1391 5312; x_wconf 91' lang='lat' dir='ltr'><strong>opinio.</strong></span> <span class='ocrx_word' id='word_1_436' title='bbox 1417 5241 1594 5312; x_wconf 88' lang='lat' dir='ltr'><strong>Longe</strong></span> <span class='ocrx_word' id='word_1_437' title='bbox 1614 5241 1767 5296; x_wconf 82' lang='lat' dir='ltr'><strong>aliter</strong></span> 
     </span>
    </p>
   </div>
   <div class='ocr_carea' id='block_1_57' title="bbox 229 5334 1764 5410">
    <p class='ocr_par' dir='ltr' id='par_1_57' title="bbox 229 5334 1764 5410">
     <span class='ocr_line' id='line_1_57' title="bbox 229 5334 1764 5410; baseline -0.001 -19"><span class='ocrx_word' id='word_1_438' title='bbox 229 5356 272 5391; x_wconf 73' lang='lat' dir='ltr'><strong>se</strong></span> <span class='ocrx_word' id='word_1_439' title='bbox 297 5341 472 5396; x_wconf 81' lang='lat' dir='ltr'><strong>habent</strong></span> <span class='ocrx_word' id='word_1_440' title='bbox 497 5342 822 5410; x_wconf 64' lang='lat' dir='ltr'><strong>quecstiones</strong></span> <span class='ocrx_word' id='word_1_441' title='bbox 864 5339 1000 5401; x_wconf 75' lang='lat' dir='ltr'><strong>istzr,</strong></span> <span class='ocrx_word' id='word_1_442' title='bbox 1045 5351 1177 5406; x_wconf 88' lang='lat' dir='ltr'><strong>quas</strong></span> <span class='ocrx_word' id='word_1_443' title='bbox 1210 5350 1331 5392; x_wconf 84' lang='lat' dir='ltr'><strong>esse</strong></span> <span class='ocrx_word' id='word_1_444' title='bbox 1376 5343 1569 5405; x_wconf 64' lang='lat' dir='ltr'><strong>praeter</strong></span> <span class='ocrx_word' id='word_1_445' title='bbox 1608 5334 1764 5390; x_wconf 88' lang='lat' dir='ltr'><strong>ﬁdem</strong></span> 
     </span>
    </p>
   </div>
   <div class='ocr_carea' id='block_1_58' title="bbox 281 5428 1129 5496">
    <p class='ocr_par' dir='ltr' id='par_1_58' title="bbox 281 5428 1129 5496">
     <span class='ocr_line' id='line_1_58' title="bbox 281 5428 1129 5496; baseline -0.004 -16"><span class='ocrx_word' id='word_1_446' title='bbox 281 5434 294 5496; x_wconf 63' lang='grc' dir='ltr'><strong>ξ</strong></span> <span class='ocrx_word' id='word_1_447' title='bbox 317 5433 436 5492; x_wconf 76' lang='lat' dir='ltr'><strong>Editi,</strong></span> <span class='ocrx_word' id='word_1_448' title='bbox 454 5431 728 5496; x_wconf 70' lang='lat' dir='ltr'><strong>compserit.</strong></span> <span class='ocrx_word' id='word_1_449' title='bbox 752 5437 880 5496; x_wconf 59' lang='lat' dir='ltr'><strong>Mss,</strong></span> <span class='ocrx_word' id='word_1_450' title='bbox 905 5428 1129 5496; x_wconf 77' lang='lat' dir='ltr'><strong>obrepsit.</strong></span> 
     </span>
    </p>
   </div>
   <div class='ocr_carea' id='block_1_59' title="bbox 281 5488 1768 5556">
    <p class='ocr_par' dir='ltr' id='par_1_59' title="bbox 281 5488 1768 5556">
     <span class='ocr_line' id='line_1_59' title="bbox 281 5488 1768 5556; baseline 0 -17"><span class='ocrx_word' id='word_1_451' title='bbox 281 5495 297 5521; x_wconf 73' lang='grc'>³</span> <span class='ocrx_word' id='word_1_452' title='bbox 318 5502 403 5540; x_wconf 81' lang='lat' dir='ltr'><strong>Aut.</strong></span> <span class='ocrx_word' id='word_1_453' title='bbox 419 5488 466 5543; x_wconf 79' lang='lat' dir='ltr'><strong>et</strong></span> <span class='ocrx_word' id='word_1_454' title='bbox 480 5488 749 5553; x_wconf 68' lang='lat' dir='ltr'><strong>Er.,no.stra</strong></span> <span class='ocrx_word' id='word_1_455' title='bbox 763 5491 958 5556; x_wconf 62' lang='lat' dir='ltr'><strong>scientia</strong></span> <span class='ocrx_word' id='word_1_456' title='bbox 979 5488 1264 5556; x_wconf 68' lang='grc' dir='ltr'><strong>σόη-ἰθεῖαν.</strong></span> <span class='ocrx_word' id='word_1_457' title='bbox 1279 5489 1518 5556; x_wconf 70' lang='lat' dir='ltr'><strong>mendose,</strong></span> <span class='ocrx_word' id='word_1_458' title='bbox 1535 5498 1587 5540; x_wconf 92' lang='lat' dir='ltr'><strong>ut</strong></span> <span class='ocrx_word' id='word_1_459' title='bbox 1614 5488 1768 5553; x_wconf 88' lang='lat' dir='ltr'><strong>liquet</strong></span> 
     </span>
    </p>
   </div>
   <div class='ocr_carea' id='block_1_60' title="bbox 236 5551 1768 5616">
    <p class='ocr_par' dir='ltr' id='par_1_60' title="bbox 236 5551 1768 5616">
     <span class='ocr_line' id='line_1_60' title="bbox 236 5551 1768 5616; baseline 0.002 -18"><span class='ocrx_word' id='word_1_460' title='bbox 236 5564 283 5599; x_wconf 75' lang='lat' dir='ltr'><strong>ex</strong></span> <span class='ocrx_word' id='word_1_461' title='bbox 306 5556 402 5612; x_wconf 83' lang='lat' dir='ltr'><strong>n.7,</strong></span> <span class='ocrx_word' id='word_1_462' title='bbox 423 5558 500 5604; x_wconf 70' lang='lat' dir='ltr'><strong>tibi</strong></span> <span class='ocrx_word' id='word_1_463' title='bbox 525 5551 712 5604; x_wconf 80' lang='lat' dir='ltr'><strong>eaedem</strong></span> <span class='ocrx_word' id='word_1_464' title='bbox 753 5557 868 5616; x_wconf 67' lang='lat' dir='ltr'><strong>ipsa:</strong></span> <span class='ocrx_word' id='word_1_465' title='bbox 904 5551 1142 5604; x_wconf 67' lang='lat' dir='ltr'><strong>editiones</strong></span> <span class='ocrx_word' id='word_1_466' title='bbox 1172 5566 1281 5603; x_wconf 90' lang='lat' dir='ltr'><strong>cum</strong></span> <span class='ocrx_word' id='word_1_467' title='bbox 1303 5551 1410 5602; x_wconf 89' lang='lat' dir='ltr'><strong>aliis</strong></span> <span class='ocrx_word' id='word_1_468' title='bbox 1441 5551 1768 5612; x_wconf 29' lang='lat' dir='ltr'><strong>habeon—ve-</strong></span> 
     </span>
    </p>
   </div>
   <div class='ocr_carea' id='block_1_61' title="bbox 243 5619 952 5678">
    <p class='ocr_par' dir='ltr' id='par_1_61' title="bbox 243 5619 952 5678">
     <span class='ocr_line' id='line_1_61' title="bbox 243 5619 952 5678; baseline 0.001 -15"><span class='ocrx_word' id='word_1_469' title='bbox 243 5629 260 5654; x_wconf 82' lang='grc' dir='ltr'><strong>ι</strong></span> <span class='ocrx_word' id='word_1_470' title='bbox 275 5624 357 5663; x_wconf 64' lang='lat' dir='ltr'><strong>atra</strong></span> <span class='ocrx_word' id='word_1_471' title='bbox 379 5620 608 5667; x_wconf 80' lang='lat' dir='ltr'><strong>sententia</strong></span> <span class='ocrx_word' id='word_1_472' title='bbox 623 5619 911 5678; x_wconf 79' lang='lat' dir='ltr'><strong>corrigatur.</strong></span> <span class='ocrx_word' id='word_1_473' title='bbox 929 5632 952 5658; x_wconf 73' lang='grc' dir='ltr'><strong>ι</strong></span> 
     </span>
    </p>
   </div>
   <div class='ocr_carea' id='block_1_62' title="bbox 274 5675 1764 5741">
    <p class='ocr_par' dir='ltr' id='par_1_62' title="bbox 274 5675 1764 5741">
     <span class='ocr_line' id='line_1_62' title="bbox 274 5675 1764 5741; baseline 0 -18"><span class='ocrx_word' id='word_1_474' title='bbox 274 5678 644 5741; x_wconf 61' lang='lat' dir='ltr'><strong>=_Stss.rasalensis</strong></span> <span class='ocrx_word' id='word_1_475' title='bbox 658 5675 1146 5741; x_wconf 63' lang='lat' dir='ltr'><strong>ctq&#39;rgirannenstw</strong></span> <span class='ocrx_word' id='word_1_476' title='bbox 1158 5675 1240 5741; x_wconf 82' lang='lat' dir='ltr'><strong>qui</strong></span> <span class='ocrx_word' id='word_1_477' title='bbox 1253 5682 1492 5741; x_wconf 75' lang='lat' dir='ltr'><strong>correctus</strong></span> <span class='ocrx_word' id='word_1_478' title='bbox 1501 5687 1592 5741; x_wconf 77' lang='lat' dir='ltr'><strong>non</strong></span> <span class='ocrx_word' id='word_1_479' title='bbox 1605 5675 1764 5736; x_wconf 82' lang='lat' dir='ltr'><strong>fuerit.</strong></span> 
     </span>
    </p>
   </div>
   <div class='ocr_carea' id='block_1_63' title="bbox 287 5737 1726 5800">
    <p class='ocr_par' dir='ltr' id='par_1_63' title="bbox 287 5737 1726 5800">
     <span class='ocr_line' id='line_1_63' title="bbox 287 5737 1726 5800; baseline -0.005 -10"><span class='ocrx_word' id='word_1_480' title='bbox 287 5738 346 5790; x_wconf 65' lang='grc' dir='ltr'><strong>(η)</strong></span> <span class='ocrx_word' id='word_1_481' title='bbox 365 5746 505 5800; x_wconf 80' lang='lat' dir='ltr'><strong>Forte,</strong></span> <span class='ocrx_word' id='word_1_482' title='bbox 523 5753 615 5790; x_wconf 85' lang='lat' dir='ltr'><strong>non</strong></span> <span class='ocrx_word' id='word_1_483' title='bbox 635 5754 686 5791; x_wconf 81' lang='lat' dir='ltr'><strong>se</strong></span> <span class='ocrx_word' id='word_1_484' title='bbox 704 5737 1015 5790; x_wconf 55' lang='lat' dir='ltr'><strong>cr&#39;iotinalt&#39;ter</strong></span> <span class='ocrx_word' id='word_1_485' title='bbox 1034 5737 1200 5788; x_wconf 75' lang='lat' dir='ltr'><strong>errare</strong></span> <span class='ocrx_word' id='word_1_486' title='bbox 1229 5751 1246 5787; x_wconf 91' lang='lat'><strong>:</strong></span> <span class='ocrx_word' id='word_1_487' title='bbox 1264 5737 1429 5788; x_wconf 86' lang='lat' dir='ltr'><strong>deleto</strong></span> <span class='ocrx_word' id='word_1_488' title='bbox 1445 5737 1726 5787; x_wconf 81' lang='lat' dir='ltr'><strong>arbitratur.</strong></span> 
     </span>
    </p>
   </div>
   <div class='ocr_carea' id='block_1_64' title="bbox 287 5801 1307 5865">
    <p class='ocr_par' dir='ltr' id='par_1_64' title="bbox 287 5801 1307 5865">
     <span class='ocr_line' id='line_1_64' title="bbox 287 5801 1307 5865; baseline -0.011 -7"><span class='ocrx_word' id='word_1_489' title='bbox 287 5801 347 5858; x_wconf 66' lang='grc' dir='ltr'><strong>(θ)</strong></span> <span class='ocrx_word' id='word_1_490' title='bbox 371 5803 441 5851; x_wconf 70' lang='lat' dir='ltr'><strong>llic</strong></span> <span class='ocrx_word' id='word_1_491' title='bbox 464 5804 619 5865; x_wconf 72' lang='lat' dir='ltr'><strong>incipit</strong></span> <span class='ocrx_word' id='word_1_492' title='bbox 643 5820 717 5863; x_wconf 77' lang='lat' dir='ltr'><strong>ra;</strong></span> <span class='ocrx_word' id='word_1_493' title='bbox 736 5815 783 5856; x_wconf 84' lang='lat' dir='ltr'><strong>ut</strong></span> <span class='ocrx_word' id='word_1_494' title='bbox 808 5808 866 5851; x_wconf 63' lang='lat'><strong>1&#39;17.</strong></span> <span class='ocrx_word' id='word_1_495' title='bbox 890 5803 1010 5864; x_wconf 50' lang='lat' dir='ltr'><strong>apud</strong></span> <span class='ocrx_word' id='word_1_496' title='bbox 1039 5811 1134 5848; x_wconf 77' lang='grc' dir='ltr'><strong>Αιιι.</strong></span> <span class='ocrx_word' id='word_1_497' title='bbox 1159 5808 1208 5850; x_wconf 73' lang='grc' dir='ltr'><strong>ει</strong></span> <span class='ocrx_word' id='word_1_498' title='bbox 1235 5807 1307 5848; x_wconf 84' lang='lat' dir='ltr'><strong>Er.</strong></span> 
     </span>
    </p>
   </div>
   <div class='ocr_carea' id='block_1_65' title="bbox 3319 336 3425 393">
    <p class='ocr_par' dir='ltr' id='par_1_65' title="bbox 3319 336 3425 393">
     <span class='ocr_line' id='line_1_65' title="bbox 3319 336 3425 393; baseline 0.019 -2"><span class='ocrx_word' id='word_1_499' title='bbox 3319 336 3425 393; x_wconf 75' lang='lat'><strong>598</strong></span> 
     </span>
    </p>
   </div>
   <div class='ocr_carea' id='block_1_66' title="bbox 1843 447 3423 522">
    <p class='ocr_par' dir='ltr' id='par_1_66' title="bbox 1843 447 3423 522">
     <span class='ocr_line' id='line_1_66' title="bbox 1843 447 3423 522; baseline 0.003 -20"><span class='ocrx_word' id='word_1_500' title='bbox 1843 449 2149 513; x_wconf 89' lang='lat' dir='ltr'><strong>arbitratur,</strong></span> <span class='ocrx_word' id='word_1_501' title='bbox 2179 463 2336 518; x_wconf 88' lang='lat' dir='ltr'><strong>quam</strong></span> <span class='ocrx_word' id='word_1_502' title='bbox 2374 457 2496 504; x_wconf 93' lang='lat' dir='ltr'><strong>sunt</strong></span> <span class='ocrx_word' id='word_1_503' title='bbox 2526 448 2629 503; x_wconf 68' lang='lat' dir='ltr'><strong>illa:</strong></span> <span class='ocrx_word' id='word_1_504' title='bbox 2667 448 2720 503; x_wconf 93' lang='lat' dir='ltr'><strong>in</strong></span> <span class='ocrx_word' id='word_1_505' title='bbox 2750 447 2940 520; x_wconf 90' lang='lat' dir='ltr'><strong>quibus</strong></span> <span class='ocrx_word' id='word_1_506' title='bbox 2975 449 3120 505; x_wconf 88' lang='lat' dir='ltr'><strong>salva</strong></span> <span class='ocrx_word' id='word_1_507' title='bbox 3161 449 3294 516; x_wconf 89' lang='lat' dir='ltr'><strong>ﬁde,</strong></span> <span class='ocrx_word' id='word_1_508' title='bbox 3319 467 3423 522; x_wconf 89' lang='lat' dir='ltr'><strong>qua</strong></span> 
     </span>
    </p>
   </div>
   <div class='ocr_carea' id='block_1_67' title="bbox 1841 542 3426 614">
    <p class='ocr_par' dir='ltr' id='par_1_67' title="bbox 1841 542 3426 614">
     <span class='ocr_line' id='line_1_67' title="bbox 1841 542 3426 614; baseline 0.003 -18"><span class='ocrx_word' id='word_1_509' title='bbox 1841 542 2113 596; x_wconf 86' lang='lat' dir='ltr'><strong>christiani</strong></span> <span class='ocrx_word' id='word_1_510' title='bbox 2155 556 2372 608; x_wconf 91' lang='lat' dir='ltr'><strong>sumus,</strong></span> <span class='ocrx_word' id='word_1_511' title='bbox 2411 551 2503 596; x_wconf 88' lang='lat' dir='ltr'><strong>aut</strong></span> <span class='ocrx_word' id='word_1_512' title='bbox 2544 542 2817 613; x_wconf 85' lang='lat' dir='ltr'><strong>ignoratur</strong></span> <span class='ocrx_word' id='word_1_513' title='bbox 2847 544 2970 614; x_wconf 89' lang='lat' dir='ltr'><strong>quid</strong></span> <span class='ocrx_word' id='word_1_514' title='bbox 3008 559 3190 600; x_wconf 88' lang='lat' dir='ltr'><strong>verum</strong></span> <span class='ocrx_word' id='word_1_515' title='bbox 3235 545 3339 612; x_wconf 83' lang='lat' dir='ltr'><strong>sit,</strong></span> <span class='ocrx_word' id='word_1_516' title='bbox 3372 554 3426 600; x_wconf 88' lang='lat' dir='ltr'><strong>et</strong></span> 
     </span>
    </p>
   </div>
   <div class='ocr_carea' id='block_1_68' title="bbox 1840 635 3419 708">
    <p class='ocr_par' dir='ltr' id='par_1_68' title="bbox 1840 635 3419 708">
     <span class='ocr_line' id='line_1_68' title="bbox 1840 635 3419 708; baseline 0 -15"><span class='ocrx_word' id='word_1_517' title='bbox 1840 637 2106 693; x_wconf 90' lang='lat' dir='ltr'><strong>sententia</strong></span> <span class='ocrx_word' id='word_1_518' title='bbox 2133 635 2400 691; x_wconf 88' lang='lat' dir='ltr'><strong>deﬁnitiva</strong></span> <span class='ocrx_word' id='word_1_519' title='bbox 2429 636 2791 706; x_wconf 91' lang='lat' dir='ltr'><strong>suspenditur,</strong></span> <span class='ocrx_word' id='word_1_520' title='bbox 2821 645 2910 691; x_wconf 92' lang='lat' dir='ltr'><strong>aut</strong></span> <span class='ocrx_word' id='word_1_521' title='bbox 2931 637 3087 693; x_wconf 90' lang='lat' dir='ltr'><strong>aliter</strong></span> <span class='ocrx_word' id='word_1_522' title='bbox 3112 653 3271 708; x_wconf 87' lang='lat' dir='ltr'><strong>quam</strong></span> <span class='ocrx_word' id='word_1_523' title='bbox 3296 646 3380 693; x_wconf 91' lang='lat' dir='ltr'><strong>est</strong></span> <span class='ocrx_word' id='word_1_524' title='bbox 3403 679 3419 704; x_wconf 86' lang='lat'><strong>,</strong></span> 
     </span>
    </p>
   </div>
   <div class='ocr_carea' id='block_1_69' title="bbox 1843 725 3423 798">
    <p class='ocr_par' dir='ltr' id='par_1_69' title="bbox 1843 725 3423 798">
     <span class='ocr_line' id='line_1_69' title="bbox 1843 725 3423 798; baseline 0.001 -17"><span class='ocrx_word' id='word_1_525' title='bbox 1843 727 2072 781; x_wconf 86' lang='lat' dir='ltr'><strong>humana</strong></span> <span class='ocrx_word' id='word_1_526' title='bbox 2109 737 2164 782; x_wconf 91' lang='lat' dir='ltr'><strong>et</strong></span> <span class='ocrx_word' id='word_1_527' title='bbox 2187 725 2395 782; x_wconf 87' lang='lat' dir='ltr'><strong>inﬁrma</strong></span> <span class='ocrx_word' id='word_1_528' title='bbox 2431 728 2732 796; x_wconf 86' lang='lat' dir='ltr'><strong>suspicione</strong></span> <span class='ocrx_word' id='word_1_529' title='bbox 2760 728 3057 798; x_wconf 88' lang='lat' dir='ltr'><strong>conjicitur.</strong></span> <span class='ocrx_word' id='word_1_530' title='bbox 3098 728 3271 784; x_wconf 82' lang='lat' dir='ltr'><strong>Veluti</strong></span> <span class='ocrx_word' id='word_1_531' title='bbox 3302 744 3423 784; x_wconf 92' lang='lat' dir='ltr'><strong>cum</strong></span> 
     </span>
    </p>
   </div>
   <div class='ocr_carea' id='block_1_70' title="bbox 1842 819 3423 891">
    <p class='ocr_par' dir='ltr' id='par_1_70' title="bbox 1842 819 3423 891">
     <span class='ocr_line' id='line_1_70' title="bbox 1842 819 3423 891; baseline 0.002 -17"><span class='ocrx_word' id='word_1_532' title='bbox 1842 820 2116 890; x_wconf 65' lang='lat' dir='ltr'><strong>quaeritur,</strong></span> <span class='ocrx_word' id='word_1_533' title='bbox 2148 819 2318 891; x_wconf 85' lang='lat' dir='ltr'><strong>qualis</strong></span> <span class='ocrx_word' id='word_1_534' title='bbox 2343 820 2426 875; x_wconf 85' lang='lat' dir='ltr'><strong>vel</strong></span> <span class='ocrx_word' id='word_1_535' title='bbox 2461 819 2549 874; x_wconf 91' lang='lat' dir='ltr'><strong>ubi</strong></span> <span class='ocrx_word' id='word_1_536' title='bbox 2594 821 2663 875; x_wconf 89' lang='lat' dir='ltr'><strong>sit</strong></span> <span class='ocrx_word' id='word_1_537' title='bbox 2705 820 2984 890; x_wconf 87' lang='lat' dir='ltr'><strong>paradisus</strong></span> <span class='ocrx_word' id='word_1_538' title='bbox 3027 823 3115 877; x_wconf 91' lang='lat' dir='ltr'><strong>ubi</strong></span> <span class='ocrx_word' id='word_1_539' title='bbox 3148 823 3423 878; x_wconf 90' lang='lat' dir='ltr'><strong>constituit</strong></span> 
     </span>
    </p>
   </div>
   <div class='ocr_carea' id='block_1_71' title="bbox 1843 910 3427 982">
    <p class='ocr_par' dir='ltr' id='par_1_71' title="bbox 1843 910 3427 982">
     <span class='ocr_line' id='line_1_71' title="bbox 1843 910 3427 982; baseline 0.001 -16"><span class='ocrx_word' id='word_1_540' title='bbox 1843 911 1986 966; x_wconf 88' lang='lat' dir='ltr'><strong>Deus</strong></span> <span class='ocrx_word' id='word_1_541' title='bbox 2013 911 2284 966; x_wconf 91' lang='lat' dir='ltr'><strong>hominem</strong></span> <span class='ocrx_word' id='word_1_542' title='bbox 2326 925 2484 982; x_wconf 88' lang='lat' dir='ltr'><strong>quem</strong></span> <span class='ocrx_word' id='word_1_543' title='bbox 2513 910 2763 966; x_wconf 84' lang='lat' dir='ltr'><strong>formavit</strong></span> <span class='ocrx_word' id='word_1_544' title='bbox 2801 927 2865 966; x_wconf 80' lang='lat' dir='ltr'><strong>ex</strong></span> <span class='ocrx_word' id='word_1_545' title='bbox 2907 913 3152 982; x_wconf 85' lang='lat' dir='ltr'><strong>pulvere;</strong></span> <span class='ocrx_word' id='word_1_546' title='bbox 3183 929 3305 968; x_wconf 93' lang='lat' dir='ltr'><strong>cum</strong></span> <span class='ocrx_word' id='word_1_547' title='bbox 3344 922 3427 968; x_wconf 83' lang='lat' dir='ltr'><strong>ta-</strong></span> 
     </span>
    </p>
   </div>
   <div class='ocr_carea' id='block_1_72' title="bbox 1843 1003 3430 1074">
    <p class='ocr_par' dir='ltr' id='par_1_72' title="bbox 1843 1003 3430 1074">
     <span class='ocr_line' id='line_1_72' title="bbox 1843 1003 3430 1074; baseline 0.002 -15"><span class='ocrx_word' id='word_1_548' title='bbox 1843 1019 1966 1059; x_wconf 91' lang='lat' dir='ltr'><strong>men</strong></span> <span class='ocrx_word' id='word_1_549' title='bbox 1993 1018 2114 1060; x_wconf 89' lang='lat' dir='ltr'><strong>esse</strong></span> <span class='ocrx_word' id='word_1_550' title='bbox 2143 1004 2296 1059; x_wconf 90' lang='lat' dir='ltr'><strong>illum</strong></span> <span class='ocrx_word' id='word_1_551' title='bbox 2323 1003 2631 1074; x_wconf 89' lang='lat' dir='ltr'><strong>paradisum</strong></span> <span class='ocrx_word' id='word_1_552' title='bbox 2662 1003 2793 1059; x_wconf 88' lang='lat' dir='ltr'><strong>ﬁdes</strong></span> <span class='ocrx_word' id='word_1_553' title='bbox 2836 1005 3125 1062; x_wconf 84' lang='lat' dir='ltr'><strong>christiana</strong></span> <span class='ocrx_word' id='word_1_554' title='bbox 3151 1023 3254 1062; x_wconf 87' lang='lat' dir='ltr'><strong>non</strong></span> <span class='ocrx_word' id='word_1_555' title='bbox 3278 1007 3430 1062; x_wconf 83' lang='lat' dir='ltr'><strong>dubi-</strong></span> 
     </span>
    </p>
   </div>
   <div class='ocr_carea' id='block_1_73' title="bbox 1846 1095 3428 1165">
    <p class='ocr_par' dir='ltr' id='par_1_73' title="bbox 1846 1095 3428 1165">
     <span class='ocr_line' id='line_1_73' title="bbox 1846 1095 3428 1165; baseline 0.003 -15"><span class='ocrx_word' id='word_1_556' title='bbox 1846 1103 1958 1151; x_wconf 90' lang='lat' dir='ltr'><strong>tet:</strong></span> <span class='ocrx_word' id='word_1_557' title='bbox 1989 1095 2072 1150; x_wconf 88' lang='lat' dir='ltr'><strong>vel</strong></span> <span class='ocrx_word' id='word_1_558' title='bbox 2095 1109 2217 1150; x_wconf 91' lang='lat' dir='ltr'><strong>cum</strong></span> <span class='ocrx_word' id='word_1_559' title='bbox 2247 1095 2523 1165; x_wconf 70' lang='lat' dir='ltr'><strong>quaeritur,</strong></span> <span class='ocrx_word' id='word_1_560' title='bbox 2551 1095 2643 1150; x_wconf 92' lang='lat' dir='ltr'><strong>ubi</strong></span> <span class='ocrx_word' id='word_1_561' title='bbox 2672 1095 2741 1150; x_wconf 92' lang='lat' dir='ltr'><strong>sit</strong></span> <span class='ocrx_word' id='word_1_562' title='bbox 2762 1110 2903 1151; x_wconf 90' lang='lat' dir='ltr'><strong>nunc</strong></span> <span class='ocrx_word' id='word_1_563' title='bbox 2924 1096 3066 1152; x_wconf 88' lang='lat' dir='ltr'><strong>Elias</strong></span> <span class='ocrx_word' id='word_1_564' title='bbox 3086 1098 3170 1151; x_wconf 88' lang='lat' dir='ltr'><strong>vel</strong></span> <span class='ocrx_word' id='word_1_565' title='bbox 3200 1099 3384 1154; x_wconf 90' lang='lat' dir='ltr'><strong>Enoch</strong></span> <span class='ocrx_word' id='word_1_566' title='bbox 3411 1140 3428 1164; x_wconf 88' lang='lat'><strong>,</strong></span> 
     </span>
    </p>
   </div>
   <div class='ocr_carea' id='block_1_74' title="bbox 1845 1185 3430 1256">
    <p class='ocr_par' dir='ltr' id='par_1_74' title="bbox 1845 1185 3430 1256">
     <span class='ocr_line' id='line_1_74' title="bbox 1845 1185 3430 1256; baseline 0.003 -17"><span class='ocrx_word' id='word_1_567' title='bbox 1845 1201 1912 1240; x_wconf 89' lang='lat' dir='ltr'><strong>an</strong></span> <span class='ocrx_word' id='word_1_568' title='bbox 1941 1185 2032 1248; x_wconf 91' lang='lat' dir='ltr'><strong>ibi,</strong></span> <span class='ocrx_word' id='word_1_569' title='bbox 2059 1201 2127 1241; x_wconf 91' lang='lat' dir='ltr'><strong>an</strong></span> <span class='ocrx_word' id='word_1_570' title='bbox 2157 1185 2352 1242; x_wconf 88' lang='lat' dir='ltr'><strong>alicubi</strong></span> <span class='ocrx_word' id='word_1_571' title='bbox 2380 1185 2542 1253; x_wconf 90' lang='lat' dir='ltr'><strong>alibi;</strong></span> <span class='ocrx_word' id='word_1_572' title='bbox 2586 1200 2721 1256; x_wconf 90' lang='lat' dir='ltr'><strong>quos</strong></span> <span class='ocrx_word' id='word_1_573' title='bbox 2752 1194 2926 1242; x_wconf 84' lang='lat' dir='ltr'><strong>tamen</strong></span> <span class='ocrx_word' id='word_1_574' title='bbox 2957 1202 3059 1242; x_wconf 91' lang='lat' dir='ltr'><strong>non</strong></span> <span class='ocrx_word' id='word_1_575' title='bbox 3089 1187 3391 1244; x_wconf 91' lang='lat' dir='ltr'><strong>dubitamus</strong></span> <span class='ocrx_word' id='word_1_576' title='bbox 3415 1230 3430 1254; x_wconf 91' lang='lat'><strong>,</strong></span> 
     </span>
    </p>
   </div>
   <div class='ocr_carea' id='block_1_75' title="bbox 1846 1276 3432 1349">
    <p class='ocr_par' dir='ltr' id='par_1_75' title="bbox 1846 1276 3432 1349">
     <span class='ocr_line' id='line_1_75' title="bbox 1846 1276 3432 1349; baseline 0.002 -18"><span class='ocrx_word' id='word_1_577' title='bbox 1846 1276 1902 1331; x_wconf 88' lang='lat' dir='ltr'><strong>in</strong></span> <span class='ocrx_word' id='word_1_578' title='bbox 1929 1276 2118 1348; x_wconf 89' lang='lat' dir='ltr'><strong>quibus</strong></span> <span class='ocrx_word' id='word_1_579' title='bbox 2141 1278 2250 1332; x_wconf 87' lang='lat' dir='ltr'><strong>nati</strong></span> <span class='ocrx_word' id='word_1_580' title='bbox 2273 1286 2394 1332; x_wconf 91' lang='lat' dir='ltr'><strong>sunt</strong></span> <span class='ocrx_word' id='word_1_581' title='bbox 2425 1277 2739 1348; x_wconf 89' lang='lat' dir='ltr'><strong>corporibus</strong></span> <span class='ocrx_word' id='word_1_582' title='bbox 2771 1277 2988 1333; x_wconf 89' lang='lat' dir='ltr'><strong>vivere:</strong></span> <span class='ocrx_word' id='word_1_583' title='bbox 3017 1278 3099 1333; x_wconf 86' lang='lat' dir='ltr'><strong>vel</strong></span> <span class='ocrx_word' id='word_1_584' title='bbox 3133 1293 3254 1333; x_wconf 92' lang='lat' dir='ltr'><strong>cum</strong></span> <span class='ocrx_word' id='word_1_585' title='bbox 3284 1295 3432 1349; x_wconf 81' lang='lat' dir='ltr'><strong>quae-</strong></span> 
     </span>
    </p>
   </div>
   <div class='ocr_carea' id='block_1_76' title="bbox 1846 1367 3433 1440">
    <p class='ocr_par' dir='ltr' id='par_1_76' title="bbox 1846 1367 3433 1440">
     <span class='ocr_line' id='line_1_76' title="bbox 1846 1367 3433 1440; baseline 0.004 -20"><span class='ocrx_word' id='word_1_586' title='bbox 1846 1367 2002 1433; x_wconf 89' lang='lat' dir='ltr'><strong>ritur,</strong></span> <span class='ocrx_word' id='word_1_587' title='bbox 2031 1377 2205 1422; x_wconf 93' lang='lat' dir='ltr'><strong>utrum</strong></span> <span class='ocrx_word' id='word_1_588' title='bbox 2235 1368 2289 1423; x_wconf 88' lang='lat' dir='ltr'><strong>in</strong></span> <span class='ocrx_word' id='word_1_589' title='bbox 2335 1383 2557 1438; x_wconf 89' lang='lat' dir='ltr'><strong>corpore</strong></span> <span class='ocrx_word' id='word_1_590' title='bbox 2593 1383 2660 1422; x_wconf 90' lang='lat' dir='ltr'><strong>an</strong></span> <span class='ocrx_word' id='word_1_591' title='bbox 2703 1377 2853 1424; x_wconf 82' lang='lat' dir='ltr'><strong>extra</strong></span> <span class='ocrx_word' id='word_1_592' title='bbox 2898 1383 3092 1440; x_wconf 86' lang='lat' dir='ltr'><strong>corpus</strong></span> <span class='ocrx_word' id='word_1_593' title='bbox 3122 1369 3175 1424; x_wconf 92' lang='lat' dir='ltr'><strong>in</strong></span> <span class='ocrx_word' id='word_1_594' title='bbox 3223 1372 3433 1426; x_wconf 91' lang='lat' dir='ltr'><strong>tertium</strong></span> 
     </span>
    </p>
   </div>
   <div class='ocr_carea' id='block_1_77' title="bbox 1847 1457 3440 1533">
    <p class='ocr_par' dir='ltr' id='par_1_77' title="bbox 1847 1457 3440 1533">
     <span class='ocr_line' id='line_1_77' title="bbox 1847 1457 3440 1533; baseline 0.004 -21"><span class='ocrx_word' id='word_1_595' title='bbox 1847 1457 2040 1513; x_wconf 60' lang='lat' dir='ltr'><strong>caelum</strong></span> <span class='ocrx_word' id='word_1_596' title='bbox 2062 1459 2130 1512; x_wconf 93' lang='lat' dir='ltr'><strong>sit</strong></span> <span class='ocrx_word' id='word_1_597' title='bbox 2159 1468 2341 1528; x_wconf 90' lang='lat' dir='ltr'><strong>raptus</strong></span> <span class='ocrx_word' id='word_1_598' title='bbox 2365 1459 2688 1528; x_wconf 89' lang='lat' dir='ltr'><strong>Apostolus;</strong></span> <span class='ocrx_word' id='word_1_599' title='bbox 2717 1475 3016 1531; x_wconf 89' lang='lat' dir='ltr'><strong>quanquam</strong></span> <span class='ocrx_word' id='word_1_600' title='bbox 3041 1461 3111 1516; x_wconf 89' lang='lat' dir='ltr'><strong>sit</strong></span> <span class='ocrx_word' id='word_1_601' title='bbox 3139 1461 3238 1516; x_wconf 87' lang='lat' dir='ltr'><strong>ista</strong></span> <span class='ocrx_word' id='word_1_602' title='bbox 3265 1461 3440 1533; x_wconf 85' lang='lat' dir='ltr'><strong>impu-</strong></span> 
     </span>
    </p>
   </div>
   <div class='ocr_carea' id='block_1_78' title="bbox 1847 1548 3438 1622">
    <p class='ocr_par' dir='ltr' id='par_1_78' title="bbox 1847 1548 3438 1622">
     <span class='ocr_line' id='line_1_78' title="bbox 1847 1548 3438 1622; baseline 0.004 -19"><span class='ocrx_word' id='word_1_603' title='bbox 1847 1548 1980 1604; x_wconf 88' lang='lat' dir='ltr'><strong>dens</strong></span> <span class='ocrx_word' id='word_1_604' title='bbox 2010 1550 2278 1620; x_wconf 89' lang='lat' dir='ltr'><strong>inquisitio</strong></span> <span class='ocrx_word' id='word_1_605' title='bbox 2323 1550 2374 1604; x_wconf 92' lang='lat' dir='ltr'><strong>id</strong></span> <span class='ocrx_word' id='word_1_606' title='bbox 2407 1551 2544 1606; x_wconf 87' lang='lat' dir='ltr'><strong>scire</strong></span> <span class='ocrx_word' id='word_1_607' title='bbox 2581 1551 2903 1618; x_wconf 90' lang='lat' dir='ltr'><strong>volentium,</strong></span> <span class='ocrx_word' id='word_1_608' title='bbox 2932 1552 3073 1622; x_wconf 91' lang='lat' dir='ltr'><strong>quod</strong></span> <span class='ocrx_word' id='word_1_609' title='bbox 3116 1568 3176 1608; x_wconf 92' lang='lat' dir='ltr'><strong>sc</strong></span> <span class='ocrx_word' id='word_1_610' title='bbox 3221 1554 3309 1610; x_wconf 89' lang='lat' dir='ltr'><strong>ille</strong></span> <span class='ocrx_word' id='word_1_611' title='bbox 3351 1555 3438 1610; x_wconf 86' lang='lat' dir='ltr'><strong>cui</strong></span> 
     </span>
    </p>
   </div>
   <div class='ocr_carea' id='block_1_79' title="bbox 1849 1630 3438 1715">
    <p class='ocr_par' dir='ltr' id='par_1_79' title="bbox 1849 1630 3438 1715">
     <span class='ocr_line' id='line_1_79' title="bbox 1849 1630 3438 1715; baseline 0.004 -18"><span class='ocrx_word' id='word_1_612' title='bbox 1849 1643 1952 1698; x_wconf 93' lang='lat' dir='ltr'><strong>hoc</strong></span> <span class='ocrx_word' id='word_1_613' title='bbox 1979 1644 2281 1713; x_wconf 60' lang='lat' dir='ltr'><strong>praestitum</strong></span> <span class='ocrx_word' id='word_1_614' title='bbox 2311 1653 2412 1709; x_wconf 91' lang='lat' dir='ltr'><strong>est,</strong></span> <span class='ocrx_word' id='word_1_615' title='bbox 2449 1643 2593 1699; x_wconf 88' lang='lat' dir='ltr'><strong>salva</strong></span> <span class='ocrx_word' id='word_1_616' title='bbox 2620 1645 2802 1715; x_wconf 90' lang='lat' dir='ltr'><strong>utique</strong></span> <span class='ocrx_word' id='word_1_617' title='bbox 2831 1630 2952 1709; x_wconf 84' lang='lat' dir='ltr'><strong>ﬁde,</strong></span> <span class='ocrx_word' id='word_1_618' title='bbox 2979 1646 3185 1701; x_wconf 91' lang='lat' dir='ltr'><strong>nescire</strong></span> <span class='ocrx_word' id='word_1_619' title='bbox 3215 1655 3438 1703; x_wconf 88' lang='lat' dir='ltr'><strong>testatur</strong></span> 
     </span>
    </p>
   </div>
   <div class='ocr_carea' id='block_1_80' title="bbox 1850 1729 3437 1806">
    <p class='ocr_par' dir='ltr' id='par_1_80' title="bbox 1850 1729 3437 1806">
     <span class='ocr_line' id='line_1_80' title="bbox 1850 1729 3437 1806; baseline 0.004 -20"><span class='ocrx_word' id='word_1_620' title='bbox 1850 1734 1916 1804; x_wconf 92' lang='lat' dir='ltr'><strong>(ll</strong></span> <span class='ocrx_word' id='word_1_621' title='bbox 1945 1733 2060 1790; x_wconf 88' lang='lat' dir='ltr'><strong>Cor.</strong></span> <span class='ocrx_word' id='word_1_622' title='bbox 2084 1751 2178 1800; x_wconf 82' lang='lat' dir='ltr'><strong>xu,</strong></span> <span class='ocrx_word' id='word_1_623' title='bbox 2204 1734 2266 1806; x_wconf 68' lang='lat'><strong>2)</strong></span> <span class='ocrx_word' id='word_1_624' title='bbox 2296 1729 2312 1788; x_wconf 80' lang='grc' dir='ltr'><em>Ξ</em></span> <span class='ocrx_word' id='word_1_625' title='bbox 2337 1735 2421 1790; x_wconf 86' lang='lat' dir='ltr'><strong>vel</strong></span> <span class='ocrx_word' id='word_1_626' title='bbox 2448 1743 2577 1806; x_wconf 90' lang='lat' dir='ltr'><strong>quot</strong></span> <span class='ocrx_word' id='word_1_627' title='bbox 2603 1735 2708 1790; x_wconf 90' lang='lat' dir='ltr'><strong>sint</strong></span> <span class='ocrx_word' id='word_1_628' title='bbox 2733 1735 2877 1802; x_wconf 63' lang='lat' dir='ltr'><strong>caeli,</strong></span> <span class='ocrx_word' id='word_1_629' title='bbox 2899 1735 2952 1789; x_wconf 88' lang='lat' dir='ltr'><strong>in</strong></span> <span class='ocrx_word' id='word_1_630' title='bbox 2978 1751 3200 1806; x_wconf 92' lang='lat' dir='ltr'><strong>quorum</strong></span> <span class='ocrx_word' id='word_1_631' title='bbox 3223 1739 3437 1794; x_wconf 89' lang='lat' dir='ltr'><strong>tertiqu</strong></span> 
     </span>
    </p>
   </div>
   <div class='ocr_carea' id='block_1_81' title="bbox 1849 1827 3440 1895">
    <p class='ocr_par' dir='ltr' id='par_1_81' title="bbox 1849 1827 3440 1895">
     <span class='ocr_line' id='line_1_81' title="bbox 1849 1827 3440 1895; baseline 0.002 -14"><span class='ocrx_word' id='word_1_632' title='bbox 1849 1840 1908 1881; x_wconf 90' lang='lat' dir='ltr'><strong>se</strong></span> <span class='ocrx_word' id='word_1_633' title='bbox 1953 1835 2160 1895; x_wconf 89' lang='lat' dir='ltr'><strong>raptum</strong></span> <span class='ocrx_word' id='word_1_634' title='bbox 2207 1841 2327 1882; x_wconf 92' lang='lat' dir='ltr'><strong>esse</strong></span> <span class='ocrx_word' id='word_1_635' title='bbox 2370 1835 2760 1882; x_wconf 91' lang='lat' dir='ltr'><strong>commemorat</strong></span> <span class='ocrx_word' id='word_1_636' title='bbox 2797 1844 2812 1880; x_wconf 90' lang='lat'><strong>:</strong></span> <span class='ocrx_word' id='word_1_637' title='bbox 2845 1827 2928 1881; x_wconf 89' lang='lat' dir='ltr'><strong>vel</strong></span> <span class='ocrx_word' id='word_1_638' title='bbox 2973 1835 3147 1883; x_wconf 91' lang='lat' dir='ltr'><strong>utrum</strong></span> <span class='ocrx_word' id='word_1_639' title='bbox 3174 1829 3440 1885; x_wconf 84' lang='lat' dir='ltr'><strong>elementa</strong></span> 
     </span>
    </p>
   </div>
   <div class='ocr_carea' id='block_1_82' title="bbox 1851 1919 3439 1990">
    <p class='ocr_par' dir='ltr' id='par_1_82' title="bbox 1851 1919 3439 1990">
     <span class='ocr_line' id='line_1_82' title="bbox 1851 1919 3439 1990; baseline 0.002 -17"><span class='ocrx_word' id='word_1_640' title='bbox 1851 1919 2030 1974; x_wconf 91' lang='lat' dir='ltr'><strong>mundi</strong></span> <span class='ocrx_word' id='word_1_641' title='bbox 2080 1919 2236 1990; x_wconf 89' lang='lat' dir='ltr'><strong>hujus</strong></span> <span class='ocrx_word' id='word_1_642' title='bbox 2273 1919 2692 1990; x_wconf 90' lang='lat' dir='ltr'><strong>conspicabilis,</strong></span> <span class='ocrx_word' id='word_1_643' title='bbox 2724 1929 2950 1990; x_wconf 89' lang='lat' dir='ltr'><strong>quatuor</strong></span> <span class='ocrx_word' id='word_1_644' title='bbox 2987 1934 3052 1974; x_wconf 90' lang='lat' dir='ltr'><strong>an</strong></span> <span class='ocrx_word' id='word_1_645' title='bbox 3093 1921 3244 1990; x_wconf 88' lang='lat' dir='ltr'><strong>plura</strong></span> <span class='ocrx_word' id='word_1_646' title='bbox 3287 1921 3439 1976; x_wconf 88' lang='lat' dir='ltr'><strong>sint:</strong></span> 
     </span>
    </p>
   </div>
   <div class='ocr_carea' id='block_1_83' title="bbox 1849 2008 3441 2080">
    <p class='ocr_par' dir='ltr' id='par_1_83' title="bbox 1849 2008 3441 2080">
     <span class='ocr_line' id='line_1_83' title="bbox 1849 2008 3441 2080; baseline 0.001 -16"><span class='ocrx_word' id='word_1_647' title='bbox 1849 2009 1971 2080; x_wconf 91' lang='lat' dir='ltr'><strong>quid</strong></span> <span class='ocrx_word' id='word_1_648' title='bbox 2009 2008 2166 2064; x_wconf 88' lang='lat' dir='ltr'><strong>faciat</strong></span> <span class='ocrx_word' id='word_1_649' title='bbox 2213 2010 2381 2065; x_wconf 91' lang='lat' dir='ltr'><strong>solem</strong></span> <span class='ocrx_word' id='word_1_650' title='bbox 2426 2010 2676 2066; x_wconf 90' lang='lat' dir='ltr'><strong>lunamve</strong></span> <span class='ocrx_word' id='word_1_651' title='bbox 2715 2009 2968 2078; x_wconf 89' lang='lat' dir='ltr'><strong>deﬁcere,</strong></span> <span class='ocrx_word' id='word_1_652' title='bbox 3019 2009 3101 2065; x_wconf 87' lang='lat' dir='ltr'><strong>his</strong></span> <span class='ocrx_word' id='word_1_653' title='bbox 3145 2009 3441 2067; x_wconf 84' lang='lat' dir='ltr'><strong>defectibus</strong></span> 
     </span>
    </p>
   </div>
   <div class='ocr_carea' id='block_1_84' title="bbox 1851 2099 3443 2172">
    <p class='ocr_par' dir='ltr' id='par_1_84' title="bbox 1851 2099 3443 2172">
     <span class='ocr_line' id='line_1_84' title="bbox 1851 2099 3443 2172; baseline 0.002 -19"><span class='ocrx_word' id='word_1_654' title='bbox 1851 2114 1985 2170; x_wconf 89' lang='lat' dir='ltr'><strong>quos</strong></span> <span class='ocrx_word' id='word_1_655' title='bbox 2014 2099 2303 2170; x_wconf 72' lang='lat' dir='ltr'><strong>prmdicere</strong></span> <span class='ocrx_word' id='word_1_656' title='bbox 2331 2101 2584 2171; x_wconf 87' lang='lat' dir='ltr'><strong>astrologi</strong></span> <span class='ocrx_word' id='word_1_657' title='bbox 2621 2109 2769 2156; x_wconf 89' lang='lat' dir='ltr'><strong>certa</strong></span> <span class='ocrx_word' id='word_1_658' title='bbox 2818 2109 3116 2172; x_wconf 90' lang='lat' dir='ltr'><strong>temporum</strong></span> <span class='ocrx_word' id='word_1_659' title='bbox 3143 2101 3443 2158; x_wconf 87' lang='lat' dir='ltr'><strong>dinumera-</strong></span> 
     </span>
    </p>
   </div>
   <div class='ocr_carea' id='block_1_85' title="bbox 1853 2190 3441 2262">
    <p class='ocr_par' dir='ltr' id='par_1_85' title="bbox 1853 2190 3441 2262">
     <span class='ocr_line' id='line_1_85' title="bbox 1853 2190 3441 2262; baseline 0.001 -16"><span class='ocrx_word' id='word_1_660' title='bbox 1853 2192 1996 2247; x_wconf 89' lang='lat' dir='ltr'><strong>tione</strong></span> <span class='ocrx_word' id='word_1_661' title='bbox 2019 2200 2380 2247; x_wconf 84' lang='lat' dir='ltr'><strong>consuerunt:</strong></span> <span class='ocrx_word' id='word_1_662' title='bbox 2413 2207 2509 2247; x_wconf 88' lang='lat' dir='ltr'><strong>cur</strong></span> <span class='ocrx_word' id='word_1_663' title='bbox 2531 2192 2732 2262; x_wconf 88' lang='lat' dir='ltr'><strong>antiqui</strong></span> <span class='ocrx_word' id='word_1_664' title='bbox 2763 2190 3010 2248; x_wconf 84' lang='lat' dir='ltr'><strong>homines</strong></span> <span class='ocrx_word' id='word_1_665' title='bbox 3039 2202 3142 2247; x_wconf 89' lang='lat' dir='ltr'><strong>tam</strong></span> <span class='ocrx_word' id='word_1_666' title='bbox 3171 2192 3261 2248; x_wconf 92' lang='lat' dir='ltr'><strong>diu</strong></span> <span class='ocrx_word' id='word_1_667' title='bbox 3291 2194 3441 2248; x_wconf 86' lang='lat' dir='ltr'><strong>vixe-</strong></span> 
     </span>
    </p>
   </div>
   <div class='ocr_carea' id='block_1_86' title="bbox 1851 2284 3441 2357">
    <p class='ocr_par' dir='ltr' id='par_1_86' title="bbox 1851 2284 3441 2357">
     <span class='ocr_line' id='line_1_86' title="bbox 1851 2284 3441 2357; baseline 0.001 -17"><span class='ocrx_word' id='word_1_668' title='bbox 1851 2285 1986 2351; x_wconf 89' lang='lat' dir='ltr'><strong>rint,</strong></span> <span class='ocrx_word' id='word_1_669' title='bbox 2019 2301 2175 2356; x_wconf 92' lang='lat' dir='ltr'><strong>quam</strong></span> <span class='ocrx_word' id='word_1_670' title='bbox 2205 2295 2390 2342; x_wconf 85' lang='lat' dir='ltr'><strong>sancta</strong></span> <span class='ocrx_word' id='word_1_671' title='bbox 2432 2284 2704 2354; x_wconf 88' lang='lat' dir='ltr'><strong>Scriptura</strong></span> <span class='ocrx_word' id='word_1_672' title='bbox 2731 2293 2996 2351; x_wconf 90' lang='lat' dir='ltr'><strong>testatur;</strong></span> <span class='ocrx_word' id='word_1_673' title='bbox 3027 2294 3081 2341; x_wconf 92' lang='lat' dir='ltr'><strong>et</strong></span> <span class='ocrx_word' id='word_1_674' title='bbox 3107 2294 3283 2341; x_wconf 92' lang='lat' dir='ltr'><strong>utrum</strong></span> <span class='ocrx_word' id='word_1_675' title='bbox 3313 2302 3441 2357; x_wconf 88' lang='lat' dir='ltr'><strong>pro-</strong></span> 
     </span>
    </p>
   </div>
   <div class='ocr_carea' id='block_1_87' title="bbox 1852 2367 3443 2451">
    <p class='ocr_par' dir='ltr' id='par_1_87' title="bbox 1852 2367 3443 2451">
     <span class='ocr_line' id='line_1_87' title="bbox 1852 2367 3443 2451; baseline -0.001 -18"><span class='ocrx_word' id='word_1_676' title='bbox 1852 2379 2096 2451; x_wconf 90' lang='lat' dir='ltr'><strong>portione</strong></span> <span class='ocrx_word' id='word_1_677' title='bbox 2127 2367 2379 2448; x_wconf 79' lang='lat' dir='ltr'><strong>longioris</strong></span> <span class='ocrx_word' id='word_1_678' title='bbox 2407 2378 2579 2432; x_wconf 80' lang='lat' dir='ltr'><strong>aetatis</strong></span> <span class='ocrx_word' id='word_1_679' title='bbox 2606 2375 2746 2432; x_wconf 89' lang='lat' dir='ltr'><strong>ﬁlios</strong></span> <span class='ocrx_word' id='word_1_680' title='bbox 2770 2392 2891 2433; x_wconf 89' lang='lat' dir='ltr'><strong>sera</strong></span> <span class='ocrx_word' id='word_1_681' title='bbox 2922 2378 3197 2447; x_wconf 86' lang='lat' dir='ltr'><strong>pubertate</strong></span> <span class='ocrx_word' id='word_1_682' title='bbox 3219 2379 3443 2449; x_wconf 85' lang='lat' dir='ltr'><strong>gignere</strong></span> 
     </span>
    </p>
   </div>
   <div class='ocr_carea' id='block_1_88' title="bbox 1852 2467 3441 2539">
    <p class='ocr_par' dir='ltr' id='par_1_88' title="bbox 1852 2467 3441 2539">
     <span class='ocr_line' id='line_1_88' title="bbox 1852 2467 3441 2539; baseline -0.003 -13"><span class='ocrx_word' id='word_1_683' title='bbox 1852 2469 2146 2539; x_wconf 79' lang='lat' dir='ltr'><strong>cceperint:</strong></span> <span class='ocrx_word' id='word_1_684' title='bbox 2177 2469 2263 2524; x_wconf 92' lang='lat' dir='ltr'><strong>ubi</strong></span> <span class='ocrx_word' id='word_1_685' title='bbox 2291 2468 2524 2538; x_wconf 87' lang='lat' dir='ltr'><strong>potuerit</strong></span> <span class='ocrx_word' id='word_1_686' title='bbox 2548 2467 2895 2523; x_wconf 85' lang='lat' dir='ltr'><strong>Mathusalem</strong></span> <span class='ocrx_word' id='word_1_687' title='bbox 2917 2468 3116 2533; x_wconf 88' lang='lat' dir='ltr'><strong>vivere,</strong></span> <span class='ocrx_word' id='word_1_688' title='bbox 3137 2468 3228 2537; x_wconf 91' lang='lat' dir='ltr'><strong>qui</strong></span> <span class='ocrx_word' id='word_1_689' title='bbox 3245 2469 3298 2522; x_wconf 91' lang='lat' dir='ltr'><strong>in</strong></span> <span class='ocrx_word' id='word_1_690' title='bbox 3318 2482 3441 2522; x_wconf 89' lang='lat' dir='ltr'><strong>arca</strong></span> 
     </span>
    </p>
   </div>
   <div class='ocr_carea' id='block_1_89' title="bbox 1855 2557 3442 2631">
    <p class='ocr_par' dir='ltr' id='par_1_89' title="bbox 1855 2557 3442 2631">
     <span class='ocr_line' id='line_1_89' title="bbox 1855 2557 3442 2631; baseline -0.003 -14"><span class='ocrx_word' id='word_1_691' title='bbox 1855 2578 1960 2617; x_wconf 89' lang='lat' dir='ltr'><strong>non</strong></span> <span class='ocrx_word' id='word_1_692' title='bbox 1987 2561 2103 2628; x_wconf 84' lang='lat' dir='ltr'><strong>fuit,</strong></span> <span class='ocrx_word' id='word_1_693' title='bbox 2131 2560 2240 2631; x_wconf 93' lang='lat' dir='ltr'><strong>qui,</strong></span> <span class='ocrx_word' id='word_1_694' title='bbox 2270 2560 2408 2615; x_wconf 89' lang='lat' dir='ltr'><strong>sicut</strong></span> <span class='ocrx_word' id='word_1_695' title='bbox 2430 2559 2483 2613; x_wconf 91' lang='lat' dir='ltr'><strong>in</strong></span> <span class='ocrx_word' id='word_1_696' title='bbox 2515 2558 2785 2628; x_wconf 89' lang='lat' dir='ltr'><strong>plerisque</strong></span> <span class='ocrx_word' id='word_1_697' title='bbox 2807 2557 3083 2613; x_wconf 90' lang='lat' dir='ltr'><strong>codicibus</strong></span> <span class='ocrx_word' id='word_1_698' title='bbox 3104 2569 3158 2613; x_wconf 91' lang='lat' dir='ltr'><strong>et</strong></span> <span class='ocrx_word' id='word_1_699' title='bbox 3177 2558 3365 2628; x_wconf 76' lang='lat' dir='ltr'><strong>grtucis</strong></span> <span class='ocrx_word' id='word_1_700' title='bbox 3387 2559 3442 2614; x_wconf 63' lang='grc' dir='ltr'><strong>ε’.</strong></span> 
     </span>
    </p>
   </div>
   <div class='ocr_carea' id='block_1_90' title="bbox 1855 2647 3432 2717">
    <p class='ocr_par' dir='ltr' id='par_1_90' title="bbox 1855 2647 3432 2717">
     <span class='ocr_line' id='line_1_90' title="bbox 1855 2647 3432 2717; baseline -0.003 -10"><span class='ocrx_word' id='word_1_701' title='bbox 1855 2653 2034 2707; x_wconf 89' lang='lat' dir='ltr'><strong>latinis</strong></span> <span class='ocrx_word' id='word_1_702' title='bbox 2064 2659 2412 2706; x_wconf 87' lang='lat' dir='ltr'><strong>numerantur</strong></span> <span class='ocrx_word' id='word_1_703' title='bbox 2439 2649 2584 2716; x_wconf 90' lang='lat' dir='ltr'><strong>anni,</strong></span> <span class='ocrx_word' id='word_1_704' title='bbox 2613 2647 2879 2717; x_wconf 87' lang='lat' dir='ltr'><strong>reperitur</strong></span> <span class='ocrx_word' id='word_1_705' title='bbox 2906 2647 3265 2716; x_wconf 83' lang='lat' dir='ltr'><strong>supervixisse</strong></span> <span class='ocrx_word' id='word_1_706' title='bbox 3302 2647 3432 2703; x_wconf 59' lang='lat' dir='ltr'><strong>dilu.</strong></span> 
     </span>
    </p>
   </div>
   <div class='ocr_carea' id='block_1_91' title="bbox 1853 2737 3440 2818">
    <p class='ocr_par' dir='ltr' id='par_1_91' title="bbox 1853 2737 3440 2818">
     <span class='ocr_line' id='line_1_91' title="bbox 1853 2737 3440 2818; baseline -0.004 -21"><span class='ocrx_word' id='word_1_707' title='bbox 1853 2744 1974 2810; x_wconf 87' lang='lat' dir='ltr'><strong>vio;</strong></span> <span class='ocrx_word' id='word_1_708' title='bbox 2001 2743 2082 2797; x_wconf 86' lang='lat' dir='ltr'><strong>vel</strong></span> <span class='ocrx_word' id='word_1_709' title='bbox 2106 2751 2280 2796; x_wconf 91' lang='lat' dir='ltr'><strong>utrum</strong></span> <span class='ocrx_word' id='word_1_710' title='bbox 2303 2739 2659 2818; x_wconf 85' lang='lat' dir='ltr'><strong>paucioribus,</strong></span> <span class='ocrx_word' id='word_1_711' title='bbox 2687 2739 2774 2808; x_wconf 89' lang='lat' dir='ltr'><strong>qui</strong></span> <span class='ocrx_word' id='word_1_712' title='bbox 2797 2737 3056 2794; x_wconf 87' lang='lat' dir='ltr'><strong>rarissimi</strong></span> <span class='ocrx_word' id='word_1_713' title='bbox 3077 2737 3440 2803; x_wconf 87' lang='lat' dir='ltr'><strong>inveniuntur,</strong></span> 
     </span>
    </p>
   </div>
   <div class='ocr_carea' id='block_1_92' title="bbox 1854 2830 3445 2908">
    <p class='ocr_par' dir='ltr' id='par_1_92' title="bbox 1854 2830 3445 2908">
     <span class='ocr_line' id='line_1_92' title="bbox 1854 2830 3445 2908; baseline -0.004 -18"><span class='ocrx_word' id='word_1_714' title='bbox 1854 2837 2032 2908; x_wconf 88' lang='lat' dir='ltr'><strong>potius</strong></span> <span class='ocrx_word' id='word_1_715' title='bbox 2059 2833 2392 2891; x_wconf 90' lang='lat' dir='ltr'><strong>credendum</strong></span> <span class='ocrx_word' id='word_1_716' title='bbox 2421 2833 2509 2897; x_wconf 89' lang='lat' dir='ltr'><strong>sit,</strong></span> <span class='ocrx_word' id='word_1_717' title='bbox 2535 2831 2588 2886; x_wconf 91' lang='lat' dir='ltr'><strong>in</strong></span> <span class='ocrx_word' id='word_1_718' title='bbox 2617 2831 2808 2902; x_wconf 90' lang='lat' dir='ltr'><strong>quibus</strong></span> <span class='ocrx_word' id='word_1_719' title='bbox 2832 2830 2905 2885; x_wconf 90' lang='lat' dir='ltr'><strong>ita</strong></span> <span class='ocrx_word' id='word_1_720' title='bbox 2931 2839 3014 2886; x_wconf 88' lang='lat' dir='ltr'><strong>est</strong></span> <span class='ocrx_word' id='word_1_721' title='bbox 3039 2845 3293 2886; x_wconf 91' lang='lat' dir='ltr'><strong>numerus</strong></span> <span class='ocrx_word' id='word_1_722' title='bbox 3317 2844 3445 2884; x_wconf 89' lang='lat' dir='ltr'><strong>con-</strong></span> 
     </span>
    </p>
   </div>
   <div class='ocr_carea' id='block_1_93' title="bbox 1855 2921 3444 2996">
    <p class='ocr_par' dir='ltr' id='par_1_93' title="bbox 1855 2921 3444 2996">
     <span class='ocr_line' id='line_1_93' title="bbox 1855 2921 3444 2996; baseline -0.003 -16"><span class='ocrx_word' id='word_1_723' title='bbox 1855 2927 2085 2996; x_wconf 88' lang='lat' dir='ltr'><strong>scriptus</strong></span> <span class='ocrx_word' id='word_1_724' title='bbox 2115 2939 2376 2980; x_wconf 89' lang='lat' dir='ltr'><strong>annorum</strong></span> <span class='ocrx_word' id='word_1_725' title='bbox 2396 2966 2412 2991; x_wconf 95' lang='lat'><strong>,</strong></span> <span class='ocrx_word' id='word_1_726' title='bbox 2456 2934 2515 2977; x_wconf 92' lang='lat' dir='ltr'><strong>ut</strong></span> <span class='ocrx_word' id='word_1_727' title='bbox 2538 2932 2662 2978; x_wconf 90' lang='lat' dir='ltr'><strong>ante</strong></span> <span class='ocrx_word' id='word_1_728' title='bbox 2690 2922 2945 2978; x_wconf 90' lang='lat' dir='ltr'><strong>diluvium</strong></span> <span class='ocrx_word' id='word_1_729' title='bbox 2975 2921 3255 2978; x_wconf 80' lang='lat' dir='ltr'><strong>defunctus</strong></span> <span class='ocrx_word' id='word_1_730' title='bbox 3279 2921 3444 2976; x_wconf 83' lang='lat' dir='ltr'><strong>fuisse</strong></span> 
     </span>
    </p>
   </div>
   <div class='ocr_carea' id='block_1_94' title="bbox 1854 3011 3445 3084">
    <p class='ocr_par' dir='ltr' id='par_1_94' title="bbox 1854 3011 3445 3084">
     <span class='ocr_line' id='line_1_94' title="bbox 1854 3011 3445 3084; baseline -0.004 -12"><span class='ocrx_word' id='word_1_731' title='bbox 1854 3025 2199 3074; x_wconf 87' lang='lat' dir='ltr'><strong>monstretur.</strong></span> <span class='ocrx_word' id='word_1_732' title='bbox 2227 3015 2358 3084; x_wconf 84' lang='lat' dir='ltr'><strong>Quis</strong></span> <span class='ocrx_word' id='word_1_733' title='bbox 2381 3014 2523 3069; x_wconf 91' lang='lat' dir='ltr'><strong>enim</strong></span> <span class='ocrx_word' id='word_1_734' title='bbox 2552 3029 2658 3070; x_wconf 91' lang='lat' dir='ltr'><strong>non</strong></span> <span class='ocrx_word' id='word_1_735' title='bbox 2680 3013 2877 3068; x_wconf 89' lang='lat' dir='ltr'><strong>sentiat</strong></span> <span class='ocrx_word' id='word_1_736' title='bbox 2897 3013 2949 3067; x_wconf 91' lang='lat' dir='ltr'><strong>in</strong></span> <span class='ocrx_word' id='word_1_737' title='bbox 2978 3012 3061 3067; x_wconf 89' lang='lat' dir='ltr'><strong>his</strong></span> <span class='ocrx_word' id='word_1_738' title='bbox 3080 3019 3241 3083; x_wconf 90' lang='lat' dir='ltr'><strong>atque</strong></span> <span class='ocrx_word' id='word_1_739' title='bbox 3260 3011 3445 3082; x_wconf 90' lang='lat' dir='ltr'><strong>hujus-</strong></span> 
     </span>
    </p>
   </div>
   <div class='ocr_carea' id='block_1_95' title="bbox 1855 3103 3443 3175">
    <p class='ocr_par' dir='ltr' id='par_1_95' title="bbox 1855 3103 3443 3175">
     <span class='ocr_line' id='line_1_95' title="bbox 1855 3103 3443 3175; baseline -0.003 -12"><span class='ocrx_word' id='word_1_740' title='bbox 1855 3107 1998 3163; x_wconf 90' lang='lat' dir='ltr'><strong>modi</strong></span> <span class='ocrx_word' id='word_1_741' title='bbox 2028 3107 2189 3161; x_wconf 88' lang='lat' dir='ltr'><strong>variis</strong></span> <span class='ocrx_word' id='word_1_742' title='bbox 2216 3115 2271 3161; x_wconf 91' lang='lat' dir='ltr'><strong>et</strong></span> <span class='ocrx_word' id='word_1_743' title='bbox 2309 3105 2782 3160; x_wconf 90' lang='lat' dir='ltr'><strong>innumerabilibus</strong></span> <span class='ocrx_word' id='word_1_744' title='bbox 2807 3103 3208 3175; x_wconf 62' lang='lat' dir='ltr'><strong>quaestionibus,</strong></span> <span class='ocrx_word' id='word_1_745' title='bbox 3240 3104 3353 3160; x_wconf 90' lang='lat' dir='ltr'><strong>sive</strong></span> <span class='ocrx_word' id='word_1_746' title='bbox 3377 3105 3443 3159; x_wconf 88' lang='lat' dir='ltr'><strong>ad</strong></span> 
     </span>
    </p>
   </div>
   <div class='ocr_carea' id='block_1_96' title="bbox 1854 3194 3444 3267">
    <p class='ocr_par' dir='ltr' id='par_1_96' title="bbox 1854 3194 3444 3267">
     <span class='ocr_line' id='line_1_96' title="bbox 1854 3194 3444 3267; baseline -0.003 -13"><span class='ocrx_word' id='word_1_747' title='bbox 1854 3197 2233 3254; x_wconf 87' lang='lat' dir='ltr'><strong>obscurissima</strong></span> <span class='ocrx_word' id='word_1_748' title='bbox 2254 3211 2414 3267; x_wconf 81' lang='lat' dir='ltr'><strong>Opera</strong></span> <span class='ocrx_word' id='word_1_749' title='bbox 2435 3196 2554 3263; x_wconf 89' lang='lat' dir='ltr'><strong>Dei,</strong></span> <span class='ocrx_word' id='word_1_750' title='bbox 2578 3196 2690 3251; x_wconf 90' lang='lat' dir='ltr'><strong>sive</strong></span> <span class='ocrx_word' id='word_1_751' title='bbox 2713 3195 2781 3250; x_wconf 91' lang='lat' dir='ltr'><strong>ad</strong></span> <span class='ocrx_word' id='word_1_752' title='bbox 2801 3194 3194 3264; x_wconf 87' lang='lat' dir='ltr'><strong>Scripturarum</strong></span> <span class='ocrx_word' id='word_1_753' title='bbox 3221 3194 3444 3250; x_wconf 88' lang='lat' dir='ltr'><strong>abditis-</strong></span> 
     </span>
    </p>
   </div>
   <div class='ocr_carea' id='block_1_97' title="bbox 1854 3285 3446 3358">
    <p class='ocr_par' dir='ltr' id='par_1_97' title="bbox 1854 3285 3446 3358">
     <span class='ocr_line' id='line_1_97' title="bbox 1854 3285 3446 3358; baseline -0.003 -12"><span class='ocrx_word' id='word_1_754' title='bbox 1854 3291 2019 3346; x_wconf 87' lang='lat' dir='ltr'><strong>simas</strong></span> <span class='ocrx_word' id='word_1_755' title='bbox 2045 3289 2276 3344; x_wconf 91' lang='lat' dir='ltr'><strong>latebras</strong></span> <span class='ocrx_word' id='word_1_756' title='bbox 2297 3287 2706 3358; x_wconf 90' lang='lat' dir='ltr'><strong>pertinentibus,</strong></span> <span class='ocrx_word' id='word_1_757' title='bbox 2732 3301 2865 3358; x_wconf 89' lang='lat' dir='ltr'><strong>quas</strong></span> <span class='ocrx_word' id='word_1_758' title='bbox 2889 3296 3038 3342; x_wconf 87' lang='lat' dir='ltr'><strong>certo</strong></span> <span class='ocrx_word' id='word_1_759' title='bbox 3058 3285 3236 3357; x_wconf 86' lang='lat' dir='ltr'><strong>aliquo</strong></span> <span class='ocrx_word' id='word_1_760' title='bbox 3251 3301 3446 3358; x_wconf 83' lang='lat' dir='ltr'><strong>genere</strong></span> 
     </span>
    </p>
   </div>
   <div class='ocr_carea' id='block_1_98' title="bbox 1851 3378 3445 3452">
    <p class='ocr_par' dir='ltr' id='par_1_98' title="bbox 1851 3378 3445 3452">
     <span class='ocr_line' id='line_1_98' title="bbox 1851 3378 3445 3452; baseline -0.003 -14"><span class='ocrx_word' id='word_1_761' title='bbox 1851 3381 2135 3452; x_wconf 86' lang='lat' dir='ltr'><strong>complecti</strong></span> <span class='ocrx_word' id='word_1_762' title='bbox 2163 3396 2227 3437; x_wconf 89' lang='lat' dir='ltr'><strong>ac</strong></span> <span class='ocrx_word' id='word_1_763' title='bbox 2254 3380 2476 3436; x_wconf 88' lang='lat' dir='ltr'><strong>deﬁnire</strong></span> <span class='ocrx_word' id='word_1_764' title='bbox 2503 3378 2720 3435; x_wconf 83' lang='lat' dir='ltr'><strong>difﬁcile</strong></span> <span class='ocrx_word' id='word_1_765' title='bbox 2759 3387 2879 3444; x_wconf 91' lang='lat' dir='ltr'><strong>est,</strong></span> <span class='ocrx_word' id='word_1_766' title='bbox 2910 3387 2965 3433; x_wconf 92' lang='lat' dir='ltr'><strong>et</strong></span> <span class='ocrx_word' id='word_1_767' title='bbox 3011 3378 3174 3434; x_wconf 90' lang='lat' dir='ltr'><strong>multa</strong></span> <span class='ocrx_word' id='word_1_768' title='bbox 3215 3379 3445 3450; x_wconf 89' lang='lat' dir='ltr'><strong>ignorari</strong></span> 
     </span>
    </p>
   </div>
   <div class='ocr_carea' id='block_1_99' title="bbox 1857 3468 3446 3540">
    <p class='ocr_par' dir='ltr' id='par_1_99' title="bbox 1857 3468 3446 3540">
     <span class='ocr_line' id='line_1_99' title="bbox 1857 3468 3446 3540; baseline -0.002 -13"><span class='ocrx_word' id='word_1_769' title='bbox 1857 3472 2003 3527; x_wconf 84' lang='lat' dir='ltr'><strong>salva</strong></span> <span class='ocrx_word' id='word_1_770' title='bbox 2032 3471 2324 3528; x_wconf 88' lang='lat' dir='ltr'><strong>christiana</strong></span> <span class='ocrx_word' id='word_1_771' title='bbox 2353 3469 2477 3537; x_wconf 89' lang='lat' dir='ltr'><strong>ﬁde,</strong></span> <span class='ocrx_word' id='word_1_772' title='bbox 2507 3478 2562 3524; x_wconf 91' lang='lat' dir='ltr'><strong>et</strong></span> <span class='ocrx_word' id='word_1_773' title='bbox 2589 3469 2784 3525; x_wconf 88' lang='lat' dir='ltr'><strong>alicubi</strong></span> <span class='ocrx_word' id='word_1_774' title='bbox 2802 3468 2969 3525; x_wconf 85' lang='lat' dir='ltr'><strong>errari</strong></span> <span class='ocrx_word' id='word_1_775' title='bbox 2998 3468 3114 3524; x_wconf 90' lang='lat' dir='ltr'><strong>sine</strong></span> <span class='ocrx_word' id='word_1_776' title='bbox 3133 3468 3312 3540; x_wconf 88' lang='lat' dir='ltr'><strong>aliquo</strong></span> <span class='ocrx_word' id='word_1_777' title='bbox 3338 3469 3446 3524; x_wconf 70' lang='lat' dir='ltr'><strong>ha:-</strong></span> 
     </span>
    </p>
   </div>
   <div class='ocr_carea' id='block_1_100' title="bbox 1857 3562 2578 3634">
    <p class='ocr_par' dir='ltr' id='par_1_100' title="bbox 1857 3562 2578 3634">
     <span class='ocr_line' id='line_1_100' title="bbox 1857 3562 2578 3634; baseline -0.004 -15"><span class='ocrx_word' id='word_1_778' title='bbox 1857 3565 2004 3620; x_wconf 88' lang='lat' dir='ltr'><strong>retici</strong></span> <span class='ocrx_word' id='word_1_779' title='bbox 2031 3563 2292 3634; x_wconf 85' lang='lat' dir='ltr'><strong>dogmatis</strong></span> <span class='ocrx_word' id='word_1_780' title='bbox 2312 3562 2578 3617; x_wconf 77' lang='lat' dir='ltr'><strong>crimine?</strong></span> 
     </span>
    </p>
   </div>
   <div class='ocr_carea' id='block_1_101' title="bbox 1927 3650 3445 3711">
    <p class='ocr_par' dir='ltr' id='par_1_101' title="bbox 1927 3650 3445 3711">
     <span class='ocr_line' id='line_1_101' title="bbox 1927 3650 3445 3711; baseline -0.004 -1"><span class='ocrx_word' id='word_1_781' title='bbox 1927 3655 2151 3711; x_wconf 79' lang='lat' dir='ltr'><strong>CAPUT</strong></span> <span class='ocrx_word' id='word_1_782' title='bbox 2189 3653 2378 3709; x_wconf 85' lang='lat' dir='ltr'><strong>XXIV.</strong></span> <span class='ocrx_word' id='word_1_783' title='bbox 2403 3682 2477 3693; x_wconf 91' lang='lat'>—</span> <span class='ocrx_word' id='word_1_784' title='bbox 2496 3651 2587 3707; x_wconf 73' lang='lat'><strong>28.</strong></span> <span class='ocrx_word' id='word_1_785' title='bbox 2612 3651 2716 3708; x_wconf 90' lang='lat' dir='ltr'><strong>Sed</strong></span> <span class='ocrx_word' id='word_1_786' title='bbox 2754 3651 2807 3706; x_wconf 90' lang='lat' dir='ltr'><strong>in</strong></span> <span class='ocrx_word' id='word_1_787' title='bbox 2835 3665 2994 3706; x_wconf 89' lang='lat' dir='ltr'><strong>causa</strong></span> <span class='ocrx_word' id='word_1_788' title='bbox 3015 3651 3240 3707; x_wconf 91' lang='lat' dir='ltr'><strong>duorum</strong></span> <span class='ocrx_word' id='word_1_789' title='bbox 3271 3650 3445 3706; x_wconf 85' lang='lat' dir='ltr'><strong>homi-</strong></span> 
     </span>
    </p>
   </div>
   <div class='ocr_carea' id='block_1_102' title="bbox 1859 3743 3446 3818">
    <p class='ocr_par' dir='ltr' id='par_1_102' title="bbox 1859 3743 3446 3818">
     <span class='ocr_line' id='line_1_102' title="bbox 1859 3743 3446 3818; baseline -0.003 -15"><span class='ocrx_word' id='word_1_790' title='bbox 1859 3764 1986 3804; x_wconf 91' lang='lat' dir='ltr'><strong>num</strong></span> <span class='ocrx_word' id='word_1_791' title='bbox 2005 3789 2019 3814; x_wconf 93' lang='lat'><strong>,</strong></span> <span class='ocrx_word' id='word_1_792' title='bbox 2049 3761 2275 3818; x_wconf 87' lang='lat' dir='ltr'><strong>quorum</strong></span> <span class='ocrx_word' id='word_1_793' title='bbox 2315 3761 2412 3817; x_wconf 89' lang='lat' dir='ltr'><strong>per</strong></span> <span class='ocrx_word' id='word_1_794' title='bbox 2441 3760 2605 3800; x_wconf 90' lang='lat' dir='ltr'><strong>unum</strong></span> <span class='ocrx_word' id='word_1_795' title='bbox 2645 3743 2950 3799; x_wconf 87' lang='lat' dir='ltr'><strong>venumdati</strong></span> <span class='ocrx_word' id='word_1_796' title='bbox 2979 3757 3162 3798; x_wconf 90' lang='lat' dir='ltr'><strong>sumus</strong></span> <span class='ocrx_word' id='word_1_797' title='bbox 3189 3743 3290 3799; x_wconf 91' lang='lat' dir='ltr'><strong>sub</strong></span> <span class='ocrx_word' id='word_1_798' title='bbox 3317 3758 3446 3812; x_wconf 85' lang='lat' dir='ltr'><strong>pec-</strong></span> 
     </span>
    </p>
   </div>
   <div class='ocr_carea' id='block_1_103' title="bbox 1857 3833 3446 3909">
    <p class='ocr_par' dir='ltr' id='par_1_103' title="bbox 1857 3833 3446 3909">
     <span class='ocr_line' id='line_1_103' title="bbox 1857 3833 3446 3909; baseline -0.003 -17"><span class='ocrx_word' id='word_1_799' title='bbox 1857 3849 2010 3903; x_wconf 89' lang='lat' dir='ltr'><strong>cato,</strong></span> <span class='ocrx_word' id='word_1_800' title='bbox 2037 3853 2134 3909; x_wconf 89' lang='lat' dir='ltr'><strong>per</strong></span> <span class='ocrx_word' id='word_1_801' title='bbox 2157 3837 2387 3892; x_wconf 89' lang='lat' dir='ltr'><strong>alterum</strong></span> <span class='ocrx_word' id='word_1_802' title='bbox 2425 3834 2738 3891; x_wconf 88' lang='lat' dir='ltr'><strong>redimimur</strong></span> <span class='ocrx_word' id='word_1_803' title='bbox 2766 3850 2795 3888; x_wconf 91' lang='lat' dir='ltr'><strong>a</strong></span> <span class='ocrx_word' id='word_1_804' title='bbox 2831 3833 3103 3903; x_wconf 87' lang='lat' dir='ltr'><strong>peccatis;</strong></span> <span class='ocrx_word' id='word_1_805' title='bbox 3150 3847 3248 3902; x_wconf 89' lang='lat' dir='ltr'><strong>per</strong></span> <span class='ocrx_word' id='word_1_806' title='bbox 3281 3849 3446 3888; x_wconf 92' lang='lat' dir='ltr'><strong>unum</strong></span> 
     </span>
    </p>
   </div>
   <div class='ocr_carea' id='block_1_104' title="bbox 1859 3924 3448 4002">
    <p class='ocr_par' dir='ltr' id='par_1_104' title="bbox 1859 3924 3448 4002">
     <span class='ocr_line' id='line_1_104' title="bbox 1859 3924 3448 4002; baseline -0.006 -16"><span class='ocrx_word' id='word_1_807' title='bbox 1859 3929 2169 4002; x_wconf 78' lang='lat' dir='ltr'><strong>praecipitati</strong></span> <span class='ocrx_word' id='word_1_808' title='bbox 2197 3943 2380 3984; x_wconf 90' lang='lat' dir='ltr'><strong>sumus</strong></span> <span class='ocrx_word' id='word_1_809' title='bbox 2407 3927 2459 3982; x_wconf 90' lang='lat' dir='ltr'><strong>in</strong></span> <span class='ocrx_word' id='word_1_810' title='bbox 2485 3934 2710 3982; x_wconf 91' lang='lat' dir='ltr'><strong>mortem</strong></span> <span class='ocrx_word' id='word_1_811' title='bbox 2732 3966 2746 3990; x_wconf 93' lang='lat'><strong>,</strong></span> <span class='ocrx_word' id='word_1_812' title='bbox 2781 3940 2876 3996; x_wconf 92' lang='lat' dir='ltr'><strong>per</strong></span> <span class='ocrx_word' id='word_1_813' title='bbox 2903 3924 3132 3981; x_wconf 92' lang='lat' dir='ltr'><strong>alterum</strong></span> <span class='ocrx_word' id='word_1_814' title='bbox 3160 3924 3448 3981; x_wconf 85' lang='lat' dir='ltr'><strong>liberamur</strong></span> 
     </span>
    </p>
   </div>
   <div class='ocr_carea' id='block_1_105' title="bbox 1858 4014 3448 4090">
    <p class='ocr_par' dir='ltr' id='par_1_105' title="bbox 1858 4014 3448 4090">
     <span class='ocr_line' id='line_1_105' title="bbox 1858 4014 3448 4090; baseline -0.006 -13"><span class='ocrx_word' id='word_1_815' title='bbox 1858 4022 1926 4077; x_wconf 87' lang='lat' dir='ltr'><strong>ad</strong></span> <span class='ocrx_word' id='word_1_816' title='bbox 1950 4021 2145 4086; x_wconf 90' lang='lat' dir='ltr'><strong>vitam;</strong></span> <span class='ocrx_word' id='word_1_817' title='bbox 2173 4033 2397 4090; x_wconf 85' lang='lat' dir='ltr'><strong>quorum</strong></span> <span class='ocrx_word' id='word_1_818' title='bbox 2435 4018 2525 4073; x_wconf 91' lang='lat' dir='ltr'><strong>ille</strong></span> <span class='ocrx_word' id='word_1_819' title='bbox 2551 4018 2568 4050; x_wconf 83' lang='grc'>¹</span> <span class='ocrx_word' id='word_1_820' title='bbox 2598 4032 2696 4072; x_wconf 90' lang='lat' dir='ltr'><strong>nos</strong></span> <span class='ocrx_word' id='word_1_821' title='bbox 2721 4017 2772 4071; x_wconf 86' lang='lat' dir='ltr'><strong>in</strong></span> <span class='ocrx_word' id='word_1_822' title='bbox 2815 4032 2872 4072; x_wconf 88' lang='lat' dir='ltr'><strong>se</strong></span> <span class='ocrx_word' id='word_1_823' title='bbox 2913 4015 3172 4086; x_wconf 86' lang='lat' dir='ltr'><strong>perdidit,</strong></span> <span class='ocrx_word' id='word_1_824' title='bbox 3206 4014 3448 4072; x_wconf 82' lang='lat' dir='ltr'><strong>faciendo</strong></span> 
     </span>
    </p>
   </div>
   <div class='ocr_carea' id='block_1_106' title="bbox 1858 4106 3449 4180">
    <p class='ocr_par' dir='ltr' id='par_1_106' title="bbox 1858 4106 3449 4180">
     <span class='ocr_line' id='line_1_106' title="bbox 1858 4106 3449 4180; baseline -0.004 -10"><span class='ocrx_word' id='word_1_825' title='bbox 1858 4114 2184 4170; x_wconf 87' lang='lat' dir='ltr'><strong>voluntatem</strong></span> <span class='ocrx_word' id='word_1_826' title='bbox 2208 4127 2357 4168; x_wconf 91' lang='lat' dir='ltr'><strong>suam</strong></span> <span class='ocrx_word' id='word_1_827' title='bbox 2379 4152 2393 4177; x_wconf 95' lang='lat'><strong>,</strong></span> <span class='ocrx_word' id='word_1_828' title='bbox 2426 4126 2530 4165; x_wconf 91' lang='lat' dir='ltr'><strong>non</strong></span> <span class='ocrx_word' id='word_1_829' title='bbox 2559 4106 2674 4178; x_wconf 91' lang='lat' dir='ltr'><strong>ejus</strong></span> <span class='ocrx_word' id='word_1_830' title='bbox 2693 4125 2723 4165; x_wconf 89' lang='lat' dir='ltr'><strong>a</strong></span> <span class='ocrx_word' id='word_1_831' title='bbox 2752 4125 2856 4180; x_wconf 86' lang='lat' dir='ltr'><strong>quo</strong></span> <span class='ocrx_word' id='word_1_832' title='bbox 2887 4108 3056 4164; x_wconf 81' lang='lat' dir='ltr'><strong>factus</strong></span> <span class='ocrx_word' id='word_1_833' title='bbox 3083 4117 3199 4175; x_wconf 90' lang='lat' dir='ltr'><strong>est;</strong></span> <span class='ocrx_word' id='word_1_834' title='bbox 3225 4108 3325 4165; x_wconf 90' lang='lat' dir='ltr'><strong>istc</strong></span> <span class='ocrx_word' id='word_1_835' title='bbox 3351 4125 3449 4164; x_wconf 87' lang='lat' dir='ltr'><strong>nos</strong></span> 
     </span>
    </p>
   </div>
   <div class='ocr_carea' id='block_1_107' title="bbox 1861 4201 3444 4271">
    <p class='ocr_par' dir='ltr' id='par_1_107' title="bbox 1861 4201 3444 4271">
     <span class='ocr_line' id='line_1_107' title="bbox 1861 4201 3444 4271; baseline -0.003 -10"><span class='ocrx_word' id='word_1_836' title='bbox 1861 4207 1914 4262; x_wconf 91' lang='lat' dir='ltr'><strong>in</strong></span> <span class='ocrx_word' id='word_1_837' title='bbox 1941 4222 2000 4262; x_wconf 91' lang='lat' dir='ltr'><strong>se</strong></span> <span class='ocrx_word' id='word_1_838' title='bbox 2023 4205 2199 4261; x_wconf 89' lang='lat' dir='ltr'><strong>salvos</strong></span> <span class='ocrx_word' id='word_1_839' title='bbox 2226 4204 2374 4271; x_wconf 81' lang='lat' dir='ltr'><strong>fecit,</strong></span> <span class='ocrx_word' id='word_1_840' title='bbox 2402 4217 2508 4258; x_wconf 92' lang='lat' dir='ltr'><strong>non</strong></span> <span class='ocrx_word' id='word_1_841' title='bbox 2535 4201 2777 4256; x_wconf 82' lang='lat' dir='ltr'><strong>faciendo</strong></span> <span class='ocrx_word' id='word_1_842' title='bbox 2803 4201 3127 4256; x_wconf 90' lang='lat' dir='ltr'><strong>voluntatem</strong></span> <span class='ocrx_word' id='word_1_843' title='bbox 3149 4214 3323 4268; x_wconf 85' lang='lat' dir='ltr'><strong>suam,</strong></span> <span class='ocrx_word' id='word_1_844' title='bbox 3351 4201 3444 4258; x_wconf 84' lang='lat' dir='ltr'><strong>sed</strong></span> 
     </span>
    </p>
   </div>
   <div class='ocr_carea' id='block_1_108' title="bbox 1862 4291 3446 4368">
    <p class='ocr_par' dir='ltr' id='par_1_108' title="bbox 1862 4291 3446 4368">
     <span class='ocr_line' id='line_1_108' title="bbox 1862 4291 3446 4368; baseline -0.005 -15"><span class='ocrx_word' id='word_1_845' title='bbox 1862 4297 1977 4368; x_wconf 85' lang='lat' dir='ltr'><strong>ejus</strong></span> <span class='ocrx_word' id='word_1_846' title='bbox 1997 4313 2026 4352; x_wconf 89' lang='lat' dir='ltr'><strong>a</strong></span> <span class='ocrx_word' id='word_1_847' title='bbox 2046 4311 2153 4367; x_wconf 92' lang='lat' dir='ltr'><strong>quo</strong></span> <span class='ocrx_word' id='word_1_848' title='bbox 2167 4295 2361 4350; x_wconf 90' lang='lat' dir='ltr'><strong>missus</strong></span> <span class='ocrx_word' id='word_1_849' title='bbox 2378 4302 2460 4350; x_wconf 90' lang='lat' dir='ltr'><strong>est</strong></span> <span class='ocrx_word' id='word_1_850' title='bbox 2482 4291 2660 4364; x_wconf 84' lang='lat' dir='ltr'><strong>(Joan.</strong></span> <span class='ocrx_word' id='word_1_851' title='bbox 2686 4308 2759 4360; x_wconf 84' lang='lat' dir='ltr'><strong>tv,</strong></span> <span class='ocrx_word' id='word_1_852' title='bbox 2775 4293 2864 4359; x_wconf 76' lang='grc'><strong>34,</strong></span> <span class='ocrx_word' id='word_1_853' title='bbox 2886 4303 3004 4356; x_wconf 89' lang='lat' dir='ltr'><strong>etv,</strong></span> <span class='ocrx_word' id='word_1_854' title='bbox 3028 4292 3120 4362; x_wconf 80' lang='grc'><strong>50)</strong></span> <span class='ocrx_word' id='word_1_855' title='bbox 3146 4308 3161 4346; x_wconf 90' lang='lat'><strong>:</strong></span> <span class='ocrx_word' id='word_1_856' title='bbox 3183 4291 3235 4346; x_wconf 90' lang='lat' dir='ltr'><strong>in</strong></span> <span class='ocrx_word' id='word_1_857' title='bbox 3259 4293 3446 4346; x_wconf 87' lang='lat' dir='ltr'><strong>horum</strong></span> 
     </span>
    </p>
   </div>
   <div class='ocr_carea' id='block_1_109' title="bbox 1862 4381 3446 4460">
    <p class='ocr_par' dir='ltr' id='par_1_109' title="bbox 1862 4381 3446 4460">
     <span class='ocr_line' id='line_1_109' title="bbox 1862 4381 3446 4460; baseline -0.006 -15"><span class='ocrx_word' id='word_1_858' title='bbox 1862 4403 1987 4460; x_wconf 89' lang='lat' dir='ltr'><strong>ergo</strong></span> <span class='ocrx_word' id='word_1_859' title='bbox 2011 4389 2239 4442; x_wconf 87' lang='lat' dir='ltr'><strong>duorum</strong></span> <span class='ocrx_word' id='word_1_860' title='bbox 2271 4385 2543 4440; x_wconf 92' lang='lat' dir='ltr'><strong>hominum</strong></span> <span class='ocrx_word' id='word_1_861' title='bbox 2573 4397 2734 4440; x_wconf 87' lang='lat' dir='ltr'><strong>causa</strong></span> <span class='ocrx_word' id='word_1_862' title='bbox 2764 4383 2975 4454; x_wconf 87' lang='lat' dir='ltr'><strong>proprie</strong></span> <span class='ocrx_word' id='word_1_863' title='bbox 3006 4383 3137 4438; x_wconf 91' lang='lat' dir='ltr'><strong>ﬁdes</strong></span> <span class='ocrx_word' id='word_1_864' title='bbox 3155 4381 3446 4438; x_wconf 87' lang='lat' dir='ltr'><strong>christiana</strong></span> 
     </span>
    </p>
   </div>
   <div class='ocr_carea' id='block_1_110' title="bbox 1863 4474 3450 4544">
    <p class='ocr_par' dir='ltr' id='par_1_110' title="bbox 1863 4474 3450 4544">
     <span class='ocr_line' id='line_1_110' title="bbox 1863 4474 3450 4544; baseline -0.005 -8"><span class='ocrx_word' id='word_1_865' title='bbox 1863 4481 2123 4536; x_wconf 88' lang='lat' dir='ltr'><strong>consistit.</strong></span> <span class='ocrx_word' id='word_1_866' title='bbox 2150 4479 2295 4536; x_wconf 89' lang='lat' dir='ltr'><strong>Unus</strong></span> <span class='ocrx_word' id='word_1_867' title='bbox 2311 4487 2393 4534; x_wconf 91' lang='lat' dir='ltr'><strong>est</strong></span> <span class='ocrx_word' id='word_1_868' title='bbox 2416 4477 2558 4532; x_wconf 91' lang='lat' dir='ltr'><strong>enim</strong></span> <span class='ocrx_word' id='word_1_869' title='bbox 2588 4477 2748 4544; x_wconf 89' lang='lat' dir='ltr'><strong>Deus,</strong></span> <span class='ocrx_word' id='word_1_870' title='bbox 2768 4483 2822 4531; x_wconf 88' lang='lat' dir='ltr'><strong>et</strong></span> <span class='ocrx_word' id='word_1_871' title='bbox 2847 4491 2982 4530; x_wconf 92' lang='lat' dir='ltr'><strong>unus</strong></span> <span class='ocrx_word' id='word_1_872' title='bbox 3005 4474 3260 4530; x_wconf 85' lang='lat' dir='ltr'><strong>mediator</strong></span> <span class='ocrx_word' id='word_1_873' title='bbox 3285 4475 3374 4530; x_wconf 88' lang='lat' dir='ltr'><strong>Dei</strong></span> <span class='ocrx_word' id='word_1_874' title='bbox 3395 4487 3450 4530; x_wconf 92' lang='lat' dir='ltr'><strong>ct</strong></span> 
     </span>
    </p>
   </div>
   <div class='ocr_carea' id='block_1_111' title="bbox 1865 4566 3448 4640">
    <p class='ocr_par' dir='ltr' id='par_1_111' title="bbox 1865 4566 3448 4640">
     <span class='ocr_line' id='line_1_111' title="bbox 1865 4566 3448 4640; baseline -0.003 -16"><span class='ocrx_word' id='word_1_875' title='bbox 1865 4571 2140 4626; x_wconf 91' lang='lat' dir='ltr'><strong>hominum</strong></span> <span class='ocrx_word' id='word_1_876' title='bbox 2161 4571 2319 4624; x_wconf 91' lang='lat' dir='ltr'><strong>homo</strong></span> <span class='ocrx_word' id='word_1_877' title='bbox 2341 4569 2588 4625; x_wconf 87' lang='lat' dir='ltr'><strong>Christus</strong></span> <span class='ocrx_word' id='word_1_878' title='bbox 2611 4568 2768 4624; x_wconf 75' lang='lat' dir='ltr'><strong>Iesus</strong></span> <span class='ocrx_word' id='word_1_879' title='bbox 2789 4567 2832 4640; x_wconf 90' lang='grc' dir='ltr'><strong>(ι</strong></span> <span class='ocrx_word' id='word_1_880' title='bbox 2852 4566 2986 4621; x_wconf 81' lang='lat' dir='ltr'><strong>Tim.</strong></span> <span class='ocrx_word' id='word_1_881' title='bbox 3008 4584 3064 4633; x_wconf 88' lang='grc' dir='ltr'><strong>ιι,</strong></span> <span class='ocrx_word' id='word_1_882' title='bbox 3082 4566 3158 4636; x_wconf 85' lang='grc'><strong>5).</strong></span> <span class='ocrx_word' id='word_1_883' title='bbox 3187 4567 3448 4634; x_wconf 87' lang='lat' dir='ltr'><strong>Quoniam</strong></span> 
     </span>
    </p>
   </div>
   <div class='ocr_carea' id='block_1_112' title="bbox 1864 4657 3452 4729">
    <p class='ocr_par' dir='ltr' id='par_1_112' title="bbox 1864 4657 3452 4729">
     <span class='ocr_line' id='line_1_112' title="bbox 1864 4657 3452 4729; baseline -0.003 -11"><span class='ocrx_word' id='word_1_884' title='bbox 1864 4679 1968 4718; x_wconf 91' lang='lat' dir='ltr'><strong>non</strong></span> <span class='ocrx_word' id='word_1_885' title='bbox 1987 4660 2222 4717; x_wconf 88' lang='lat' dir='ltr'><strong>estaliud</strong></span> <span class='ocrx_word' id='word_1_886' title='bbox 2240 4675 2432 4716; x_wconf 91' lang='lat' dir='ltr'><strong>nomen</strong></span> <span class='ocrx_word' id='word_1_887' title='bbox 2451 4661 2548 4714; x_wconf 90' lang='lat' dir='ltr'><strong>sub</strong></span> <span class='ocrx_word' id='word_1_888' title='bbox 2568 4660 2704 4715; x_wconf 70' lang='lat' dir='ltr'><strong>c0310</strong></span> <span class='ocrx_word' id='word_1_889' title='bbox 2724 4659 2904 4714; x_wconf 89' lang='lat' dir='ltr'><strong>datum</strong></span> <span class='ocrx_word' id='word_1_890' title='bbox 2926 4657 3253 4725; x_wconf 88' lang='lat' dir='ltr'><strong>hominibus,</strong></span> <span class='ocrx_word' id='word_1_891' title='bbox 3274 4659 3326 4713; x_wconf 90' lang='lat' dir='ltr'><strong>in</strong></span> <span class='ocrx_word' id='word_1_892' title='bbox 3345 4675 3452 4729; x_wconf 88' lang='lat' dir='ltr'><strong>quo</strong></span> 
     </span>
    </p>
   </div>
   <div class='ocr_carea' id='block_1_113' title="bbox 1865 4751 3453 4826">
    <p class='ocr_par' dir='ltr' id='par_1_113' title="bbox 1865 4751 3453 4826">
     <span class='ocr_line' id='line_1_113' title="bbox 1865 4751 3453 4826; baseline -0.003 -15"><span class='ocrx_word' id='word_1_893' title='bbox 1865 4763 2107 4826; x_wconf 83' lang='lat' dir='ltr'><strong>Oporteat</strong></span> <span class='ocrx_word' id='word_1_894' title='bbox 2128 4770 2224 4808; x_wconf 91' lang='lat' dir='ltr'><strong>nos</strong></span> <span class='ocrx_word' id='word_1_895' title='bbox 2244 4754 2417 4808; x_wconf 88' lang='lat' dir='ltr'><strong>salvos</strong></span> <span class='ocrx_word' id='word_1_896' title='bbox 2445 4753 2557 4808; x_wconf 91' lang='lat' dir='ltr'><strong>lleri</strong></span> <span class='ocrx_word' id='word_1_897' title='bbox 2580 4753 2716 4824; x_wconf 83' lang='lat' dir='ltr'><strong>(Act.</strong></span> <span class='ocrx_word' id='word_1_898' title='bbox 2741 4767 2813 4816; x_wconf 83' lang='lat' dir='ltr'><strong>IV,</strong></span> <span class='ocrx_word' id='word_1_899' title='bbox 2833 4751 2922 4825; x_wconf 75' lang='lat' dir='ltr'><strong>l2)</strong></span> <span class='ocrx_word' id='word_1_900' title='bbox 2950 4770 2962 4806; x_wconf 93' lang='lat'><strong>:</strong></span> <span class='ocrx_word' id='word_1_901' title='bbox 2987 4760 3041 4808; x_wconf 92' lang='lat' dir='ltr'><strong>et</strong></span> <span class='ocrx_word' id='word_1_902' title='bbox 3069 4753 3121 4806; x_wconf 91' lang='lat' dir='ltr'><strong>in</strong></span> <span class='ocrx_word' id='word_1_903' title='bbox 3150 4753 3240 4806; x_wconf 92' lang='lat' dir='ltr'><strong>illo</strong></span> <span class='ocrx_word' id='word_1_904' title='bbox 3264 4752 3453 4808; x_wconf 86' lang='lat' dir='ltr'><strong>delini-</strong></span> 
     </span>
    </p>
   </div>
   <div class='ocr_carea' id='block_1_114' title="bbox 1866 4843 3448 4915">
    <p class='ocr_par' dir='ltr' id='par_1_114' title="bbox 1866 4843 3448 4915">
     <span class='ocr_line' id='line_1_114' title="bbox 1866 4843 3448 4915; baseline -0.004 -14"><span class='ocrx_word' id='word_1_905' title='bbox 1866 4847 1942 4901; x_wconf 89' lang='lat' dir='ltr'><strong>vit</strong></span> <span class='ocrx_word' id='word_1_906' title='bbox 1966 4847 2106 4901; x_wconf 89' lang='lat' dir='ltr'><strong>Deus</strong></span> <span class='ocrx_word' id='word_1_907' title='bbox 2135 4844 2288 4900; x_wconf 90' lang='lat' dir='ltr'><strong>ﬁdem</strong></span> <span class='ocrx_word' id='word_1_908' title='bbox 2305 4845 2574 4910; x_wconf 91' lang='lat' dir='ltr'><strong>omnibus,</strong></span> <span class='ocrx_word' id='word_1_909' title='bbox 2593 4843 2856 4898; x_wconf 89' lang='lat' dir='ltr'><strong>suscitans</strong></span> <span class='ocrx_word' id='word_1_910' title='bbox 2881 4843 3028 4898; x_wconf 91' lang='lat' dir='ltr'><strong>illum</strong></span> <span class='ocrx_word' id='word_1_911' title='bbox 3047 4858 3079 4898; x_wconf 90' lang='lat' dir='ltr'><strong>a</strong></span> <span class='ocrx_word' id='word_1_912' title='bbox 3095 4844 3320 4898; x_wconf 89' lang='lat' dir='ltr'><strong>mortuis</strong></span> <span class='ocrx_word' id='word_1_913' title='bbox 3341 4843 3448 4915; x_wconf 85' lang='lat' dir='ltr'><strong>(Id.</strong></span> 
     </span>
    </p>
   </div>
   <div class='ocr_carea' id='block_1_115' title="bbox 1866 4933 3454 5008">
    <p class='ocr_par' dir='ltr' id='par_1_115' title="bbox 1866 4933 3454 5008">
     <span class='ocr_line' id='line_1_115' title="bbox 1866 4933 3454 5008; baseline -0.003 -15"><span class='ocrx_word' id='word_1_914' title='bbox 1866 4954 2006 5004; x_wconf 79' lang='lat' dir='ltr'><strong>xvii,</strong></span> <span class='ocrx_word' id='word_1_915' title='bbox 2051 4936 2164 5008; x_wconf 75' lang='lat' dir='ltr'><strong>5i).</strong></span> <span class='ocrx_word' id='word_1_916' title='bbox 2214 4936 2393 5006; x_wconf 85' lang='lat' dir='ltr'><strong>itaque</strong></span> <span class='ocrx_word' id='word_1_917' title='bbox 2421 4935 2536 4990; x_wconf 90' lang='lat' dir='ltr'><strong>sine</strong></span> <span class='ocrx_word' id='word_1_918' title='bbox 2580 4935 2678 4989; x_wconf 92' lang='lat' dir='ltr'><strong>ista</strong></span> <span class='ocrx_word' id='word_1_919' title='bbox 2710 4934 2815 4989; x_wconf 90' lang='lat' dir='ltr'><strong>ﬁde</strong></span> <span class='ocrx_word' id='word_1_920' title='bbox 2843 4975 2857 4999; x_wconf 93' lang='lat'><strong>,</strong></span> <span class='ocrx_word' id='word_1_921' title='bbox 2890 4933 2993 4989; x_wconf 91' lang='lat' dir='ltr'><strong>hoc</strong></span> <span class='ocrx_word' id='word_1_922' title='bbox 3022 4944 3138 5000; x_wconf 91' lang='lat' dir='ltr'><strong>est,</strong></span> <span class='ocrx_word' id='word_1_923' title='bbox 3192 4935 3308 4990; x_wconf 89' lang='lat' dir='ltr'><strong>sine</strong></span> <span class='ocrx_word' id='word_1_924' title='bbox 3350 4933 3454 4988; x_wconf 85' lang='lat' dir='ltr'><strong>ﬁde</strong></span> 
     </span>
    </p>
   </div>
   <div class='ocr_carea' id='block_1_116' title="bbox 1867 5023 3452 5084">
    <p class='ocr_par' dir='ltr' id='par_1_116' title="bbox 1867 5023 3452 5084">
     <span class='ocr_line' id='line_1_116' title="bbox 1867 5023 3452 5084; baseline -0.004 -1"><span class='ocrx_word' id='word_1_925' title='bbox 1867 5029 2023 5084; x_wconf 84' lang='lat' dir='ltr'><strong>unius</strong></span> <span class='ocrx_word' id='word_1_926' title='bbox 2065 5026 2372 5082; x_wconf 88' lang='lat' dir='ltr'><strong>mediatoris</strong></span> <span class='ocrx_word' id='word_1_927' title='bbox 2417 5027 2510 5081; x_wconf 87' lang='lat' dir='ltr'><strong>Dei</strong></span> <span class='ocrx_word' id='word_1_928' title='bbox 2555 5034 2606 5081; x_wconf 90' lang='lat' dir='ltr'><strong>et</strong></span> <span class='ocrx_word' id='word_1_929' title='bbox 2655 5025 2926 5080; x_wconf 86' lang='lat' dir='ltr'><strong>hominum</strong></span> <span class='ocrx_word' id='word_1_930' title='bbox 2976 5023 3207 5079; x_wconf 90' lang='lat' dir='ltr'><strong>hominis</strong></span> <span class='ocrx_word' id='word_1_931' title='bbox 3251 5023 3452 5079; x_wconf 86' lang='lat' dir='ltr'><strong>Christi</strong></span> 
     </span>
    </p>
   </div>
   <div class='ocr_carea' id='block_1_117' title="bbox 1867 5115 3452 5190">
    <p class='ocr_par' dir='ltr' id='par_1_117' title="bbox 1867 5115 3452 5190">
     <span class='ocr_line' id='line_1_117' title="bbox 1867 5115 3452 5190; baseline -0.006 -12"><span class='ocrx_word' id='word_1_932' title='bbox 1867 5122 2026 5187; x_wconf 81' lang='lat' dir='ltr'><strong>Jcsu;</strong></span> <span class='ocrx_word' id='word_1_933' title='bbox 2059 5122 2173 5179; x_wconf 85' lang='lat' dir='ltr'><strong>sine</strong></span> <span class='ocrx_word' id='word_1_934' title='bbox 2213 5119 2314 5174; x_wconf 88' lang='lat' dir='ltr'><strong>ﬁde</strong></span> <span class='ocrx_word' id='word_1_935' title='bbox 2337 5161 2353 5186; x_wconf 93' lang='lat'><strong>,</strong></span> <span class='ocrx_word' id='word_1_936' title='bbox 2395 5119 2608 5190; x_wconf 89' lang='lat' dir='ltr'><strong>inquam</strong></span> <span class='ocrx_word' id='word_1_937' title='bbox 2629 5159 2643 5184; x_wconf 94' lang='lat'><strong>,</strong></span> <span class='ocrx_word' id='word_1_938' title='bbox 2679 5116 3082 5173; x_wconf 83' lang='lat' dir='ltr'><strong>resurrectionis</strong></span> <span class='ocrx_word' id='word_1_939' title='bbox 3110 5115 3225 5186; x_wconf 91' lang='lat' dir='ltr'><strong>ejus</strong></span> <span class='ocrx_word' id='word_1_940' title='bbox 3249 5158 3263 5183; x_wconf 92' lang='lat'><strong>,</strong></span> <span class='ocrx_word' id='word_1_941' title='bbox 3294 5131 3452 5186; x_wconf 91' lang='lat' dir='ltr'><strong>quam</strong></span> 
     </span>
    </p>
   </div>
   <div class='ocr_carea' id='block_1_118' title="bbox 1872 5207 3453 5280">
    <p class='ocr_par' dir='ltr' id='par_1_118' title="bbox 1872 5207 3453 5280">
     <span class='ocr_line' id='line_1_118' title="bbox 1872 5207 3453 5280; baseline -0.007 -11"><span class='ocrx_word' id='word_1_942' title='bbox 1872 5215 2010 5269; x_wconf 90' lang='lat' dir='ltr'><strong>Deus</strong></span> <span class='ocrx_word' id='word_1_943' title='bbox 2038 5212 2284 5268; x_wconf 91' lang='lat' dir='ltr'><strong>omnibus</strong></span> <span class='ocrx_word' id='word_1_944' title='bbox 2311 5213 2332 5242; x_wconf 81' lang='grc'>¹</span> <span class='ocrx_word' id='word_1_945' title='bbox 2361 5209 2630 5275; x_wconf 91' lang='lat' dir='ltr'><strong>deﬁnivit,</strong></span> <span class='ocrx_word' id='word_1_946' title='bbox 2663 5224 2780 5280; x_wconf 76' lang='lat' dir='ltr'><strong>qua:</strong></span> <span class='ocrx_word' id='word_1_947' title='bbox 2822 5209 3004 5278; x_wconf 91' lang='lat' dir='ltr'><strong>utique</strong></span> <span class='ocrx_word' id='word_1_948' title='bbox 3046 5207 3162 5262; x_wconf 89' lang='lat' dir='ltr'><strong>sine</strong></span> <span class='ocrx_word' id='word_1_949' title='bbox 3207 5207 3453 5262; x_wconf 89' lang='lat' dir='ltr'><strong>incarna-</strong></span> 
     </span>
    </p>
   </div>
   <div class='ocr_carea' id='block_1_119' title="bbox 1870 5297 3456 5375">
    <p class='ocr_par' dir='ltr' id='par_1_119' title="bbox 1870 5297 3456 5375">
     <span class='ocr_line' id='line_1_119' title="bbox 1870 5297 3456 5375; baseline -0.007 -14"><span class='ocrx_word' id='word_1_950' title='bbox 1870 5307 2012 5361; x_wconf 90' lang='lat' dir='ltr'><strong>tione</strong></span> <span class='ocrx_word' id='word_1_951' title='bbox 2037 5304 2152 5375; x_wconf 88' lang='lat' dir='ltr'><strong>ejus</strong></span> <span class='ocrx_word' id='word_1_952' title='bbox 2195 5319 2257 5358; x_wconf 89' lang='lat' dir='ltr'><strong>ac</strong></span> <span class='ocrx_word' id='word_1_953' title='bbox 2297 5311 2465 5358; x_wconf 91' lang='lat' dir='ltr'><strong>morte</strong></span> <span class='ocrx_word' id='word_1_954' title='bbox 2493 5317 2596 5358; x_wconf 93' lang='lat' dir='ltr'><strong>non</strong></span> <span class='ocrx_word' id='word_1_955' title='bbox 2623 5310 2798 5372; x_wconf 90' lang='lat' dir='ltr'><strong>potest</strong></span> <span class='ocrx_word' id='word_1_956' title='bbox 2823 5300 3082 5356; x_wconf 87' lang='lat' dir='ltr'><strong>veraciter</strong></span> <span class='ocrx_word' id='word_1_957' title='bbox 3099 5298 3244 5355; x_wconf 90' lang='lat' dir='ltr'><strong>credi</strong></span> <span class='ocrx_word' id='word_1_958' title='bbox 3288 5317 3302 5353; x_wconf 90' lang='lat'><strong>:</strong></span> <span class='ocrx_word' id='word_1_959' title='bbox 3341 5297 3456 5357; x_wconf 82' lang='lat' dir='ltr'><strong>sine</strong></span> 
     </span>
    </p>
   </div>
   <div class='ocr_carea' id='block_1_120' title="bbox 1871 5391 3456 5468">
    <p class='ocr_par' dir='ltr' id='par_1_120' title="bbox 1871 5391 3456 5468">
     <span class='ocr_line' id='line_1_120' title="bbox 1871 5391 3456 5468; baseline -0.007 -14"><span class='ocrx_word' id='word_1_960' title='bbox 1871 5398 1976 5454; x_wconf 90' lang='lat' dir='ltr'><strong>ﬁde</strong></span> <span class='ocrx_word' id='word_1_961' title='bbox 2012 5411 2140 5468; x_wconf 82' lang='lat' dir='ltr'><strong>ergo</strong></span> <span class='ocrx_word' id='word_1_962' title='bbox 2188 5396 2567 5450; x_wconf 87' lang='lat' dir='ltr'><strong>incarnationis</strong></span> <span class='ocrx_word' id='word_1_963' title='bbox 2604 5404 2658 5450; x_wconf 91' lang='lat' dir='ltr'><strong>et</strong></span> <span class='ocrx_word' id='word_1_964' title='bbox 2710 5394 2898 5449; x_wconf 84' lang='lat' dir='ltr'><strong>mortis</strong></span> <span class='ocrx_word' id='word_1_965' title='bbox 2945 5402 2994 5448; x_wconf 93' lang='lat' dir='ltr'><strong>et</strong></span> <span class='ocrx_word' id='word_1_966' title='bbox 3047 5391 3456 5448; x_wconf 78' lang='lat' dir='ltr'><strong>resurrectionis</strong></span> 
     </span>
    </p>
   </div>
   <div class='ocr_carea' id='block_1_121' title="bbox 1871 5485 3455 5558">
    <p class='ocr_par' dir='ltr' id='par_1_121' title="bbox 1871 5485 3455 5558">
     <span class='ocr_line' id='line_1_121' title="bbox 1871 5485 3455 5558; baseline -0.006 -13"><span class='ocrx_word' id='word_1_967' title='bbox 1871 5489 2064 5546; x_wconf 88' lang='lat' dir='ltr'><strong>Christi</strong></span> <span class='ocrx_word' id='word_1_968' title='bbox 2089 5529 2104 5552; x_wconf 91' lang='lat'><strong>,</strong></span> <span class='ocrx_word' id='word_1_969' title='bbox 2136 5503 2233 5543; x_wconf 89' lang='lat' dir='ltr'><strong>nec</strong></span> <span class='ocrx_word' id='word_1_970' title='bbox 2259 5487 2505 5558; x_wconf 90' lang='lat' dir='ltr'><strong>antiquos</strong></span> <span class='ocrx_word' id='word_1_971' title='bbox 2525 5486 2721 5557; x_wconf 91' lang='lat' dir='ltr'><strong>justos,</strong></span> <span class='ocrx_word' id='word_1_972' title='bbox 2751 5494 2808 5540; x_wconf 93' lang='lat' dir='ltr'><strong>ut</strong></span> <span class='ocrx_word' id='word_1_973' title='bbox 2831 5485 2958 5556; x_wconf 93' lang='lat' dir='ltr'><strong>justi</strong></span> <span class='ocrx_word' id='word_1_974' title='bbox 2987 5491 3184 5549; x_wconf 91' lang='lat' dir='ltr'><strong>essent,</strong></span> <span class='ocrx_word' id='word_1_975' title='bbox 3211 5497 3239 5536; x_wconf 89' lang='lat' dir='ltr'><strong>a</strong></span> <span class='ocrx_word' id='word_1_976' title='bbox 3268 5497 3455 5552; x_wconf 70' lang='lat' dir='ltr'><strong>prcca-</strong></span> 
     </span>
    </p>
   </div>
   <div class='ocr_carea' id='block_1_122' title="bbox 1873 5573 3455 5650">
    <p class='ocr_par' dir='ltr' id='par_1_122' title="bbox 1873 5573 3455 5650">
     <span class='ocr_line' id='line_1_122' title="bbox 1873 5573 3455 5650; baseline -0.004 -15"><span class='ocrx_word' id='word_1_977' title='bbox 1873 5581 1939 5635; x_wconf 93' lang='lat' dir='ltr'><strong>tis</strong></span> <span class='ocrx_word' id='word_1_978' title='bbox 1959 5580 2191 5650; x_wconf 87' lang='lat' dir='ltr'><strong>potuisse</strong></span> <span class='ocrx_word' id='word_1_979' title='bbox 2223 5578 2465 5633; x_wconf 90' lang='lat' dir='ltr'><strong>mundari</strong></span> <span class='ocrx_word' id='word_1_980' title='bbox 2488 5620 2501 5642; x_wconf 94' lang='lat'><strong>,</strong></span> <span class='ocrx_word' id='word_1_981' title='bbox 2535 5587 2586 5632; x_wconf 90' lang='lat' dir='ltr'><strong>et</strong></span> <span class='ocrx_word' id='word_1_982' title='bbox 2616 5577 2708 5632; x_wconf 87' lang='lat' dir='ltr'><strong>Dei</strong></span> <span class='ocrx_word' id='word_1_983' title='bbox 2732 5577 2895 5648; x_wconf 82' lang='lat' dir='ltr'><strong>gratia</strong></span> <span class='ocrx_word' id='word_1_984' title='bbox 2919 5573 3226 5646; x_wconf 82' lang='lat' dir='ltr'><strong>justiiicari,</strong></span> <span class='ocrx_word' id='word_1_985' title='bbox 3261 5574 3455 5628; x_wconf 82' lang='lat' dir='ltr'><strong>veritas</strong></span> 
     </span>
    </p>
   </div>
   <div class='ocr_carea' id='block_1_123' title="bbox 1938 5729 2773 5794">
    <p class='ocr_par' dir='ltr' id='par_1_123' title="bbox 1938 5729 2773 5794">
     <span class='ocr_line' id='line_1_123' title="bbox 1938 5729 2773 5794; baseline -0.004 -15"><span class='ocrx_word' id='word_1_986' title='bbox 1938 5737 1949 5766; x_wconf 87' lang='grc'>¹</span> <span class='ocrx_word' id='word_1_987' title='bbox 1981 5744 2071 5782; x_wconf 64' lang='grc' dir='ltr'><strong>ικιιι.</strong></span> <span class='ocrx_word' id='word_1_988' title='bbox 2095 5740 2167 5781; x_wconf 76' lang='lat' dir='ltr'><strong>Er.</strong></span> <span class='ocrx_word' id='word_1_989' title='bbox 2197 5741 2247 5782; x_wconf 77' lang='lat' dir='ltr'><strong>et</strong></span> <span class='ocrx_word' id='word_1_990' title='bbox 2275 5740 2402 5790; x_wconf 60' lang='lat' dir='ltr'><strong>MSS”,</strong></span> <span class='ocrx_word' id='word_1_991' title='bbox 2430 5732 2653 5794; x_wconf 81' lang='lat' dir='ltr'><strong>quoniam</strong></span> <span class='ocrx_word' id='word_1_992' title='bbox 2675 5729 2773 5780; x_wconf 63' lang='lat' dir='ltr'><strong>illo.</strong></span> 
     </span>
    </p>
   </div>
   <div class='ocr_carea' id='block_1_124' title="bbox 1938 5795 2968 5855">
    <p class='ocr_par' dir='ltr' id='par_1_124' title="bbox 1938 5795 2968 5855">
     <span class='ocr_line' id='line_1_124' title="bbox 1938 5795 2968 5855; baseline -0.004 -11"><span class='ocrx_word' id='word_1_993' title='bbox 1938 5801 1955 5828; x_wconf 74' lang='grc' dir='ltr'>ί</span> <span class='ocrx_word' id='word_1_994' title='bbox 1983 5798 2116 5855; x_wconf 56' lang='lat' dir='ltr'><strong>editi,</strong></span> <span class='ocrx_word' id='word_1_995' title='bbox 2142 5795 2423 5845; x_wconf 74' lang='lat' dir='ltr'><strong>hominitms.</strong></span> <span class='ocrx_word' id='word_1_996' title='bbox 2449 5796 2747 5855; x_wconf 75' lang='lat' dir='ltr'><strong>tiastigantur</strong></span> <span class='ocrx_word' id='word_1_997' title='bbox 2774 5807 2834 5840; x_wconf 74' lang='lat' dir='ltr'><strong>cx</strong></span> <span class='ocrx_word' id='word_1_998' title='bbox 2863 5799 2968 5840; x_wconf 46' lang='grc' dir='ltr'><strong>λιες.</strong></span> 
     </span>
    </p>
   </div>
  </div>
