3938 6506
571 343 673 406 3J9

571 455 857 511 christiana
887 466 990 507 non
1023 450 1220 506 dubitat
1261 468 1270 500 :
1301 448 1410 501 sive
1442 446 1492 499 in
1515 446 1763 516 eisjustls
1794 461 1930 515 quos
1961 456 2141 500 sancta

569 546 839 617 Scriptura
861 546 1264 605 commemorat,
1292 537 1402 592 sive
1423 536 1474 592 in
1498 536 1576 592 eis
1597 536 1755 607 justis
1774 551 1907 607 quos
1934 535 2147 606 quidem

570 639 655 693 illa
705 651 811 691 non
858 639 1273 696 commemorat,
1321 627 1416 684 sed
1461 636 1637 683 tamen
1688 626 1853 683 fuisse
1899 626 2149 682 credendi

570 736 693 784 sunt
711 768 726 792 ,
749 725 830 782 vel
854 733 977 778 ante
997 720 1251 778 diluvium
1274 762 1287 787 ,
1317 718 1400 774 vel
1429 717 1551 773 inde
1578 730 1745 787 usque
1771 716 1838 772 ad
1871 717 2040 786 legem
2066 714 2153 770 da-
2185 714 2196 723 '

570 828 713 884 tam,
753 815 836 871 vel
877 813 1041 886 ipsius
1068 811 1201 882 legis
1245 821 1517 880 tempore,
1566 822 1669 862 non
1715 808 1886 862 solum
1930 807 1985 860 in
2029 804 2149 860 ﬁliis

571 908 731 963 Israel
752 949 767 974 ,
798 908 936 964 sicut
963 904 1177 961 fuerunt
1200 902 1505 973 Proiibetee,
1531 901 1624 956 sed
1652 901 1808 957 etiam
1833 908 1983 955 extra
2007 914 2148 955 eum-

568 1003 688 1056 dem
718 999 969 1071 populum
991 1040 1006 1066 ,
1036 998 1173 1052 sicut
1196 995 1290 1050 luit
1329 994 1450 1050 Job.
1475 994 1543 1047 Et
1563 994 1795 1063 ipsorum
1821 992 1962 1047 enim
1987 991 2145 1046 corda

565 1093 754 1150 eadem
786 1091 1174 1148 mundabantur
1203 1088 1508 1144 mediatoris
1528 1087 1651 1153 ﬁde,
1679 1095 1733 1142 et
1756 1085 2147 1142 diﬂ'undebatur

566 1187 619 1241 in
645 1186 725 1241 eis
750 1184 981 1240 charitas
1018 1197 1113 1252 per
1156 1180 1409 1251 Spiritum
1437 1186 1678 1235 sanctum
1722 1177 1897 1250 (Rom.
1940 1194 2003 1245 v,
2050 1176 2105 1249 5)
2128 1218 2143 1244 ,

539 1271 544 1281 ”
566 1276 656 1348 qui
683 1276 772 1332 ubi
797 1276 910 1330 vult
932 1274 1097 1344 spirat
1122 1272 1298 1346 (toan.
1323 1287 1414 1338 ιιι,
1441 1269 1521 1341 8),
1550 1284 1658 1324 non
1680 1269 1864 1324 merita
1890 1282 2142 1339 sequens,

463 1358 469 1366 ’
568 1368 664 1424 sed
688 1368 848 1424 etiam
878 1367 988 1436 ipsa
1016 1365 1203 1421 merita
1242 1364 1456 1418 faciens.
1499 1360 1613 1416 Non
1658 1360 1797 1416 enim
1842 1360 1934 1415 Dei
1977 1359 2146 1430 gratia

569 1460 737 1531 gratia
775 1459 878 1516 erit
897 1458 1004 1513 ullo
1025 1455 1202 1524 modo,
1232 1455 1331 1510 nisi
1359 1455 1586 1527 gratuita
1607 1452 1768 1508 fuerit
1793 1453 1939 1507 omni
1965 1452 2142 1508 modo.

637 1551 726 1608 29.
756 1550 1008 1620 Quamvis
1035 1563 1162 1619 ergo
1190 1561 1333 1601 mors
1361 1545 1660 1617 regnaverit
1681 1546 1748 1600 ab
1784 1544 1953 1600 Adam
1981 1559 2147 1615 usque

567 1642 635 1697 ad
658 1641 872 1713 Moysen
899 1638 1073 1713 (Rom.
1101 1654 1154 1705 v,
1179 1634 1286 1708 11),
1317 1636 1438 1706 quia
1471 1650 1576 1691 non
1605 1651 1721 1691 eam
1743 1634 1916 1705 potuit
1933 1634 2147 1690 vincere

567 1749 666 1789 nee
682 1732 767 1788 lex
795 1730 914 1787 data
943 1745 1040 1800 per
1063 1728 1310 1800 Moysen;
1340 1741 1447 1782 non
1469 1726 1609 1782 enim
1635 1725 1756 1782 data
1777 1734 1858 1781 est
1885 1740 2001 1796 quia
2025 1739 2178 1795 ρος-ι

565 1832 649 1879 set
671 1822 936 1879 viviﬁcare
955 1819 1147 1892 (Colat.
1170 1835 1257 1886 ιιι,
1283 1817 1415 1892 21),
1445 1818 1540 1874 sed
1574 1832 1693 1889 qua:
1714 1826 1987 1883 mortuos,
2031 1816 2146 1888 qui-

567 1915 667 1970 bus
691 1911 1017 1969 viviﬁcandis
1044 1919 1189 1968 esset
1230 1909 1398 1981 gratia
1435 1909 1736 1965 necessaria
1762 1949 1776 1975 ,
1825 1924 1931 1964 non
1971 1908 2143 1963 solum

554 2006 765 2077 peccati
798 2005 1173 2076 propagatione
1198 2010 1254 2059 et
1288 2002 1649 2057 dominatione
1691 2009 1983 2070 prostratos
2006 2042 2019 2067 ,
2049 2016 2142 2057 ve-

562 2112 681 2152 rum
707 2096 866 2152 etiam
895 2095 1060 2166 ipsius
1096 2093 1228 2164 legis
1267 2092 1443 2148 addita
1486 2093 1919 2162 praevaricatione
1958 2092 2141 2147 convi-

543 2197 695 2249 ctos,
724 2186 946 2243 deberet
965 2185 1281 2251 ostendere;
1314 2198 1420 2238 non
1460 2193 1517 2238 ut
1553 2184 1751 2254 periret
1775 2184 2014 2255 quisquis
2041 2184 2142 2239 hoc

558 2282 613 2336 in
641 2280 733 2336 Dei
764 2275 1126 2334 misericordia
1147 2275 1311 2331 etiam
1340 2286 1466 2330 tunc
1489 2275 1831 2361 intelligeret,
1855 2276 1949 2344 sed
1971 2284 2027 2331 ut
2048 2291 2141 2346 per

546 2387 778 2443 regnum
807 2369 995 2424 mortis
1020 2366 1085 2423 ad
1119 2367 1439 2438 supplicium
1470 2366 1764 2424 destinatus
1783 2409 1798 2434 ,
1838 2368 1998 2423 etiam
2038 2368 2139 2424 sibi

558 2465 657 2536 ipsi
700 2465 716 2496 ι
759 2478 854 2534 per
890 2461 1380 2533 praevaricationem
1418 2459 1550 2531 legis
1596 2458 2001 2527 manilestatus,
2044 2461 2137 2516 Dei

543 2563 821 2626 quaereret
839 2552 1189 2624 adjutorium,
1213 2558 1270 2606 ut
1294 2550 1383 2606 ubi
1412 2550 1703 2606 abundavit
1721 2559 1994 2621 peccatum
2012 2593 2026 2617 ,
2057 2567 2140 2606 su-

555 2645 943 2716 perabundaret
965 2644 1133 2716 gratia
1154 2642 1330 2715 (Rom.
1353 2658 1415 2711 v,
1444 2642 1574 2713 20),
1596 2659 1714 2713 qua:
1742 2644 1854 2700 sola
1879 2644 2067 2700 liberat
2104 2660 2134 2699 a

546 2752 780 2808 corpore
809 2737 995 2792 mortis
1026 2735 1184 2806 hujus
1209 2732 1319 2808 (Id.
1349 2750 1421 2791 vn
1440 2776 1458 2803 ,
1479 2734 1580 2803 24,
1611 2734 1728 2807 25).

626 2828 852 2885 CAPUT
888 2826 1055 2883 XXV.
1085 2855 1159 2868 —
1185 2824 1435 2894 Quamvis
1460 2840 1587 2897 ergo
1628 2840 1725 2882 nec
1750 2826 1836 2882 lex
1871 2842 1966 2897 per
1992 2827 2136 2899 Moy-

554 2938 648 2979 sen
673 2921 793 2977 data
833 2918 1062 2991 potuerit
1104 2933 1133 2972 a
1159 2933 1424 2989 quoquam
1464 2917 1680 2972 homine
1701 2933 1921 2989 regnum
1951 2920 2137 2974 mortis

550 3013 797 3079 auferre;
820 3019 973 3067 erant
1000 3019 1174 3065 tamen
1200 3019 1253 3064 et
1277 3008 1407 3079 legis
1433 3016 1675 3078 tempore
1719 3008 1963 3065 homines
1998 3009 2131 3074 Dei,

545 3120 659 3161 non
688 3103 788 3159 sub
817 3104 930 3173 lege
952 3108 1205 3169 terrente,
1225 3098 1595 3168 convincente,
1621 3098 1890 3169 puniente,
1920 3098 2017 3155 sed
2035 3099 2135 3154 sub

549 3196 714 3266 gratia
742 3193 1063 3258 delectante,
1085 3199 1338 3255 sanante,
1365 3190 1644 3246 liberante.
1677 3190 1843 3245 Erant
1872 3191 1962 3262 qui
1984 3192 2130 3247 diee-

548 3295 702 3354 rent,
728 3286 839 3358 Ego
860 3285 913 3339 in
938 3282 1279 3356 iniquitatibus
1303 3292 1571 3354 conceptus
1589 3299 1733 3349 sum,
1761 3293 1807 3338 et
1830 3284 1886 3337 in
1923 3285 2135 3354 peccatis

548 3387 709 3432 mater
732 3393 843 3431 mea
867 3391 948 3430 me
965 3375 1018 3429 in
1037 3384 1178 3430 utero
1200 3373 1362 3439 aluit;
1384 3382 1466 3439 et,
1494 3372 1616 3428 Non
1644 3382 1715 3429 est
1743 3390 1846 3446 pas:
1867 3374 1919 3429 in
1940 3373 2132 3429 ossibus

546 3471 673 3524 meis
694 3484 726 3521 a
754 3468 884 3537 {acie
912 3475 1231 3537 peccatorum
1255 3481 1480 3519 nieorum
1508 3461 1679 3537 (Psal.
1710 3479 1894 3520 xsxvn
1914 3506 1928 3530 ,
1951 3465 2029 3536 4);
2055 3474 2128 3531 et,

549 3559 648 3614 Cor
675 3559 918 3614 mundum
941 3573 1054 3612 crea
1076 3557 1127 3610 in
1150 3572 1249 3624 me,
1279 3554 1440 3621 Deus,
1476 3565 1523 3609 et
1555 3556 1791 3626 spiritum
1827 3566 2016 3611 rectum
2052 3558 2134 3612 in-

544 3667 674 3706 uova
694 3651 746 3705 in
770 3649 1034 3704 visceribus
1063 3649 1217 3714 meis;
1240 3658 1330 3716 et,
1361 3646 1561 3720 Spiritu
1590 3648 1860 3719 principali
1886 3650 2132 3719 conﬁrma

544 3759 658 3808 me;
679 3751 751 3807 et,
782 3740 1032 3812 Spiritum
1057 3749 1285 3796 sanctum
1312 3749 1454 3794 tuum
1482 3756 1546 3796 ne
1567 3739 1767 3811 auferas
1793 3757 1824 3794 a
1849 3758 1928 3796 me
1957 3741 2127 3816 (Psal.

545 3851 596 3900 ι..
620 3836 674 3901 7,
703 3834 802 3900 12,
834 3835 921 3899 lt,
952 3831 1062 3906 15).
1089 3832 1254 3887 Erant
1281 3831 1371 3903 qui
1396 3831 1656 3900 dicerent,
1674 3831 1901 3903 Credidi,
1925 3845 2130 3906 propter

543 3928 677 3995 quod
694 3927 890 3981 locutus
914 3940 1025 3979 sum
1055 3923 1226 3994 (Psal.
1255 3939 1381 3990 cxv,
1408 3926 1483 3996 1).
1510 3924 1710 3980 Eadem
1729 3927 1927 3998 quippe
1951 3937 2006 3983 et
2030 3929 2131 3998 ipsi

543 4017 937 4073 mundabantur
958 4016 1082 4085 ﬁde,
1111 4032 1213 4088 qua
1239 4026 1294 4073 et
1324 4033 1441 4074 nos.
1472 4017 1626 4075 Unde
1656 4028 1711 4076 et
1733 4022 2017 4091 Apostolus
2040 4022 2127 4077 di-

543 4110 649 4177 cit,
683 4107 933 4164 Habentes
964 4117 1128 4162 autem
1151 4109 1378 4162 eumdem
1405 4110 1637 4181 spiritum
1676 4111 1824 4181 ﬁdei,
1853 4114 2128 4168 secundum

544 4203 678 4273 quod
701 4202 945 4271 scriptum
965 4212 1035 4255 est
1055 4242 1070 4265 ,
1098 4200 1336 4267 Credidi,
1369 4212 1573 4273 propter
1601 4203 1736 4274 quod
1759 4205 1955 4260 locutus
1979 4223 2126 4273 sum;

544 4302 590 4346 et
627 4307 719 4346 nos
743 4292 1023 4357 credimus,
1047 4301 1252 4362 propter
1275 4293 1410 4363 quod
1446 4302 1490 4347 et
1511 4293 1764 4366 loquimur
1788 4296 1851 4369 (ll
1889 4298 2002 4352 Cor.
2032 4314 2091 4354 tv
2110 4342 2124 4364 ,

543 4382 655 4455 15).
683 4384 759 4439 Ex
799 4383 913 4456 ipsa
946 4383 1050 4440 ﬁde
1073 4384 1349 4440 dicebatur
1370 4426 1386 4452 ,
1419 4385 1552 4440 Ecce
1575 4388 1711 4458 virgo
1735 4389 1789 4443 in
1828 4400 1968 4444 utero
1996 4391 2130 4446 acci-

542 4478 663 4549 piet,
685 4484 735 4531 et
758 4476 919 4548 pariet
939 4476 1127 4545 ﬁlium;
1146 4484 1190 4531 et
1213 4476 1459 4531 uocabunt
1481 4493 1659 4532 nomen
1675 4481 1783 4550 ejus
1802 4480 2124 4551 Emmanuel,

541 4569 675 4638 quod
699 4577 769 4622 est
806 4568 1219 4637 interpretatum,
1253 4567 1528 4624 Nobiscum
1562 4569 1695 4626 Deus
1721 4572 1874 4642 (lsai.
1909 4591 2004 4641 vn,
2037 4578 2123 4641 M.

540 4670 586 4716 et
629 4660 811 4714 Matth.
838 4677 889 4725 ι,
917 4662 1032 4730 25).
1067 4662 1140 4716 Ex
1180 4662 1292 4732 ipsa
1331 4661 1436 4717 ﬁde
1464 4661 1533 4718 de
1570 4663 1687 4733 ipso
1715 4663 2021 4735 dicebatur,
2058 4668 2127 4722 Et

540 4751 649 4818 ipse
671 4758 909 4818 tanquam
931 4766 1146 4821 sponsus
1177 4750 1450 4820 procedens
1469 4751 1531 4805 de
1559 4751 1781 4816 thalamo
1800 4771 1892 4810 suo
1921 4772 1940 4810 :
1959 4759 2126 4813 exsul-

541 4841 662 4895 tavit
688 4849 741 4894 ut
759 4842 902 4912 gigas
926 4841 994 4895 ad
1018 4841 1320 4897 currendum
1341 4844 1497 4907 viam;
1516 4861 1547 4898 a
1567 4861 1761 4900 summo
1784 4848 1897 4902 caeli
1921 4849 1941 4881 ’
1961 4866 2126 4919 egres-

539 4932 615 4985 sio
644 4931 753 5001 ejus
776 4972 791 4999 ,
837 4939 884 4985 et
921 4946 1157 4986 occursus
1183 4934 1294 5003 ejus
1324 4950 1479 5004 usque
1519 4936 1587 4989 ad
1625 4953 1871 4992 summum
1898 4940 2051 5005 caeli;
2076 4952 2124 4996 et

540 5037 642 5075 non
672 5030 743 5075 est
779 5020 865 5089 qui
886 5036 940 5075 se
966 5020 1236 5075 abscondat
1275 5038 1307 5076 a
1334 5023 1503 5079 caiore
1526 5027 1633 5096 ejus
1668 5026 1840 5097 (Psal.
1877 5046 2037 5098 xvui,
2064 5032 2117 5099 6,

540 5113 620 5181 7).
651 5112 727 5167 Ex
756 5112 859 5168 ﬁde
885 5112 996 5184 ipsa
1023 5114 1121 5182 ipsi
1146 5113 1439 5183 dicebatur,
1474 5117 1704 5175 Thronus
1728 5131 1861 5187 tuus,
1888 5123 2044 5191 Deus,
2068 5126 2122 5180 in

536 5206 777 5260 scculum
819 5205 1021 5283 saeculi,
1052 5205 1194 5277 virga
1217 5206 1503 5264 directionis
1520 5252 1535 5277 ,
1564 5210 1704 5283 virga
1733 5214 1871 5283 regni
1899 5215 2014 5271 tui:
2043 5216 2122 5271 di-

538 5294 704 5349 lexisti
723 5280 976 5365 justitiam
998 5334 1014 5361 ,
1045 5304 1090 5349 et
1114 5295 1267 5350 odisti
1299 5297 1607 5364 iniquitatem
1629 5280 1655 5367 ,v
1687 5280 1948 5371 propterea
1979 5308 2123 5363 unxit

536 5398 603 5450 te,
632 5386 799 5454 Deus,
835 5385 969 5442 Deus
1007 5397 1124 5442 tuus
1148 5389 1257 5442 oleo
1277 5390 1625 5447 exsultationis
1663 5409 1770 5464 prie
1794 5397 2119 5467 participibus

537 5480 635 5534 tuis
663 5477 833 5550 (Psul.
857 5494 996 5544 XLIV,
1020 5479 1074 5544 7,
1097 5480 1175 5550 8).
1199 5480 1398 5536 Eodem
1428 5472 1615 5552 Spiritu
1641 5484 1760 5540 ﬁdei
1788 5486 1855 5540 ab
1880 5487 1982 5542 illis
2002 5489 2115 5546 hiec

538 5569 707 5623 futura
738 5570 1085 5638 videbantur,
1116 5585 1223 5642 quo
1249 5587 1279 5626 a
1324 5572 1477 5628 nobis
1502 5573 1635 5630 facta
1672 5576 1979 5632 creduntur.
2012 5578 2115 5637 Ne-

547 5780 555 5789 .
601 5722 616 5753 ί
647 5723 894 5833 valt’iicanus
917 5731 1017 5784 Ms,
1042 5724 1107 5775 ad
1127 5731 1360 5777 internum
1384 5725 1670 5791 supplicium
1687 5728 1949 5782 destinatus
1972 5736 2114 5785 etiam

547 5794 639 5833 Inst)
664 5794 702 5830 si
758 5819 769 5830 .

541 5794 639 5844 Ipse
664 5794 769 5833 Hm.

604 5845 622 5873 ί
645 5844 779 5909 mliti,
805 5844 937 5896 caelo.
961 5855 1084 5910 Mss,
1112 5852 1233 5901 creti.
1798 5904 1825 5937 δ

1822 329 1877 387 3.
1919 327 2282 387 AUGUSTINI
2327 327 2628 383 El’lSCOPl

2255 458 2359 511 que
2399 444 2539 496 enim
2567 444 2656 514 qui
2687 444 2839 499 nobis
2864 444 2975 549 ista
3019 447 3157 549 ﬁdeli
3177 378 3747 549 dilectione‘prOphezz

2259 542 2575 637 potuerunt,
2632 550 2836 637 eorum-
2863 536 2961 606 ipsi
3012 541 3283 637 participes
3327 566 3424 609 non
3472 536 3749 637 [ἀρώηιίὶῖ

2257 626 2397 726 unde
2434 635 2515 681 cst
2552 626 2693 696 quod
2734 628 2863 726 dic-it
2904 632 3173 699 apostolus
3213 638 3417 713 Petrus,
3446 650 3567 717 Quid
3596 626 3751 726 una};

2255 715 2422 770 Deum
2447 759 2462 784 ,
2510 718 2769 788 imponere
2797 719 2983 791 jugum
3021 737 3171 793 supra
3195 729 3371 786 collum
3414 715 3739 813 etiam“;

2255 808 2390 878 quod
2416 824 2571 879 neque
2599 818 2765 913 patre:
2805 811 2995 877 nostri,
3021 829 3176 884 neque
3200 834 3290 875 nos
3316 808 3546 891 potuimus

2254 902 2342 954 sed
2367 916 2455 999 per
2475 901 2689 999 gratiam
2712 899 2920 999 Domini
2945 902 2977 957 J
2983 921 3081 999 esu‘
3093 908 3332 999 credimus
3345 918 3462 972 salui
3594 969 3608 994 ,
3630 899 3752 999 quin:

2255 990 2544 1096 admpdun:
2553 1000 2599 1045 et
2622 992 2712 1096 illi.
2728 992 2864 1096 (Aci.
2896 995 3110 1096 ila-Hi,
3143 998 3231 1070 ll)
3257 1020 3270 1055 ε
3293 1006 3390 1060 nisi
3407 1015 3520 1079 quia
3541 990 3662 1078 etilli
3684 990 3753 1096 per

2253 1084 2714 1186 gratiam-Domini
2735 1085 2861 1141 Jesu
2889 1085 3088 1143 Christi
3110 1092 3237 1147 salvi
3262 1092 3377 1152 facti
3406 1114 3553 1173 sunt,
3572 1125 3662 1168 non
3684 1084 3750 1186 per

2254 1174 2422 1245 legem
2450 1175 2637 1246 Moysi,
2672 1192 2767 1246 per
2790 1194 2948 1249 quam
2979 1195 3083 1234 non
3110 1186 3310 1241 sanatio
3332 1230 3346 1254 ,
3368 1192 3456 1247 sed
3478 1174 3753 1267 cognitio'est

2256 1264 2388 1319 facta
2418 1267 2659 1336 peccati?
2692 1266 2745 1320 Ν
2749 1284 2844 1321 unc
2866 1278 3032 1323 autem
3070 1271 3179 1326 sine
3203 1276 3307 1346 lege
3320 1279 3510 1348 justitia
3527 1264 3608 1343 Dei
3629 1301 3753 1351 mani.

2254 1360 2432 1428 festata
2477 1366 2585 1422 est,
2629 1359 2895 1455 testiﬁcata
2931 1373 3021 1430 per
3046 1361 3227 1455 Legem
3254 1377 3300 1420 et
3330 1367 3589 1443 Prophetas
3621 1381 3754 1455 (Rom.

2254 1464 2342 1513 ιιι,
2370 1448 2441 1504 20
2460 1491 2475 1517 ,
2500 1449 2613 1522 21).
2643 1448 2699 1506 Si
2724 1466 2854 1522 ergo
2879 1467 3019 1507 nunc
3044 1454 3372 1514 manifestata
3394 1475 3490 1529 est,
3507 1448 3644 1526 etiam
3663 1484 3759 1535 tunc

2252 1550 2396 1605 erat,
2443 1541 2538 1597 sed
2578 1543 2803 1598 occulta.
2848 1544 3010 1615 Cujus
3054 1547 3451 1607 occultationem
3494 1557 3758 1628 signiﬁcabat

2253 1633 2432 1703 templi
2464 1634 2657 1700 velum,
2688 1635 2828 1705 quod
2857 1646 2939 1691 est
2966 1637 3032 1691 ad
3056 1637 3176 1707 ejus
3202 1640 3573 1710 signiﬁcandam
3596 1657 3754 1711 revela-

2252 1724 2448 1780 tionem
2495 1724 2709 1780 Christo
2739 1727 2999 1783 moriente
3026 1730 3348 1787 conscissum
3399 1734 3594 1804 (Matth.
3618 1759 3757 1815 mn,

2251 1815 2360 1886 51).
2390 1815 2454 1870 Ει
2494 1824 2620 1872 tunc
2645 1832 2773 1887 ergo
2813 1817 2910 1872 ista
2935 1819 3104 1888 gratia
3129 1822 3284 1877 unius
3306 1826 3591 1885 mediatoris
3616 1832 3692 1889 Dei
3720 1850 3759 1893 et

2251 1908 2525 1965 hominum
2551 1910 2783 1966 hominis
2808 1912 3007 1969 Christi
3043 1913 3172 1970 Jesu
3192 1956 3208 1983 ,
3236 1928 3346 1974 erat
3373 1921 3422 1975 in
3461 1928 3632 1995 popqu
3652 1931 3723 1987 Dei
3746 1952 3757 1987 ε

2251 2001 2342 2056 sed
2376 2012 2621 2073 tanquam
2655 2004 2709 2059 in
2750 2005 3155 2077 vellerepluvia
3177 2050 3192 2077 ,
3221 2024 3374 2080 quam
3413 2029 3508 2070 non
3548 2018 3758 2091 debitam,

2250 2093 2344 2148 sed
2372 2094 2723 2151 voluntariam
2751 2105 2996 2169 segregat
3029 2097 3177 2155 Deus
3206 2101 3489 2161 haereditati
3517 2113 3758 2183 stite(Psal.

2250 2199 2409 2250 van,
2435 2185 2546 2256 10),
2571 2185 2743 2242 inerat
2767 2188 2968 2255 latens;
2994 2203 3138 2245 nunc
3158 2199 3335 2248 autem
3360 2195 3495 2251 velut
3511 2198 3679 2258 siccato
3695 2206 3759 2261 illo

2247 2274 2465 2344 vellere,
2490 2275 2592 2333 hoc
2611 2286 2721 2343 est,
2748 2276 2969 2334 Judaico
2997 2280 3198 2350 popqu
3227 2285 3529 2354 reprobato,
3559 2290 3604 2344 in
3626 2298 3757 2351 omni-

2246 2365 2346 2422 bus
2371 2368 2615 2438 gentibus
2642 2377 2889 2440 tanquam
2920 2371 2974 2426 in
3001 2385 3131 2428 area
3154 2373 3388 2431 cernitur
3412 2387 3582 2447 patens
3609 2381 3757 2453 (ludit.

2248 2474 2325 2526 γι,
2352 2460 2555 2532 5640).

2317 2551 2540 2608 CAPUT
2570 2552 2760 2609 XXVI.
2789 2585 2863 2595 —
2884 2555 2974 2612 50.
3006 2555 3126 2612 Νοιι
3156 2557 3332 2629 igitur,
3362 2561 3491 2617 sicut
3509 2562 3711 2636 Pelagius
3724 2582 3761 2624 et

2245 2643 2360 2712 ejus
2383 2644 2649 2716 discipuli,
2680 2655 2919 2717 tempora
2946 2649 3271 2718 dividamus,
3293 2651 3552 2721 dicentes,
3585 2656 3759 2714 Primum

2243 2735 2422 2790 uixisse
2435 2737 2603 2807 justas
2628 2738 2854 2794 homines
2879 2755 2943 2794 ea:
2966 2749 3179 2807 natura,
3208 2743 3387 2798 deinde
3411 2746 3497 2800 sub
3526 2748 3637 2819 lege,
3659 2754 3761 2805 tertio

2243 2826 2335 2882 sub
2362 2829 2545 2899 gratia.
2579 2829 2659 2884 Ex
2702 2840 2919 2898 natura,
2963 2834 3179 2890 Scilicet
3209 2835 3279 2891 ab
3318 2836 3480 2892 Adam
3525 2848 3616 2894 tam
3650 2842 3760 2912 longa

2242 2924 2399 2972 :etate
2416 2959 2432 2984 ,
2459 2933 2561 2988 qua
2590 2919 2675 2974 lex
2705 2921 2940 2976 nondum
2965 2934 3080 2978 erat
3109 2924 3256 2980 data.
3287 2925 3429 2981 Tunc
3454 2929 3604 2994 enim,
3627 2932 3758 2998 aiunt,

2241 3010 2367 3065 duce
2393 3011 2588 3065 ratione
2623 3013 3012 3084 cognoscebatur
3041 3016 3256 3072 Creator
3277 3060 3292 3083 ,
3340 3028 3388 3074 et
3412 3021 3761 3091 quemadmodum

2238 3111 2367 3158 esset
2395 3103 2686 3172 vivendum,
2726 3106 2968 3176 scriptum
3008 3110 3278 3178 gerebatur
3320 3113 3373 3165 in
3412 3113 3656 3180 cordibus,
3690 3132 3761 3168 non

2241 3195 2348 3265 lege
2390 3195 2588 3261 litterte,
2616 3197 2706 3251 sed
2732 3205 2947 3254 natura.
2986 3198 3174 3254 Verum
3216 3202 3402 3257 vitiatis
3444 3204 3669 3271 moribus,
3708 3207 3763 3259 in-

2238 3287 2456 3355 quiunt,
2489 3286 2571 3342 ubi
2598 3289 2746 3360 caepit
2774 3306 2874 3344 non
2899 3292 3126 3362 sufﬁcere
3150 3303 3333 3348 natura
3353 3296 3455 3361 jam
3482 3296 3684 3361 decolor,
3708 3296 3765 3350 les

2238 3380 2282 3433 ei
2299 3381 2477 3435 addita
2500 3390 2592 3449 est,
2619 3400 2738 3452 qua,
2761 3385 2893 3438 velut
2914 3386 3056 3450 luna,
3082 3385 3279 3458 {uigori
3303 3389 3511 3458 pristino
3534 3389 3687 3443 detrita
3703 3407 3766 3442 rs-

2239 3471 2403 3544 bigine
2421 3472 2730 3528 redderetur.
2760 3475 2866 3531 Sed
2901 3485 3234 3548 posteaquam
3259 3480 3445 3545 nimia,
3486 3479 3767 3551 sicutdispa-

2239 3571 2386 3630 tant,
2420 3566 2662 3634 peccandi
2698 3568 3002 3622 consuetudo
3030 3571 3336 3641 praevaluit,
3363 3573 3446 3626 cui
3473 3574 3687 3628 sonantia:
3711 3575 3769 3629 les

2239 3671 2422 3726 parum
2460 3655 2707 3726 valeret‘,
2741 3656 2969 3714 Christus
3009 3662 3215 3717 advenit
3235 3704 3252 3730 ,
3297 3673 3345 3718 et
3384 3673 3606 3736 tanquam
3641 3667 3770 3720 morbo

2236 3747 2639 3818 desperatissimo
2662 3791 2677 3816 ,
2720 3766 2823 3805 non
2866 3768 2955 3822 per
2992 3752 3276 3825 discipulos
3299 3798 3315 3826 ,
3346 3757 3433 3812 sed
3475 3775 3560 3830 per
3579 3775 3628 3814 se
3650 3759 3772 3829 ipsum

2235 3841 2455 3896 medicus
2492 3842 2600 3912 ipse
2623 3843 2867 3898 subvenit.

2306 3932 2394 3987 51.
2429 3932 2552 3989 Haec
2573 3933 2922 4005 disputantes,
2954 3952 2982 3992 a
3004 3939 3173 4009 gratia
3196 3941 3507 3998 mediatoris
3525 3942 3679 4014 justos
3707 3956 3776 3996 cs-

2233 4022 2450 4079 cludere
2475 4032 2736 4080 conantur
2758 4027 3004 4098 antiquos
3027 4070 3043 4096 ,
3088 4038 3344 4102 tanquam
3385 4032 3478 4087 Dei
3514 4041 3566 4089 et
3598 4032 3766 4087 illorum

2234 4112 2510 4170 hominum
2545 4130 2653 4172 non
2692 4115 2851 4173 fuerit
2883 4120 3146 4176 mediator
3175 4123 3341 4179 homo
3365 4121 3601 4179 Christus
3620 4123 3776 4184 Jcsus:

2234 4205 2357 4275 quia
2383 4206 2617 4262 nondum
2648 4223 2727 4276 ex.
2743 4217 2896 4265 utero
2926 4210 3160 4283 Virginis
3179 4230 3344 4272 carne
3370 4225 3628 4298 suscepta,
3652 4215 3777 4269 homo

2224 4297 2469 4367 nondum
2509 4299 2640 4368 luit,
2671 4301 2883 4372 quando
2922 4303 2997 4358 illi
3032 4305 3166 4374 justi
3209 4297 3446 4365 fuerunt.
3474 4308 3616 4378 Quod
3653 4308 3691 4364 si
3726 4307 3779 4361 iis
3862 4362 3863 4369 η

2232 4399 2412 4458 esset,
2457 4408 2789 4464 nequaquam
2833 4398 3122 4467 Apostolus
3166 4400 3378 4458 diceret
3407 4421 3420 4457 :
3452 4402 3553 4458 Per
3571 4403 3779 4457 hominem

2232 4498 2400 4549 mors,
2437 4492 2486 4538 et
2522 4502 2611 4555 per
2652 4485 2904 4542 honiii‘mt
2930 4493 3235 4547 resurrectio
3278 4502 3587 4548 mortuorum
3631 4509 3648 4547 :
3682 4492 3781 4546 sicut

2217 4574 2363 4627 enim
2387 4576 2441 4629 in
2462 4574 2625 4629 Adam
2645 4593 2817 4632 omnes
2840 4595 2940 4634 moi
2952 4589 3143 4646 runtur,
3173 4584 3251 4637 sic
3280 4594 3329 4637 et
3358 4585 3411 4639 in
3436 4582 3622 4640 Christo
3643 4596 3782 4636 omnes

2222 4665 2612 4733 viviﬁcabuntur
2650 4668 2692 4737 (l
2721 4667 2839 4724 Cor.
2884 4687 2972 4736 xv,
3000 4673 3062 4728 21
3088 4715 3103 4738 ,
3131 4674 3250 4745 22).
3281 4674 3700 4748 Quandoquidem
3725 4672 3782 4726 illi

2230 4755 2429 4826 antiqui
2449 4756 2600 4826 justi,
2627 4760 2918 4819 secundum
2949 4763 3170 4819 istorum
3202 4768 3511 4839 vaniloquia
3533 4809 3548 4834 ,
3579 4767 3668 4823 sibi
3694 4763 3784 4819 sul-

2218 4843 2439 4902 .ﬁciente
2486 4856 2704 4914 natura,
2737 4866 2836 4907 nec
2862 4853 3153 4911 mediatore
3195 4856 3418 4914 homine
3443 4858 3646 4916 Christo
3670 4856 3778 4911 indi.

2227 4946 2482 5007 guerunt,
2524 4955 2619 5009 per
2658 4957 2816 5011 quem
2846 4946 3326 5006 reconciliarentur
3352 4952 3464 5007 Deo
3493 4971 3507 5006 :
3537 4966 3630 5007 nec
3657 4951 3700 5004 in
3734 4962 3786 5002 co

2230 5027 2655 5097 viviﬁcabuntur,
2684 5033 2750 5087 ad
2778 5035 2929 5105 cujus
2953 5051 3147 5107 corpus
3172 5047 3229 5095 et
3245 5040 3783 5111 membra,secundutu

2228 5121 2281 5175 id
2306 5121 2448 5192 quod
2473 5133 2688 5195 propter
2717 5125 2962 5183 homines
2989 5128 3149 5185 homo
3174 5130 3355 5189 factus
3378 5144 3483 5199 est,
3516 5150 3616 5190 non
3644 5132 3782 5203 perti-

2228 5228 2356 5270 nere
2382 5224 2764 5273 monstrantur.
2796 5218 2851 5275 Si
2877 5228 3074 5290 autem,
3095 5225 3545 5293 quemadmodum
3561 5240 3649 5297 per
3669 5226 3785 5293 Δῃο-

2225 5306 2388 5361 stolos
2404 5322 2530 5362 suos
2547 5308 2750 5364 Veritas
2761 5310 3013 5382 loquitur,
3029 5315 3156 5369 sicut
3168 5317 3222 5369 in
3234 5316 3404 5371 Adam
3421 5333 3589 5373 omnes
3600 5317 3785 5371 moriun-

2226 5404 2307 5449 tur
2321 5438 2336 5462 ,
2354 5397 2426 5450 sic
2445 5407 2490 5450 et
2508 5397 2560 5452 in
2584 5396 2784 5455 Christo
2804 5418 2973 5458 omnes
2991 5404 3534 5479 viviﬁcabuntur;quia
3555 5424 3637 5479 per
3652 5407 3776 5459 illum

2224 5488 2474 5541 hominem
2510 5505 2663 5555 mors,
2689 5499 2735 5544 et
2770 5508 2859 5561 per
2887 5494 3043 5549 istum
3074 5496 3331 5551 hominem
3364 5499 3653 5555 resurrectio
3673 5512 3766 5548 mor

2223 5568 2423 5632 tuorum
2459 5597 2479 5633 :
2524 5581 2642 5650 quis
2700 5582 2893 5638 audeat
2930 5584 3169 5643 dubitare
3218 5589 3547 5645 christianus
3576 5630 3592 5656 ,
3642 5587 3781 5642 etiam

2226 5667 2341 5724 illos
2374 5669 2547 5739 justos
2575 5713 2589 5737 ,
2640 5664 2742 5742 qui
2772 5676 3157 5734 recentioribus
3206 5677 3285 5751 (α)
3338 5680 3550 5753 generis
3594 5676 3783 5736 humani

2293 5808 2305 5831 ι
2329 5801 2464 5857 t-‘diti,
2493 5801 2631 5853 ualet.
2659 5811 2713 5853 At
2731 5811 2860 5863 Mss,
2885 5806 3077 5861 valeret.

2288 5862 2360 5925 (α)
2383 5870 2547 5926 Forte,
2575 5862 2920 5921 remotioribus.
