3938 6508
189 360 270 418 ως
1216 333 1418 391 LIBER
1448 333 1536 393 DE
1576 330 1885 391 PECCATO
1915 333 2280 391 ORlGlNALl.

190 468 465 543 ιωηιοι-ἰικις
496 461 605 516 Deo
634 454 943 527 placuerunt
967 495 981 520 ,
1027 452 1144 507 ideo
1175 453 1226 506 in
1259 452 1707 507 resurrectionem

190 541 288 620 νίωέ
302 568 488 615 atem-.9
506 592 521 617 ,
550 563 650 603 non
670 546 861 600 mortis
885 553 1098 600 :eternae
1127 558 1245 599 esse
1272 550 1525 598 venturos
1544 584 1558 608 ,
1587 541 1708 612 quia

192 663 235 715 in
270 652 447 710 Christo
487 638 920 703 viviﬁcabuntur;
968 636 1088 691 ideo
1130 644 1308 690 autem
1355 634 1606 690 vivilicari
1656 633 1708 687 in

191 748 377 806 Christo,
395 734 635 808 quoniam
657 730 725 785 ad
754 744 949 799 corpus
977 728 1244 799 pertinent
1263 727 1562 791 Christi;et
1591 726 1711 781 ideo

193 838 408 912 pertinere
431 827 493 883 ad
514 839 706 894 corpus
738 822 957 887 Christi,
1001 821 1121 891 quia
1171 829 1225 875 et
1264 820 1392 890 ipsis
1424 829 1587 912 caput
1629 828 1711 875 est

193 909 384 984 aristas
399 919 440 991 (l
453 917 567 973 Cor.
582 930 651 980 ιι,
667 912 748 985 5);
765 914 887 969 ideo
905 923 956 968 et
973 912 1098 982 ipsis
1109 919 1396 981 caputcsse
1412 909 1707 977 Christum,

193 1018 283 1089 quia
299 1028 417 1069 unus
438 1006 696 1063 mediator
711 1014 795 1060 est
813 1005 905 1060 Dei
922 1013 975 1060 et
993 1003 1263 1059 hominum
1289 1003 1448 1057 homo
1468 1002 1714 1058 Christus

192 1105 339 1165 lesus?
372 1098 510 1170 Quod
553 1098 632 1152 eis
671 1112 780 1152 non
830 1096 1034 1163 fuisset,
1084 1094 1187 1150 nisi
1223 1095 1275 1150 in
1315 1095 1430 1165 ejus
1471 1110 1714 1150 resurre-

193 1198 372 1254 ctionem
423 1205 512 1262 per
534 1187 652 1257 ejus
697 1188 921 1259 gratiam
966 1186 1336 1243 credidissent.
1367 1186 1433 1240 Et
1454 1185 1554 1240 hoc
1582 1202 1714 1257 quo-

192 1288 310 1345 modo
333 1285 493 1347 ﬁeret,
522 1281 567 1336 si
600 1295 727 1337 eum
758 1281 811 1335 in
850 1295 1010 1335 carne
1047 1288 1326 1335 venturum
1357 1294 1477 1336 esse
1514 1279 1715 1335 nescis-

190 1388 304 1445 sent,
333 1387 485 1444 neque
509 1387 577 1427 ex
625 1375 725 1427 hac
752 1371 857 1427 ﬁde
877 1372 1021 1442 juste
1048 1371 1238 1443 pieque
1258 1371 1550 1427 vixissent?
1578 1370 1711 1427 Nam

191 1475 221 1529 si
249 1480 479 1542 propterea
505 1466 616 1522 illis
657 1482 761 1523 non
794 1465 1303 1537 profuitincarnatio
1327 1463 1558 1535 Christi,
1591 1465 1711 1535 quia

192 1562 367 1619 nondum
394 1560 514 1614 facta
537 1567 701 1626 erat;
724 1574 827 1614 nec
856 1559 1008 1614 nobis
1035 1557 1251 1629 prodest
1273 1556 1534 1629 judicium
1560 1557 1715 1613 Chri-

191 1655 239 1711 sﬁ
258 1654 310 1709 de
329 1653 444 1705 vivis
470 1659 519 1705 et
548 1649 787 1705 mortuis
807 1692 822 1717 ,
862 1650 983 1720 quia
1022 1649 1257 1704 nondum
1296 1652 1492 1704 factum
1523 1659 1627 1705 est.
1657 1646 1711 1703 Si

189 1754 319 1800 autem
343 1758 426 1797 nos
450 1757 536 1811 per
571 1741 736 1811 hujus
774 1740 1010 1797 nondum
1040 1738 1161 1796 facti
1186 1781 1203 1807 ,
1235 1740 1331 1796 sed
1352 1740 1509 1795 futuri
1528 1740 1712 1810 judicii

191 1840 305 1894 ﬁdem
325 1835 553 1891 stabimus
585 1834 653 1889 ad
684 1834 962 1889 dexteram
989 1834 1184 1890 Christi
1211 1850 1226 1899 ;
1256 1834 1493 1905 profecto
1517 1833 1591 1889 illi
1621 1848 1715 1903 per

191 1929 489 1986 incarnationis
515 1926 646 1996 ejus
684 1936 813 1984 tunc
840 1927 1072 1983 nondum
1114 1926 1287 1995 factm,
1315 1926 1410 1983 sed
1434 1925 1623 1982 luturte
1654 1925 1715 1981 ﬁ-

194 2023 282 2077 dem
300 2017 497 2074 metnbra
528 2026 667 2071 sunt
690 2016 908 2072 Christi.

250 2109 425 2168 CAPUT
457 2107 682 2164 XXVII.
707 2139 777 2149 -—
798 2109 886 2165 52.
926 2108 1108 2179 Neque
1129 2109 1269 2164 enim
1296 2107 1580 2179 putandum
1608 2114 1709 2173 est,

205 2205 304 2275 quod
323 2202 512 2272 antiquis
536 2202 711 2271 justis
740 2202 852 2257 sola
898 2217 1016 2272 quae
1055 2216 1268 2271 semper
1303 2210 1435 2267 erat,
1467 2201 1713 2256 divinitas

208 2296 364 2361 Christi,
380 2310 458 2347 non
483 2294 658 2348 etiam
694 2310 810 2363 qua:
830 2294 1063 2348 nomium
1091 2301 1225 2360 erat,
1257 2293 1372 2364 ejus
1408 2293 1711 2349 lnnnanitas

202 2389 371 2444 revelata
388 2385 652 2455 profuerit.
676 2385 811 2439 Illud
836 2385 980 2441 enim
1002 2384 1144 2456 quod
1165 2385 1238 2440 ait
1262 2385 1514 2440 Dominus
1531 2384 1707 2452 Jesus,

195 2479 384 2533 Abraham
404 2477 685 2549 concupiuit
705 2477 840 2531 diem
861 2493 1027 2531 meum
1055 2477 1240 2541 videre,
1264 2485 1309 2531 et
1329 2477 1472 2543 vidit,
1500 2486 1546 2531 et
1566 2478 1710 2548 gavi-

189 2586 254 2625 sus
270 2578 353 2635 est;
369 2570 406 2624 si
426 2569 567 2624 diem
587 2584 744 2623 somn
774 2568 938 2623 voluit
962 2583 1117 2623 suum
1144 2577 1350 2639 tempus
1372 2568 1614 2638 intelligi,
1636 2576 1714 2624 te-

190 2662 434 2717 stimonium
449 2660 684 2731 proiecto
712 2660 984 2731 perhibuit
1006 2659 1254 2727 Abrabte,
1273 2659 1413 2731 quod
1432 2659 1536 2715 ﬁde
1553 2659 1712 2716 fuerit

193 2757 514 2811 incarnationis
535 2756 638 2826 ejus
665 2754 923 2810 imbutus.
945 2754 1246 2811 Secundum
1268 2755 1407 2810 hanc
1433 2756 1576 2810 enim
1608 2754 1707 2809 ha-

195 2848 271 2904 bet
290 2857 499 2917 tempus:
517 2846 747 2901 divinitas
762 2860 896 2901 vero
920 2845 1036 2915 ejus
1057 2860 1214 2901 omne
1244 2853 1453 2916 tempus
1475 2845 1708 2911 excedit,

202 2941 302 3009 quia
322 2955 399 3011 per
418 2940 547 2994 illam
575 2940 825 2994 universa
857 2938 994 2993 facta
1023 2947 1146 2994 sunt
1186 2946 1444 3008 tempora.
1477 2937 1628 3006 Quod
1656 2948 1710 2994 et

199 3032 237 3085 si
259 3032 481 3101 quisquam
499 3030 561 3085 de
585 3030 670 3086 die
686 3031 1017 3100 sempiterno
1040 3031 1402 3101 accipiendum
1422 3032 1706 3102 putaverit,
1724 3022 1731 3029 ’

189 3128 264 3197 qui
286 3128 403 3181 nullo
425 3128 597 3182 ﬁnitur
620 3128 878 3195 crastino,
908 3128 1053 3182 nullo
1078 3126 1402 3199 przevenitur
1426 3126 1702 3193 hesterno,

186 3218 264 3272 hoc
282 3228 364 3284 est,
390 3218 449 3273 de
473 3219 583 3288 ipsa
615 3219 937 3286 :eternitate,
961 3219 1012 3273 in
1046 3233 1146 3289 qua
1172 3226 1472 3273 coaeternus
1495 3227 1574 3273 est
1604 3218 1706 3272 Pa-

183 3311 514 3381 tri:quomodo
563 3311 618 3366 id
661 3326 792 3367 vere
836 3311 1236 3381 concupisceret
1286 3311 1575 3379 Abraham,
1609 3310 1711 3366 nisi

178 3404 263 3472 ejus
276 3414 427 3459 nosset
443 3404 673 3460 futuram
693 3404 1092 3471 mortalitatem,
1117 3404 1270 3475 cujus
1285 3405 1449 3476 qutesi
1472 3405 1527 3458 vit
1551 3413 1708 3460 teter-

176 3497 376 3552 nitatem?
396 3501 501 3553 Aut
526 3498 574 3553 si
604 3499 670 3554 ad
703 3499 808 3553 hoc
834 3500 1022 3570 aliquis
1055 3498 1244 3554 horum
1272 3498 1551 3554 verborum
1579 3514 1708 3555 sen-

172 3600 507 3658 amcoaretat,
548 3604 604 3647 ut
630 3593 795 3661 dicat,
827 3593 956 3647 nihil
983 3593 1379 3664 intelligendum
1404 3594 1455 3648 in
1480 3609 1544 3650 eo
1565 3595 1706 3666 quod

170 3685 226 3738 ait
248 3685 493 3751 Dominus,
516 3687 776 3754 Qumsivit
795 3686 935 3742 diem
958 3702 1155 3756 meum,
1182 3686 1303 3754 nisi,
1324 3687 1577 3756 Quaesivit
1597 3703 1705 3756 me,

166 3775 232 3842 qui
256 3792 354 3831 sum
383 3779 499 3834 dies
520 3794 866 3849 permanens,
898 3779 999 3836 hoc
1026 3788 1125 3845 est,
1148 3779 1327 3835 lumen
1358 3780 1664 3836 indelicicns
1689 3799 1701 3836 :

168 3866 279 3921 velut
300 3883 411 3923 cum
432 3869 660 3925 dicimus
684 3871 846 3924 vitam
875 3870 1015 3939 Filii,
1042 3870 1109 3927 de
1129 3886 1230 3941 qua
1263 3872 1496 3943 loquitur
1524 3871 1705 3928 Evan-

164 3959 316 4026 gelium
339 3961 538 4024 dicens,
565 3961 657 4017 Sic
677 3962 815 4017 dedit
841 3972 888 4019 et
912 3962 1047 4017 Filio
1069 3964 1218 4019 vitam
1245 3963 1425 4019 habere
1448 3966 1499 4020 in
1524 3975 1705 4020 sentiet-

165 4049 427 4120 ipsanan.
457 4069 511 4119 v,
540 4050 635 4125 26)
659 4071 673 4105 :
704 4069 810 4108 non
838 4054 979 4108 aliud
1004 4055 1197 4125 ipsum,
1221 4053 1360 4109 aliud
1387 4054 1503 4124 ejus
1519 4056 1702 4121 vitam;

164 4142 237 4196 sed
272 4144 505 4199 eumdem
538 4146 716 4215 ipsum
760 4145 953 4201 Filium
1002 4145 1344 4218 intelligimus
1389 4148 1569 4214 vitam,
1616 4148 1706 4218 qui

166 4234 282 4300 dixit,
308 4234 410 4308 Ego
446 4254 560 4291 sum
589 4239 693 4305 uia,
728 4238 907 4293 veritas
942 4247 988 4293 et
1018 4239 1117 4293 vita
1155 4237 1267 4310 (1d.
1300 4255 1414 4305 xw,
1444 4237 1498 4311 6)
1520 4255 1536 4295 :
1558 4249 1610 4295 et
1639 4239 1707 4295 de

166 4343 247 4394 quo
279 4330 461 4385 dictum
506 4338 610 4398 est,
656 4329 777 4403 Ipse
817 4340 888 4385 est
928 4348 1072 4387 verus
1110 4330 1246 4385 Deus
1288 4341 1333 4386 et
1375 4332 1477 4386 vita
1519 4342 1707 4387 (eterna

167 4418 351 4487 (Ηοαπ.
374 4438 425 4489 v,
449 4420 545 4496 20)
572 4440 585 4475 :
610 4431 669 4477 ut
693 4422 832 4477 hanc
861 4422 977 4493 ejus
1003 4424 1257 4495 aequalem
1289 4423 1431 4479 Patri
1460 4422 1707 4478 divinita-

169 4516 250 4561 tem
276 4510 432 4567 videre
462 4513 695 4582 cnpierit
739 4514 1030 4581 Abraham,
1078 4530 1411 4587 nequaquam
1461 4514 1707 4570 incarna-

169 4600 283 4655 tione
303 4603 402 4673 ejus
430 4606 779 4676 praecognita,
810 4607 948 4662 sicut
975 4622 1096 4663 eum
1129 4608 1369 4663 nonnulli
1395 4609 1554 4663 etiam
1586 4607 1705 4677 phi-

171 4690 337 4763 losophi
373 4698 755 4767 quarsiverunt,
787 4699 876 4770 qui
905 4700 1033 4754 nihil
1060 4699 1127 4755 de
1157 4701 1273 4771 ejus
1312 4716 1474 4756 carne
1500 4700 1703 4756 didice-

172 4794 297 4841 runt:
319 4791 559 4860 numquid
587 4800 645 4846 et
669 4791 820 4859 illud,
853 4793 995 4863 quod
1016 4792 1167 4864 jubet
1188 4794 1481 4861 Abraham,
1505 4808 1707 4864 ponere

173 4891 343 4933 manum
369 4895 580 4937 servum
625 4896 780 4937 suum
821 4884 921 4938 sub
947 4883 1147 4940 femore
1173 4900 1291 4953 suo,
1320 4894 1375 4941 et
1395 4885 1578 4955 jurare
1610 4901 1706 4956 per

173 4964 307 5023 Deum
335 4972 443 5028 celi
474 4971 631 5038 (Gen.
667 4988 811 5039 xxrv,
842 4973 899 5042 ‘2,
942 4975 1020 5046 5),
1050 4975 1203 5030 aliter
1241 4976 1517 5048 quisquam
1562 4987 1707 5033 recte

176 5052 486 5118 intellecturus
514 5073 620 5131 est,
652 5064 755 5118 nisi
784 5064 1050 5119 Abraham
1080 5064 1265 5133 scisse,
1317 5066 1371 5121 in
1418 5084 1521 5138 qua
1570 5084 1704 5122 vcn-

175 5159 295 5205 mnis
313 5162 440 5209 esset
464 5154 605 5210 Deus
646 5156 792 5224 cali,
837 5170 1049 5210 carnem
1094 5154 1161 5211 de
1204 5156 1292 5212 illo
1334 5157 1536 5213 femore
1580 5173 1703 5228 pro-

176 5244 345 5309 1³³8³ῆῖ

234 5331 419 5391 CAPUT
455 5336 696 5393 XXVIII.
728 5368 799 5377 —
824 5338 912 5393 53.
948 5337 1110 5409 Cujus
1134 5338 1311 5393 carnis
1339 5348 1392 5394 et
1411 5339 1701 5411 sanguinis,

177 5425 518 5498 quandoipsum
536 5428 806 5485 Abraham
830 5430 1118 5497 benedixit,
1140 5431 1527 5487 Melchisedech
1544 5433 1702 5488 etiam

181 5518 482 5575 testimonium
509 5521 830 5576 Christianis
858 5520 1101 5577 ﬁdelibus
1128 5523 1461 5577 notissimum
1491 5524 1706 5593 protulit

183 5604 302 5669 (Ceu.
329 5627 437 5678 xiv,
466 5612 682 5686 18-20),
712 5622 770 5668 ut
793 5623 939 5669 tanto
962 5625 1079 5685 post
1103 5615 1315 5671 Christo
1356 5616 1626 5671 diceretur
1650 5616 1703 5671 in

185 5694 382 5768 Psalmis,
407 5705 537 5773 quod
568 5706 805 5773 nondum
852 5707 1063 5774 factum,
1104 5707 1195 5762 sed
1236 5707 1405 5762 adhuc
1446 5707 1701 5775 futurum,

188 5789 331 5848 ωςιρω
353 5802 513 5855 tamen
534 5800 644 5871 ipsa
665 5808 722 5856 et
747 5807 956 5871 patrum
982 5817 1096 5858 once
1125 5812 1298 5856 nostra
1326 5812 1426 5861 est.
1448 5800 1579 5856 ﬁdes
1596 5816 1694 5857 una

3293 342 3399 399 502

1816 451 2093 506 cantabat:
2122 450 2200 505 Tu
2228 468 2280 506 es
2321 450 2552 507 sacerdos
2592 453 2642 507 in
2670 461 2932 522 wternum,
2960 455 3232 509 secundum
3259 458 3400 512 ordi-

1815 556 1929 593 nem
1954 540 2313 597 Melchisedech
2334 542 2502 614 (Psal.
2520 559 2628 610 etx,
2649 544 2723 618 4).
2750 545 2806 600 In
2828 545 2995 601 Adam
3015 547 3208 621 quippe
3236 547 3386 602 iuve-

1818 631 2082 686 nieutihus
2103 642 2348 701 mortem,
2379 649 2473 704 per
2502 634 2603 690 hoc
2633 635 2849 705 prodest
2876 634 3117 693 Christus
3145 637 3286 709 quod
3316 648 3400 694 est

1815 724 2077 779 mediator
2100 725 2166 780 ad
2196 726 2378 781 vitam.
2410 727 2521 781 Non
2540 737 2716 783 autem
2748 745 2843 800 per
2866 730 2968 787 hoc
2999 730 3262 787 mediator
3287 740 3391 787 est.

1817 814 1957 884 quod
1979 816 2197 887 mqualis
2213 825 2295 872 est
2316 817 2458 873 Patri
2482 837 2495 873 :
2519 834 2614 889 per
2630 819 2732 875 hoc
2752 822 2914 890 enim,
2933 820 3189 894 quantitm
3215 823 3398 891 Pater,

1820 916 2019 962 tantum
2045 917 2096 963 et
2128 908 2239 979 ipse
2264 909 2424 966 distat
2441 926 2470 965 a
2489 912 2642 967 nobis
2663 930 2677 967 :
2703 921 2755 967 ct
2776 915 3045 983 quomodo
3063 917 3165 973 erit
3191 915 3378 974 medie

1776 998 1791 1009 ’
1820 1009 1920 1067 tas,
1940 1001 2029 1055 ubi
2056 1001 2239 1057 eadem
2270 1004 2381 1073 ipsa
2407 1003 2652 1060 distantia
2674 1007 2792 1063 est?
2820 1008 2944 1064 Ideo
2976 1012 3265 1081 Apostolus
3291 1027 3402 1068 non

1818 1093 1910 1158 ait,
1941 1090 2084 1149 Unus
2108 1094 2351 1149 mediator
2364 1095 2457 1150 Dei
2478 1106 2523 1151 et
2539 1097 2794 1154 hominum
2811 1099 3054 1157 Christus
3068 1103 3255 1172 Jesus;
3279 1105 3398 1175 sed,

1820 1183 1969 1237 homo
1984 1182 2213 1241 Christus
2239 1184 2389 1241 Iesus
2410 1186 2451 1259 (l
2473 1185 2606 1242 Tim.
2635 1204 2693 1256 tt,
2711 1188 2786 1262 5).
2815 1191 2917 1247 Per
2938 1191 3037 1248 hoc
3056 1209 3182 1264 ergo
3200 1196 3398 1251 media-

1820 1283 1919 1340 tor,
1971 1291 2065 1345 per
2109 1277 2248 1348 quod
2291 1278 2486 1334 homo:
2517 1278 2737 1336 inferior
2765 1282 2925 1339 Patre
2949 1299 3048 1355 per
3076 1285 3217 1356 quod
3244 1286 3399 1342 nobis

1820 1369 2187 1438 propinquior;
2223 1371 2466 1441 superior
2500 1373 2653 1428 nobis
2680 1389 2774 1444 per
2811 1376 2953 1446 quod
2995 1377 3136 1432 Patri
3180 1379 3399 1449 propin-

1818 1461 1989 1529 quior.
2017 1460 2167 1529 Quod
2199 1465 2434 1533 apertius
2464 1465 2531 1519 ita
2560 1465 2788 1522 dicitur:
2817 1467 3042 1525 Inferior
3070 1469 3246 1538 Patre,
3276 1473 3398 1543 quia

1818 1550 1870 1605 in
1902 1550 2069 1606 forma
2092 1555 2229 1608 servi
2272 1554 2529 1629 (Philipp.
2565 1573 2622 1625 ιι,
2668 1557 2755 1629 7);
2785 1562 3029 1632 superior
3054 1562 3226 1629 nobis,
3277 1564 3400 1636 quia

1818 1645 1932 1700 sine
1963 1646 2081 1702 labe
2106 1649 2327 1717 peccati.

1893 1740 2117 1796 CAPUT
2154 1740 2346 1798 XXIX.
2373 1774 2442 1785 —
2468 1744 2554 1800 ‘54.
2588 1745 2921 1819 Quapropter
2946 1748 3185 1819 quisquis
3214 1748 3403 1804 huma-

1819 1847 1939 1886 nam
1966 1834 2237 1890 contendit
2267 1836 2318 1891 in
2349 1837 2583 1908 qualibet
2601 1838 2758 1896 aetate
2778 1850 3019 1897 naturam
3040 1857 3146 1898 non
3164 1842 3401 1914 indigere

1818 1923 2024 1979 medico
2053 1926 2288 1982 secundo
2313 1927 2503 1997 Adam,
2528 1931 2648 2001 quia
2678 1947 2784 1987 non
2818 1941 2901 1989 est
2931 1933 3113 1988 vitiata
3144 1934 3194 1989 in
3226 1934 3401 2005 primo

1818 2014 2007 2081 Adam,
2036 2032 2139 2071 non
2180 2018 2233 2072 in
2270 2019 2441 2090 aliqua
2469 2020 2783 2091 quaastione,
2826 2022 2877 2078 in
2908 2038 3011 2094 qua
3055 2023 3284 2081 dubitari
3315 2025 3401 2079 vel

1817 2107 1981 2162 errari
2024 2108 2168 2164 salva
2195 2109 2296 2165 ﬁde
2340 2121 2533 2181 potest,
2583 2113 2675 2168 sed
2705 2114 2755 2168 in
2785 2115 2897 2184 ipsa
2924 2116 3103 2186 regula
3150 2116 3270 2173 ﬁdei
3296 2134 3398 2188 qua

1817 2199 2090 2256 christiani
2134 2217 2339 2272 sumus,
2386 2206 2568 2276 gratiae
2611 2207 2705 2263 Dei
2755 2208 3090 2265 convincitur
3129 2209 3394 2265 inimicus.

1818 2290 1985 2359 Quale
2011 2301 2095 2348 est
2117 2303 2312 2361 autem,
2339 2297 2479 2366 quod
2510 2298 2576 2354 ab
2598 2298 2711 2354 istis
2739 2298 2823 2353 illa
2851 2314 2969 2370 qua:
2995 2309 3119 2356 ante
3144 2299 3260 2367 fuit,
3284 2301 3365 2356 vel
3382 2331 3399 2341 -

1819 2394 1877 2439 ut
1902 2385 2074 2441 adhuc
2105 2387 2283 2441 minus
2321 2390 2476 2444 malis
2501 2389 2739 2445 moribus
2766 2391 2966 2459 vitiata,
2996 2391 3269 2448 hominum
3288 2392 3404 2447 lau-

1819 2477 1973 2531 datur
2001 2487 2216 2546 natura;
2248 2496 2418 2551 neque
2448 2482 2739 2552 respiciunt
2768 2483 2927 2538 tantis
2968 2491 3213 2554 tanquam
3260 2484 3398 2540 into-

1820 2568 2121 2623 lerabilibus
2144 2573 2372 2639 peccatis
2404 2571 2649 2628 homines
2668 2582 2791 2628 tunc
2813 2573 2974 2629 Ini-se
2994 2574 3325 2644 submersos,
3345 2585 3403 2632 ut

1820 2670 2041 2730 excepto
2071 2677 2175 2718 uno
2205 2664 2415 2720 homine
2461 2665 2550 2722 Dei
2594 2674 2648 2722 et
2677 2666 2793 2736 ejus
2834 2667 3077 2739 conjuge,
3129 2668 3403 2739 tribusque

1822 2752 1940 2807 ﬁliis
1967 2762 2020 2807 ct
2046 2754 2261 2809 totidem
2294 2754 2532 2823 nuribus,
2557 2756 2702 2828 justo
2723 2757 2925 2828 judicio
2955 2758 3073 2827 Dei,
3118 2759 3255 2815 sicut
3283 2761 3402 2830 igne

1822 2856 2003 2916 postea
2052 2856 2189 2902 terra
2227 2851 2413 2920 exigua
2453 2849 2826 2915 Sodomorum,
2879 2852 2948 2906 ita
2995 2861 3136 2908 totus
3173 2853 3403 2909 mundus

1817 2938 2014 2993 diluvio
2041 2939 2310 2995 deleretur
2341 2941 2488 3014 (Gen.
2520 2959 2593 2999 vn
2633 2955 2680 2999 et
2727 2945 2889 3016 xix)?
2919 2944 2997 3000 Ex
3023 2961 3132 3017 quo
3160 2957 3401 3017 tempore

1818 3030 1976 3100 igitur
2000 3048 2089 3101 per
2110 3049 2264 3085 unum
2285 3034 2533 3088 hominem
2557 3046 2813 3105 peccatum
2839 3037 3040 3093 intravit
3066 3038 3115 3093 in
3132 3038 3400 3104 mundum,

1820 3134 1865 3178 et
1888 3142 1977 3195 per
2000 3134 2253 3196 peccaturi:
2286 3144 2439 3194 mors,
2462 3136 2507 3182 ct
2534 3129 2604 3182 ita
2625 3129 2675 3182 in
2702 3145 2871 3184 omnes
2899 3129 3123 3185 homines
3138 3140 3397 3201 pertrans-

1817 3215 1906 3283 iit,
1944 3216 1996 3270 in
2032 3234 2129 3289 quo
2174 3234 2344 3273 onmes
2374 3230 2698 3289 peccaverunt
2727 3218 2900 3294 (Rom.
2931 3237 2986 3288 ν,
3018 3218 3126 3294 1‘2),
3160 3221 3401 3292 profecto

1821 3310 2067 3365 universa
2095 3325 2267 3365 massa
2299 3310 2612 3382 perditiOnis
2642 3312 2774 3366 facta
2805 3320 2887 3368 est
2929 3314 3198 3383 possessio
3220 3312 3399 3384 perdi-

1817 3404 1965 3459 toris.
1995 3402 2163 3459 Nemo
2190 3405 2385 3475 itaque,
2428 3420 2587 3460 nemo
2617 3420 2836 3477 prorsus
2867 3406 2986 3462 inde
3014 3406 3271 3464 liberatus
3295 3415 3395 3473 est,

1815 3507 1903 3553 aut
1926 3498 2200 3565 liberatur,
2229 3506 2319 3552 aut
2348 3498 2656 3554 liberabitur
2676 3499 2775 3556 nisi
2805 3500 2973 3571 gratia
3006 3499 3395 3572 Redemptoris.

1885 3590 2108 3648 CAPUT
2147 3590 2410 3645 XXX.-
2445 3592 2532 3646 55.
2576 3592 2641 3646 Ει
2689 3600 2814 3647 ante
2862 3587 3127 3648 Abraham
3180 3586 3394 3663 quidem

1814 3691 1988 3737 utrum
2020 3682 2200 3753 aliquo
2237 3682 2499 3752 corporali
2542 3690 2596 3737 et
2625 3682 2818 3738 visibili
2863 3692 3200 3739 sacramento
3238 3683 3390 3754 justi,

1814 3775 1895 3830 vel
1920 3790 2102 3829 corum
2136 3775 2336 3845 parvuli
2368 3774 2721 3845 signarentur,
2762 3774 3032 3844 Scriptura
3063 3790 3169 3830 non
3210 3777 3374 3846 expri-
3434 3784 3449 3797 ’

1814 3866 1928 3920 mit.
1949 3864 2065 3936 Ipse
2085 3874 2259 3920 tamen
2278 3865 2543 3921 Abraham
2567 3866 2774 3938 signum
2805 3866 3009 3936 accepit
3036 3867 3401 3922 circumcisio-

1813 3960 1914 4027 nis,
1948 3959 2275 4030 signaculum
2302 3957 2521 4029 justitia:
2552 3957 2671 4013 ﬁdei
2691 3958 2866 4029 (Rom.
2888 3974 2960 4025 tv,
2987 3958 3094 4030 Il).
3124 3958 3188 4014 Et
3211 3959 3398 4029 sicae-

1812 4052 1972 4123 cepit,
2002 4059 2057 4106 ut
2087 4050 2338 4121 deinceps
2379 4052 2535 4105 etiam
2568 4066 2753 4106 omnes
2784 4051 3029 4121 parvulos
3063 4050 3254 4107 domus
3285 4065 3395 4106 sua:

1810 4142 2188 4199 circumcidere
2234 4142 2540 4214 juberctur,
2595 4143 2991 4199 recentissimos
3032 4159 3061 4198 a
3102 4144 3393 4199 visceribus

1813 4245 2063 4304 tnatrum,
2092 4245 2279 4292 octavo
2308 4236 2394 4293 die
2421 4235 2710 4292 nativitatis
2748 4251 2962 4302 eorum;
3010 4245 3069 4292 ut
3108 4236 3267 4293 etiam
3314 4235 3390 4299 hi,

1810 4330 1898 4400 qui
1925 4329 2083 4384 corde
2108 4330 2173 4384 ad
2199 4329 2459 4400 justitiam
2502 4329 2723 4387 credere
2752 4331 2984 4386 nondum
3034 4340 3274 4401 possent,
3302 4331 3391 4402 ju-

1810 4423 1968 4477 stitia:
2018 4431 2192 4479 tamen
2242 4418 2364 4479 ﬁdei
2410 4422 2737 4495 signaculum
2780 4432 3076 4480 sumerent.
3107 4425 3257 4492 Quod
3288 4426 3387 4482 sub

1812 4522 2013 4568 terrore
2033 4521 2178 4569 tanto
2194 4522 2274 4568 est
2293 4514 2634 4584 imperatum,
2664 4522 2720 4571 ut
2744 4514 2948 4571 diceret
2974 4516 3134 4580 Deus,
3158 4517 3390 4572 animant

1811 4607 1950 4661 illam
1974 4607 2039 4662 de
2064 4622 2161 4661 suo
2189 4607 2384 4677 populo
2406 4608 2718 4678 perituram,
2748 4609 2898 4678 cujus
2924 4616 3112 4663 octavo
3134 4609 3221 4663 die
3250 4625 3391 4678 prie-

1812 4698 1941 4769 putii
1961 4698 2291 4755 circumcisio
2312 4698 2447 4754 facta
2486 4715 2590 4754 non
2626 4697 2814 4754 fuisset
2843 4697 2992 4771 (Gen.
3038 4700 3189 4769 xvu).
3224 4699 3393 4771 llujus

1813 4801 1917 4846 tam
1942 4790 2210 4846 horribilis
2241 4806 2411 4859 pmnte
2436 4790 2639 4861 justitia
2661 4789 2706 4845 si
2734 4799 3020 4862 quzeratur,
3053 4807 3233 4848 nonne
3263 4792 3393 4848 ism-

1811 4897 1928 4936 rum
1971 4881 2145 4937 omnis
2187 4879 2252 4935 de
2292 4880 2460 4935 libero
2485 4880 2705 4936 arbitrio
2729 4890 2782 4937 et
2808 4880 3055 4937 laudabili
3085 4883 3310 4940 sanitate
3335 4893 3397 4939 et.

1811 4973 2037 5042 puritate
2076 4981 2298 5038 naturm,
2329 4971 2713 5043 quantumlibet
2740 4983 2923 5043 arguta
2952 4973 3021 5028 sit
3046 4984 3355 5045 argumenta
3369 5006 3393 5044 -_

1811 5065 1902 5130 tio,
1931 5078 2237 5134 repercussa
2264 5073 2318 5119 et
2343 5061 2612 5119 confracta
2641 5062 2896 5119 dissiliet?
2914 5063 3049 5133 Quid
3068 5066 3208 5120 enim
3237 5067 3385 5133 mali,

1808 5136 2008 5224 quzeso,
2041 5154 2292 5224 parvulus
2338 5155 2546 5223 pr0pria
2580 5152 2849 5208 voluntate
2879 5154 3167 5222 commisit,
3196 5164 3255 5210 ut
3281 5156 3386 5212 alio

1810 5248 2104 5316 ltegligenlc
2133 5255 2185 5300 et
2206 5261 2325 5301 eum
2356 5261 2457 5299 non
2480 5244 2913 5312 circumeidente,
2940 5245 3051 5314 ipse
3077 5244 3378 5311 damnetur,

1808 5337 2146 5393 damnatione
2177 5346 2282 5391 tam
2312 5352 2515 5400 severa,
2567 5346 2623 5391 ut
2653 5344 2837 5407 pereat
2861 5336 3037 5391 anima
3079 5335 3167 5390 illa
3194 5335 3262 5390 de
3290 5351 3385 5407 po-

1809 5432 1932 5502 pulo
1958 5430 2091 5486 suo?
2110 5431 2292 5499 Neque
2319 5431 2459 5485 enim
2485 5422 2997 5501 temporalis'mortis
3021 5414 3194 5483 terror
3214 5429 3385 5485 incus-

1809 5540 1897 5578 sus
1919 5532 2031 5588 est;
2064 5538 2184 5578 cum
2212 5523 2279 5579 de
2295 5522 2471 5593 justis,
2502 5520 2713 5592 quando
2739 5520 3122 5589 moriebantur,
3147 5528 3272 5575 tunc
3295 5534 3389 5590 po-

1812 5618 1912 5671 tius
1941 5617 2227 5684 diceretur,
2254 5616 2319 5671 Et
2348 5618 2610 5687 appositus
2635 5625 2707 5670 est
2735 5616 2804 5669 ad
2826 5616 3068 5687 populum
3092 5632 3244 5671 suum
3274 5614 3385 5689 (Id,

1810 5726 1930 5773 xxv,
1968 5710 2052 5779 I7)
2077 5727 2090 5777 ;
2125 5711 2225 5777 vel,
2250 5711 2504 5781 appositus
2530 5720 2599 5765 cst
2628 5710 2695 5762 ad
2714 5718 2881 5780 patres
2914 5724 3033 5763 suos
3070 5706 3090 5782 (
3108 5707 3385 5765 Illac/mh.

1814 5820 1867 5871 ιι,
1898 5802 1985 5872 09)
2013 5821 2021 5855 :
2049 5804 2295 5874 quoniam
2341 5802 2589 5871 deinceps
2620 5800 2817 5856 homini
2862 5798 3002 5860 nulla
3034 5803 3251 5861 tentatio
3277 5802 3386 5862 for-
