3938 6510
581 317 682 372 4ῡὸ
1859 311 1914 366 S.

585 430 825 496 midatur,
857 445 976 501 qua:
1005 430 1152 484 illum
1177 435 1385 496 separet
1425 441 1452 480 a
1484 425 1676 496 popqu
1707 441 1820 486 suo,
1849 442 1890 478 st
1922 425 2148 494 populus

585 523 698 591 ejus
725 523 836 591 ipse
863 531 945 576 est
975 520 1194 590 populus
1227 518 1338 572 Dei.

650 613 875 668 CAPUT
913 610 1104 666 XXXI.
1121 639 1193 649 —
1212 609 1299 664 56.
1317 607 1452 675 Quid
1470 607 1566 662 sibi
1586 622 1711 678 ergo
1731 609 1860 671 vult,
1889 622 1982 676 pro
2003 605 2152 660 nullo

589 704 816 773 propria:
860 698 1147 756 voluntatis
1189 699 1440 764 admisso,
1473 707 1612 752 tanta
1642 698 1944 753 damnatio?
1970 698 2151 768 Neque

582 793 722 848 enim
747 792 882 846 sicut
920 789 1162 845 nonnulli
1189 789 1482 845 secundum
1507 790 1809 844 Platonicos
1836 790 2146 858 opinantur,

579 882 1115 954 hocsuniuscujusque
1139 881 1350 938 infantis
1368 882 1558 937 anima:
1589 881 1844 947 redditur,
1869 882 2006 952 quod
2029 891 2152 937 aute

579 975 733 1028 istam
764 974 926 1028 vitam
956 988 1050 1029 sua
1091 973 1363 1028 voluntate
1404 971 1688 1038 commisit,
1739 986 1860 1028 cum
1883 973 1900 1004 ι
1930 971 2152 1027 haberet

579 1072 705 1118 ante
737 1063 837 1118 hoc
865 1077 1059 1134 corpus
1082 1063 1166 1118 vel
1193 1063 1328 1119 bene
1373 1063 1458 1117 vel
1501 1063 1640 1119 male
1669 1063 1894 1118 liberum
1941 1063 2148 1118 vivendi

579 1153 892 1208 arbitrium:
921 1168 1042 1208 cum
1089 1143 1282 1209 Paulus
1309 1155 1577 1226 apostolus
1601 1155 1940 1224 apertissime
1987 1154 2149 1220 dicat,

583 1242 816 1299 nondum
835 1253 986 1299 natos
1009 1243 1138 1300 nihil
1155 1245 1326 1315 egisse
1343 1244 1465 1300 boni
1487 1246 1572 1301 vel
1593 1246 1715 1300 mali
1737 1246 1915 1317 (Rom.
1935 1262 2006 1311 ιι,
2039 1247 2150 1317 Ii).

591 1332 744 1388 Unde
783 1347 909 1404 ergo
952 1343 1094 1388 recte
1137 1333 1310 1389 infans
1351 1334 1438 1390 illa
1464 1335 1758 1405 perditione
1786 1339 2018 1407 punitur,
2053 1338 2152 1392 nisi

585 1425 704 1494 quia
733 1426 963 1496 pertinet
990 1425 1054 1480 ad
1083 1441 1309 1482 massam
1345 1427 1673 1497 perditionis,
1710 1437 1763 1484 et
1783 1430 1928 1500 juste
1958 1429 2154 1485 intelli-

584 1516 723 1584 gitur
741 1531 804 1570 ex
823 1516 989 1570 Adam
1009 1527 1183 1584 natus,
1207 1517 1406 1587 antiqui
1427 1518 1587 1574 debiti
1607 1519 1926 1589 obligatione
1943 1520 2156 1575 damna-

587 1617 690 1674 tus,
721 1608 821 1662 nisi
854 1609 974 1664 inde
999 1608 1171 1675 fuerit,
1213 1626 1319 1665 non
1347 1611 1634 1666 secundum
1662 1611 1918 1676 debitum,
1945 1612 2039 1666 sed
2065 1627 2152 1668 se-

585 1698 814 1754 cundum
859 1700 1080 1770 gratiam
1109 1701 1394 1756 liberatus?
1435 1701 1600 1768 Quam
1630 1704 1874 1773 gratiam,
1909 1704 2007 1757 nisi
2037 1719 2156 1774 gra-

588 1789 710 1843 tiam
757 1790 872 1857 Dei,
915 1806 1009 1861 per
1044 1791 1224 1846 Jesum
1265 1791 1534 1848 Christum
1575 1793 1854 1848 Dominum
1885 1796 2157 1851 nostrum?

585 1878 753 1944 Quem
774 1879 1010 1949 profecto
1039 1881 1175 1936 inter
1195 1889 1385 1936 caetera
1402 1891 1638 1938 veterum
1653 1894 1980 1942 sacramenta
1997 1887 2156 1942 etiam

589 1970 703 2038 ipsa
733 1969 974 2039 praeputii
998 1970 1328 2026 circumcisio
1343 1973 1696 2043 prephetavit.
1717 1976 1837 2032 Dies
1858 1978 1997 2032 enim
2016 1989 2160 2033 octa-

587 2073 683 2112 vus
709 2066 792 2114 est
821 2059 873 2114 in
905 2059 1358 2120 hebdomadarum
1373 2065 1680 2121 recursibus
1700 2065 1815 2122 dies
1837 2067 2154 2138 dominicus,

585 2164 692 2219 quo
707 2151 1001 2206 resurrexit
1023 2153 1306 2208 Dominus:
1330 2162 1384 2208 et
1405 2163 1552 2224 petra
1575 2166 1688 2212 erat
1709 2157 1949 2216 Christus
1970 2161 2012 2234 (l
2038 2162 2154 2218 Cor.

589 2257 645 2307 ι,
670 2239 756 2312 4),;
785 2241 923 2298 unde
944 2243 1358 2300 circumcisionis
1386 2246 1628 2304 cultellus
1659 2249 1926 2318 petrinus;
1955 2260 2010 2308 et
2034 2268 2158 2310 caro

587 2332 847 2400 prmputii,
874 2347 1066 2401 corpus
1092 2333 1312 2402 peccati.

658 2421 880 2476 CAPUT
919 2423 1132 2478 XXXII.
1158 2456 1228 2464 —
1257 2425 1344 2482 57.
1377 2428 1588 2484 Mutatis
1619 2433 1838 2500 proinde
1858 2449 2160 2492 sacramen-

586 2511 673 2578 tis,
697 2521 1034 2583 posteaquam
1065 2517 1207 2572 venit
1233 2519 1321 2588 qui
1350 2520 1426 2575 eis
1457 2521 1850 2592 significabatur
1873 2541 1992 2580 esse
2023 2543 2156 2580 vcn-

588 2611 756 2668 turus,
777 2619 880 2658 non
911 2615 1083 2662 tamen
1101 2617 1303 2663 mutato
1327 2609 1632 2667 Mediatoris
1653 2613 1868 2680 auxilio,
1893 2616 2155 2686 quietiam

589 2694 892 2764 priusquam
920 2697 1153 2753 venisset
1183 2701 1233 2753 in
1259 2715 1440 2768 carne,
1473 2705 1688 2774 antiqua
1715 2721 1810 2761 sua
1838 2709 2076 2764 membra
2094 2710 2158 2764 li-

589 2784 805 2840 berabat
829 2800 939 2842 sua:
976 2787 1356 2848 incarnationis
1397 2793 1518 2860 ﬁde,
1548 2804 1602 2850 et
1639 2811 1736 2852 nos
1766 2811 1886 2852 cum
1916 2814 2158 2855 essemus

587 2875 780 2938 ntertui
809 2876 1016 2933 delictis
1061 2888 1114 2934 et
1142 2883 1401 2952 praeputio
1429 2885 1604 2940 carnis
1633 2895 1849 2955 nostrae,
1881 2889 2157 2944 convivill-

586 2967 689 3024 cali
717 2982 897 3024 sumus
921 2971 1155 3040 Christo,
1183 2975 1236 3028 in
1261 2991 1366 3046 quo
1391 2978 1690 3034 circumcisi
1718 2995 1900 3037 sumus
1924 2983 2155 3038 circum—

585 3061 782 3118 cisione
807 3076 916 3118 non
939 3078 1094 3122 manu
1124 3065 1255 3124 facta
1285 3067 1498 3142 (Coloss.
1529 3087 1585 3141 ιι,
1611 3073 1824 3144 15,“),
1848 3091 2003 3146 quam
2028 3077 2157 3148 ﬁgu-

585 3153 736 3208 rabat
761 3155 1093 3213 circumcisio
1133 3177 1289 3216 manu
1321 3163 1485 3232 facta,
1509 3176 1564 3222 ut
1590 3175 1937 3227 evacuaretur
1963 3186 2156 3244 corpus

588 3243 790 3310 peccati
812 3244 984 3315 (Rom.
1031 3264 1106 3316 vt,
1133 3250 1208 3319 6),
1234 3266 1356 3308 cum
1376 3269 1483 3324 quo
1511 3273 1694 3314 sumus
1735 3276 1802 3315 ex
1827 3263 1992 3318 Adam
2022 3243 2150 3320 nati.

588 3331 859 3390 Damnata:
888 3337 1106 3408 originis
1136 3346 1444 3414 propagatio
1471 3362 1569 3401 nos
1595 3348 1829 3417 damnat,
1864 3355 1964 3410 nisi
2001 3373 2150 3412 mun-

587 3423 774 3479 demur
799 3427 1142 3486 similitudine
1169 3435 1344 3490 carnis
1367 3441 1588 3507 peccati,
1621 3442 1676 3496 in
1703 3457 1803 3512 qua
1835 3446 2028 3502 missus
2072 3458 2156 3505 est

585 3517 705 3573 sine
731 3529 968 3589 peccato,
999 3524 1086 3592 qui
1119 3534 1294 3582 tamen
1319 3528 1387 3584 de
1418 3543 1634 3600 peccato
1661 3533 1930 3593 damnavit
1968 3556 2154 3610 pecca-

588 3617 695 3662 tum
725 3609 832 3682 (ld.
867 3627 976 3680 VIII,
1005 3615 1082 3686 5),
1116 3615 1287 3674 lactus
1315 3635 1412 3690 pro
1440 3624 1592 3678 nobis
1635 3640 1907 3696 peccatum
1927 3609 1981 3684 ’.ί
2005 3633 2153 3690 Unde

585 3700 714 3756 dicit
731 3703 1014 3773 Apostolus
1036 3725 1048 3759 :
1073 3707 1403 3767 Obsecremus
1420 3733 1510 3785 pro
1530 3715 1744 3786 Christo,
1761 3725 2153 3781 recouciliamini

587 3791 694 3847 Deo
721 3793 777 3849 ':
802 3812 913 3850 eum
937 3801 1024 3868 qui
1044 3817 1142 3855 non
1163 3815 1367 3860 noverat
1388 3818 1668 3880 peccatum,
1692 3831 1782 3882 pro
1811 3817 1951 3870 nobis
1971 3836 2150 3888 pecca-

583 3893 690 3936 tum
709 3885 846 3954 fecit,
883 3897 936 3941 ut
962 3906 1052 3946 nos
1075 3892 1230 3948 simus
1247 3897 1450 3966 justitia
1487 3898 1586 3954 Dei
1625 3903 1677 3956 in
1720 3904 1830 3973 ipso
1857 3905 1924 3977 (Il
1951 3885 2067 3964 Cor.
2091 3928 2146 3978 ν,

579 3971 670 4038 ειο,
697 3973 811 4046 21).
844 3977 980 4034 Deus
1005 3996 1151 4053 ergo,
1182 3987 1264 4039 cui
1300 3971 1878 4062 reconciliamur,ifecit
1904 4015 2022 4055 eum
2055 3971 2148 4072 pro

581 4065 736 4121 nobis
759 4081 1052 4140 peccatum,
1083 4075 1134 4130 id
1155 4085 1256 4143 est,
1286 4081 1600 4139 sacriﬁcium
1635 4103 1729 4156 per
1753 4092 1892 4160 quod
1913 4065 2147 4152 dimitte-

585 4166 773 4214 rentur
803 4171 981 4218 nostra
1013 4181 1258 4235 peccata:
1281 4176 1527 4242 quoniam
1551 4191 1762 4248 peccata
1785 4196 2038 4242 vocantur
2066 4203 2148 4243 sa-

584 4247 783 4304 crificia
812 4256 1160 4322 propcccatis.
1192 4259 1258 4314 Et.
1283 4263 1462 4334 utique
1507 4247 1618 4337 ipse
1649 4285 1744 4340 pro
1791 4277 2022 4343 peccatis
2049 4295 2146 4332 no—

579 4340 706 4396 stris
731 4341 1032 4402 immolatus
1066 4359 1166 4420 est,
1198 4354 1400 4411 nullum
1439 4357 1640 4416 habens
1673 4340 1888 4435 .vitium,
1920 4371 2062 4426 solus
2091 4373 2145 4430 in

578 4429 882 4491 hominibus
902 4440 1054 4509 quale
1079 4447 1414 4513 quzerebatur
1434 4453 1592 4508 etiam
1614 4463 1738 4512 tunc
1761 4459 1812 4512 in
1839 4429 2139 4533 pecoribus,

582 4536 690 4591 quo
729 4525 1125 4597 significabatur
1167 4551 1302 4593 unus
1346 4540 1465 4596 sine
1502 4544 1631 4600 vitio
1657 4547 1723 4602 ad
1754 4525 1878 4605 vitia
1913 4557 2146 4612 sananda

575 4620 844 4704 venturus.
868 4618 1210 4695 Quocumque
1232 4628 1390 4699 igitur
1410 4631 1497 4688 die
1525 4649 1634 4692 suae
1661 4642 1948 4700 nativitatis
1976 4648 2146 4704 infans

577 4699 873 4795 baptizetur
895 4709 946 4762 in
975 4711 1204 4784 Christo,
1253 4728 1498 4792 tanquam
1538 4734 1726 4784 octavo
1753 4732 2145 4795 circumciditur

579 4791 697 4847 die:
727 4800 972 4866 quoniam
1005 4805 1056 4859 in
1087 4807 1175 4862 illo
1198 4810 1608 4888 circumciditur,
1637 4823 1727 4892 qui
1756 4827 1909 4882 tertio
1930 4832 2142 4900 quidem

576 4898 642 4938 ex
667 4901 772 4955 quo
787 4893 1066 4952 cruciﬁxus
1092 4909 1194 4967 est,
1223 4905 1315 4958 sed
1331 4917 1519 4964 octavo
1541 4911 1592 4966 in
1621 4893 2036 4979 hebdomadibus
2055 4943 2139 4982 re-

578 4982 810 5036 surrexit
841 4984 946 5041 die.
979 4989 1384 5054 Circumeiditur
1411 5011 1588 5060 autem
1621 5007 1674 5062 in
1703 5014 2138 5082 exspoliationem

577 5073 815 5176 corporis
835 5079 1010 5134 carnis
1028 5078 1242 5154 (Coloss.
1267 5103 1323 5156 ιι,
1346 5091 1456 5162 Η),
1484 5094 1536 5150 id
1553 5107 1654 5166 est,
1674 5109 1732 5157 ut
1751 5073 1983 5164 debitum
2001 5073 2140 5181 quod

575 5165 820 5270 leontagio
836 5172 1059 5226 carnalis
1073 5181 1426 5245 generationis
1444 5193 1678 5258 attraxit,
1702 5198 1866 5266 gratia
1891 5165 2140 5270 Spiri‘tua-

570 5251 638 5307 Iis
665 5263 1080 5326 regenerationis
1104 5267 1360 5328 absolvat.
1393 5275 1584 5335 Nullus
1608 5251 1739 5340 enim
1769 5300 1842 5342 est
1866 5251 2083 5349 mundus
2109 5313 2140 5349 a

569 5347 736 5414 sorde,
765 5349 910 5422 (qua,
940 5355 1182 5428 obsecro,
1212 5366 1388 5436 sorde,
1420 5371 1518 5426 nisi
1547 5378 1806 5453 peccati?)
1836 5399 1926 5436 nec
1946 5385 2134 5458 infans,

630 5501 652 5592 ἶ
671 5509 1244 5592 meammeam:

566 5567 1036 5672 “Lcygiratmen'sis
1083 5583 1163 5626 ills.
1183 5613 1198 5638 ,
1228 5582 1382 5642 factus
1422 5595 1490 5640 est
1521 5590 1647 5642 enim
1679 5609 1768 5658 pro
1797 5597 1931 5651 uotis
1962 5614 2132 5664 pecca-

675 5685 802 5736 tdcm
825 5695 928 5754 Ms,
949 5698 1254 5753 reconciliari
1277 5713 1389 5756 Deo.

1957 310 2316 365 AUCUSTINI
2359 310 2660 366 EPISCOI‘I

3659 357 3734 416 illi

2261 425 2406 493 cujus
2445 435 2516 478 est
2560 427 2704 480 unius
2743 427 2841 480 dici
2883 429 2978 482 vita
3026 446 3172 502 super
3214 447 3386 498 terram
3427 447 3532 519 (Job
3575 474 3660 526 ειν,
3695 473 3734 536 ,ι’

2267 531 2283 536 Α
2301 531 2339 536 --
2391 516 2406 536 l
2433 515 2550 536 ‘7"h

2260 531 2357 567 sec.
2389 515 2574 586 LXX).

2332 605 2553 662 CAPUT
2575 606 2809 663 XXXIII.
2839 640 2910 650 —
2935 610 3022 666 58.
3050 611 3137 668 Sic
3161 627 3326 673 autem
3352 638 3719 699 argumentantur

2259 694 2532 752 dicentes:
2567 717 2586 750 ι
2626 699 2763 770 Ergo
2793 699 2988 756 malum
3009 713 3131 758 sunt
3154 710 3362 778 nuptite,
3383 690 3433 770 et
3454 735 3544 776 non
3559 690 3738 801 est—opu;

2261 785 2352 840 Dei
2381 787 2538 841 homo
2565 804 2720 860 quem
2751 801 3007 862 generant
3036 797 3259 864 nuptim?
3285 819 3303 853 ι
3335 804 3480 873 Quasi
3500 785 3738 884 nuptiarum

2259 876 2453 932 bonum
2485 878 2555 934 sit
2579 882 2797 936 morbus
2826 884 3280 955 concupiscentiae,
3310 891 3358 946 in
3383 910 3480 966 quo
3504 876 3738 968 uxores

2260 969 2426 1040 ligunt
2453 972 2540 1040 qui
2584 973 2828 1043 ignorant
2869 975 3056 1042 Deum,
3102 979 3238 1047 quod
3265 983 3528 1052 Apostolus
3552 1000 3743 1064 prohibet

2261 1059 2304 1126 (Ι
2331 1057 2502 1114 Thess.
2539 1075 2615 1126 tv,
2645 1061 2731 1133 5);
2762 1077 2825 1118 ac
2863 1079 2966 1118 non
3013 1065 3184 1135 potius
3224 1071 3456 1140 pudicitia
3491 1057 3742 1158 conjugalis,

2259 1162 2360 1216 qua
2385 1151 2436 1202 in
2465 1150 2632 1205 bonos
2659 1167 2784 1208 usus
2804 1153 3047 1210 ordinate
3073 1155 3208 1212 filios
3233 1168 3522 1228 procreandi
3545 1150 3744 1246 redigam

2259 1240 2420 1296 libido
2445 1243 2704 1298 carnalis:
2731 1253 2824 1298 aut
2852 1260 2978 1301 vero
3021 1247 3184 1315 possit
3221 1264 3336 1306 esse
3373 1254 3518 1311 homo
3547 1240 3748 1337 nisiopus

2261 1335 2373 1400 Dei,
2397 1351 2502 1390 non
2530 1336 2702 1392 solum
2726 1337 2814 1407 qui
2860 1337 2926 1392 de
2951 1339 3216 1409 coniugio,
3247 1357 3422 1398 verum
3447 1349 3586 1404 etiam
3609 1335 3749 1424 quide

2259 1425 2626 1492 fornicatione,
2656 1429 2742 1484 vel
2772 1427 2839 1483 de
2864 1427 3126 1484 adulterio
3152 1443 3466 1501 procreatur.
3500 1438 3592 1496 Sed
3613 1443 3654 1498 in
3677 1445 3750 1505 hac

2259 1521 2572 1590 quarstione,
2601 1519 2690 1574 ubi
2715 1522 2988 1590 quarritur,
3015 1537 3122 1576 non
3152 1523 3235 1579 cui
3259 1526 3334 1579 rei
3361 1539 3568 1596 creator,
3591 1537 3668 1590 sed
3691 1542 3752 1598 cui

2258 1613 2490 1667 salvator
2517 1612 2584 1668 sit
2612 1605 2959 1682 necessarius,
2989 1631 3094 1670 non
3119 1615 3420 1673 intuendum
3445 1633 3518 1677 est
3543 1627 3754 1695 quidboni

2259 1703 2328 1758 sit
2355 1703 2406 1758 in
2440 1705 2806 1773 procreatione
2833 1714 3056 1773 naturze,
3084 1707 3180 1762 sed
3205 1708 3328 1778 quid
3355 1710 3404 1764 in
3427 1727 3619 1782 peccato
3641 1723 3752 1787 mali,

2259 1811 2364 1866 quo
2397 1806 2600 1850 certum
2627 1807 2708 1852 est
2736 1797 2971 1852 vitiatam
3015 1813 3136 1854 esse
3167 1810 3422 1858 natumut.
3449 1805 3598 1863 Simul
3622 1823 3754 1868 autem

2261 1895 2544 1957 utrumque
2572 1897 2912 1958 propagatur,
2945 1899 2998 1944 et
3023 1899 3233 1958 natura,
3281 1901 3336 1948 et
3363 1904 3548 1954 natura:
3585 1901 3758 1971 vitium;

2259 1995 2483 2050 quorum
2509 1991 2591 2036 cst
2619 1997 2778 2039 unum
2809 1983 3028 2051 bonum,
3069 1984 3296 2040 alterum
3325 1989 3530 2044 malum.
3570 1993 3676 2049 Illud
3711 1997 3760 2053 tle

2260 2074 2549 2130 conditoris
2577 2074 2817 2145 largitate
2845 2076 3096 2142 sumitur,
3133 2077 3234 2134 hoc
3278 2077 3344 2134 de
3367 2081 3570 2152 originis
3593 2085 3758 2142 damna-

2261 2168 2404 2223 tione
2433 2168 2450 2200 ί
2487 2166 2807 2222 attrahitur:
2835 2163 2910 2224 illi
2953 2177 3034 2224 est
3074 2184 3234 2224 causa
3283 2172 3415 2226 bona
3453 2174 3664 2231 voluntas
3694 2179 3762 2235 Dei

2259 2258 2474 2326 summi,
2522 2258 2643 2314 huic
2669 2261 2806 2314 mala
2837 2260 3080 2316 voluntas
3107 2260 3342 2318 hominis
3369 2264 3546 2334 primi:
3577 2267 3679 2322 illud
3700 2271 3759 2324 in-

2260 2347 2402 2404 dicat
2427 2349 2588 2405 Deum
2617 2359 2873 2404 creatura:
2898 2350 3279 2417 institutorem,
3306 2351 3404 2408 hoc
3441 2354 3616 2410 indicat
3635 2357 3762 2414 Deum

2261 2439 2630 2497 inobcdicntite
2663 2443 2997 2512 punitorcm:
3026 2443 3260 2515 denique
3289 2445 3424 2501 idem
3450 2447 3553 2516 ipse
3576 2447 3762 2506 Christus

2260 2544 2477 2605 propter
2503 2535 2631 2590 illud
2671 2537 2958 2590 creandum
3007 2535 3180 2593 factor
3222 2547 3304 2593 est
3341 2538 3574 2608 hominis,
3601 2555 3763 2613 propter

2263 2628 2362 2682 hoc
2387 2627 2678 2681 sanandum
2711 2626 2877 2682 Iactus
2899 2615 2988 2682 est
3019 2629 3203 2684 homo.

2329 2718 2553 2775 CAPUT
2599 2718 2836 2774 XXXIV.
2866 2751 2936 2760 ——
2959 2720 3049 2776 59.
3093 2722 3299 2777 Botium
3337 2739 3459 2794 ergo
3482 2734 3592 2780 sunt
3616 2729 3764 2796 nuptiae

2261 2808 2312 2864 in
2342 2810 2586 2864 omnibus
2611 2826 2726 2880 qua:
2755 2821 2876 2864 sunt
2902 2812 3112 2881 propria
3143 2814 3460 2883 nuptiarum.
3497 2816 3608 2872 Ilazc
3629 2827 3760 2872 autem

2259 2909 2382 2956 sunt
2409 2903 2524 2966 tria,
2546 2901 2833 2972 generandi
2857 2902 3143 2970 ordinatio,
3171 2904 3302 2960 lich
3323 2904 3586 2974 pudicititc,
3611 2923 3763 2962 conuu-

2259 2994 2330 3048 bii
2377 3003 2786 3050 sacramentum.
2847 2995 3074 3066 Propter
3121 2998 3501 3055 ordinationem
3541 3003 3768 3071 generandi

2259 3089 2509 3159 scriptum
2539 3097 2622 3144 est
2653 3107 2666 3143 :
2709 3087 2835 3144 Volo
2868 3091 3098 3160 iuniores
3143 3094 3346 3162 nubere,
3375 3095 3502 3164 ﬁlios
3531 3079 3765 3164 procreare,

2259 3181 2662 3255 matresfamilias
2689 3199 2793 3240 esse
2819 3181 2858 3257 (Ι
2905 3182 3036 3241 Tim.
3065 3199 3122 3253 v,
3156 3183 3267 3256 M).
3309 3187 3522 3256 Propter
3547 3187 3678 3244 ﬁdem
3701 3205 3768 3260 pu-

2257 3274 2451 3330 dicitia:
2483 3293 2497 3330 :
2533 3275 2675 3330 Umor
2715 3293 2814 3332 non
2854 3279 3000 3333 habet
3031 3285 3328 3350 potestatem
3353 3279 3433 3336 sui
3457 3282 3673 3350 corporis,
3706 3281 3768 3334 sed

2257 3367 2333 3421 vir
2358 3383 2377 3422 :
2399 3367 2622 3424 similiter
2637 3377 2683 3423 et
2700 3371 2774 3424 vir
2789 3386 2886 3424 non
2907 3370 3052 3425 habet
3068 3380 3366 3443 potestatem
3387 3371 3464 3426 sui
3477 3373 3686 3442 corporis,
3709 3373 3770 3426 sed

2259 3459 2440 3513 mulier
2461 3459 2499 3532 (I
2517 3457 2632 3514 Cor.
2653 3477 2745 3526 vn,
2767 3461 2844 3531 4).
2869 3462 3091 3532 Propter
3118 3463 3372 3518 connubii
3407 3473 3766 3520 sacramentum:

2261 3550 2407 3618 Quod
2447 3550 2582 3605 Deus
2607 3553 2889 3624 conjunxit,
2929 3553 3078 3608 homo
3105 3571 3210 3608 non
3237 3565 3434 3623 separet
3462 3553 3649 3628 (Matth.
3673 3569 3769 3618 ιιι,

2257 3641 2340 3712 6).
2381 3641 2456 3697 De
2482 3642 2672 3712 quibus
2707 3643 2758 3698 in
2803 3644 2920 3699 aliis
2961 3647 3232 3714 opusculis
3275 3649 3486 3714 nostris,
3529 3663 3632 3718 qua:
3664 3649 3774 3702 vobis

2257 3747 2361 3788 non
2393 3742 2518 3789 sunt
2563 3734 2848 3805 incognita,
2893 3746 3151 3806 quantum
3185 3738 3410 3793 Domino
3435 3739 3684 3808 adjuvante
3708 3752 3776 3807 po-

2256 3823 2471 3891 luimus,
2503 3825 2633 3880 satis
2673 3841 2769 3880 nos
2813 3826 3130 3883 disseruisse
3179 3829 3516 3885 meminimus
3543 3829 3634 3900 (De
3667 3827 3776 3882 Bono

2254 3916 2538 3987 coniugali,
2569 3933 2622 3970 η.
2651 3918 2685 3972 5
2707 3915 2864 3990 sqq.).
2901 3917 3128 3988 Propter
3153 3918 3272 3975 haec
3295 3921 3492 3988 omnia,
3519 3917 3780 3974 honorabiles

2253 4007 2444 4077 nuptiae
2469 4007 2522 4061 in
2547 4007 2793 4076 omnibus,
2834 4019 2882 4064 et
2915 4009 3087 4064 thorus
3115 4010 3470 4066 immaculatus
3497 4009 3659 4083 (Hebr.
3681 4025 3776 4072 χιιι,

2253 4100 2331 4169 4).
2372 4099 2430 4154 In
2457 4107 2710 4170 quantum
2753 4101 2894 4156 enim
2925 4102 3124 4171 nuptiae
3151 4101 3308 4158 bona:
3351 4112 3489 4169 sunt,
3533 4103 3582 4158 in
3621 4109 3780 4156 tantum

2253 4191 2448 4248 faciunt
2478 4193 2760 4262 plurimum
2786 4193 2908 4248 boni
2935 4193 3096 4248 etiam
3123 4193 3195 4250 de
3224 4195 3458 4250 libidinis
3485 4193 3614 4248 m‘alo
3641 4209 3653 4246 :
3677 4207 3778 4261 quo-

2252 4284 2394 4338 niam
2425 4283 2640 4338 libidine
2687 4298 2790 4338 non
2823 4284 2957 4340 bene
2986 4285 3152 4340 utitur
3180 4285 3367 4352 libido,
3399 4285 3490 4341 sed
3532 4283 3670 4340 ratio.
3713 4281 3781 4336 Li-

2252 4373 2378 4430 bido
2405 4382 2490 4429 est
2531 4385 2708 4429 autem
2751 4376 2804 4430 in
2832 4376 2853 4408 ³
2883 4375 2991 4440 illa,
3033 4391 3196 4446 quam
3227 4386 3378 4433 notat
3417 4377 3696 4448 Apostolus,
3721 4389 3784 4426 re-

2252 4474 2516 4534 pugnante
2539 4465 2639 4535 legi
2661 4465 2875 4530 mentis,
2900 4465 3324 4524 inobedientium
3345 4469 3460 4540 lege
3477 4467 3786 4523 membrorum

2251 4554 2426 4626 (Rom.
2455 4571 2550 4624 vn,
2579 4553 2672 4629 25)
2705 4573 2720 4611 :
2749 4557 2900 4613 ratio'
2925 4573 3054 4614 vero
3093 4559 3232 4616 bene
3261 4569 3415 4617 utens
3452 4557 3672 4624 libidine,
3700 4558 3786 4625 ipsa

2248 4655 2331 4702 est
2357 4648 2408 4701 in
2435 4647 2550 4717 lege
2575 4647 2896 4718 nuptiarum.
2919 4648 3050 4704 Nam
3079 4651 3122 4703 si
3149 4651 3358 4706 nullum
3383 4651 3449 4706 de
3473 4649 3606 4704 malo
3627 4649 3787 4702 bonum

2249 4734 2367 4792 ﬁeri
2399 4746 2596 4807 posset,
2627 4753 2725 4793 nec
2751 4739 2889 4794 Deus
2916 4754 2986 4796 ex
3011 4739 3317 4796 adulterino
3355 4738 3628 4796 concubitu
3655 4735 3792 4790 homi-

2249 4845 2369 4885 nem
2396 4831 2670 4886 conderet.
2707 4829 2852 4886 Sicut
2870 4847 2997 4903 ergo
3017 4833 3265 4888 adulterii
3287 4833 3582 4890 damnabile
3606 4830 3790 4892 malunu

2248 4920 2458 4990 quando
2501 4929 2554 4974 et
2583 4919 2706 4975 inde
2733 4920 2894 4976 homo
2921 4923 3176 4991 nascitur,
3213 4939 3322 4979 non
3375 4925 3651 4994 imputatur
3672 4920 3788 4980 Deo,

2249 5011 2339 5081 qui
2363 5021 2508 5066 certe
2537 5011 2588 5065 in
2617 5026 2779 5081 opere
2807 5011 3078 5070 hominum
3107 5017 3251 5072 malo
3285 5017 3414 5072 facit
3439 5017 3549 5087 ipse
3575 5029 3694 5085 opus
3715 5013 3790 5066 bo-

2248 5119 2374 5160 num
2403 5122 2417 5158 :
2451 5105 2520 5160 ita
2546 5104 2798 5175 quidquid
2823 5115 2905 5162 est
2930 5107 3236 5178 pudendum
3265 5111 3320 5165 in
3353 5111 3696 5166 membrorum
3723 5104 3792 5158 illa

2247 5195 2621 5265 inobedientia,
2663 5197 2731 5254 de
2760 5215 2862 5270 qua
2899 5201 3228 5258 erubuerunt
3275 5204 3367 5273 qui
3412 5210 3532 5274 post
3558 5207 3792 5272 peccatum

2245 5284 2385 5341 foliis
2411 5286 2658 5343 ﬁculneis
2673 5289 2858 5346 eadem
2899 5293 3134 5348 membra
3166 5302 3420 5350 texerunt
3447 5293 3594 5368 (Cen.
3623 5309 3690 5354 Ill,
3715 5291 3796 5358 'I).

2245 5391 2350 5431 non
2381 5379 2577 5448 nuptiis
2607 5379 2913 5450 imputatur,
2955 5393 3168 5454 propter
3191 5401 3330 5456 quas
3359 5385 3661 5450 concubitus
3683 5396 3788 5436 cou-

2306 5489 2325 5556 ξ
2347 5495 2672 5556 omnes_lttss.,
2691 5490 2752 5541 de
2767 5492 2950 5556 origine
2974 5494 3311 5547 clarnnationis.

2307 5551 2328 5582 ι
2354 5549 2677 5620 ltaiGaIIicani
2706 5559 2812 5603 Mss.
2839 5549 2985 5605 illum
3009 5565 3115 5606 ιον.
3141 5561 3340 5620 omittit,
3375 5559 3426 5608 in
3470 5571 3487 5608 :
3529 5565 3683 5620 postea
3705 5567 3794 5620 qun

2242 5617 2339 5658 Am.
2351 5617 2412 5692 net
2426 5619 2496 5684 ξξιι.
2517 5613 2587 5692 sic
2601 5613 2770 5692 habet,
2791 5629 2935 5692 quam
2953 5625 3094 5692 rocat_
3110 5613 3354 5692 .ltposloltt's
3377 5613 3703 5692 repugnantem

2239 5671 2424 5744 mentis,
2440 5671 2813 5744 inobedieu—tiunt'
2831 5676 2934 5739 lege
2949 5671 3292 5734 membrorum.
3320 5691 3420 5734 Non
3435 5671 3579 5744 male,
3605 5683 3642 5732 si
3679 5677 3796 5726 ωοάο

2239 5737 2465 5798 corrigas,
2496 5735 2646 5800 legem
2662 5735 2997 5792 membrorum.
