3938 6502
238 334 321 393 ηδ
1266 309 1467 366 LIBER
1508 310 1593 365 DE
1632 310 1944 366 PECCATO
1985 312 2349 368 OIiIGlNALI.

231 443 385 519 Malis
420 451 515 493 non
553 429 718 488 solum
762 434 844 482 est
872 424 1064 489 licitus,
1096 439 1276 478 verum
1320 425 1478 478 etiam
1518 422 1665 478 utilis
1694 432 1746 478 et

231 512 471 594 honestus;
498 519 588 578 sed
625 519 907 588 imputatur
933 521 1146 585 peccato
1177 512 1569 576 inobedientia),
1599 512 1751 581 cujus

231 629 477 691 mpetu
516 619 596 667 est
636 616 938 671 consecuta,
981 614 1038 659 ut
1068 606 1225 657 homo
1253 601 1563 658 inobediens
1595 602 1706 658 Deo
1731 643 1746 669 ,

229 730 304 772 ειη
337 719 521 780 quoque
558 701 658 757 sibi
700 697 1055 755 inobedientia
1104 696 1342 751 membra
1383 696 1604 751 sentiret
1638 714 1651 749 :
1682 694 1750 750 de

226 803 377 877 quibus
396 795 719 858 erubescens,
752 788 894 861 quod
924 804 1029 843 non
1067 787 1135 843 ad
1159 788 1435 842 arbitrium
1463 786 1749 842 voluntatis

224 898 328 966 ejus,
362 887 443 944 sed
482 884 549 940 ad
574 882 809 939 libidinis
837 881 1162 937 incentivum
1190 880 1335 935 velut
1373 880 1593 935 arbitrio
1625 895 1748 950 pro-

225 984 672 1058 priamoverentur,
714 990 834 1046 qua:
860 972 1104 1044 pudenda
1139 971 1414 1042 judicavit,
1462 970 1750 1041 operienda

220 1075 397 1135 curavit.
430 1071 538 1126 Non
578 1069 722 1124 enim
765 1066 1019 1123 confundi
1056 1065 1238 1122 debuit
1278 1066 1439 1121 homo
1480 1064 1546 1119 de
1587 1080 1747 1135 opere

224 1167 311 1231 Dei,
335 1171 413 1217 aut
438 1160 538 1214 ullo
563 1157 726 1212 modo
769 1156 978 1212 fuerant
1004 1164 1191 1212 creato
1217 1153 1596 1222 erubescenda,
1628 1170 1747 1225 quae

222 1249 486 1311 instituenda
524 1248 635 1301 visa
677 1256 806 1302 sunt
845 1247 1107 1303 Creatori.
1148 1247 1330 1316 Itaque
1374 1261 1472 1301 nec
1500 1246 1608 1299 Deo
1648 1261 1748 1301 nec

219 1342 376 1401 homini
400 1340 479 1394 illa
515 1337 745 1408 simplex
772 1338 978 1393 nuditas
1003 1336 1334 1408 displicebat,
1362 1336 1574 1406 quando
1615 1335 1746 1391 nihil

217 1442 306 1491 erat
348 1425 629 1501 pudendum
657 1469 673 1492 ,
734 1428 860 1498 quia
918 1426 1050 1483 nihil
1111 1435 1458 1498 praecesserat
1528 1427 1747 1497 punien-

218 1527 332 1581 duo.

268 1609 455 1673 CAPUT
489 1609 713 1667 XXXV.
741 1641 816 1651 —
837 1610 927 1667 40.
967 1610 1160 1666 Essent
1178 1617 1355 1665 autem
1384 1611 1564 1681 procul
1585 1611 1745 1668 dubio

216 1707 369 1777 nuptiae
388 1705 535 1761 etiam
563 1718 680 1758 non
707 1701 1042 1773 prrecedente
1069 1711 1307 1771 peccato,
1334 1702 1455 1773 quia
1483 1718 1657 1774 neque
1675 1703 1745 1760 ob

213 1802 333 1856 aliam
355 1811 545 1855 causnm
588 1795 706 1851 viro
734 1796 1074 1867 adjutorium,
1120 1810 1225 1850 non
1252 1795 1390 1850 alius
1415 1797 1512 1861 vir,
1544 1796 1639 1852 sed
1668 1797 1745 1853 fe-

215 1896 319 1947 mina
343 1890 454 1945 facta
475 1895 583 1944 est-
630 1888 697 1943 Et
724 1888 812 1942 illa
842 1888 932 1943 Dei
959 1888 1138 1954 verba,
1168 1888 1404 1955 Crescite,
1429 1897 1477 1943 et
1501 1888 1744 1959 multipli-

213 1982 499 2055 (σκῶψαι.
528 1997 573 2046 ι,
607 1982 703 2054 28)
730 1998 747 2048 ;
776 1997 882 2036 non
904 1990 984 2038 cst
1023 1980 1443 2037 damnandorum
1473 1980 1744 2051 praedictio

219 2088 501 2149 peccatorum,
521 2076 630 2131 sed
660 2075 1062 2131 fecundatarum
1088 2073 1392 2131 benedictio
1418 2074 1740 2145 nuptiarum.

221 2172 289 2227 Itis
307 2168 415 2225 enim
437 2168 579 2222 Deus
604 2167 962 2222 ineﬂ'abilibus
980 2167 1090 2223 suis
1119 2166 1317 2234 verbis,
1345 2166 1396 2223 id
1421 2176 1523 2234 est,
1547 2165 1742 2222 divinis

228 2262 438 2317 rationibus
461 2261 508 2314 in
527 2275 655 2314 sum
684 2259 981 2330 sapientiae,
1007 2274 1103 2329 per
1125 2274 1284 2329 quam
1315 2257 1450 2314 facta
1476 2267 1601 2313 sunt
1627 2274 1743 2314 om-

224 2355 304 2419 nia,
336 2353 506 2407 veritate
556 2351 869 2406 viventibus
911 2350 1017 2404 vim
1066 2349 1288 2405 seminis
1336 2350 1528 2427 indidit
1556 2350 1742 2421 primis

217 2444 463 2500 hominibus.
497 2443 557 2500 Si
590 2452 775 2499 autem
807 2451 1026 2514 peccato
1052 2457 1158 2499 non
1187 2443 1375 2500 fuisset
1394 2443 1741 2500 dehonestata

211 2546 374 2602 murra,
392 2537 508 2591 absit
548 2546 611 2591 ut
632 2536 923 2606 opinemur
948 2535 1081 2591 tales
1113 2533 1318 2591 futuras
1343 2535 1504 2591 fuisse
1533 2536 1740 2606 nuptias

211 2628 256 2681 in
276 2628 487 2697 paradiso,
504 2636 571 2681 ut
594 2627 645 2681 in
668 2627 753 2682 eis
776 2626 843 2682 ad
872 2626 1079 2697 prolem
1101 2626 1465 2682 seminandam
1481 2642 1587 2682 non
1609 2635 1741 2684 nutu

215 2717 507 2783 voluntatis‘,
548 2717 690 2772 sicut
735 2732 832 2786 pes
878 2715 945 2771 ad
991 2716 1390 2784 ambulandum,
1442 2732 1629 2773 manus
1672 2717 1741 2772 ad

214 2808 502 2878 operandam,
528 2808 699 2879 lingua
740 2807 810 2863 ad
838 2807 1198 2878 loquendum;
1227 2808 1321 2864 sed
1349 2817 1483 2863 testu
1510 2809 1741 2866 libidinis

222 2901 409 2957 membra
445 2901 679 2972 genitalia
734 2908 1102 2957 moverentur.
1144 2899 1253 2956 Nec
1295 2901 1431 2956 sicut
1474 2916 1614 2956 nunc
1645 2901 1734 2970 fit,

223 2993 467 3063 virginitatis
489 2993 771 3063 integritas
797 2992 863 3046 ad
887 2991 1269 3062 concipiendos
1297 2991 1436 3048 fetus
1467 2993 1516 3046 vi
1544 2992 1740 3048 turbidi

216 3084 712 3151 vitiaretm'ardoris,
747 3084 845 3140 sed
891 3083 1277 3154 obsequeretur
1319 3084 1543 3154 imperio
1589 3094 1737 3141 tran-

203 3175 469 3246 quillissima:
494 3175 781 3231 charitatis
813 3192 828 3229 :
861 3183 916 3231 et
933 3190 1000 3231 eo
1027 3174 1187 3231 modo
1203 3190 1310 3230 non
1338 3184 1484 3231 esset
1510 3175 1663 3231 dolor
1688 3185 1743 3232 et

201 3280 325 3321 mor
377 3266 588 3337 virginis
643 3265 1088 3331 concumbentis,
1139 3264 1406 3336 quomodo
1450 3281 1558 3321 non
1601 3275 1745 3323 esset

197 3358 321 3412 etiam
346 3359 517 3414 matris
545 3358 784 3429 gemitus
824 3356 1100 3428 parientis.
1142 3357 1270 3413 Haec
1311 3356 1432 3411 ideo
1473 3372 1580 3412 non
1621 3372 1741 3413 cre-

194 3446 365 3514 duntur,
390 3450 510 3518 quia
536 3449 591 3503 in
632 3448 735 3503 ista
764 3446 1101 3502 mortalitatis
1124 3446 1429 3501 conditione
1469 3446 1741 3517 inexperta

192 3547 303 3593 sunt.
339 3538 387 3592 In
409 3538 648 3595 deterius
672 3538 871 3609 quippe
893 3538 1020 3593 vitio
1046 3545 1245 3592 mutata
1270 3544 1478 3604 natura,
1511 3553 1616 3592 non
1656 3538 1741 3592 in-

190 3629 302 3683 venit
336 3630 514 3699 prima:
541 3629 688 3684 illius
718 3629 961 3700 puritatis
988 3627 1313 3698 exemplum.
1355 3627 1461 3683 Sed
1491 3626 1737 3683 fidelibus

182 3715 440 3789 loquimur,
498 3720 594 3792 qui
647 3727 914 3777 noverunt
965 3719 1185 3776 credere
1231 3719 1424 3775 divinis
1472 3720 1738 3791 eloquiis,

184 3812 312 3864 etiam
355 3812 513 3867 nullis
559 3811 817 3866 adhibitis
869 3820 1104 3881 experta:
1164 3810 1400 3866 veritatis
1456 3810 1739 3882 exemplis.

182 3903 419 3972 Quomodo
448 3905 597 3962 enim
641 3920 786 3960 nunc
810 3904 1085 3960 ostendam
1126 3905 1242 3960 sine
1284 3905 1404 3960 ullis
1434 3906 1741 3974 parentibus

178 3994 231 4049 de
247 3996 445 4065 pulvere
474 3997 752 4052 hominem
777 3995 1000 4062 factum,
1029 3996 1184 4066 eique
1208 3995 1277 4051 de
1300 4010 1397 4052 suo
1425 3997 1591 4052 latere
1614 4012 1739 4052 con-

174 4084 321 4156 iugem
353 4084 460 4157 (Id.
488 4102 547 4152 ll,
575 4088 631 4154 7,
657 4086 798 4158 22)?
824 4086 891 4140 Et
912 4094 1089 4142 tamen
1119 4086 1260 4157 quod
1285 4088 1471 4143 oculus
1490 4088 1601 4158 jam
1632 4102 1737 4143 non

178 4166 369 4247 invenit,
394 4180 527 4235 fides
549 4179 742 4235 credit.

232 4269 436 4328 CAPUT
483 4272 732 4329 XXXVI.
781 4304 854 4314 —
897 4275 987 4330 ll.
1058 4274 1146 4331 Sic
1189 4289 1317 4345 ergo
1355 4284 1407 4330 et
1452 4274 1738 4344 primarum

178 4364 449 4431 nuptiarum
496 4365 618 4419 sine
670 4364 903 4420 libidinis
951 4365 1195 4437 passione
1244 4366 1636 4436 tranquillitas,
1685 4376 1742 4422 et

176 4466 325 4511 motus
348 4458 656 4527 genitalium
700 4459 837 4513 sicut
863 4459 1090 4514 aliorum
1118 4458 1498 4524 membrorum,
1541 4474 1646 4513 non
1673 4459 1740 4514 ad

178 4546 389 4605 effrenati
414 4550 611 4607 ealoris
655 4550 1079 4616 incitamentum,
1119 4550 1212 4607 sed
1237 4549 1307 4606 ad
1333 4551 1620 4608 voluntatis
1647 4567 1735 4607 ar-

180 4636 363 4694 bitrium
389 4640 595 4712 (quales
624 4641 821 4711 nuptiae
851 4651 1301 4713 perseverassent,
1330 4641 1376 4697 si
1403 4643 1604 4711 peccati
1633 4658 1739 4699 nou

179 4729 520 4789 mtervenisset
543 4733 934 4804 opprobrium),
966 4748 1109 4789 nunc
1148 4733 1356 4789 ostendi
1385 4750 1491 4790 non
1523 4744 1695 4806 potest
1723 4754 1735 4790 :

181 4823 259 4878 sed
296 4840 358 4880 ex
402 4827 464 4882 iis
499 4843 623 4898 qua:
652 4827 829 4882 divina
868 4828 1183 4883 auctoritate
1225 4829 1527 4899 conscripta
1571 4838 1736 4897 sunt,

180 4927 269 4969 non
312 4917 568 4974 immerito
610 4918 758 4974 credi
797 4928 990 4989 potest.
1032 4919 1122 4974 Sic
1156 4919 1299 4981 enim
1330 4919 1487 4974 modo
1516 4936 1621 4976 non
1654 4921 1737 4977 in-

182 5006 317 5063 venio
358 5009 465 5064 sine
510 5009 787 5079 pruriente
829 5009 1047 5065 libidine
1085 5011 1557 5078 concumbentem,
1604 5013 1741 5068 sicut

179 5110 271 5151 non
298 5099 494 5157 invenio
519 5102 638 5157 sine
660 5102 847 5157 dolore
872 5110 926 5158 et
965 5102 1161 5173 gemitu
1188 5104 1593 5174 parturientem,
1622 5105 1740 5162 sine

185 5188 339 5248 Iutura
374 5205 542 5251 morte
582 5202 894 5250 nascentem
927 5205 1022 5251 :et
1065 5204 1240 5251 tamen
1280 5197 1573 5254 secundum
1601 5197 1742 5253 Scri-

186 5291 425 5350 pturarum
454 5298 760 5343 sanctarum
792 5288 1090 5355 veritatem,
1140 5290 1368 5361 gemitus
1398 5292 1740 5361 parturientis

184 5382 231 5423 et
257 5389 385 5430 mors
406 5376 635 5433 hominis
665 5393 771 5433 non
802 5377 1045 5446 fuissent,
1073 5380 1116 5434 si
1142 5392 1417 5452 peccaturo
1461 5399 1566 5438 non
1603 5399 1742 5456 prae-

190 5464 422 5522 cessisset.
451 5467 538 5525 Sic
561 5484 664 5526 nec
686 5469 814 5525 illud
846 5470 985 5526 unde
1008 5472 1355 5541 erubucrunt,
1384 5474 1470 5544 qui
1503 5474 1739 5531 membra

256 5706 393 5776 ‘:'.__d‘:ti
428 5720 471 5776 εξ.
499 5716 603 5776 uas.
625 5745 640 5769 ,
673 5717 976 5776 immatura
1009 5714 1272 5765 voluntatis.
1311 5719 1632 5770 Emenlautur
1666 5720 1742 5769 hic

216 5777 271 5844 κ.
555 5768 826 5844 depuptiis
845 5784 899 5843 et
916 5780 1321 5844 {loriculam-entia,
1344 5796 1389 5828 ιι.
1417 5783 1462 5829 ῖ.

252 5836 272 5864 ι
303 5834 446 5878 Victor.
468 5836 543 5881 Ms.
566 5840 619 5885 et
644 5836 813 5894 Vatia.
837 5834 1113 5888 ittciturcttir

3346 327 3448 384 I06

1861 424 1948 478 illa
1978 433 2225 480 texerunt
2256 443 2268 479 :
2301 428 2420 495 quia
2461 438 2511 484 et
2544 430 2641 483 hoc
2691 430 2740 484 in
2771 432 2971 487 eisdem
3002 435 3201 492 sanctis
3229 438 3441 496 Litteris

1858 514 2191 585 princetlente
2217 528 2432 587 peccato
2447 520 2700 590 scriptum
2718 532 2798 575 est
2814 535 3177 580 consecutum.
3206 527 3437 583 Membra

1857 607 2050 678 quippe
2094 609 2190 675 illa
2235 610 2335 665 nisi
2380 610 2632 669 indecens
2672 624 2846 671 motus
2883 618 3055 675 oculis
3096 633 3303 688 eorum,
3333 638 3437 678 non

1858 700 2036 770 utique
2064 701 2279 768 clausis,
2310 702 2405 759 sed
2451 704 2502 757 in
2532 703 2633 760 hoc
2662 721 2767 761 non
2808 708 3025 778 apertis,
3073 710 3175 766 hoc
3200 723 3300 780 est,
3332 728 3438 771 non

1855 794 2090 859 attentis,
2144 793 2613 850 animadvertenda
2667 800 3001 867 nuntiasset;
3053 802 3184 858 nihil
3240 804 3292 859 in
3341 820 3439 861 suo

1854 897 2098 953 corpore,
2145 884 2281 953 quod
2302 886 2493 955 ‘utique
2524 894 2691 942 totum
2736 890 2874 944 Deus
2902 892 3164 949 laudabile
3196 894 3396 951 fecerat
3417 928 3438 964 ,

1857 973 2160 1042 pudendum
2204 975 2591 1048 velandumque
2634 980 2925 1038 sensissent
2955 1000 2969 1036 :
3000 986 3120 1054 quia
3166 987 3265 1043 nisi
3297 1005 3442 1058 pra:-

1855 1063 1982 1119 isset
2008 1064 2230 1130 facinus,
2258 1066 2399 1136 quod
2431 1066 2785 1124 inobedientia
2813 1080 2896 1125 est
2924 1087 3049 1127 ausa
3079 1078 3439 1143 committere,

1855 1172 1958 1211 non
1983 1167 2294 1227 sequeretur
2321 1158 2573 1227 dedecus,
2603 1162 2742 1231 quod
2778 1164 3095 1220 verecundia
3127 1168 3284 1223 vellet
3308 1170 3436 1225 abs-

1852 1248 2105 1305 condere.

1922 1340 2148 1397 CAPUT
2188 1340 2451 1397 XXXVII.
2476 1372 2550 1383 —
2590 1342 2681 1398 42.
2721 1343 2934 1401 Clarum
2985 1357 3066 1402 est
3110 1348 3285 1419 igitur,
3338 1351 3431 1412 hoc

1850 1448 1956 1487 non
1982 1446 2101 1488 esse
2131 1433 2327 1503 nuptiis
2370 1434 2757 1504 imputandum,
2786 1438 2928 1508 quod
2970 1439 3071 1494 etsi
3115 1456 3222 1495 non
3251 1452 3436 1509 esset,

1851 1522 2046 1592 nuptia:
2082 1532 2259 1578 tamen
2301 1532 2480 1581 essent
2509 1542 2523 1578 :
2550 1542 2774 1597 quarum
2823 1529 3020 1583 bonum
3062 1545 3167 1585 non
3197 1530 3437 1587 aufertur

1852 1612 1954 1667 isto
1989 1614 2147 1675 malo.
2175 1615 2268 1670 sed
2294 1614 2362 1670 ab
2392 1616 2471 1672 eis
2495 1624 2549 1671 et
2591 1616 2690 1672 hoc
2719 1618 2915 1673 malum
2949 1620 3000 1674 in
3033 1635 3186 1675 usum
3216 1624 3437 1679 vertitur

1848 1702 2068 1759 bonum.
2111 1704 2304 1760 Verum
2330 1706 2452 1777 quia
2492 1706 2602 1778 jam
2634 1708 2729 1763 ista
2757 1710 3063 1767 conditione
3089 1713 3389 1769 mortalium
3418 1756 3432 1777 ,

1851 1809 1989 1849 nunc
2031 1796 2186 1850 simul
2217 1806 2443 1866 aguntur
2486 1798 2801 1855 concubitus
2830 1812 2884 1856 et
2931 1802 3132 1868 libido;
3180 1818 3245 1858 eo
3291 1804 3347 1859 Iit
3378 1815 3435 1860 ut

1848 1901 1966 1940 cum
1998 1886 2161 1942 libido
2191 1889 2617 1959 reprehenditur,
2654 1892 2810 1947 etiam
2839 1895 3088 1964 nuptialis
3117 1897 3430 1953 concubitus

1846 1979 2020 2033 licitus
2062 1990 2116 2035 et
2166 1983 2421 2038 honestus
2468 1983 2786 2054 reprehendi
2841 1996 3053 2056 putetur
3080 1988 3149 2043 ab
3198 1989 3296 2054 eis,
3343 1991 3433 2060 qui

1848 2070 2034 2123 nolunt
2076 2070 2381 2128 discernere
2426 2074 2524 2127 ista
2565 2074 2646 2130 vel
2695 2076 2957 2132 nesciunt.
2998 2076 3107 2133 Nec
3154 2079 3439 2134 attendunt

1847 2160 1974 2215 illud
2003 2176 2127 2216 esse
2149 2164 2449 2233 nuptiarum
2478 2164 2694 2232 bonum,
2729 2165 2868 2223 unde
2892 2167 3185 2237 gloriantur
3210 2171 3431 2241 nuptiae,

1849 2253 1898 2305 id
1929 2262 2030 2320 est,
2078 2254 2277 2325 proles,
2310 2255 2580 2325 pudicitia,
2610 2267 3004 2314 sacramentum
3031 2275 3046 2324 ;
3081 2261 3209 2316 illud
3252 2271 3431 2318 autem

1848 2361 1953 2399 non
2007 2361 2125 2402 esse
2175 2350 2512 2419 nuptiarum,
2561 2348 2656 2406 sed
2706 2352 2937 2407 carnalis
2990 2353 3434 2424 concupiscentia:

1847 2436 2066 2504 malum,
2097 2436 2164 2493 de
2193 2453 2298 2509 quo
2325 2438 2645 2494 erubescunt
2671 2449 2725 2495 et
2753 2442 2969 2511 nupti-.e.
3008 2442 3115 2497 Sed
3162 2444 3283 2513 quia
3314 2447 3432 2500 sine

1847 2527 1939 2583 ilio
1966 2529 2105 2583 malo
2135 2529 2248 2584 fieri
2277 2546 2384 2585 non
2415 2540 2590 2600 potest
2616 2532 2917 2603 nuptiarum
2958 2533 3176 2600 bonum,
3205 2535 3306 2591 hoc
3329 2545 3431 2603 est,

1849 2620 2155 2690 propagatio
2178 2618 2445 2688 filiorum;
2476 2622 2561 2678 ubi
2586 2622 2653 2678 ad
2683 2623 2982 2693 hujusmodi
3012 2641 3147 2695 opus
3176 2628 3389 2682 venitur
3415 2669 3429 2692 ,

1845 2720 2047 2767 secreta
2075 2723 2404 2783 quaeruntur,
2431 2712 2614 2770 arbitri
2653 2725 3015 2783 removentur,
3048 2719 3273 2774 ﬁliorum
3300 2737 3433 2791 quo-

1845 2817 1949 2872 que
1989 2802 2245 2872 ipsorum,
2292 2804 2338 2861 si
2360 2804 2470 2875 jam
2516 2805 2639 2863 inde
2681 2807 2844 2879 aliqui
2877 2810 2983 2864 nati
3012 2819 3154 2878 sunt,
3184 2826 3304 2867 eum
3337 2829 3432 2883 per

1846 2903 2057 2950 aetatem
2096 2895 2294 2952 sentire
2348 2896 2448 2952 ista
2472 2897 2581 2966 jam
2609 2900 2902 2970 coeperint,
2950 2903 3231 2971 prmsentia
3280 2903 3432 2960 devi—

1849 2994 1988 3042 latur
2011 3004 2025 3041 :
2050 2996 2207 3057 atque
2231 2990 2302 3045 ita
2330 2990 2528 3061 nuptia:
2565 2992 2814 3063 sinuntur
2834 3008 3086 3050 exercere
3110 2996 3253 3066 quod
3284 2997 3429 3063 lieut,

1849 3086 1905 3131 ut
1948 3092 2054 3132 non
2097 3079 2366 3150 negligant
2394 3081 2662 3136 occultare
2692 3082 2832 3152 quod
2875 3083 3118 3140 dedecet.
3178 3085 3311 3141 llinc
3352 3096 3433 3142 est

1846 3166 1986 3237 quod
2010 3166 2235 3224 infantes
2262 3171 2422 3226 etiam
2450 3171 2539 3241 qui
2567 3186 2788 3241 peccare
2814 3188 2916 3227 non
2950 3182 3191 3243 possunt,
3224 3192 3329 3229 non
3351 3184 3434 3229 ta-

1848 3274 1968 3313 men
2008 3259 2125 3315 sine
2156 3262 2356 3330 peccati
2387 3263 2702 3334 contagione
2748 3274 3072 3332 nascuntur;
3107 3282 3209 3320 non
3236 3281 3300 3322 ex
3334 3266 3433 3322 hoc

1846 3352 1985 3422 quod
2014 3353 2158 3421 licet,
2184 3354 2279 3409 sed
2299 3370 2364 3409 ex
2388 3369 2454 3411 eo
2477 3356 2616 3426 quod
2642 3355 2883 3412 dedecet.
2923 3356 3056 3413 Nam
3082 3372 3145 3413 ex
3170 3357 3271 3414 hoc
3290 3358 3431 3429 quod

1850 3446 2206 3512 licet,.natura
2239 3448 2506 3512 nascitur;
2552 3464 2615 3504 ex
2647 3448 2740 3505 illo
2779 3450 2922 3521 quod
2952 3450 3194 3519 dedecet,
3224 3452 3429 3509 vitium.

1848 3536 2059 3592 Natum
2083 3538 2348 3593 nascentis
2373 3548 2451 3594 est
2479 3550 2664 3594 auctor
2691 3539 2855 3607 Deus,
2885 3541 2972 3611 qui
3002 3541 3270 3598 hominem
3295 3557 3430 3598 con-

1847 3627 2001 3694 didit,
2040 3636 2093 3683 et
2117 3629 2205 3699 qui
2233 3630 2400 3684 virum
2425 3645 2488 3685 ac
2513 3628 2763 3686 feminam
2806 3633 3027 3704 nuptiali
3050 3632 3171 3705 jure
3206 3634 3434 3705 conjun-

1849 3719 1924 3773 xit
1951 3737 1963 3773 :
1992 3720 2104 3774 vitii
2131 3735 2256 3776 vero
2284 3730 2469 3777 auctor
2488 3732 2568 3778 est
2592 3721 2789 3778 diaboli
2809 3724 3123 3795 decipientis
3149 3728 3432 3794 calliditas,

1847 3821 1900 3866 et
1926 3811 2157 3867 hominis
2182 3814 2564 3870 consentientis
2605 3816 2867 3872 voluntas.

1916 3903 2143 3961 CAPUT
2179 3903 2666 3966 XXXVIII.-.—‘3.
2689 3906 2788 3965 Ubi
2816 3909 2947 3964 nihil
2989 3910 3127 3966 Deus
3165 3910 3308 3977 fecit,
3335 3913 3434 3969 nisi

1847 3995 1987 4066 quod
2033 3994 2300 4052 hominem
2351 3997 2626 4055 voluntate
2670 4012 3001 4069 peccantem,
3042 4002 3189 4073 justo
3231 4005 3433 4075 judicio

1847 4102 1968 4140 cum
1992 4086 2158 4157 stirpe
2180 4087 2451 4144 damnavit
2478 4108 2492 4145 :
2519 4100 2573 4146 et
2597 4090 2718 4147 ideo
2745 4092 2815 4147 ibi
2838 4092 3094 4163 quidquid
3119 4096 3279 4152 etiam
3306 4113 3437 4154 nou-

1847 4175 1972 4231 dum
1998 4186 2111 4233 erat
2140 4188 2345 4246 natum,
2389 4181 2580 4236 merito
2609 4190 2692 4238 est
2717 4182 2770 4238 in
2805 4186 3228 4254 prrevaricatrice
3259 4188 3437 4244 radice

1847 4268 2159 4324 damnatum
2192 4287 2205 4324 :
2238 4270 2290 4325 in
2333 4286 2437 4342 qua
2479 4272 2646 4343 stirpe
2686 4273 2937 4332 damnata
2983 4284 3128 4333 tenet
3169 4278 3437 4335 hominem

1847 4360 2117 4430 generatio
2142 4362 2390 4426 carnalis,
2424 4363 2565 4420 unde
2592 4365 2702 4421 sola
2747 4365 2939 4423 liberat
2967 4371 3302 4439 regeneratio
3329 4372 3437 4441 spi-

1847 4452 2069 4508 ritualis.
2126 4452 2250 4508 Ideo
2292 4456 2618 4524 regeneratis
2666 4458 3012 4527 parentibus.
3058 4460 3103 4515 si
3155 4469 3332 4516 tamen
3381 4463 3435 4518 in

1844 4543 2031 4599 eadem
2063 4545 2228 4615 gratia
2259 4548 2735 4615 perseveraverint,
2770 4550 2951 4618 procul
2983 4550 3150 4606 dubio
3179 4552 3280 4607 ista
3307 4567 3432 4622 pro-

1850 4644 1963 4705 pter
2006 4636 2371 4692 remissionem
2399 4647 2759 4710 peccatorum,
2804 4656 2925 4711 τινα)
2965 4641 3018 4697 in
3047 4643 3125 4698 eis
3152 4641 3287 4699 facta
3313 4652 3396 4700 est
3420 4686 3435 4711 ,

1848 4743 1952 4784 non
1976 4728 2211 4795 nocebit,
2241 4730 2339 4784 nisi
2380 4745 2500 4786 cum
2530 4746 2593 4787 ea
2622 4733 2758 4788 male
2780 4742 3023 4801 utuntur,
3051 4749 3156 4805 non
3183 4736 3355 4790 solum
3384 4736 3438 4792 in

1847 4822 2092 4878 omnibus
2136 4822 2333 4879 illicitis
2379 4824 2716 4896 corruptelis,
2763 4842 2948 4883 verum
2994 4829 3154 4884 etiam
3201 4829 3253 4885 in
3306 4830 3437 4901 ipsis

1846 4912 2159 4983 conjugibus
2188 4914 2399 4984 quando
2425 4930 2531 4970 non
2559 4917 2883 4988 propagandi
2915 4918 3187 4976 voluntate
3215 4935 3434 4992 operam

1847 5003 2091 5061 creandis
2136 5004 2258 5059 filiis
2303 5005 2636 5076 impendunt,
2684 5008 2777 5063 sed
2822 5008 3128 5065 lasciviendi
3169 5011 3440 5082 voluptate

1848 5097 2216 5154 cxsaturaridm
2264 5098 2497 5169 cupidini
2545 5099 2858 5156 inserviunt.
2900 5100 3051 5171 Quod
3096 5111 3315 5174 propter
3354 5105 3436 5159 vi-

1850 5188 2035 5245 tandas
2061 5189 2436 5247 fornicationes
2464 5191 2667 5247 maritis
2710 5201 2766 5249 et
2803 5193 3057 5250 uxoribus
3080 5210 3149 5250 ne
3192 5194 3440 5251 fraudent

1851 5282 2094 5348 invicem,
2125 5282 2225 5338 nisi
2266 5297 2329 5337 ex
2355 5298 2617 5340 consensu
2645 5285 2710 5341 ad
2757 5296 2984 5357 tempus.
3017 5297 3072 5343 ut
3111 5288 3441 5345 orationibus

1852 5381 2061 5439 vacent,
2090 5373 2379 5429 secundmn
2409 5376 2637 5442 veniam,
2670 5392 2773 5431 non
2806 5378 3097 5433 secundum
3131 5380 3434 5449 imperium,

1850 5463 2094 5520 concedit
2115 5465 2399 5535 Apostolus
2424 5465 2467 5537 (Ι
2497 5466 2613 5521 Cor.
2642 5483 2735 5534 vn,
2754 5469 2807 5535 5,
2831 5468 2911 5538 ϐ).
2934 5468 3219 5525 Evidenter
3244 5471 3440 5541 quippe

1850 5559 1976 5613 dum
2000 5559 2180 5614 tribuit
2204 5559 2433 5625 veniam,
2457 5560 2674 5617 denotat
2696 5562 2929 5645 culpam.
2970 5561 3229 5632 Nuptialis
3258 5572 3434 5619 autem

1852 5649 2184 5717 concubitus,
2227 5665 2384 5721 quem
2415 5650 2832 5707 matrimoniales
2858 5667 3068 5723 quoque
3099 5652 3333 5709 indicant
3365 5667 3440 5710 ta-

1855 5746 2010 5811 bulae,
2060 5758 2217 5797 causa
2271 5744 2719 5813 procrcmtdornm
2768 5744 2876 5799 ﬁeri
2934 5744 3180 5811 li?iot'u1n,
3238 5763 3331 5817 per
3383 5764 3442 5803 se

1857 5837 2029 5903 ipsum
2074 5851 2315 5907 prorsus.
2351 5851 2455 5892 non
2501 5838 2555 5892 in
2599 5837 2993 5907 comparatione
3036 5836 3440 5904 fornicationis.
