3938 6518
546 332 647 388 ιυγ

543 453 627 498 est
659 443 829 498 bonus
862 459 879 496 :
907 440 996 512 qui
1024 438 1252 504 tametsi,
1282 445 1497 507 propter
1524 450 1721 505 corpus
1748 436 1953 500 mortis,
1986 433 2125 505 quod

546 533 781 589 nondum
814 540 897 589 est
936 529 1324 586 resurrectione
1368 537 1704 592 renovatum,
1736 526 1853 580 sine
1895 526 2126 596 quodam

543 626 753 682 bestiali
779 633 947 690 motu,
977 623 1045 677 de
1070 636 1177 692 quo
1219 630 1405 676 natura
1436 620 1701 676 erubescit
1727 618 1979 682 humana,
2024 635 2126 674 non

544 726 723 790 potest
744 716 891 782 fieri;
922 724 1095 769 tamen
1121 714 1234 783 ipse
1258 712 1571 768 concubitus
1597 726 1701 765 non
1723 720 1806 766 est
1830 721 2124 782 peccatum,

545 809 634 866 ubi
665 809 803 865 ratio
830 807 1048 865 libidine
1077 807 1239 862 utitur
1264 805 1330 862 ad
1374 805 1591 879 bonum,
1621 819 1725 860 non
1755 812 2037 874 suparatur
2060 802 2126 857 ad

543 902 762 958 malum.

616 991 842 1049 CAPUT
879 988 1123 1047 XXXIX.
1148 1018 1224 1030 —
1246 988 1335 1044 44.
1375 986 1598 1043 Obesset
1617 987 1714 1043 ista
1739 986 1915 1042 carnis
1933 1000 2128 1041 concu-

546 1082 821 1153 piscentia,
843 1082 1001 1140 etiam
1026 1078 1389 1137 tantummodo
1408 1078 1549 1149 quod
1576 1079 1790 1143 inesset,
1815 1078 1915 1131 nisi
1943 1092 2128 1147 pecca-

542 1188 720 1232 torum
752 1176 996 1233 remissio
1022 1175 1101 1230 sie
1146 1172 1444 1244 prodesset,
1474 1179 1531 1226 ut
1556 1174 1681 1241 quae
1702 1171 1755 1225 in
1783 1170 1860 1225 eis
1888 1179 1971 1226 est
1996 1171 2037 1226 ἐ
2075 1178 2130 1226 et

546 1276 695 1333 nato,
720 1276 776 1322 et
805 1272 1028 1332 renato,‘
1043 1272 1165 1319 nato
1193 1262 1405 1334 quidem
1430 1270 1484 1318 et
1511 1262 1686 1316 inesse
1725 1270 1779 1315 et
1802 1261 2008 1326 obesse,
2038 1276 2128 1315 re-

546 1365 675 1412 nato
711 1367 886 1412 autem
915 1356 1090 1411 inesse
1113 1353 1348 1425 quidem,
1377 1352 1470 1408 sed
1498 1368 1603 1407 non
1635 1350 1825 1406 obesse
1849 1351 2037 1421 possit.
2070 1350 2125 1405 In

548 1457 754 1503 tantum
780 1448 922 1504 enim
952 1446 1107 1503 obest
1148 1445 1307 1511 natis,
1354 1451 1411 1497 ut
1440 1443 1539 1499 nisi
1582 1450 1947 1508 renascantur,
1994 1440 2128 1495 nihil

546 1542 715 1613 possit
739 1542 991 1613 prodesse
1012 1541 1057 1596 si
1085 1540 1193 1596 nati
1222 1541 1242 1572 '
1267 1544 1392 1595 sunt
1410 1535 1476 1592 de
1496 1536 1713 1592 renatis.
1736 1532 1909 1590 Manet
1932 1534 2129 1606 quippe

546 1634 603 1689 in
633 1633 803 1703 prole,
835 1634 906 1688 ita
936 1642 993 1687 ut
1020 1630 1348 1688 reamfaciat
1376 1632 1420 1698 ⁸,
1464 1627 1682 1699 originis
1712 1626 1898 1681 vitium
1924 1643 1938 1692 ;
1967 1625 2128 1681 etiam

551 1724 601 1779 si
627 1724 680 1778 in
706 1733 924 1795 parente
953 1732 1132 1780 reatus
1159 1721 1396 1793 ejusdem
1424 1720 1535 1775 vitii
1565 1718 1877 1774 remissione
1918 1717 2129 1772 ablutus

546 1825 630 1872 est
644 1816 667 1848 ⁵
688 1826 1044 1887 peccatorum,
1069 1815 1240 1871 donec
1259 1828 1418 1870 omne
1437 1812 1620 1867 vitium
1639 1811 1725 1867 cui
1745 1810 2128 1865 consentirndo

549 1918 826 1978 peccatur,
871 1906 1272 1977 regeneratioue
1325 1903 1608 1958 novissima
1652 1907 2041 1957 consumatur:
2076 1900 2127 1954 id

546 2007 650 2067 est,
682 2000 846 2069 ipsius
875 2007 1036 2053 etiam
1076 1994 1418 2052 renovatione
1447 1993 1641 2057 carnis,
1669 2006 1786 2061 quae
1816 1991 1867 2044 in
1898 1990 2012 2060 ejus
2040 2006 2128 2044 re-

545 2092 877 2148 surrectione
905 2092 1077 2145 futura
1123 2088 1465 2160 promittitur,
1512 2084 1602 2140 ubi
1631 2098 1739 2138 non
1769 2082 1940 2137 solum
1988 2083 2127 2136 nulla

544 2189 762 2251 peccata
787 2179 1056 2244 faciamus,
1100 2179 1195 2234 sed
1251 2192 1350 2233 nec
1393 2176 1683 2231 habeamus
1712 2173 1837 2228 ulla'
1866 2172 2129 2228 desideria

542 2273 753 2340 vitiosa,
810 2272 1003 2343 quibus
1049 2269 1432 2327 consentiendo
1482 2280 1803 2338 peccemus;
1856 2264 1923 2318 ad
1971 2279 2128 2334 quam

542 2365 754 2420 beatam
781 2362 1162 2434 perfectionem
1190 2360 1367 2430 hujus,
1399 2358 1541 2430 quod
1573 2371 1714 2412 nunc
1737 2356 1914 2422 datur,
1958 2355 2129 2409 sancti

542 2455 739 2510 lavacri
786 2453 955 2526 gratia
1004 2453 1329 2523 pervenitur.
1368 2451 1481 2521 Qua
1529 2450 1672 2505 enim
1724 2448 2130 2519 regeneratioue

544 2546 762 2617 spiritus
793 2546 951 2600 modo
996 2546 1052 2600 tit
1079 2553 1136 2599 ut
1164 2551 1379 2614 peccata
1409 2542 1582 2597 omnia
1631 2539 1899 2610 praeterita
1943 2538 2128 2594 remit-

546 2646 746 2706 tantur,
788 2636 905 2707 ejus
948 2636 1139 2691 merito
1169 2634 1260 2690 fiet
1303 2635 1463 2689 etiam
1493 2632 1825 2702 regeneratio
1868 2631 2045 2687 carnis
2075 2632 2126 2686 in

544 2738 802 2786 aeternam
849 2730 1032 2794 vitam,
1081 2743 1184 2798 qua
1234 2728 1287 2781 in
1334 2728 1447 2797 ipsa
1476 2740 1634 2782 carne
1662 2723 2132 2793 incorruptibiliter

544 2830 856 2892 resurgeute
901 2828 1236 2892 peccatorum
1281 2818 1519 2873 omnium
1566 2815 1905 2871 incitamenta
1933 2829 2127 2872 sanen-

546 2922 655 2969 tur.
694 2912 800 2970 Sed
827 2926 889 2970 ea
919 2912 1059 2967 salus
1087 2909 1260 2966 adhuc
1284 2909 1339 2964 in
1360 2923 1453 2978 spe
1478 2906 1613 2963 facta
1640 2916 1742 2972 est,
1787 2920 1889 2961 non
1922 2914 2132 2961 tenetur

545 3007 601 3063 in
622 3022 720 3073 re;
750 3021 923 3078 neque
968 3003 1267 3075 possidetur
1300 3016 1392 3072 per
1421 3000 1776 3071 praesentiam,
1807 2997 1898 3053 scd
1933 3013 2128 3068 exspe-

545 3105 722 3153 statur
750 3112 847 3167 per
876 3095 1204 3166 patientiam.

617 3188 841 3245 CAPUT
880 3187 992 3242 XL.
1019 3216 1090 3227 --
1117 3188 1194 3241 Ac
1237 3200 1333 3256 per
1376 3183 1478 3238 hoc
1524 3198 1634 3238 non
1686 3182 1858 3238 solum
1903 3189 2116 3252 peccata

547 3279 750 3344 omnia,
778 3294 1004 3349 quorum
1055 3292 1195 3333 nunc
1224 3275 1469 3331 remissio
1498 3277 1557 3329 lit
1584 3274 1635 3328 iu
1673 3273 1966 3343 Baptisnto,
2012 3288 2129 3344 qua:

546 3386 670 3428 reos
693 3369 915 3438 faciunt,
938 3369 1062 3424 dum
1083 3368 1362 3423 desideriis
1387 3365 1594 3421 vitiosis
1610 3365 1941 3420 consentitur
1964 3372 2127 3434 atque

551 3470 832 3530 peccatur;
862 3474 1044 3539 verum
1062 3459 1222 3515 etiam
1259 3459 1370 3527 ipsa
1405 3455 1667 3512 desideria
1694 3455 1903 3520 vitiosa,
1935 3455 2128 3524 quibus

548 3555 594 3610 si
634 3568 740 3610 non
761 3552 1111 3619 consentitur,
1142 3551 1316 3607 nullus
1343 3549 1543 3620 peccati
1569 3557 1747 3604 reatus
1775 3547 2125 3615 contrahitur,

547 3660 668 3716 quze
696 3659 802 3700 non
846 3643 901 3698 in
933 3643 1053 3709 ista,
1078 3641 1172 3698 sed
1209 3641 1261 3695 in
1289 3641 1391 3697 alia
1420 3639 1525 3695 vita
1554 3638 1697 3693 nulla
1725 3648 1901 3706 erunt,
1934 3636 2123 3692 eodem

547 3735 764 3791 lavacro
790 3733 1134 3806 Baptismatis
1154 3731 1397 3787 universa
1425 3737 1735 3800 purgantur.

619 3827 940 3885 45..Reatus
985 3828 1162 3897 itaque
1205 3824 1316 3879 vitii
1363 3823 1481 3894 ejus
1513 3823 1580 3879 de
1617 3838 1721 3893 quo
1751 3821 2038 3893 loquimur,
2073 3822 2126 3876 in

545 3928 981 3990 regeneratorum
1015 3917 1167 3988 prole
1212 3914 1411 3972 carnali
1436 3913 1635 3969 tamdiu
1667 3913 1923 3978 manebit,
1947 3913 2122 3969 donec

547 4018 603 4064 et
631 4009 737 4064 illic
758 4008 968 4064 lavacro
998 4005 1416 4078 regenerationis
1464 4004 1727 4058 abluatur.
1765 4003 2128 4074 Regeneratus

547 4099 743 4171 quippe
767 4115 871 4154 non
924 4105 1204 4171 regenerat
1232 4097 1373 4152 filios
1396 4096 1594 4163 carnis,
1644 4095 1739 4150 sed
1780 4106 2035 4166 generat;
2063 4109 2127 4150 ac

548 4206 644 4259 per
664 4189 836 4244 hocin
862 4204 954 4244 eos
984 4204 1088 4245 non
1114 4186 1254 4258 quod
1283 4194 1646 4257 regeneratus,
1672 4185 1765 4240 sed
1805 4184 1946 4255 quod
1968 4200 2129 4256 gene-
2170 4184 2177 4187 “

550 4289 697 4335 ratus
725 4290 847 4349 est,
879 4280 1090 4350 trajicit.
1111 4278 1201 4336 Sic
1243 4279 1421 4350 igitur,
1454 4279 1566 4334 sive
1589 4292 1714 4332 reus
1734 4276 1983 4343 inﬁdelis,
2015 4278 2129 4334 sive

548 4373 820 4429 absolutus
840 4367 1032 4443 ﬁdelis,
1054 4389 1163 4428 non
1184 4371 1439 4445 generat“
1466 4371 1737 4426 absolutos
1762 4377 2004 4441 uterque,
2033 4372 2127 4427 sed

546 4479 671 4520 reos
699 4464 1005 4535 :quomodo
1030 4478 1137 4520 non
1180 4464 1350 4519 solum
1379 4463 1617 4529 oleastri,
1670 4461 1764 4517 sed
1789 4463 1951 4517 etiam
1990 4463 2127 4519 olea:

554 4557 762 4613 semina
810 4572 916 4613 non
933 4557 1078 4614 oleas
1107 4563 1385 4628 generant,
1425 4554 1518 4610 sed
1545 4554 1824 4609 oleastros.
1847 4552 2129 4624 Sieitaque

547 4649 603 4702 in
628 4648 969 4704 damnatione
992 4648 1260 4704 hominem
1286 4646 1454 4716 prima
1496 4645 1744 4699 nativitas
1784 4652 1947 4711 tenet,
1985 4644 2127 4700 unde

545 4737 650 4793 nisi
681 4738 914 4794 secunda
933 4754 1039 4794 nun
1060 4739 1271 4795 liberat.
1293 4737 1464 4792 Tenet
1489 4750 1618 4806 ergo
1642 4735 1907 4802 diabolus,
1935 4736 2127 4792 liberat

542 4830 788 4885 Christus
814 4848 827 4885 :
852 4839 997 4887 tenet
1023 4832 1274 4901 deceptor
1301 4830 1444 4895 Evae,
1475 4828 1664 4884 liberat
1705 4828 1873 4883 Filius
1906 4828 2114 4884 Mariae:

549 4931 699 4978 tenet
710 4921 801 4993 qui
822 4936 919 4993 per
933 4921 1209 4992 coniugem
1224 4920 1371 4975 venit
1402 4918 1470 4973 ad
1499 4918 1693 4983 virum,
1721 4918 1911 4973 liberat
1939 4920 2031 4989 qui
2050 4918 2121 4975 de

542 5012 771 5084 conjuge
803 5021 962 5069 natus
986 5019 1087 5079 est,
1115 5027 1233 5083 qua:
1251 5025 1354 5065 non
1384 5009 1600 5079 pertulit
1625 5009 1828 5063 virum:
1863 5018 2006 5064 tenet
2034 5010 2126 5080 qui

542 5119 761 5161 causam
779 5105 1011 5161 libidinis
1045 5103 1222 5160 intulit
1255 5100 1490 5166 feminte,
1525 5098 1717 5156 liberat
1744 5100 1832 5171 qui
1857 5101 1974 5157 sine
2000 5101 2122 5159 libi-

535 5197 665 5252 dine
691 5205 775 5252 est
796 5204 1084 5265 conceptus
1102 5194 1154 5249 in
1180 5192 1396 5249 femina.
1424 5192 1622 5248 Omnes
1666 5191 1752 5247 ille
1785 5207 2003 5262 prorsus
2026 5208 2122 5263 per

536 5303 705 5345 unum
724 5295 907 5343 tenere
933 5285 1124 5358 potuit,
1154 5299 1253 5339 nec
1281 5283 1349 5338 ab
1373 5282 1489 5354 ejus
1528 5281 1890 5339 dominatione
1928 5284 2120 5340 liberat

599 5494 616 5521 ι
644 5494 799 5549 Forte,
821 5487 958 5538 inest.

596 5553 616 5583 ²
642 5544 796 5599 vatio.
814 5560 915 5610 Ms,
937 5548 1062 5613 quod
1084 5546 1378 5613 nati.‘Forte,
1397 5544 1627 5613 minati,

598 5613 618 5642 ³
639 5614 711 5661 sic
750 5620 854 5675 tuss.
878 5605 1247 5675 (Eygirannensis
1283 5615 1335 5658 et
1366 5605 1661 5658 ’Casalensis.
1688 5605 1773 5656 Alii
1813 5619 1922 5655 cum
1951 5606 2113 5666 editis,

535 5679 719 5722 reatum
734 5673 894 5735 faciat.

596 5735 618 5765 δ
644 5732 741 5782 Duo
765 5742 889 5791 btss.,
912 5732 1148 5783 absolutus
1161 5738 1247 5782 est.

595 5795 618 5830 ⁵
640 5795 783 5857 (diti,
820 5802 1081 5859 reqcnerat.
1130 5794 1298 5844 Melius
1330 5793 1417 5844 hoc
1450 5792 1553 5843 loco
1588 5800 1689 5843 MSS.
1710 5830 1724 5856 ,
1759 5795 1970 5857 gmerat.

1205 326 1260 382 S.
1300 321 1665 380 AUGUSTINI
1706 319 2002 377 EPISCOPI
2037 321 2238 378 LIBER
2279 325 2364 380 DE
2403 327 2715 385 PECCATO
2751 329 3114 391 ORIGINALI.

2279 365 2364 380 νυ
2403 365 2425 381 ι
2450 365 2620 383 υυυη
2641 365 2714 385 ιυ
2752 365 3114 391 υιιιυιιυιμιο

2238 436 2337 539 nisi
2351 454 2506 540 tinus,
2526 457 2680 510 quem
2698 452 2878 498 tenere
2901 460 3008 499 non
3029 450 3209 516 potuit.
3229 453 3445 531 Denique
3459 465 3555 538 ipsa
3571 471 3721 540 Ερριε.

2235 528 2326 583 sia:
2351 529 2713 597 Sacramenta,
2741 549 2858 603 qua:
2886 542 2994 589 tam
3015 537 3197 605 prisca:
3239 528 3508 611 traditionis

2237 627 2342 674 tate
2378 622 2765 688 concelebrat‘,
2809 632 2866 679 ut
2913 640 2975 679 ea
3029 625 3135 693 isti,
3181 639 3412 700 quamvis
3444 643 3493 698 in
3536 622 3723 718 parvulis

2234 711 2537 768 existiment
2577 713 2903 772 simulatorie
2951 718 3121 787 potius
3150 736 3303 792 quam
3342 711 3574 795 veraciter
3615 711 3701 803 fieri

2235 818 2338 900 non
2394 812 2569 900 tamen
2615 805 2843 862 audeant
2875 818 3057 878 aperta
3108 811 3471 883 improbatione

2233 893 2368 964 ipsa,
2402 895 2636 966 inquam,
2673 906 2869 953 sancta;
2913 899 3161 956 Ecclesiae
3187 903 3505 971 Sacramenta
3529 893 3638 978 satis
3660 893 3722 981 in;

2232 984 2432 1054 dicant,
2475 989 2716 1056 parvulos
2736 1005 2763 1043 a
2784 998 2936 1060 partu
2962 991 3120 1046 etiam
3147 996 3518 1062 recentissimos
3533 1026 3611 1078 per
3632 1030 3726 1084 κω.

2235 1079 2360 1134 tiam
2387 1079 2577 1135 Christi
2592 1081 2659 1136 de
2681 1081 2875 1138 diaboli
2895 1085 3113 1139 servitio
3140 1086 3363 1145 liberari.
3387 1095 3594 1170 Excepto
3614 1079 3722 1166 εἷιίω

2232 1171 2375 1242 quod
2418 1172 2471 1226 in
2512 1183 2849 1243 peccatorum
2900 1176 3286 1248 remissionem,
3315 1198 3414 1239 non
3465 1187 3628 1259 fallaci,
3653 1201 3726 1255 sed

2235 1260 2372 1317 fideli
2395 1265 2646 1335 mysterio
2666 1265 3014 1334 baptizantur,
3043 1267 3200 1323 etiam
3227 1272 3366 1340 prius
3389 1280 3672 1339 exorcizatur
3686 1289 3726 1344 in

2233 1355 2312 1409 eis
2340 1362 2393 1409 et
2420 1354 2726 1410 exsufﬂatur
2746 1366 2977 1426 potestas
3004 1362 3264 1415 contraria
3292 1380 3306 1428 ;
3334 1366 3414 1419 cui
3435 1369 3574 1425 etiam
3592 1375 3729 1434 verbis

2234 1459 2416 1500 eorum
2433 1461 2462 1499 a
2492 1447 2681 1516 quibus
2705 1455 3001 1517 portantur,
3031 1462 3092 1504 se
3129 1454 3421 1510 renuntiare
3444 1463 3727 1529 reSpondem,

2232 1535 2435 1604 Quibus
2458 1538 2703 1593 omnibus
2723 1554 2902 1595 rerum
2931 1542 3252 1597 occultarum
3268 1549 3475 1603 sacratis
3496 1560 3544 1605 et
3567 1555 3732 1612 eviden-

2235 1628 2373 1683 tibus
2393 1629 2577 1699 signis,
2619 1645 2647 1682 a
2686 1631 3016 1702 captivatore
3067 1634 3296 1703 pessimo
3320 1637 3383 1692 ad
3418 1642 3642 1708 optimum
3666 1663 3732 1702 re-

2237 1727 2568 1794 demptorem
2593 1726 2817 1781 transire
2845 1736 3244 1794 monstrantur;
3290 1731 3376 1800 qui
3397 1747 3486 1801 pro
3520 1737 3646 1792 nobis
3669 1739 3732 1795 in-

2235 1813 2484 1869 ﬁrmitate
2512 1825 2779 1885 suscepta,
2810 1817 3041 1888 alligavit
3066 1817 3275 1884 fortem,
3306 1832 3359 1874 ut
3383 1838 3497 1878 vasa
3516 1826 3614 1894 ejus
3651 1831 3733 1884 eri-

2235 1913 2382 1973 peret
2407 1905 2623 1977 (Matth.
2648 1922 2749 1972 xu,
2776 1906 2868 1979 29)
2905 1924 2918 1960 :
2951 1909 3071 1978 quia
3094 1908 3355 1964 inlirmum
3385 1912 3469 1966 Dei
3488 1930 3583 1970 non
3599 1919 3733 1973 solum

2233 2004 2315 2050 cst
2340 1995 2642 2051 hominibus
2667 1994 2687 2071 (
2715 1996 2735 2051 l
2764 1997 2882 2053 Cor.
2909 2014 2948 2067 ι,
2992 1999 3063 2054 25
3087 1998 3131 2070 ),
3170 2014 3352 2054 verum
3385 2010 3437 2056 et
3459 2006 3634 2074 angelis
3657 2008 3740 2062 for-

2237 2086 2357 2141 tius.
2382 2086 2640 2142 Liberans
2668 2087 2846 2158 itaque
2890 2088 3031 2143 Deus
3069 2088 3295 2158 pusillos
3321 2104 3437 2145 cum
3470 2095 3662 2162 magnis,
3698 2096 3736 2150 in

2235 2179 2470 2247 utrisque
2495 2179 2729 2234 ostendit
2753 2165 2892 2249 quad
2914 2179 3091 2235 locuta
3127 2187 3209 2235 est
3238 2195 3330 2250 per
3356 2183 3634 2252 Apostolum
3659 2185 3738 2241 Ve-

2233 2271 2380 2325 ritas.
2410 2269 2526 2326 Non
2563 2272 2705 2327 enim
2728 2272 2871 2327 solus
2905 2281 3065 2328 mtale
3111 2273 3359 2343 majores,
3400 2275 3486 2330 sed
3510 2277 3646 2331 etiam
3669 2277 3760 2347 pu-'

2232 2362 2380 2417 sillos
2408 2363 2546 2418 eruit
2576 2379 2605 2417 a
2651 2371 2909 2433 potestate
2951 2365 3313 2430 tenebrarum,
3340 2373 3397 2420 ut
3435 2367 3685 2423 transferat
3703 2370 3740 2424 i

2233 2468 2453 2524 regnum
2480 2455 2599 2509 Filii
2619 2452 2891 2511 charitatis
2905 2470 3015 2511 sua:
3034 2455 3257 2526 (Celata.
3288 2473 3323 2522 t,
3354 2459 3458 2529 15).

2303 2546 2394 2602 46.
2433 2545 2543 2603 Nec
2584 2547 2864 2618 quisquam
2917 2548 3179 2618 miretur,
3209 2556 3264 2603 et
3298 2548 3465 2617 dicat,
3498 2570 3515 2603 ι
3547 2550 3637 2606 Cur
3657 2552 3733 2608 hoc

2233 2647 2382 2691 creat
2424 2637 2630 2692 bonitas
2689 2637 2801 2704 Dei,
2854 2638 2997 2708 quod
3048 2639 3319 2710 possideat
3356 2642 3627 2714 malignitas
3656 2644 3742 2698 dia-

2232 2726 2339 2782 boli
2364 2728 2388 2782 ?
2420 2747 2440 2782 ι
2474 2728 2587 2784 Hoc
2605 2730 2746 2784 enim
2774 2745 2883 2784 sua:
2899 2739 3163 2787 creaturre
3183 2732 3466 2788 seminibus
3498 2749 3556 2789 ex
3579 2733 3650 2788 illa
3673 2735 3742 2789 bo-

2234 2820 2401 2874 nitate
2429 2819 2666 2891 largitur,
2689 2837 2792 2893 qua
2817 2823 2974 2878 etiam
2993 2822 3121 2890 facit
3137 2824 3307 2881 solem
3322 2839 3470 2880 suum
3485 2826 3597 2881 oriri
3619 2841 3739 2896 super

2232 2911 2402 2969 bonos
2442 2923 2497 2969 et
2540 2915 2707 2971 malos
2736 2957 2751 2982 ,
2794 2924 2848 2971 et
2894 2916 3026 2987 pluit
3070 2933 3237 2987 super
3284 2918 3451 2989 justas
3489 2928 3540 2975 et
3573 2918 3745 2988 injustas

2233 3003 2455 3079 (Matth.
2506 3023 2559 3073 v,
2600 3008 2670 3063 45
2698 3009 2739 3079 ).
2790 3008 2899 3065 Hac
2959 3010 3159 3081 quippe
3199 3011 3431 3067 bonitate
3477 3012 3619 3067 etiam
3661 3012 3743 3082 ipsa

2231 3098 2438 3154 semina
2457 3098 2745 3164 benedixit,
2773 3100 2857 3156 vel
2899 3100 3272 3158 benedicendo
3313 3104 3736 3174 constituit:quam

2232 3190 2655 3246 benedictionem
2677 3204 2879 3248 naturze
2894 3194 3152 3250 laudabili
3178 3197 3333 3268 culpa
3348 3196 3637 3253 damnabilis
3660 3213 3737 3252 nou

2232 3281 2449 3337 ademit.
2478 3283 2607 3351 Quae
2636 3284 2759 3339 licet
2784 3299 2879 3355 per
2908 3285 3000 3342 Dci
3041 3289 3317 3357 punientis
3340 3289 3580 3360 justitiam
3605 3290 3744 3344 value-

2232 3373 2317 3438 rit,
2343 3383 2402 3429 ut
2424 3373 2667 3431 homines
2688 3390 2807 3431 cum
2839 3378 3041 3447 peccati
3067 3379 3347 3450 originalis
3368 3380 3493 3435 vitio
3518 3395 3745 3436 nasceren-

2234 3472 2317 3517 tur
2344 3481 2358 3529 ;
2390 3480 2494 3519 non
2526 3474 2703 3522 tamen
2725 3466 2908 3534 valuit,
2934 3479 2993 3523 ut
3034 3469 3286 3526 homines
3311 3487 3414 3526 non
3445 3476 3745 3527 nascerentur.

2234 3554 2382 3609 Sicut
2410 3556 2461 3610 in
2494 3557 2622 3626 ipsis
2653 3566 2809 3614 attate
2836 3560 3127 3630 majoribus
3153 3562 3403 3633 quaelibet
3445 3564 3557 3618 vitia
3598 3577 3746 3633 pecu-

2235 3656 2404 3703 turum
2428 3665 2531 3704 non
2545 3665 2611 3705 ex
2635 3651 2848 3707 homine
2866 3652 3138 3709 hominem
3162 3654 3392 3722 tollunt;
3417 3656 3504 3711 sed
3528 3663 3750 3726 permanet

2234 3743 2326 3798 Dei
2356 3758 2489 3814 opus
2537 3744 2756 3811 bonum,
2786 3746 2840 3800 in
2878 3748 3327 3820 quantiscumque
3377 3749 3524 3804 malis
3548 3748 3751 3818 operibus

2233 3835 2533 3905 impiorum.
2560 3835 2692 3891 Nam
2722 3838 2822 3894 etsi
2863 3838 3021 3893 homo
3048 3840 3102 3893 in
3152 3840 3356 3896 honore
3382 3840 3589 3911 positus,
3607 3845 3753 3895 etnon

2232 3924 2552 3997 intelligens,
2606 3938 2948 3998 comparatur
2988 3931 3299 4000 pecoribus,
3323 3932 3502 4001 eisque
3528 3928 3691 3985 similis
3708 3925 3751 3980 fu

2233 4017 2251 4089 (
2278 4016 2420 4073 Paul.
2445 4035 2629 4088 vant,
2660 4021 2728 4076 t3
2753 4023 2774 4094 )
2801 4038 2815 4088 ;
2848 4036 2953 4077 non
2979 4032 3159 4079 tamen
3184 4038 3353 4094 usque
3372 4022 3502 4077 adeo
3523 4018 3755 4083 similisfit,

2233 4121 2289 4167 ut
2309 4127 2469 4182 pecus
2494 4114 2581 4168 sit.
2610 4114 2960 4184 Comparatur
2974 4130 3209 4187 namque
3237 4130 3335 4187 per
3362 4115 3557 4180 vitium,
3582 4129 3672 4167 non
3690 4125 3760 4180 per

2233 4213 2471 4258 naturam
2495 4220 2510 4269 ;
2543 4190 2649 4259 non
2680 4207 2891 4275 pecoris
2919 4207 3066 4275 vitio,
3093 4208 3192 4264 sed
3224 4216 3446 4262 naturae.
3468 4205 3635 4260 Tantae
3651 4216 3760 4257 nam.

2231 4309 2335 4364 que
2360 4296 2688 4353 excellentiae
2712 4306 2796 4354 est
2850 4297 2908 4354 in
2952 4299 3357 4370 comparatione
3386 4298 3585 4370 pecoris
3614 4295 3759 4359 homo,

2231 4397 2290 4443 ut
2312 4389 2497 4444 vitium
2514 4389 2743 4446 hominis
2760 4399 2947 4445 natura
2971 4391 3043 4446 sit
3067 4393 3278 4462 pecoris
3311 4410 3325 4445 :
3360 4405 3460 4447 nec
3477 4398 3641 4444 tamen
3663 4385 3758 4440 ideo

2232 4488 2419 4536 natura
2439 4481 2672 4538 hominis
2714 4483 2767 4538 in
2796 4490 3039 4539 naturam
3066 4484 3295 4541 vertitur
3342 4482 3563 4555 pecoris.
3590 4481 3659 4535 Ac
3693 4491 3766 4547 per

2230 4569 2333 4626 hoc
2356 4572 2495 4627 Deus
2529 4572 2796 4629 hominem
2827 4573 3045 4629 damnat
3074 4583 3297 4645 propter
3330 4574 3532 4640 vitium,
3560 4583 3655 4641 quo
3689 4581 3766 4621 na-

2232 4675 2347 4720 tura
2399 4663 2809 4731 dehonestatur;
2840 4679 2944 4721 non
2990 4675 3212 4738 propter
3234 4675 3634 4735 naturam,,qu:e
3666 4658 3768 4715 vitio

2238 4771 2342 4810 non
2360 4754 2616 4811 aufertur.
2662 4756 2868 4811 Bestias
2912 4772 3041 4813 vero
3064 4758 3205 4814 absit
3245 4767 3306 4814 ut
3333 4758 3603 4828 opinemur
3621 4766 3761 4823 ptent!

2230 4849 2588 4905 damnationis
2624 4849 2907 4918 obnoxias,
2950 4866 3081 4921 quas
3119 4851 3325 4922 justum
3379 4859 3462 4905 est
3489 4856 3542 4903 ut
3567 4841 3765 4902 miseria:

2229 4943 2339 4998 sint
2366 4951 2636 5014 expertes,
2659 4957 2779 5012 qua:
2804 4958 2905 4999 nec
2930 4943 3276 5000 beatitudinis
3297 4950 3518 5015 possunt
3540 4954 3649 4996 esse
3670 4950 3769 5007 par-

2232 5036 2433 5105 ticipes.
2463 5034 2599 5104 Quid
2623 5052 2750 5106 ergo
2782 5036 2972 5092 mirum
2991 5045 3074 5092 est
3100 5037 3180 5093 vel
3211 5037 3546 5108 iniquum,ut
3565 5035 3764 5090 immun-

2227 5126 2297 5181 do
2312 5126 2518 5195 spiritui
2548 5126 2805 5182 subdatur
2834 5126 3015 5193 homo,
3048 5142 3152 5183 non
3182 5136 3405 5199 propter
3422 5136 3669 5190 naturam,
3696 5119 3770 5176 sed

2227 5226 2444 5287 propter
2460 5217 2844 5273 immunditiam
2884 5233 3059 5284 suam,
3085 5235 3244 5290 quam
3267 5235 3372 5274 non
3400 5235 3463 5274 ex
3486 5231 3638 5288 opere
3658 5212 3772 5269 uivi-

2226 5324 2317 5375 no,
2347 5308 2439 5364 sed
2490 5324 2557 5366 ex
2599 5309 2831 5365 humana
2866 5311 3138 5367 voluntate
3177 5313 3483 5368 venientem
3508 5312 3558 5366 in
3585 5306 3772 5377 originis
3850 5294 3855 5345 λ

2226 5403 2346 5459 labe
2389 5404 2653 5459 contraxit
2701 5421 2714 5459 :
2763 5419 2885 5459 cum
2932 5416 2988 5460 et
3025 5405 3137 5475 ipse
3183 5405 3408 5478 spiritus
3451 5400 3767 5461 immundus,

2225 5498 2420 5554 bonum
2448 5500 2539 5565 sit,
2562 5500 2703 5569 quod
2742 5501 2959 5570 spiritus
2987 5516 3003 5567 ;
3035 5501 3255 5567 malum,
3276 5498 3419 5571 quod
3466 5490 3774 5553 immundus?

2225 5589 2356 5645 Illud
2382 5591 2576 5662 quippe
2603 5599 2775 5646 estex
2805 5592 2893 5647 Dei
2921 5592 3235 5660 opere,.hoe
3277 5606 3344 5648 ex
3378 5588 3586 5660 propria
3611 5583 3773 5638 volun-

2261 5730 2303 5800 }
2330 5728 2578 5800 vaticanus
2604 5737 2706 5792 Ms,
2730 5730 3058 5783 concelebrant
3086 5744 3105 5782 :
3128 5744 3223 5782 non
3263 5728 3414 5791 male,
3437 5740 3545 5779 cum
3581 5723 3635 5775 ad
3659 5718 3766 5769 I’ch'

2224 5794 2392 5853 giauos
2416 5794 2644 5841 refertur.
