3938 6510
225 356 308 414 tuo
1112 334 1483 396 ADMOXITIO
1522 334 1586 392 ΙΝ
1624 333 1734 391 SUI

1843 332 2155 399 QUENTES
2194 333 2462 394 LIBROS.

222 485 322 529 ωε.
346 463 519 522 Natura
566 458 733 526 itaque
769 452 973 521 fortior,
1002 452 1055 509 id
1092 463 1189 519 est,
1236 453 1493 524 angelica,
1517 452 1728 509 inferio.

219 565 559 621 mutuaturum,
577 547 625 602 id
649 556 753 612 est,
785 545 1090 613 humanam,
1135 545 1244 600 vitii
1270 546 1524 601 societate
1548 544 1732 600 subdi-

218 666 305 709 tam
339 655 480 703 tenet.
534 639 652 695 Ideo
695 638 955 694 Mediator
994 638 1196 708 angelis
1235 638 1445 703 fortior,
1490 638 1734 692 infirmus

217 750 391 814 propter
412 733 641 789 homines
666 729 838 784 factus
852 739 935 784 est
957 746 971 783 :
996 729 1073 784 sic
1101 729 1349 799 superbia
1369 728 1732 799 captivatoris,

216 826 534 899 Redemptoris
581 823 882 877 humilitate
943 821 1271 886 destruitur;
1327 830 1386 875 ut
1439 821 1528 891 qui
1577 834 1736 891 super

213 927 321 980 ﬁlios
359 915 570 973 hominis
596 915 614 946 ¹
649 913 891 985 angelica
925 912 1234 968 fortitudine
1280 912 1555 983 gloriatur,
1585 926 1614 964 a
1646 910 1734 967 Fi-

211 1017 269 1070 lio
285 1012 359 1067 Dei
385 1016 616 1075 suscepta
645 1004 877 1060 humana
900 1005 1203 1060 inﬁrmitate
1222 1005 1483 1060 vincatur.

261 1100 455 1159 CiPU'i‘
492 1095 630 1153 XLI.
662 1127 734 1137 —
754 1095 969 1153 Π.ἃά
1008 1096 1120 1165 jam
1144 1096 1303 1151 etiam
1332 1097 1489 1150 istum
1520 1095 1737 1150 conciu-

206 1196 290 1253 suri
314 1194 486 1247 librum
502 1230 518 1255 ,
543 1197 795 1258 oportere
810 1188 1154 1254 arbitramur,
1185 1194 1243 1241 ut
1267 1187 1608 1242 Ambrosium
1636 1202 1734 1241 an-

208 1288 385 1344 tistitem
429 1281 552 1348 Dei,
594 1281 749 1351 cujus
793 1281 940 1335 inter
984 1280 1164 1335 latina:
1211 1280 1402 1350 linguae
1450 1280 1736 1350 scriptores

205 1374 539 1434 ecclesiasucos
556 1374 831 1442 praecipue
856 1372 1102 1442 Pelagius
1148 1371 1545 1442 integerrimam
1579 1370 1735 1425 fidem

146 1502 151 1505 -
204 1467 429 1541 pradicat,
449 1465 588 1519 sicut
609 1463 678 1518 de
714 1458 884 1533 gratia
907 1462 1132 1519 fecimus
1163 1463 1260 1535 (α),
1283 1464 1352 1518 ita
1378 1473 1432 1518 et
1455 1462 1522 1518 de
1553 1478 1738 1533 pecca-

203 1575 245 1618 to
269 1557 498 1630 originali,
545 1556 601 1611 in
636 1572 746 1627 quo
791 1556 1021 1612 delendo
1069 1557 1182 1627 ipsa
1224 1557 1389 1627 gratia
1441 1556 1737 1611 evidentius

204 1652 576 1717 commendatur,
614 1650 962 1705 caiumniosa:
1000 1651 1221 1704 istorum
1285 1649 1584 1719 loquacitati
1642 1665 1728 1703 re-

209 1746 426 1819 spondere
447 1742 727 1798 faciamus.
754 1743 812 1797 In
838 1758 904 1798 co
933 1757 1094 1812 opere
1121 1741 1261 1811 quod
1298 1741 1511 1810 scripsit
1531 1740 1598 1796 de
1630 1740 1735 1795 fie-

203 1838 475 1895 surrectione
497 1846 720 1890 Sanctus
735 1835 1047 1890 Ambrosius
1076 1852 1089 1888 :
1123 1852 1142 1885 ι
1182 1834 1383 1904 Lapsus
1418 1848 1555 1898 sum,
1601 1851 1620 1885 ι
1651 1836 1733 1887 ἰη-

203 1930 307 2001 quit,
329 1946 346 1978 ι
377 1928 422 1979 in
439 1924 634 1993 Adam,
665 1925 736 1981 de
766 1926 1013 1995 paradiso
1051 1925 1251 1994 ejectus
1277 1925 1330 1978 in
1368 1924 1559 1988 Adam,
1592 1940 1735 1979 mor-

205 2031 298 2075 tuus
320 2019 365 2073 in
387 2016 548 2072 Adam
584 2034 598 2070 :
630 2032 793 2087 quem
828 2032 933 2071 non
965 2026 1178 2070 revocat
1202 2018 1223 2047 ³
1250 2016 1350 2070 nisi
1378 2031 1462 2070 me
1492 2016 1541 2069 in
1569 2015 1732 2069 Adam

210 2109 431 2172 invenerit,
458 2115 514 2161 ut
556 2108 612 2161 in
636 2107 728 2162 illo
748 2107 917 2176 culpa:
933 2106 1218 2161 obnoxium
1248 2148 1263 2173 ,
1292 2106 1449 2160 morti
1472 2104 1732 2172 debitum,

216 2203 322 2258 itaia
336 2200 520 2255 Christo
537 2200 894 2270 justificatum
930 2218 949 2252 ι
972 2198 1107 2271 (Lib.
1138 2198 1201 2253 de
1229 2198 1360 2253 Fide
1388 2198 1733 2253 Resaurectio-

223 2296 331 2368 ait).
363 2295 467 2349 item
499 2294 753 2349 scribens
784 2302 971 2348 contra
1007 2292 1326 2348 Novaliauos
1343 2292 1413 2345 ait
1440 2311 1453 2347 :
1494 2311 1512 2344 ι
1537 2291 1733 2347 Omnes

221 2388 408 2443 homines
429 2386 523 2441 sub
553 2394 778 2455 peccato
819 2387 1108 2450 nascimur,
1158 2401 1381 2455 quorum
1444 2385 1558 2455 ipse
1586 2396 1735 2439 ortus

211 2481 253 2533 in
278 2479 377 2532 vitio
393 2486 483 2542 est,
508 2478 654 2532 sicut
699 2475 868 2531 habes
894 2477 1110 2543 lectum,
1137 2475 1346 2531 dicente
1373 2474 1554 2541 David,
1606 2473 1736 2529 Ecce

217 2573 260 2626 in
281 2570 586 2641 iniquitatibus
608 2580 883 2641 conceptus
912 2586 1043 2636 sum,
1075 2579 1120 2623 et
1139 2570 1191 2623 in
1216 2568 1412 2623 delictis
1437 2568 1629 2638 peperit
1659 2584 1737 2622 me

210 2671 450 2716 metam
469 2658 646 2733 (Psal.
678 2676 732 2726 ι,
757 2661 789 2713 7
815 2658 857 2732 ).
886 2660 1008 2715 ideo
1034 2659 1179 2714 Pauli
1205 2674 1330 2713 caro
1360 2673 1553 2727 corpus
1585 2672 1735 2712 mor-

217 2752 278 2806 tis
312 2753 571 2816 erat,sicut
593 2752 704 2821 ipse
740 2752 818 2805 ait
847 2769 862 2806 :
897 2751 1021 2816 Qui:
1046 2767 1124 2803 me
1149 2750 1376 2805 liberabit
1420 2749 1483 2803 de
1524 2765 1736 2819 corpore

219 2844 372 2898 mortis
396 2843 528 2915 hujus
555 2842 740 2915 (Rom.
761 2859 859 2910 vu,
891 2842 961 2898 24
991 2840 1054 2915 )?
1082 2843 1275 2897 Christi
1293 2852 1471 2898 autem
1493 2857 1619 2898 caro
1648 2842 1736 2897 da-

226 2934 390 2988 mnavit
422 2943 696 3004 peccatum,
753 2933 897 3005 quod
932 2933 1197 2988 nascendo
1245 2950 1351 2988 non
1378 2935 1563 2999 sensit,
1596 2932 1735 3003 quod

224 3024 447 3079 moriendo
492 3024 781 3090 crucifixit;
809 3032 866 3079 ut
896 3024 948 3079 in
975 3040 1136 3079 carne
1162 3033 1340 3079 nostra
1368 3034 1511 3079 esset
1534 3024 1732 3093 justiﬁ-

212 3115 666 3184 utiopergratiam,
692 3114 783 3169 ubi
823 3123 1083 3169 eratante
1110 3114 1339 3169 colluvie
1366 3129 1461 3184 per
1481 3113 1687 3184 cuipam
1711 3133 1731 3167 ι

205 3205 224 3275 (
242 3203 336 3257 Lib.
364 3206 384 3259 1
417 3205 485 3258 de
526 3203 835 3260 Pteuiteutia
857 3247 873 3273 ,
923 3222 1037 3274 cap.
1070 3204 1125 3272 2,
1173 3205 1250 3260 vel
1278 3204 1372 3277 5).
1420 3204 1547 3260 Item
1598 3206 1736 3260 idem

249 3361 262 3433 ξ
281 3361 508 3433 fatigatis
522 3368 621 3433 iis,
632 3358 774 3433 ﬁlios
796 3360 1057 3413 hominum.

244 3423 340 3487 "sic
492 3428 545 3471 ,ιι
582 3423 722 3487 mihi,
747 3436 890 3485 quem
912 3430 1155 3474 revocaret
1182 3436 1200 3475 :
1226 3425 1385 3474 minus
1421 3424 1570 3472 bene.
1608 3423 1738 3487 Apud

196 3484 462 3541 manu,
494 3484 733 3545 quomodo
749 3484 950 3535 revocet.

241 3544 301 3607 (ε)
327 3546 428 3595 ιιιιε
446 3546 625 3595 librum
648 3546 715 3597 de
736 3547 894 3596 Gratia
913 3547 1110 3608 Christi,
1134 3562 1183 3597 ιι.
1208 3547 1374 3598 47-53.

3320 341 3426 402 dio

1842 455 1954 520 ipse
2006 467 2126 506 cum
2164 461 2455 521 exponeret
2495 451 2681 507 lsaiatn
2724 451 3036 523 prephetam
3083 454 3305 526 loquens
3346 460 3414 516 de

1840 543 2053 599 Christo
2086 561 2099 597 :
2135 562 2154 595 ι
2192 544 2336 608 ideo,
2370 563 2390 597 ι
2423 545 2611 615 inquit,
2648 564 2667 599 ι
2703 554 2756 601 ct
2787 548 2936 617 quasi
2965 533 3148 602 'bomo
3176 564 3271 620 per
3290 555 3419 606 uni-

1840 653 1991 693 versa
2040 647 2269 692 tentatus
2293 645 2393 703 est,
2433 647 2485 693 et
2512 637 2564 692 in
2590 639 2935 697 similitudine
2967 628 3243 696 hominum
3284 658 3414 698 cun-

1841 741 1924 787 cta
1951 731 2201 786 sustinuit
2230 748 2244 783 :
2278 730 2371 785 sed
2402 732 2551 801 quasi
2586 730 2654 787 de
2678 731 2876 802 Spiritu
2917 744 3075 790 natus
3103 735 3355 791 abstinuit
3380 751 3412 791 a

1840 832 2058 895 peccato
2094 820 2293 894 (Hebr.
2321 837 2397 887 tv,
2429 822 2497 878 15
2519 821 2559 893 ).
2591 821 2776 877 Omnis
2810 824 2950 879 enim
2996 826 3156 880 homo
3184 826 3410 881 mendax

1842 917 2038 987 (Psal.
2070 932 2191 984 cxv,
2232 917 2432 986 2);et
2484 932 2643 972 nemo
2694 918 2810 973 sine
2847 928 3083 987 peccato,
3134 920 3232 974 nisi
3277 934 3413 975 unus

1843 1010 2005 1064 Deus.
2039 1007 2319 1063 Servatum
2337 1017 2425 1063 est
2453 1008 2633 1079 igitur,
2665 1017 2722 1063 ut
2748 1024 2815 1063 ex
2862 1009 2980 1062 viro
3005 1019 3059 1063 et
3085 1011 3327 1076 muliere,
3360 1011 3410 1065 id

1841 1110 1943 1169 est,
1971 1116 2069 1172 per
2088 1101 2233 1155 illam
2260 1115 2549 1171 corporum
2576 1099 3029 1165 commixtionem,
3055 1114 3212 1154 nemo
3233 1101 3413 1155 videa-

1840 1202 1927 1248 tur
1946 1207 2142 1263 expers
2166 1206 2285 1247 esse
2304 1190 2501 1246 delicti.
2525 1190 2625 1259 Qui
2650 1198 2827 1245 autem
2875 1204 3064 1259 expers
3092 1199 3173 1243 est
3209 1189 3411 1251 delicti.

1840 1300 2032 1356 expers
2063 1294 2145 1340 est
2180 1287 2337 1342 etiam
2370 1285 2674 1356 hujusmodi
2715 1285 3076 1355 conceptionis
3108 1301 3127 1334 ι
3160 1283 3255 1358 (a).
3287 1285 3415 1339 Item

1841 1393 1963 1432 cum
1988 1385 2285 1447 exponeret
2313 1376 2662 1447 Evangeiium
2684 1375 2979 1431 secundum
3006 1376 3233 1430 Lucam:
3264 1394 3282 1427 ι
3305 1376 3417 1429 Non

1842 1467 1986 1523 enim
2038 1467 2211 1524 virilis
2266 1467 2458 1533 coitus,
2508 1486 2526 1519 ι
2562 1466 2751 1537 inquit,
2786 1484 2805 1518 ι
2851 1465 3020 1521 vulvae
3046 1466 3317 1536 virginalis
3337 1481 3420 1520 sc-

1839 1567 1984 1614 creta
2012 1559 2290 1626 reseravit,
2323 1557 2418 1613 sed
2460 1557 2853 1613 immaculatum
2900 1572 3081 1612 semen
3128 1556 3417 1611 inviolabili

1839 1661 1994 1707 utero
2023 1651 2249 1721 Spiritus
2275 1660 2493 1706 sanctus
2520 1649 2732 1704 infudit.
2769 1648 2928 1703 Solus
2953 1648 3093 1704 enim
3124 1664 3218 1718 per
3243 1648 3420 1702 omnia

1840 1761 1906 1801 ex
1930 1746 2067 1801 uatis
2088 1745 2153 1800 de
2188 1744 2385 1800 femina
2418 1752 2631 1799 sanctus
2675 1742 2931 1797 Dominus
2959 1741 3136 1808 Jcsus,
3183 1741 3270 1811 qui
3304 1752 3415 1794 ter-

1840 1854 1983 1893 renae
2006 1838 2245 1907 contagia
2271 1837 2586 1907 corruptela:
2628 1835 2948 1890 immaculati
2977 1844 3159 1903 partus
3185 1834 3418 1888 novitate

1839 1943 1945 1983 non
1972 1930 2219 1994 senserit,
2249 1936 2303 1982 et
2328 1928 2533 1983 caelesti
2555 1926 2831 1997 majestate
2856 1926 3116 1996 depulerit
3150 1943 3170 1977 ι
3200 1923 3335 1995 (Lib.
3358 1923 3416 1990 2,

1838 2035 1890 2073 η.
1918 2018 2008 2085 56,
2031 2019 2098 2071 ad
2116 2034 2230 2089 cap.
2261 2016 2347 2088 2).

1909 2108 1998 2164 48.
2034 2109 2123 2163 His
2147 2117 2320 2165 tamen
2340 2108 2515 2163 verbis
2537 2106 2768 2162 hominis
2794 2106 2908 2171 Dei,
2931 2120 3090 2176 quem
3116 2113 3265 2160 tanto
3292 2120 3418 2175 pra:-

1840 2200 1997 2257 conio
2039 2202 2152 2271 ipse
2181 2201 2411 2257 laudavit
2461 2201 2726 2272 Pelagius,
2779 2198 3114 2266 contradicit,
3150 2207 3221 2253 .et
3258 2199 3409 2264 dicit,

1853 2310 1871 2345 ι
1896 2292 2031 2347 sicut
2056 2292 2171 2347 sine
2191 2293 2403 2356 virtute,
2429 2292 2497 2346 ita
2513 2307 2610 2345 nos
2625 2292 2739 2346 sine
2758 2291 2886 2345 vitio
2908 2289 3200 2360 procreari.
3226 2308 3245 2342 ι
3273 2289 3411 2357 Quid

1842 2382 2000 2454 igitur
2024 2391 2215 2449 restat,
2256 2382 2357 2437 nisi
2408 2392 2498 2437 aut
2548 2382 2707 2436 istum
2736 2381 2980 2451 Pelagius
3023 2395 3176 2435 suum
3206 2379 3420 2433 damnet

1840 2488 2101 2537 errorem,
2124 2481 2212 2526 aut
2233 2487 2353 2527 eum
2378 2472 2456 2527 sic
2477 2471 2814 2526 Ambrosium
2839 2470 3082 2525 laudasse
3121 2470 3372 2539 pteniteat
3398 2467 3421 2521 ?

1840 2564 1945 2621 Sed
1988 2566 2108 2635 quia
2166 2565 2265 2621 ista
2313 2564 2608 2623 secundum
2652 2564 2965 2618 catholicam
3013 2564 3170 2618 iidem
3231 2564 3419 2619 beatus

1840 2657 2169 2720 Ambrosius,
2199 2664 2256 2709 ut
2282 2656 2563 2725 episcopus
2586 2655 2903 2721 catholicus,
2933 2664 3015 2709 est
3047 2656 3286 2719 locutus;
3319 2668 3407 2708 se-

1839 2750 2018 2819 quitur
2038 2755 2098 2802 ut
2125 2746 2192 2801 ab
2209 2746 2308 2801 hac
2334 2745 2417 2800 via
2441 2745 2561 2801 lidei
2588 2745 2772 2801 devius
2802 2745 2991 2799 merito
3022 2744 3262 2814 Pelagius
3285 2758 3405 2796 cura

1843 2840 2098 2896 lecstio
2138 2839 2397 2909 discipulo
2425 2853 2522 2893 suo
2549 2838 2826 2893 catholica:
2855 2837 3108 2892 Ecclesia:
3141 2837 3211 2891 sit
3236 2844 3419 2890 aucto-

1840 2935 1997 2989 ritate
2024 2936 2323 2996 damnatus,
2357 2930 2458 2986 nisi
2491 2945 2611 2986 eum
2639 2946 2741 2985 non
2772 2929 3111 2984 Ambrosium
3146 2927 3415 2994 laudasse,

1841 3025 1936 3081 sed
1979 3034 2165 3080 contra
2214 3023 2556 3079 Ambrosium
2601 3022 2834 3078 sensisse
2859 3020 3136 3091 poeniteat.
3165 3017 3288 3074 Scio
3326 3034 3424 3074 vos

1844 3132 1906 3172 ea
1936 3131 2055 3187 qua:
2109 3115 2175 3171 ad
2224 3116 2627 3171 mdiiicationem
2674 3115 2756 3169 vel
2812 3112 3266 3169 confirmationem
3300 3110 3424 3166 fidei

1844 3209 2277 3273 conscribuntur,
2311 3208 2685 3264 insatiabiliter
2713 3208 2919 3278 legere:
2944 3213 3308 3261 verumtamen
3338 3203 3429 3259 hic

1847 3299 2011 3367 liber,
2037 3298 2444 3369 quamtnmlibet
2489 3299 2559 3353 sit
2611 3298 2677 3353 ad
2724 3297 2827 3353 hoc
2854 3297 3020 3366 utilis,
3056 3296 3163 3368 iam
3209 3294 3418 3349 tandem

1841 3389 2132 3468 aliquando
2158 3389 2422 3445 finiendus
2440 3398 2541 3445 εει.

1906 3544 1978 3608 (α)
2013 3545 2242 3595 Ambrosii
2266 3558 2387 3608 opus
2411 3545 2458 3593 in
2483 3544 2648 3593 Isaiam
2666 3556 2761 3592 non
2785 3547 2965 3591 exstat.

199 3678 511 3715 E‘
528 3678 2625 3729 —_w._rﬂ
2634 3676 2809 3684 ’⁵-
2823 3670 3415 3721 ρ*ψὲ

208 3715 273 3726 .-
287 3718 1287 3731 ------ισ-ο

1230 3832 2297 3948 Διιιιιθιιιιυιιιο

616 4024 694 4088 IN
738 4022 1339 4098 SUBSEQUENTES
1381 4023 1663 4086 LIBROS
1703 4023 1809 4084 DE
1849 4022 2159 4085 NUPTIIS
2200 4023 2304 4083 ET
2349 4020 3048 4085 CONCUPISCENTIA.

1584 4170 2007 4229 ρκεξωοιεεῖσε

243 4314 370 4370 Duos
395 4315 463 4371 ad
510 4314 783 4371 Valerium
812 4316 1057 4372 comitem
1086 4316 1248 4372 libros
1288 4330 1408 4371 cum
1448 4324 1756 4372 recenseret
1782 4316 2127 4387 AuguStinus,
2174 4330 2269 4373 eos
2308 4314 2641 4386 responsioni
2668 4315 2735 4371 ad
2765 4315 3083 4371 Arianorum
3134 4327 3440 4369 sermonem

184 4418 280 4474 qua:
302 4416 414 4475 post
441 4405 609 4463 Gesta
640 4422 764 4462 cum
796 4407 1032 4462 Emerito
1063 4407 1231 4462 locata
1264 4416 1366 4474 est,
1400 4407 1641 4477 proxime
1664 4405 1956 4477 subiunxit.
1999 4408 2125 4463 Haec
2151 4422 2311 4477 porro
2334 4408 2494 4464 Gesta
2518 4408 2898 4479 consignantur
2917 4424 3055 4462 anno
3087 4407 3283 4461 Christi
3308 4404 3433 4468 H8,

183 4496 327 4551 dicio
350 4497 695 4569 septembris.
732 4497 1066 4568 Quapropter
1093 4497 1530 4568 subsequentium
1561 4497 1839 4565 librorum,
1872 4498 2059 4553 saltem
2093 4498 2323 4567 priorem
2360 4506 2453 4553 aut
2496 4499 2597 4553 hoc
2626 4498 2744 4569 ipso
2770 4514 2912 4553 anno
2934 4498 3037 4553 418
3074 4498 3317 4561 labente,
3349 4498 3473 4550 aut

186 4595 437 4665 incipiente
464 4597 592 4663 διε,
620 4596 880 4665 εει-ἰριιιηι
899 4595 1062 4650 fuisse
1089 4594 1218 4650 nulli
1248 4594 1572 4651 dubitamus.
1603 4593 1759 4649 Enim
1783 4607 1917 4649 vero
1938 4592 2005 4648 de
2032 4593 2209 4664 priore
2231 4593 2334 4648 isto
2362 4592 2499 4647 libro
2526 4592 2640 4663 ipse
2677 4593 3005 4664 Augustinus
3032 4594 3083 4646 in
3109 4592 3245 4646 libro
3269 4590 3444 4660 primo

185 4696 338 4741 contra
365 4689 497 4745 duas
518 4689 790 4759 Epistolas
820 4687 1245 4758 Pelagianorum,
1277 4703 1333 4741 ιι.
1364 4687 1417 4755 9,
1448 4686 1578 4743 dicit
1606 4705 1620 4742 :
1658 4705 1678 4740 t
1712 4687 1930 4742 Librum
1954 4695 2130 4743 autem
2157 4703 2356 4756 meum,
2384 4699 2569 4745 contra
2594 4705 2749 4760 quem
2773 4703 2833 4743 se
2870 4695 3097 4757 quatuor
3136 4685 3330 4740 libellis
3358 4698 3448 4740 re-

185 4780 438 4847 spondisse
458 4790 868 4846 commemorat,
897 4790 1017 4851 post
1040 4779 1435 4835 damnationem
1461 4778 1658 4849 Pelagii
1683 4779 2023 4850 leestiique
2049 4781 2359 4852 conscripsi.
2387 4782 2539 4850 Quod
2562 4782 2683 4837 ideo
2702 4779 3006 4846 dicendtun,
3039 4798 3058 4831 ι
3089 4778 3275 4849 inquit,
3301 4795 3320 4829 ι
3352 4792 3449 4848 pu-

187 4871 290 4937 tari,
314 4874 561 4943 quoniam
578 4875 684 4929 iste
704 4873 835 4929 dicit
861 4873 931 4927 ab
951 4872 1179 4927 inimicis
1203 4872 1316 4927 suis
1346 4871 1398 4926 in
1420 4871 1601 4927 odium
1629 4871 1869 4928 veritatis
1894 4872 2035 4928 dicta
2063 4888 2180 4929 mea
2203 4873 2367 4928 fuisse
2393 4883 2675 4944 suscepta;
2706 4888 2775 4928 ne
2805 4872 2924 4927 ideo
2952 4870 3227 4941 quisquam
3251 4867 3439 4924 existi—

186 4987 292 5042 met,
317 4987 527 5047 propter
555 4978 699 5032 hune
721 4977 914 5031 librum
945 4990 1121 5030 meum
1148 4973 1395 5029 inimicos
1413 4973 1597 5043 gratiae
1614 4970 1818 5027 Christi
1842 4985 2010 5027 novos
2038 4972 2319 5027 bmreticos
2357 4970 2519 5026 fuisse
2548 4970 2847 5025 damnatos.
2885 4987 2906 5017 ι
2936 4965 3137 5033 Quibus
3164 4980 3227 5019 ex
3264 4962 3449 5018 verbis

188 5065 318 5124 facile
343 5070 623 5140 intelligas,
661 5068 903 5139 priorem
925 5067 1067 5124 hunc
1090 5068 1306 5134 librum,
1339 5064 1603 5121 damnatis
1644 5077 1787 5118 anno
1814 5063 1919 5119 418
1946 5063 2262 5133 Pelagianis,
2303 5063 2356 5118 in
2399 5063 2574 5119 lucem
2604 5060 2704 5117 sub
2731 5060 2870 5115 idem
2901 5057 3014 5113 fere
3039 5065 3248 5127 tempus
3279 5052 3443 5125 prod-

183 5159 309 5215 iissc.
3092 5162 3101 5168 ‘

243 5250 415 5316 Liber,
443 5268 562 5307 mox
594 5261 652 5307 ut
673 5251 890 5322 prodiit,
910 5251 1081 5321 palam
1108 5247 1431 5320 reprehendi
1457 5246 1623 5318 cmpit
1649 5263 1678 5301 a
1700 5247 2019 5319 Pelagianis,
2041 5248 2131 5318 qui
2152 5246 2268 5319 ejus
2293 5246 2518 5302 lectione
2534 5242 2927 5301 Catholicorum
2955 5240 3165 5296 animos
3179 5239 3242 5295 .in
3264 5235 3446 5292 odium

186 5341 376 5398 illorum
424 5344 639 5401 haeresis
671 5344 996 5399 commoveri
1043 5340 1426 5414 intelligebant.
1453 5340 1599 5395 Inter
1627 5353 1722 5395 eos
1746 5338 1988 5395 Julianus
2018 5339 2315 5409 Pelagianae
2362 5337 2582 5393 haeresis
2624 5333 2967 5391 sublevandm
3012 5330 3191 5386 studio
3219 5327 3450 5390 ardens,

187 5445 395 5503 quatuor
416 5438 559 5495 libris
583 5453 749 5494 unum
780 5437 929 5493 illum
955 5434 1233 5507 Augustini
1253 5434 1432 5490 statim
1460 5447 1747 5504 aggressus
1766 5442 1868 5489 est.
1896 5433 1974 5488 De
1998 5431 2083 5487 his
2110 5431 2305 5487 Juliani
2331 5430 2481 5487 libris
2506 5429 2763 5484 nonnulla
2799 5425 3067 5496 decerpsit
3089 5422 3371 5494 quispiam,
3396 5429 3451 5476 et

187 5527 421 5599 decerpta
445 5532 622 5587 comiti
653 5529 866 5586 Valerio
892 5529 1055 5584 misit.
1103 5527 1345 5582 Valerius
1373 5527 1624 5582 Ravenna
1650 5525 1878 5580 Romam
1902 5523 1969 5578 ad
1997 5522 2245 5595 Alypium
2272 5521 2594 5595 perferenda
2619 5520 2845 5587 curavit,
2868 5527 2925 5572 ut
2961 5518 3075 5587 ipse
3109 5516 3162 5570 in
3203 5512 3439 5569 Africam

192 5637 443 5691 reversus,
466 5635 659 5695 praeter
687 5622 894 5679 litteras
918 5622 1108 5694 quibus
1132 5621 1333 5692 gratias
1358 5618 1427 5673 ob
1455 5618 1647 5674 librum
1680 5618 1912 5689 priorem
1948 5617 2049 5673 sibi
2074 5624 2439 5686 nuncupatum
2480 5614 2670 5685 agebat
2699 5613 2838 5667 idem
2868 5610 3125 5676 Valerius,
3160 5607 3320 5663 etiam
3354 5625 3448 5662 ex-

189 5724 358 5784 cerpta
387 5716 468 5771 illa
490 5716 809 5788 quantocius
832 5713 1119 5772 refellenda
1147 5712 1441 5783 Augustino
1465 5711 1718 5767 traderet.
1744 5710 1873 5766 Haec
1897 5710 2222 5781 Augustinus
2242 5725 2308 5765 ex
2337 5722 2500 5777 opere
2514 5704 2711 5763 Juliani
2727 5704 2951 5787 collecta
2976 5716 3097 5757 esse
3119 5702 3300 5757 statim
3324 5717 3449 5771 per-

196 5810 354 5863 sensit
387 5824 402 5861 :
433 5820 478 5865 et
505 5824 803 5882 quanquam
849 5808 1015 5880 magis
1040 5807 1198 5864 vellet
1242 5806 1347 5863 illis
1389 5821 1493 5863 non
1530 5813 1651 5863 ante
1700 5804 2054 5876 respondere,
2086 5818 2241 5874 quam
2286 5802 2545 5871 integrum
2571 5813 2703 5869 Opus
2732 5796 2873 5854 unde
2900 5794 3110 5853 fuerant
3138 5793 3448 5866 desumpta,
