4042 6538
2368 198 2390 225 ί

503 342 602 399 ιιι
1707 320 2039 379 EPISTULA
2083 318 2172 374 AD
2214 317 2590 374 vauutuuu.
2796 397 2823 399 β
2950 296 2953 301 ’
3667 335 3758 390 m

2782 397 2823 411 ν’

506 457 822 527 accepisset,
857 462 1029 509 tamen
1052 450 1152 506 sibi
1183 444 1538 504 festinandum
1565 440 1907 505 existimavit,
1935 446 1993 494 ut
2016 437 2224 493 Valerio
2248 436 2428 492 comiti
2460 433 2811 490 satisfaceret.
2860 434 2954 490 llis
2981 451 3110 506 ergo
3135 437 3275 492 nulla
3301 438 3600 512 interposita
3625 464 3758 507 mora

512 524 865 615 reSpondens,
920 543 1146 597 alterum
1178 539 1277 595 sub
1303 536 1490 593 eadem
1541 532 1889 603 inscriptione
1917 530 1986 585 de
2030 527 2239 599 Nuptiis
2263 536 2318 582 et
2340 524 2784 596 Concupiscentia
2825 524 3017 580 librum
3071 529 3389 597 composuit,
3437 547 3589 601 quem
3634 551 3759 594 anno

509 614 709 694 Christi
731 635 836 691 420
863 629 1272 689 adscribendum
1302 628 1622 683 arbitramur
1654 640 1668 676 :
1700 621 1898 693 quippe
1930 636 2053 676 cum
2076 634 2198 675 eum
2228 616 2509 673 confestim
2556 623 2678 685 post
2726 623 2972 685 acceptas
3023 614 3091 671 de
3119 617 3297 687 priore
3347 619 3479 675 libro
3495 625 3758 692 gratiarum

511 729 752 784 actiones
779 722 1051 792 scripserit
1075 730 1289 776 sanctus
1315 719 1532 784 Doctor,
1569 730 1668 771 nec
1693 713 1937 769 videatur
1961 709 2267 775 verisimile,
2302 706 2593 775 Valerium,
2612 714 2673 762 ut
2687 705 2824 762 hanc
2848 707 2987 777 grati
3014 706 3178 762 animi
3214 708 3643 778 signiﬁcationem
3667 727 3760 776 tes.

520 827 744 884 taretur,
763 824 902 871 totos
929 814 1064 869 duos
1091 827 1261 867 annos
1285 818 1370 865 aut
1397 810 1573 878 plures
1589 813 1949 876 exspectasse.

582 909 831 965 Valerius
855 916 1033 963 autem
1058 906 1164 973 ille,
1188 920 1347 976 quem
1379 902 1604 959 lllustris
1623 908 1677 956 et
1688 898 1920 981 Comitis
1947 896 2100 952 titulo
2123 895 2448 966 Augustinus
2474 900 2718 959 exornat,
2753 892 2980 964 negotiis
3007 892 3231 961 publicis
3262 891 3641 967 implicabatur,
3667 918 3760 961 non

515 1001 819 1059 forensibus
848 1001 953 1056 illis
976 998 1212 1071 quidem,
1235 997 1332 1054 sed
1353 996 1579 1052 bellicis.
1608 994 1760 1050 Unde
1784 1007 1892 1048 non
1919 991 2074 1048 facile
2099 992 2434 1057 adducimur,
2461 997 2524 1044 ut
2549 1004 2672 1044 cum
2694 989 2810 1043 viro
2833 989 3043 1045 erudito
3082 990 3258 1060 ipsum
3279 990 3427 1045 illum
3455 1008 3570 1049 esse
3594 999 3758 1055 existi.

513 1106 745 1161 memus,
775 1092 864 1163 qui
895 1091 992 1146 fuit
1008 1104 1194 1146 comes
1215 1089 1292 1145 rei
1322 1088 1540 1159 privatae
1552 1100 1694 1140 anno
1714 1083 1840 1147 425,
1865 1083 2051 1137 consul
2072 1097 2213 1137 anno
2232 1082 2358 1147 432,
2386 1079 2618 1150 denique
2656 1078 2910 1149 magister
2928 1078 3228 1135 officiorum
3263 1081 3362 1137 sub
3387 1082 3674 1143 Theodosio
3693 1089 3764 1159 ju-

513 1186 667 1241 niore
691 1199 833 1238 anno
861 1183 986 1239 455.
1020 1182 1231 1236 Etenim
1260 1194 1362 1235 nec
1380 1193 1444 1235 ea
1470 1192 1692 1233 munera
1727 1172 2066 1246 pertinebant
2089 1172 2158 1229 ad
2193 1172 2460 1236 militiam,
2507 1185 2608 1227 nec
2648 1169 2920 1242 praefectis
2947 1170 3336 1228 Theodosianis
3363 1173 3639 1245 quidquam
3666 1192 3766 1236 erat

514 1289 638 1329 cum
666 1272 983 1328 llonorianis
1006 1285 1311 1327 commune.

613 1434 768 1497 Vide
812 1440 1111 1514 praeterea
1135 1431 1243 1495 lib.
1274 1430 1337 1507 2,
1370 1446 1504 1509 cap.
1534 1428 1635 1503 53,
1671 1427 2245 1499 Retractationum,
2280 1430 2325 1485 ι.
2360 1425 2421 1491 1.
2456 1423 2575 1486 col.
2606 1421 2750 1501 651,
2781 1443 2821 1485 a
2846 1423 3071 1493 verbis,
3102 1424 3336 1504 Scripsi
3365 1423 3523 1486 duos
3547 1426 3728 1490 libros
3752 1473 3768 1504 ,

518 1555 710 1619 usque
742 1537 824 1600 ad
847 1534 1034 1600 verba
1052 1581 1070 1604 ,
1101 1537 1276 1598 Inter
1308 1533 1552 1595 militio:
1580 1537 1705 1594 tuae
1731 1548 1945 1594 curas.
2188 1529 2275 1591 M.

3490 1718 3768 1734 ψ

521 1854 1418 1971 EPISTOLA
1490 1854 1748 1969 ΔΙ)
1794 1849 2117 1963 VA]

2174 1849 2765 1963 ERIUM
2795 1850 3013 1966 co
3025 1854 3626 1967 MITEM
3656 1839 3770 1998 (τ’),

697 2074 813 2132 CUI
842 2072 1278 2131 AUGUSTlNUS
1314 2068 1780 2127 TRANSMITTIT
1817 2064 2291 2213 NUNCUgé'lfsléhé
2326 2066 2452 2122 lPSl
2496 2066 2756 2125 LIBRUM
2796 2067 3063 2124 PRIMUM
3104 2067 3194 2123 DE
3232 2068 3507 2127 NUPTHS
3544 2068 3626 2124 ET

1873 2157 2047 2213 CONC
2298 2156 2477 2212 ΝἸΊΑ.

1873 2156 2451 2215 CONCUPISCENTIA
2463 2197 2477 2212 .

2012 2318 2382 2372 WQO'

527 2469 756 2527 Domino
782 2469 977 2527 illustri
997 2478 1055 2526 et
1080 2470 1276 2526 merito
1297 2468 1756 2541 praestantissimo,
1780 2475 1939 2539 atque
1971 2468 2025 2524 in
2050 2466 2247 2523 Christi
2276 2466 2564 2524 dilectione
2582 2466 2900 2522 charissimo
2930 2466 3041 2523 filio
3072 2465 3334 2533 VALERIO,
3365 2466 3709 2532 Aucusmus,
3738 2469 3781 2522 in

1925 2560 2153 2616 Domino
2171 2558 2421 2615 salutem.

601 2722 653 2776 t.
695 2720 828 2776 Cum
848 2719 939 2775 diu
961 2718 1183 2775 moleste
1203 2717 1456 2775 haberem
1482 2717 1625 2791 quod
1648 2718 1931 2790 aliquoties
1954 2716 2281 2789 scripserim,
2313 2724 2369 2771 et
2408 2716 2551 2772 nulla
2577 2725 2682 2772 tuze
2705 2714 3057 2772 Sublimitatis
3080 2715 3346 2785 rescripta
3373 2712 3666 2780 meruerim,
3705 2728 3780 2768 re-

528 2822 694 2885 pente
717 2814 969 2885 epistolas
991 2823 1100 2870 tres
1127 2821 1229 2869 tua:
1250 2812 1601 2884 Benignitatis
1615 2815 1797 2885 accepi
1832 2831 1845 2868 :
1875 2828 2038 2870 unam
2067 2827 2173 2868 non
2195 2811 2259 2867 ad
2290 2827 2378 2867 me
2406 2811 2578 2867 solum
2599 2810 2777 2866 datam
2805 2825 2899 2881 per
2917 2809 3293 2880 coepiscopum
3320 2824 3503 2865 meum
3521 2807 3786 2864 Vindemia-

534 2907 661 2973 lem,
690 2914 745 2962 et
773 2922 878 2961 non
908 2906 1067 2977 longe
1095 2913 1213 2975 post
1238 2921 1333 2976 per
1351 2905 1848 2978 compresbyternm
1877 2904 2118 2963 Firmum
2146 2903 2310 2972 duas;
2330 2904 2422 2975 qui
2446 2904 2527 2959 vir
2547 2912 2785 2973 sanctus,
2816 2902 3095 2973 nobisque,
3128 2911 3186 2959 ut
3205 2902 3271 2957 ab
3289 2902 3391 2958 illo
3418 2904 3552 2959 scire
3574 2901 3785 2974 potuisti,

533 2997 943 3054 familiarissima
970 2998 1231 3053 charitate
1263 2998 1598 3068 conjunctus,
1627 2999 1796 3055 multa
1824 3000 2103 3056 nobiscum
2128 2997 2197 3054 de
2219 3007 2310 3065 tua
2331 2998 2648 3055 excellentia
2690 2997 3066 3069 colloquendo,
3108 3006 3165 3053 et
3204 2998 3474 3055 veraciter
3499 2993 3788 3053 .insinuando

533 3091 747 3160 qualem
780 3099 831 3146 te
854 3091 909 3146 in
930 3090 1128 3147 Christi
1159 3090 1451 3146 visceribus
1479 3092 1711 3161 noverit,
1736 3108 1842 3148 non
1879 3092 2055 3148 solum
2084 3107 2177 3148 eas
2202 3106 2337 3164 quas
2379 3100 2709 3148 memoratus
2735 3092 3040 3163 episcopus,
3076 3091 3164 3147 vel
3204 3107 3348 3163 quas
3374 3093 3485 3163 ipse
3511 3090 3689 3155 attulit,
3713 3084 3789 3143 sed

535 3186 696 3241 etiam
725 3186 843 3242 illas
868 3201 1002 3259 quas
1029 3201 1137 3241 non
1164 3184 1443 3256 accepisse
1466 3186 1846 3257 querebamur,
1875 3187 2084 3243 litteras
2114 3186 2261 3241 vicit.
2286 3186 2355 3241 Et
2381 3185 2503 3243 ideo
2527 3185 2596 3241 de
2621 3192 2674 3241 te
2697 3186 2936 3241 narratio
2958 3185 3077 3256 ejus
3105 3187 3328 3242 suavior
3355 3186 3508 3242 nobis
3531 3191 3664 3251 erat,
3687 3181 3787 3252 quia

536 3291 600 3331 ea
647 3276 880 3345 dicebat,
911 3292 1037 3359 quae.
1074 3278 1189 3349 ipse
1238 3293 1344 3332 non
1402 3292 1607 3348 posses,
1637 3294 1705 3335 ne
1724 3278 1938 3350 quidem
1981 3293 2069 3335 me
2107 3277 2411 3348 inquirente
2445 3278 2777 3343 rescribere,
2823 3293 2892 3333 ne
2931 3286 3145 3334 tuarum
3174 3278 3423 3346 laudum,
3469 3275 3605 3349 quod
3641 3281 3791 3330 sancta

537 3369 815 3440 Scriptura
866 3371 1117 3442 prohibet
1160 3370 1181 3443 (
1208 3370 1369 3428 Prov.
1425 3388 1597 3440 xxvu,
1619 3372 1654 3427 2
1682 3370 1725 3445 ),
1783 3374 1947 3430 lieres
1992 3372 2329 3443 praedicator.
2378 3372 2696 3443 Quanquam
2722 3379 2779 3428 et
2800 3387 2901 3444 ego
2924 3388 3115 3429 verear
3138 3371 3257 3428 lucc
3279 3373 3357 3428 ad
3402 3383 3452 3429 te
3476 3371 3719 3434 scribere,
3737 3382 3792 3422 ne

536 3461 895 3532 suspicionem
923 3461 1190 3519 adulantis
1209 3465 1498 3531 incurram,
1529 3464 1743 3521 domine
1773 3464 2000 3521 illustris
2019 3473 2075 3522 et
2095 3466 2291 3521 merito
2320 3465 2781 3536 praestantissime,
2805 3473 2967 3537 atque
2992 3466 3046 3522 in
3085 3466 3286 3522 Christi
3314 3466 3599 3523 dilectione
3621 3461 3793 3519 charis-

536 3551 674 3608 sime
702 3552 798 3607 fili.

624 3645 681 3701 2.
721 3645 932 3703 Laudes
959 3646 1137 3718 itaque
1160 3655 1277 3704 tuas
1306 3649 1358 3704 in
1378 3648 1617 3718 Christo,
1639 3649 1752 3705 sive
1775 3650 1942 3721 magis
1972 3650 2023 3706 in
2050 3659 2108 3706 te
2127 3650 2313 3708 laudes
2334 3650 2554 3720 Christi,
2579 3652 2698 3708 vide
2719 3652 2845 3724 quid
2864 3651 2996 3708 mihi
3025 3651 3408 3710 delectationis
3433 3659 3489 3709 et
3509 3651 3691 3708 lzetitia:
3716 3647 3795 3704 fuit

540 3737 730 3795 audire
769 3738 838 3792 ab
878 3739 970 3793 illo
998 3739 1090 3810 qui
1114 3756 1215 3796 nec
1234 3739 1421 3796 fallere
1446 3756 1533 3796 me
1579 3750 1760 3811 posset
1787 3752 2002 3812 propter
2028 3744 2186 3799 fidem
2216 3758 2393 3812 suam,
2423 3752 2479 3800 et
2505 3759 2598 3800 eas
2640 3745 2888 3816 ignorare
2933 3760 3039 3801 non
3072 3756 3252 3816 posset
3290 3755 3513 3818 propter
3543 3742 3792 3801 amicitiam

542 3838 711 3889 tuam.
742 3830 847 3888 Sed
877 3831 977 3887 alia
1010 3841 1065 3887 et
1093 3832 1161 3888 ab
1188 3833 1330 3901 aliis,
1363 3833 1464 3889 etsi
1500 3844 1607 3889 non
1638 3842 1743 3888 tam
1772 3835 1934 3888 multa
1970 3834 2056 3890 vel
2083 3843 2230 3890 certa
2250 3875 2267 3903 ,
2293 3845 2665 3891 verumtamen
2689 3836 3014 3906 audivimus,
3042 3837 3176 3893 fides
3203 3847 3289 3893 tua
3333 3854 3490 3909 quam
3529 3838 3596 3893 sit
3617 3850 3732 3890 sana
3752 3840 3799 3887 et

547 3924 835 3992 catholica,
862 3939 1020 3995 quam
1040 3924 1125 3994 pia
1156 3925 1486 3996 exspectatio
1512 3926 1833 3990 futurorum,
1861 3941 1980 3996 qua:
2006 3926 2099 3981 Dei
2127 3924 2458 3998 fratrumque
2478 3927 2713 3996 dilectio,
2738 3943 2894 3999 quam
2920 3943 3026 3984 non
3055 3929 3300 4000 superbae
3333 3931 3507 4000 sapias
3526 3929 3577 3983 in
3600 3924 3800 3983 excelsis

538 4016 854 4081 honoribus,
892 4031 991 4072 nec
1009 4032 1195 4087 speres
1220 4017 1272 4071 in
1299 4019 1502 4073 incerto
1526 4016 1856 4084 divitiarum,
1889 4016 1984 4072 sed
2008 4017 2060 4072 in
2093 4018 2206 4073 Deo
2227 4019 2368 4084 vivo,
2400 4026 2457 4074 et
2477 4017 2631 4075 dives
2650 4019 2725 4075 sis
2751 4018 2807 4074 in
2834 4020 3087 4090 operibus
3109 4018 3265 4074 bonis
3285 4017 3334 4091 (Ι
3359 4019 3490 4075 Tim.
3508 4035 3579 4083 vi,
3606 4012 3798 4082 17,18):

532 4125 701 4181 quam
723 4110 793 4164 sit
811 4109 1000 4165 domus
1027 4119 1113 4163 tua
1140 4108 1352 4180 requies
1380 4109 1737 4179 solatiumque
1763 4118 2090 4173 sanctorum,
2118 4116 2176 4165 et
2205 4118 2377 4165 terror
2402 4111 2685 4180 impiorum
2716 4127 2732 4166 :
2762 4120 2956 4183 quanta
2987 4111 3079 4167 tibi
3109 4126 3237 4166 cura
3268 4112 3361 4178 sit,
3396 4126 3465 4167 ne
3480 4111 3592 4182 quis
3611 4106 3800 4163 insidie-

534 4212 631 4257 tur
657 4200 910 4256 membris
929 4197 1150 4267 Christi,
1173 4208 1456 4268 coopertus
1484 4200 1749 4255 velamine
1770 4200 2001 4254 nominis
2027 4198 2245 4265 Christi,
2271 4200 2384 4256 sive
2406 4201 2457 4255 in
2480 4203 2750 4257 veteribus
2774 4202 2910 4271 ejus,
2931 4203 3044 4258 sive
3064 4202 3117 4257 in
3153 4203 3543 4259 recentioribus
3570 4197 3800 4259 inimicis;

535 4310 810 4366 quamque
830 4293 904 4350 sis
929 4292 1239 4350 eorumdem
1270 4292 1605 4348 inimicorum
1636 4292 1886 4363 providus
1915 4292 2093 4360 saluti,
2119 4293 2343 4349 infestus
2370 4295 2560 4349 errori.
2585 4294 2711 4361 Haac
2734 4302 2894 4366 atque
2922 4294 3249 4366 huiusmodi,
3282 4305 3342 4351 ut
3365 4295 3510 4364 dixi,
3545 4303 3597 4350 et
3622 4293 3684 4348 ab
3700 4289 3802 4345 aliis

535 4387 779 4443 solemus
803 4387 1023 4455 audire;
1051 4390 1145 4442 sed
1172 4400 1316 4441 nunc
1344 4400 1405 4441 ea
1431 4399 1527 4455 per
1552 4385 1912 4455 supradictum
1940 4384 2159 4441 fratrem
2188 4386 2340 4456 plura
2365 4395 2421 4441 et
2442 4386 2714 4444 testatiora
2732 4388 3100 4460 cognovimus.

614 4482 668 4537 ὅ.
711 4482 881 4537 Porro
899 4489 1076 4536 autem
1098 4478 1165 4534 de
1189 4477 1439 4549 pudicitia
1467 4477 1753 4549 conjugali,
1780 4487 1835 4532 ut
1850 4493 1969 4534 eam
1994 4493 2206 4550 quoque
2226 4479 2282 4534 in
2324 4485 2376 4534 te
2398 4477 2619 4536 laudare
2634 4489 2689 4537 et
2708 4495 2891 4537 amare
2911 4481 3199 4551 possimus,
3224 4480 3484 4553 numquid
3502 4478 3802 4538 audiremus,

538 4572 646 4631 nisi
673 4574 740 4630 ab
755 4573 934 4646 aliquo
959 4574 1214 4630 interiore
1242 4569 1491 4627 familiari
1515 4580 1625 4636 tuo,
1654 4570 1745 4641 qui
1767 4570 1935 4626 vitam
1967 4578 2132 4637 tuam,
2157 4571 2338 4626 nonin
2366 4571 2674 4642 superficie,
2696 4572 2791 4628 sed
2820 4573 3036 4643 penitus
3054 4572 3274 4629 nosset?
3306 4572 3384 4627 De
3411 4572 3514 4627 hoc
3546 4571 3711 4638 itaque
3726 4574 3802 4618 tuo

544 4668 710 4735 bono,
743 4668 836 4723 Dei
864 4667 1027 4732 dono,
1058 4682 1146 4723 me
1172 4680 1385 4737 quoque
1411 4663 1644 4721 delectat
1670 4662 2005 4730 familiarius,
2027 4672 2083 4719 et
2104 4663 2379 4734 aliquanto
2399 4663 2597 4720 diutius
2617 4663 2763 4736 loqui
2792 4673 2987 4721 tecum.
3012 4663 3138 4720 Scio
3158 4679 3247 4721 me
3273 4679 3378 4721 non
3402 4678 3523 4719 esse
3546 4657 3687 4718 oneri
3709 4656 3807 4717 tibi.

538 4760 591 4817 si
620 4760 817 4832 aliquid
847 4761 1115 4830 prolixum
1143 4760 1319 4825 mitto,
1353 4758 1496 4830 quod
1523 4756 1770 4829 legendo,
1798 4756 2000 4813 diutius
2024 4756 2100 4813 sis
2125 4756 2429 4813 nobiscum.
2458 4755 2592 4813 Nam
2618 4766 2673 4814 et
2710 4756 2814 4812 hoc
2842 4757 3108 4827 comperi,
3153 4755 3294 4827 quod
3330 4756 3473 4811 inter
3496 4763 3611 4809 tuas
3638 4747 3810 4805 multas

545 4868 878 4927 magnasque
904 4867 1062 4908 curas
1099 4851 1256 4907 facile
1288 4866 1352 4907 ac
1396 4851 1627 4907 libenter
1659 4850 1825 4921 legas,
1857 4849 2158 4920 nostrisque
2185 4850 2478 4921 opusculis,
2505 4849 2666 4906 etiam
2691 4864 2811 4920 qua:
2853 4849 2923 4905 ad
2959 4850 3097 4906 alios
3118 4849 3557 4919 conscripsimus,
3589 4844 3631 4900 si
3652 4856 3745 4914 qua
3766 4838 3809 4892 in

545 4961 738 5003 manus
768 4954 887 5001 tuas
914 4946 1099 5001 venire
1126 4952 1432 5015 potuerunt,
1463 4943 1751 4999 admodum
1772 4942 2087 5009 delecteris;
2113 4951 2314 5012 quanto
2346 4943 2512 5014 magis
2544 4941 2685 5012 quod
2711 4941 2778 4999 ad
2805 4951 2858 4998 te
2887 4943 3160 5010 scribitur,
3191 4942 3279 4998 ubi
3307 4950 3558 5012 tanquam
3585 4931 3808 5011 prresenti

541 5038 755 5109 loquar,
801 5044 858 5092 et
902 5035 1190 5093 advertere
1219 5035 1525 5107 dignaberis
1553 5035 1829 5101 attentius,
1860 5042 1915 5089 et
1939 5033 2185 5104 accipere
2205 5034 2442 5105 gratius?
2480 5034 2562 5090 Ab
2592 5034 2692 5089 hac
2714 5049 2842 5106 ergo
2867 5035 3087 5106 epistola
3112 5049 3273 5107 perge
3311 5032 3380 5089 ad
3425 5032 3637 5096 librum,
3673 5039 3812 5099 quem

544 5128 709 5187 simul
759 5129 901 5198 misi,
933 5129 1025 5202 qui
1074 5137 1179 5197 tum
1221 5128 1557 5185 Reverentia:
1583 5136 1641 5186 et
1655 5142 1750 5182 cur
1777 5126 2114 5198 conscriptus
2157 5130 2248 5196 sit,
2281 5138 2335 5184 et
2358 5142 2453 5183 cur
2472 5127 2537 5183 ad
2566 5138 2616 5184 te
2642 5129 2978 5200 potissimum
3025 5128 3251 5198 missus,
3289 5127 3406 5200 ipse
3435 5140 3535 5183 suo
3561 5121 3805 5198 principio

541 5226 881 5283 commodius
910 5224 1195 5283 intimabit.

600 5361 680 5428 (ιι)
702 5368 783 5415 Est
801 5362 894 5415 900
917 5364 1045 5415 inter
1070 5365 1453 5429 Augustinlanas,
1475 5370 1589 5413 tom.
1618 5361 1666 5412 2.
