4042 6552
429 353 533 412 M5

427 464 632 536 aliquid
684 476 922 519 meorum
960 455 1334 529 opusculorum
1377 452 1658 525 legendum
1704 464 1812 505 non
1855 463 1885 501 a
1926 461 2013 501 me

431 556 650 626 petenti,
681 569 787 609 non
817 562 922 607 tam
949 549 1247 619 diligenter,
1277 561 1436 617 quam
1459 543 1796 615 impudenter
1822 541 2014 611 impiu-

428 661 577 716 gere.
620 646 675 701 Si
706 643 833 715 quid
877 655 1005 711 ergo
1051 640 1154 695 tale
1198 652 1339 693 nunc
1379 636 1481 692 feci
1523 644 1740 707 propter
1764 649 1853 689 eas
1883 647 2028 713 quas.

430 735 1071 800 eommemoravicausas,
1102 731 1382 802 dignanter
1406 730 1652 800 ignosce,
1689 736 1744 783 et
1779 726 2014 781 benevo-

430 830 539 884 lum
571 828 804 882 auimum
832 825 899 880 ad
924 841 989 881 ea
1006 839 1125 894 quae
1148 832 1448 893 sequuntur
1473 820 1709 901 intende.

498 918 726 975 CAPUT
756 916 843 971 lll.
879 946 953 957 —
988 918 1040 972 5.
1074 915 1333 969 Pudicitia
1360 913 1644 986 conjugalis
1674 910 1863 965 donum
1894 908 2013 965 Dei.

428 1011 506 1067 De
533 1011 815 1080 inﬁdelium
835 1009 1076 1081 pudicitia
1105 1008 1392 1078 diﬂicuttas.
1431 1005 1662 1059 Pudicus
1706 1018 1847 1058 verus
1889 1017 2018 1056 non-

427 1102 525 1157 nisi
561 1098 746 1171 ﬁdelis.
788 1101 995 1155 Donum
1037 1098 1131 1153 Dei
1159 1111 1279 1152 esse
1301 1096 1461 1151 etiam
1493 1093 1797 1165 pudicitiam
1826 1091 2016 1162 conju-

424 1193 634 1262 galem,
672 1192 1006 1251 beatissimus
1048 1188 1242 1244 Paulus
1278 1187 1550 1251 ostendit,
1595 1185 1683 1241 ubi
1719 1184 1787 1239 de
1830 1183 1931 1240 bac
1957 1199 2017 1239 re

428 1285 652 1355 loquens
680 1285 754 1338 ait
785 1302 799 1337 :
846 1282 979 1338 Volo‘
1007 1290 1175 1336 autem
1201 1296 1373 1335 omnes
1401 1278 1629 1332 homines
1656 1293 1763 1331 esse
1784 1275 1912 1329 sicut
1939 1290 2019 1329 me

428 1379 599 1448 ipsum
619 1392 639 1431 :
665 1376 751 1430 sed
778 1376 1119 1446 unusquisque
1145 1373 1409 1445 proprium
1436 1371 1625 1424 donum
1650 1369 1797 1441 habet
1826 1384 1858 1421 a
1878 1366 2017 1433 Deo;

427 1469 562 1522 alius
589 1467 788 1532 quidem
815 1468 886 1520 sic
904 1467 943 1533 ³,
970 1466 1103 1519 alius
1132 1481 1246 1518 vero
1271 1462 1379 1534 sic(
1402 1462 1420 1516 l
1454 1461 1571 1516 Cor.
1599 1476 1673 1516 vn
1696 1501 1711 1526 ,
1743 1456 1832 1533 7
1879 1458 2019 1514 Ecce

428 1566 485 1613 et
509 1558 609 1612 hoc
638 1557 836 1612 donum
857 1570 975 1611 esse
997 1555 1130 1610 dixit
1156 1569 1187 1609 a
1212 1555 1355 1621 Deo;
1379 1552 1479 1608 etsi
1503 1551 1725 1606 inferius
1750 1564 1907 1621 quam
1930 1550 2019 1604 illa

427 1648 751 1704 continentia
768 1690 782 1714 ,
806 1648 861 1702 in
879 1662 980 1717 qua
1001 1661 1188 1701 omnes
1208 1644 1418 1700 volebat
1440 1658 1560 1698 esse
1580 1643 1717 1698 sicut
1736 1655 1794 1696 se
1814 1641 1983 1711 ipsum
2001 1684 2015 1709 ,

431 1751 605 1797 tamen
629 1781 646 1808 ,
676 1740 871 1795 donum
896 1754 927 1793 a
954 1739 1085 1795 Deo.
1132 1738 1286 1795 Unde
1326 1737 1703 1806 intelligimus,
1743 1750 1865 1790 cum
1903 1734 2020 1791 hinc

429 1833 843 1903 prmcipiuntur,
885 1842 944 1887 ut
992 1833 1151 1900 fiant,
1203 1832 1332 1887 nihil
1380 1829 1522 1885 aliud
1561 1828 1803 1894 ostendi,
1860 1844 2018 1899 quam

429 1925 608 1980 inesse
632 1924 786 1980 nobis
821 1934 1069 1993 oportere
1106 1923 1174 1978 ad
1212 1923 1328 1978 hate
1364 1922 1669 1991 accipienda
1695 1931 1750 1977 et
1779 1920 2020 1975 habenda

426 2019 587 2072 etiam
617 2018 883 2088 propriam
913 2017 1261 2072 voluntatem.
1302 2015 1433 2071 Cum
1460 2029 1588 2070 vero
1613 2014 1708 2070 Dei
1734 2014 1873 2069 dona
1899 2027 2020 2069 esse

427 2117 825 2173 monstrantur,
857 2122 888 2162 a
926 2122 1032 2179 quo
1071 2106 1300 2177 petenda
1338 2107 1483 2173 sint,
1524 2104 1780 2170 discitur,
1824 2104 1870 2159 si
1910 2119 2019 2160 non

428 2198 727 2266 habentur;
758 2207 813 2253 et
837 2198 923 2252 cui
964 2199 1071 2253 sint
1106 2197 1324 2269 agendae
1364 2196 1547 2268 gratia:
1569 2236 1586 2263 ,
1631 2197 1677 2251 si
1715 2195 2016 2261 habentur;

426 2297 745 2359 nostrasque
784 2290 1084 2344 voluntates
1112 2288 1179 2344 ad
1210 2288 1325 2343 haec
1353 2287 1645 2358 expetenda
1667 2328 1683 2354 ,
1725 2286 1982 2343 sumenda
2000 2326 2017 2355 ,

425 2379 703 2435 retinenda
727 2395 909 2451 parum
937 2380 1117 2435 valere
1140 2422 1155 2449 ,
1186 2379 1287 2435 nisi
1311 2379 1569 2434 divinitus
1595 2377 1929 2448 adjuventur.

496 2473 553 2528 4.
580 2472 717 2539 Quid
744 2488 873 2543 ergo
900 2473 1128 2529 dicimus
1150 2515 1164 2540 ,
1191 2472 1407 2543 quando
1428 2480 1482 2527 et
1508 2474 1562 2526 in
1591 2472 1903 2542 quibusdam
1923 2472 2024 2527 im-

426 2565 527 2635 piis
553 2565 819 2620 invenitur
848 2564 1101 2636 pudicitia
1127 2566 1465 2636 eonjugalis?
1497 2573 1674 2621 utrum
1702 2580 1768 2620 eo
1797 2580 2017 2636 peccare

431 2656 641 2711 dicendi
667 2664 828 2724 sunt,
866 2656 1006 2727 quod
1048 2655 1189 2711 dono
1236 2656 1327 2711 Dei
1371 2657 1513 2710 male
1557 2664 1811 2721 utantur,
1836 2672 1941 2711 non
1968 2656 2020 2712 id

426 2747 720 2803 referentes
742 2746 808 2801 ad
832 2747 1029 2801 cultum
1057 2746 1173 2816 ejus
1201 2762 1228 2799 a
1259 2762 1365 2816 quo
1389 2745 1758 2817 acceperunt?
1785 2762 1852 2801 an
1882 2746 2021 2804 forte

426 2854 524 2894 nec
545 2837 684 2893 dona
709 2838 802 2892 Dei
828 2836 1060 2908 putanda
1081 2844 1205 2890 sunt
1231 2837 1330 2891 ista
1347 2839 1391 2905 ‘,
1418 2837 1628 2908 quando
1646 2837 1761 2892 haec
1779 2836 2021 2895 infideles

424 2938 622 3001 agunt,
647 2929 939 2985 secundum
963 2932 1201 3000 Apostoli
1231 2929 1550 2985 sententiam
1575 2922 1829 2993 dicentis,
1862 2928 2023 2983 Omne

424 3021 562 3090 quod
588 3037 689 3075 non
722 3030 881 3076 estea:
912 3022 1014 3090 ﬁde
1038 3064 1053 3089 ,
1091 3030 1349 3093 peccatum
1385 3028 1455 3075 est
1498 3018 1520 3094 (
1550 3018 1701 3074 Rom.
1728 3037 1836 3087 xiv,
1864 3020 1935 3075 25
1957 3022 2021 3093 )‘t

425 3111 555 3179 Quis
581 3121 759 3167 autem
788 3111 979 3167 audeat
1005 3112 1183 3168 dicere
1210 3113 1410 3168 donum
1444 3106 1683 3166 Dei’ésse
1713 3112 2025 3181 peccatum?

426 3202 619 3257 Anima
647 3204 791 3258 enim
812 3246 827 3271 ,
856 3212 910 3259 et
938 3219 1132 3275 corpus
1157 3246 1172 3272 ,
1208 3212 1264 3260 et
1290 3218 1638 3274 quaecumque
1664 3202 1801 3258 bona
1827 3204 2021 3258 anima:

426 3308 481 3354 et
503 3298 744 3368 corporis
774 3299 1087 3354 naturaliter
1127 3298 1318 3366 insita,
1351 3297 1512 3352 etiam
1557 3296 1612 3351 in
1653 3296 2021 3367 peccatoribus

426 3391 563 3447 dona
594 3392 688 3447 Dei
715 3400 871 3458 sunt;
894 3392 1145 3462 quoniam
1166 3392 1309 3447 Deus
1328 3433 1342 3458 ,
1370 3405 1476 3446 non
1506 3390 1606 3461 ipsi
1631 3390 1731 3445 ista
1758 3388 2017 3445 fecerunt.

431 3485 507 3540 De
536 3485 619 3539 his
646 3493 823 3540 autem
850 3501 969 3556 qua:
994 3484 1194 3540 faciunt
1217 3484 1415 3540 dictum
1437 3492 1520 3539 est
1537 3525 1553 3552 ,
1575 3469 1737 3538 Omne
1757 3483 1892 3554 quod
1920 3499 2022 3538 non

424 3582 499 3630 est
527 3591 590 3629 ea:
615 3574 748 3644 ﬁde,
780 3583 1037 3645 peccatum
1064 3586 1157 3631 est.
1195 3575 1328 3630 Cum
1359 3575 1517 3646 igitur
1544 3574 1744 3631 faciunt
1769 3575 1885 3631 haec
1910 3574 2010 3629 ho-

425 3664 599 3721 mines
628 3666 743 3720 sine
774 3666 911 3733 fide,
941 3682 1060 3738 qua:
1101 3665 1346 3722 videntur
1381 3666 1448 3721 ad
1491 3666 1824 3737 conjugalem
1865 3665 2019 3736 pudi-

425 3757 606 3811 citiam
634 3757 905 3827 pertinere
930 3800 944 3822 ,
972 3759 1086 3813 sive
1114 3758 1418 3813 hominibus
1443 3757 1656 3829 placere
1681 3766 1984 3828 quaerentes
2000 3799 2017 3825 ,

426 3851 512 3905 vel
540 3850 639 3905 sibi
672 3850 753 3906 vel
784 3850 902 3906 aliis
927 3892 942 3917 ,
976 3851 1090 3908 sive
1123 3850 1176 3904 in
1214 3850 1296 3905 bis
1326 3851 1485 3905 rebus
1511 3865 1642 3920 quas
1669 3850 1857 3905 vitiose
1885 3864 2017 3905 con-

427 3944 707 4015 cupiscunt
729 3985 746 4011 ,
788 3943 1050 4000 humanas
1090 3943 1364 3999 molestias
1403 3942 1700 3998 devitantes
1725 3984 1739 4012 ,
1768 3943 1881 3997 sive
1909 3942 2021 3997 daa-

427 4035 674 4090 mouibus
725 4035 1051 4101 servientes;
1098 4050 1205 4091 non
1259 4043 1473 4105 peccata
1523 4044 1872 4102 coercentur,
1926 4034 2020 4089 sed

427 4126 546 4182 aliis
575 4127 806 4198 peccatis
834 4126 937 4181 alia
964 4134 1186 4196 peccata
1208 4126 1512 4181 vincuntur.
1544 4126 1696 4181 Absit
1719 4139 1847 4196 ergo
1869 4125 2021 4195 pudi-

429 4237 551 4277 cum
588 4222 851 4277 veraciter
892 4221 1031 4289 dici,
1076 4222 1167 4292 qui
1213 4236 1319 4277 non
1362 4229 1584 4293 propter
1623 4223 1788 4278 Deum
1834 4238 2019 4278 verum

430 4312 589 4369 fidem
617 4315 868 4370 connubii
898 4323 1076 4368 servat
1100 4315 1278 4369 uxori.
1781 4356 1789 4364 .

500 4404 726 4462 CAPUT
754 4405 841 4460 IV.
862 4436 933 4448 —
949 4408 1002 4462 5.
1027 4406 1335 4477 Nuptiarum
1364 4408 1547 4464 bonum
1567 4408 1817 4463 naturale.
1845 4409 2021 4465 Omnis

429 4498 640 4553 societas
663 4498 966 4552 naturaliter
995 4496 1378 4569 fraudulentum
1419 4499 1609 4552 socium
1646 4499 1850 4569 refugit.
1884 4498 2020 4555 Con-

426 4589 618 4662 jugalis
644 4589 889 4660 pudicitia
917 4604 1028 4661 qua:
1060 4605 1194 4642 uera.
1253 4587 1528 4660 Virginitas
1561 4599 1608 4643 et
1652 4590 1892 4660 pudicitia
1920 4608 2022 4646 non

432 4698 545 4736 vera
563 4722 578 4748 ,
610 4681 710 4735 nisi
732 4697 846 4751 quia
868 4697 996 4736 verre
1020 4681 1139 4750 ﬁdei
1167 4683 1505 4754 mancipatur.
1533 4681 1813 4753 Copulatio
1842 4684 2021 4756 itaque

431 4772 594 4826 maris
618 4782 672 4827 et
692 4770 899 4827 feminae
918 4772 1205 4844 generandi
1236 4788 1393 4829 causa
1415 4815 1430 4840 ,
1454 4774 1652 4829 bonum
1674 4783 1758 4831 est
1778 4777 2021 4832 naturale

431 4864 734 4934 nuptiarum
763 4882 777 4920 :
812 4865 903 4919 sed
936 4864 1040 4920 isto
1065 4865 1207 4920 bono
1233 4866 1369 4922 male
1388 4867 1556 4922 utitur
1575 4911 1590 4936 ,
1613 4870 1702 4939 qui
1728 4869 2021 4926 bestialiter

430 4959 628 5023 utitur,
660 4964 718 5011 ut
745 4957 812 5011 sit
838 4959 951 5027 ejus
981 4957 1206 5014 intentio
1236 4958 1290 5013 in
1316 4960 1588 5031 voluptate
1618 4962 1851 5019 libidinis
1870 5005 1885 5031 ,
1913 4980 2019 5019 non

435 5050 489 5103 in
519 5049 791 5104 voluntate
821 5050 1148 5119 propaginis.
1174 5050 1489 5122 Quanquam
1531 5053 1585 5106 in
1613 5054 1880 5109 nonnullis
1906 5056 2023 5110 ani-

434 5140 662 5195 malibus
687 5141 908 5196 rationis
934 5143 1241 5211 expertibus
1262 5185 1277 5209 ,
1311 5145 1451 5200 sicut
1486 5145 1536 5199 in
1578 5146 1851 5217 plerisque
1875 5148 2019 5203 aliti-

429 5233 530 5288 bus
549 5275 564 5300 ,
592 5240 647 5288 et
664 5233 1031 5303 coniugiorum
1052 5237 1294 5306 quietiam
1329 5238 1480 5307 quasi
1519 5239 1902 5297 confoederatio
1926 5258 2021 5298 cu-

435 5324 694 5390 stoditur,
720 5335 776 5381 et
816 5326 1030 5381 socialis
1073 5327 1378 5383 nidificandi
1406 5331 1651 5398 solertia,
1679 5332 2019 5406 vicissimque

433 5430 653 5471 ovorum
693 5415 970 5488 dispertita
1013 5425 1250 5488 tempora
1289 5418 1674 5490 fovendorum,
1702 5433 1757 5481 et
1782 5427 2020 5482 nutrien-

433 5508 621 5562 dorum
669 5523 831 5580 opera
884 5510 1089 5565 alterna
1140 5511 1442 5582 pullorum,
1498 5517 1667 5587 magis
1714 5532 1806 5575 eas
1850 5520 2019 5576 videri

432 5597 853 5669 faciuntagere,
903 5615 1022 5654 eum
1068 5611 1300 5667 coeunt,
1348 5608 1621 5677 negotium
1661 5609 2015 5668 substitucudi

496 5733 514 5807 ξ
540 5738 585 5807 tu
609 5734 827 5807 omnibus
848 5741 977 5794 Mss,
1002 5734 1123 5807 alius
1136 5736 1225 5793 sic.
1248 5737 1374 5807 alith
1390 5742 1584 5807 quidem
1602 5759 1688 5799 sic.

495 5792 517 5822 ⁸
541 5791 707 5842 tlurcs
728 5802 853 5856 Mss...
874 5791 1087 5849 vocanda
1109 5791 1221 5850 sunt
1240 5799 1347 5855 ista.

1245 341 1336 398 DE
1373 320 1643 397 NUPTIIS
1679 332 1765 390 ET
1806 326 2411 415 CONCUI’ISCENTIA,
2452 334 2506 390 S.
2549 334 2916 393 AUGUSTINI

3595 341 3708 398 416

2122 448 2364 514 generis,
2405 463 2565 518 quam
2602 450 2879 520 explenda:
2920 451 3172 507 libidinis.
3207 452 3443 522 Quorum
3474 454 3707 511 duorum

2122 537 2248 593 illud
2295 548 2378 595 est
2417 539 2469 594 iu
2515 557 2705 611 pecore
2737 541 2911 597 simile
2950 542 3216 611 hominis,
3247 543 3351 599 hoc
3390 546 3442 599 iu
3487 545 3711 604 homine

2120 627 2292 686 simile
2318 632 2545 702 pecoris.
2563 634 2763 689 Verum
2783 635 2924 706 quod
2945 635 3052 691 dixi
3076 636 3143 692 ad
3169 645 3408 693 naturam
3432 640 3704 711 pertinere

2119 723 2463 794 nuptiarum,
2506 735 2565 780 ut
2608 742 2723 781 mas
2764 737 2819 783 et
2862 726 3057 784 femina
3102 730 3388 800 generandi
3441 732 3708 790 societate

2117 812 2404 885 iungantur
2424 856 2440 884 ,
2470 825 2526 871 et
2552 816 2621 872 ita
2650 817 2877 873 invicem
2903 834 3011 875 nou
3037 818 3281 876 fraudeut
3304 864 3320 889 ,
3362 823 3500 878 sicut
3523 826 3707 883 omnis

2090 948 2093 951 -
2120 908 2349 963 societas
2375 908 2768 965 fraudulentum
2793 910 2997 967 socium
3019 912 3037 945 ¹
3075 914 3389 970 naturaliter
3421 930 3528 971 non
3552 918 3703 983 .vult;

2122 998 2225 1053 hoc
2255 1007 2362 1054 tam
2390 999 2609 1056 evidens
2633 1001 2833 1057 bonum
2874 1018 2996 1059 eum
3037 1004 3281 1061 infideles
3320 1006 3554 1077 habent,
3580 1010 3706 1081 quia

2121 1087 2405 1151 inﬁdeliter
2430 1100 2647 1146 utuntur
2668 1135 2684 1160 ,
2735 1093 2789 1148 in
2828 1096 3029 1150 malum
3064 1105 3446 1168 peccatumque
3474 1114 3707 1157 conver-

2122 1188 2260 1236 tunt.
2289 1182 2367 1238 Eo
2391 1183 2552 1241 modo
2575 1200 2702 1256 ergo
2730 1194 2788 1241 et
2807 1187 2951 1242 illam
2977 1190 3465 1259 concupiscentiam
3489 1193 3673 1249 carnis
3691 1234 3707 1259 ,

2120 1287 2221 1342 qua
2247 1288 2374 1329 caro
2392 1278 2719 1346 concupiscit
2736 1278 2990 1335 adversus
3010 1281 3255 1351 spiritum
3280 1282 3301 1357 (
3320 1282 3490 1340 Galat.
3509 1300 3566 1353 v,
3593 1287 3707 1357 i7),

2122 1364 2176 1418 in
2206 1379 2358 1420 usum
2386 1365 2608 1436 justitiaa
2645 1379 2963 1426 convertunt
2991 1371 3223 1428 fidelium
3250 1375 3468 1445 nuptias.
3499 1376 3712 1432 Habent

2120 1455 2318 1526 quippe
2348 1456 2696 1515 intentionem
2743 1462 3036 1531 generandi
3066 1465 3460 1535 regenerandos
3481 1507 3497 1533 ,
3532 1478 3590 1522 ut
3616 1469 3710 1539 qui

2121 1561 2188 1601 ex
2215 1548 2293 1603 eis
2318 1548 2497 1604 saeculi
2519 1550 2611 1605 lilii
2632 1562 2921 1609 nascuntur
2943 1595 2959 1622 ,
2990 1554 3043 1609 in
3066 1555 3158 1611 Dei
3176 1555 3315 1612 filios
3337 1568 3707 1614 renascantur.

2078 1672 2086 1678 -
2120 1637 2452 1710 Quapropter
2474 1641 2565 1712 qui
2592 1658 2697 1697 non
2743 1644 2844 1700 hac
2882 1646 3176 1703 intentione
3198 1689 3215 1715 ,
3256 1647 3358 1704 bac
3395 1650 3668 1707 voluntate
3690 1693 3708 1720 ,

2121 1727 2224 1784 hoc
2249 1728 2354 1785 ﬁne
2375 1742 2635 1801 generant
2661 1734 2798 1789 filios
2820 1776 2836 1802 ,
2870 1744 2930 1790 ut
2967 1751 3062 1793 eos
3098 1754 3165 1793 ex
3190 1740 3446 1796 membris
3476 1742 3711 1799 hominis
3750 1768 3775 1799 ι

2121 1819 2277 1889 primi
2315 1821 2369 1875 in
2409 1822 2648 1880 membra
2691 1826 3012 1885 transferant
3050 1829 3287 1899 Christi,
3326 1833 3421 1888 sed
3463 1833 3711 1893 infideles

2120 1921 2370 1982 parentes
2390 1912 2457 1969 de
2488 1914 2688 1971 infideli
2707 1917 2858 1987 prole
2880 1919 3215 1989 glorientur;
3237 1923 3446 1979 etiamsi
3476 1934 3616 1981 tanta
3638 1927 3715 1982 sit

2121 2001 2461 2059 observantia
2491 2007 2536 2073 ²,
2585 2015 2644 2062 ut
2688 2007 2981 2064 secundum
3038 2012 3460 2072 matrimoniales
3505 2017 3715 2073 tabulas

2121 2094 2334 2151 nonnisi
2356 2096 2643 2154 liberorum
2662 2101 3112 2171 procreandorum
3130 2119 3292 2161 causa
3315 2108 3674 2164 concumbant
3693 2152 3711 2177 ,

2122 2201 2229 2242 non
2263 2197 2345 2244 est
2386 2190 2442 2244 in
2485 2192 2564 2247 eis
2606 2208 2733 2250 vera
2772 2195 3023 2266 pudicitia
3064 2198 3376 2270 conjugalis.
3404 2199 3537 2257 Cum
3561 2204 3713 2259 enim

2121 2276 2289 2333 virtus
2312 2279 2383 2334 sit
2410 2282 2659 2350 pudicitia
2682 2325 2699 2352 ,
2740 2285 2829 2340 cui
2856 2286 3038 2342 vitium
3066 2290 3396 2355 etintrarium
3420 2301 3505 2348 est
3533 2294 3717 2363 impu-

2122 2368 2300 2426 dicitia
2319 2415 2335 2441 ,
2360 2389 2653 2446 omnesque
2672 2378 2898 2435 virtutes
2915 2380 3077 2437 etiam
3096 2399 3214 2451 qua:
3238 2399 3334 2454 per
3360 2400 3558 2457 corpus
3580 2403 3717 2459 ope-

2122 2474 2342 2532 rantur,
2376 2467 2430 2522 in
2471 2469 2653 2525 animo
2699 2470 2969 2540 habitent;
3015 2477 3286 2545 quomodo
3326 2494 3451 2534 vera
3500 2482 3719 2539 ratione

2124 2554 2372 2624 pudicum
2403 2572 2597 2628 corpus
2632 2561 2923 2629 asseritur,
2964 2560 3176 2635 quando
3212 2582 3244 2622 a
3288 2585 3415 2626 vero
3440 2571 3551 2626 Deo
3590 2573 3717 2642 ipse

2121 2647 2331 2704 animus
2358 2648 2689 2706 fornicatur?
2716 2653 2888 2721 Quam
2914 2654 3319 2716 fornicationem
3360 2673 3575 2721 sanctus
3616 2667 3719 2723 ille

2122 2738 2357 2807 psalmus
2381 2751 2632 2808 accusat,
2664 2743 2750 2798 ubi
2779 2744 2908 2801 dicit
2945 2765 2960 2801 :
3004 2747 3138 2804 Ecce
3176 2753 3311 2807 enim
3347 2755 3437 2826 qui
3480 2755 3627 2827 longe
3658 2774 3721 2812 se

2122 2828 2317 2899 faeinnt
2341 2846 2373 2882 a
2399 2840 2445 2885 te
2467 2873 2482 2899 ,
2513 2832 2787 2903 peribunt;
2812 2838 3077 2906 perdidisti
3101 2856 3300 2896 omnem
3321 2845 3409 2910 qui
3424 2844 3717 2915 fornicatur

2123 2921 2212 2975 abs
2240 2931 2305 2975 te.
2336 2922 2356 2993 (
2377 2921 2526 2978 Psat.
2560 2942 2702 2981 Lxxu
2720 2967 2737 2995 ,
2764 2927 2831 2983 27
2853 2926 2895 3003 ).
2925 2930 3061 2986 Vera
3089 2933 3248 3003 igitur
3273 2937 3523 3006 pudicitia
3544 2981 3562 3008 ,
3592 2942 3718 2999 sive

2121 3016 2415 3088 conjugalis
2436 3057 2454 3085 ,
2485 3018 2596 3073 sive
2625 3020 2850 3077 vidualis
2875 3063 2890 3088 ,
2918 3024 3036 3080 sive
3059 3026 3331 3096 virginalis
3354 3031 3577 3088 dicenda
3599 3050 3716 3091 non

2123 3115 2205 3163 est
2226 3147 2240 3173 ,
2273 3109 2374 3163 nisi
2403 3126 2522 3180 qua:
2547 3125 2688 3166 verte
2713 3112 2836 3168 fidei
2863 3115 3215 3187 mancipatur.
3239 3120 3372 3176 Cum
3392 3123 3534 3178 enim
3559 3136 3720 3182 recto

2119 3197 2323 3268 judicio
2347 3199 2659 3271 praeferatur
2677 3204 2876 3274 nuptiis
2896 3191 3434 3281 sacratavirginitas;
3457 3214 3577 3284 quis
3599 3232 3715 3272 non

2122 3290 2299 3345 sobria
2320 3302 2495 3348 mente
2514 3293 2835 3353 cbristianus
2855 3297 3013 3353 etiam
3042 3315 3146 3354 non
3171 3302 3438 3358 univiras'
3459 3305 3713 3363 christia-

2122 3396 2220 3436 nas
2263 3384 2551 3440 catholicas
2594 3398 2820 3458 nuptas,
2867 3406 2972 3446 nou
3020 3393 3194 3450 solum
3240 3397 3566 3463 vestalibus,
3610 3401 3716 3456 sed

2122 3476 2281 3531 etiam
2313 3477 2575 3536 hereticis
2605 3482 2896 3554 virginibus
2935 3488 3266 3557 anteponat?
3303 3489 3527 3547 Tantum
3566 3492 3720 3549 valet

2125 3567 2260 3624 fides
2280 3611 2296 3637 ,
2327 3570 2394 3626 de
2423 3587 2524 3642 qua
2553 3573 2682 3631 dicit
2713 3577 3033 3647 Apostolus,
3069 3581 3231 3635 Omne
3255 3584 3392 3653 quod
3418 3600 3519 3639 non
3547 3593 3616 3639 est
3644 3602 3721 3641 ea:

2122 3659 2226 3727 ﬁde
2248 3702 2263 3726 ,
2311 3672 2571 3732 peccatum
2616 3674 2688 3721 est
2733 3666 2753 3739 (
2777 3667 2927 3723 Rom.
2958 3686 3064 3735 xiv,
3089 3670 3204 3745 25)
3230 3690 3244 3726 :
3276 3682 3333 3729 et
3358 3673 3429 3730 de
3450 3690 3552 3746 qua
3578 3676 3716 3731 item

2121 3751 2376 3822 scriptum
2405 3763 2489 3809 est
2528 3756 2593 3811 ad
2633 3756 2924 3824 Hebrzeos,
2974 3759 3102 3817 Sine
3137 3764 3241 3833 ﬁde
3285 3765 3594 3837 impossibile
3633 3777 3721 3823 est

2123 3841 2322 3911 placere
2348 3842 2453 3898 Deo
2507 3844 2526 3918 (
2552 3845 2711 3902 Hebr.
2738 3865 2795 3919 χ]
2818 3891 2833 3915 ,
2863 3849 2959 3922 6).

2193 3934 2416 3990 CAPUT
2449 3936 2510 3991 V.
2535 3967 2608 3979 —
2647 3938 2700 3995 6.
2729 3939 2977 3999 Libidinis
3022 3944 3318 4016 vituperatio
3356 3965 3459 4004 non
3495 3958 3568 4005 est
3612 3952 3721 4005 da-

2121 4028 2311 4081 mnatio
2325 4029 2633 4099 nuptiarum.
2650 4028 2832 4087 Pudor
2851 4033 2903 4087 in
2919 4051 3128 4107 corpore
3143 4038 3363 4093 hunmno
3381 4040 3717 4095 unde.Adanc

2122 4126 2170 4171 et
2197 4117 2308 4173 Eva
2331 4135 2431 4174 non
2475 4131 2593 4176 sunt
2622 4124 2742 4178 caeci
2768 4127 2942 4180 creati.
2979 4128 3184 4200 Apertio
3196 4130 3473 4207 “oculorum
3509 4134 3564 4187 in
3593 4136 3716 4204 prio

2122 4210 2218 4266 mis
2271 4214 2560 4283 parentibus
2602 4216 2744 4286 quid.
2800 4217 2929 4286 Quae
2979 4233 3099 4275 cum
3150 4221 3221 4276 ita
3271 4223 3413 4289 sint,
3466 4227 3715 4294 profecto

2122 4312 2342 4370 errant,
2369 4304 2458 4374 qui
2486 4320 2606 4360 cum
2634 4307 2963 4378 vituperatur
2986 4311 3152 4368 libido
3176 4315 3434 4381 carnalis,
3461 4315 3712 4375 damnari

2122 4394 2334 4466 nuptias
2353 4396 2638 4479 opinantur
2652 4439 2666 4465 ,
2690 4400 2842 4469 quasi
2862 4402 3080 4459 morbus
3101 4404 3201 4460 iste
3223 4404 3292 4461 de
3311 4406 3581 4462 connubio
3601 4408 3677 4463 sit
3696 4451 3715 4475 ,

2124 4505 2230 4544 non
2260 4490 2328 4547 de
2357 4500 2594 4561 peccato.
2619 4492 2806 4550 Nonne
2840 4495 2918 4550 illi
2961 4496 3213 4567 eoujuges
3244 4497 3438 4568 primi,
3477 4515 3717 4571 quorum

2123 4582 2336 4653 nuptias
2363 4583 2637 4640 benedixit
2666 4585 2807 4642 Deus
2834 4586 3018 4642 dicens
3040 4628 3055 4652 ,
3087 4588 3302 4645 Crescite
3323 4632 3339 4658 ,
3373 4599 3423 4645 et
3454 4590 3720 4662 multipli-

2123 4674 2309 4728 camini
2333 4673 2503 4748 (Gen.
2544 4693 2597 4744 ι,
2620 4676 2691 4733 28
2712 4680 2755 4748 ),
2790 4678 2915 4734 nudi
2942 4688 3128 4747 erant,
3172 4689 3227 4736 et
3270 4697 3374 4736 non
3409 4681 3722 4738 confunde-

2123 4764 2357 4820 bantur?
2385 4765 2492 4822 Cur
2518 4782 2645 4837 ergo
2669 4783 2732 4822 cx
2754 4768 2860 4823 illis
2887 4770 3141 4826 membris
3165 4770 3407 4827 confusio
3436 4781 3557 4843 post
3586 4790 3724 4843 pec-

2123 4868 2299 4913 catum
2321 4870 2340 4926 ,
2370 4858 2472 4915 nisi
2498 4861 2620 4930 quia
2643 4860 2844 4916 exstitit
2864 4862 2977 4918 illic
2994 4864 3247 4920 indecens
3270 4873 3447 4922 motus
3465 4908 3483 4933 ,
3504 4882 3670 4937 quem
3703 4911 3723 4937 ,

2128 4949 2231 5003 nisi
2263 4951 2505 5006 homines
2545 4962 2896 5022 peccassent,
2932 4956 3119 5024 procul
3158 4955 3320 5012 dubio
3364 4958 3563 5029 nuptiae
3607 4974 3725 5017 non

2125 5039 2421 5097 haberent?
2449 5042 2533 5097 An
2568 5041 2705 5099 forte
2727 5086 2743 5113 ,
2788 5045 2927 5101 sicut
2965 5048 3178 5119 quidam
3213 5050 3553 5119 existimant,
3591 5053 3723 5123 quia

2125 5132 2179 5188 id
2228 5133 2370 5204 quod
2416 5133 2598 5205 legunt
2642 5152 2828 5206 parum
2882 5138 3166 5211 diligenter
3211 5142 3523 5210 advertunt,
3584 5146 3730 5201 οωςί

2123 5226 2287 5281 creati
2319 5237 2472 5283 erant
2500 5228 2650 5298 prius
2680 5230 2923 5286 homines
2944 5274 2958 5297 ,
2992 5233 3130 5288 sicut
3154 5249 3349 5303 canes;
3379 5236 3603 5307 etquod
3634 5248 3732 5293 cst

2124 5316 2408 5373 absurdius
2429 5358 2445 5386 ,
2476 5335 2582 5375 non
2609 5321 2744 5376 sicut
2768 5336 2926 5377 canes
2954 5324 3247 5380 crescendo
3265 5368 3280 5393 ,
3314 5327 3407 5383 sed
3440 5329 3729 5398 peccando

2124 5409 2300 5479 adepti
2327 5420 2452 5466 sunt
2475 5413 2686 5468 visum?
2716 5414 2870 5470 Absit
2897 5414 2997 5471 hoc
3020 5417 3263 5474 credere.
3296 5419 3401 5475 Sed
3430 5420 3569 5478 unde
3591 5438 3728 5478 mo-

2124 5509 2315 5557 ventur
2339 5503 2429 5573 qui
2459 5502 2559 5560 hoc
2588 5513 2805 5585 putant,
2857 5505 2985 5562 illud
3023 5517 3106 5564 est
3149 5508 3289 5579 quod
3335 5511 3529 5582 legitur
3552 5556 3569 5578 ,
3604 5513 3716 5570 Sn—

2193 5688 2204 5717 '
2234 5697 2330 5735 Am.
2360 5694 2412 5735 et
2431 5693 2525 5747 Ern,
2545 5686 2926 5749 fraudulentiam
2941 5701 3197 5738 sociarum.

2191 5751 2211 5780 ²
2236 5750 2452 5799 nonnulli
2476 5762 2506 5797 e
2533 5751 2764 5798 Vaticanis
2786 5758 2912 5808 Mss,
2938 5757 3083 5799 tanta:
3107 5749 3199 5800 sint
3224 5751 3555 5806 observantur.

2194 5812 2214 5843 ³
2248 5819 2363 5862 't‘rcs
2389 5812 2592 5863 vaticam
2616 5819 2741 5874 Mss,
2767 5811 2909 5865 etiam
2931 5810 3171 5877 nniriros;
3192 5813 3389 5877 omisso,
3412 5827 3523 5865 nari.
