3938 6534
232 367 287 421 ιιι
1064 374 1069 379 ’
1551 368 1751 423 LIBER
1793 364 2056 422 ιίιιιιυδ.

232 481 369 536 uasti:
388 485 576 554 fructu
608 489 767 558 ejus,
799 488 925 553 edit,
951 498 996 542 et
1024 488 1153 541 άιιΙῐι
1190 487 1294 540 riro
1334 501 1425 539 suo
1470 502 1637 539 secum
1666 529 1679 554 ,
1712 497 1756 540 et

232 576 381 639 dm;
418 585 473 630 et
514 582 703 647 aperti
732 590 854 635 sunt
880 581 1009 634 oculi
1034 580 1290 634 amborum
1315 621 1329 644 ,
1362 587 1408 632 et
1453 591 1759 650 agnoverunt

234 665 406 740 quandi
434 677 618 722 erant.
648 669 808 742 (Gen.
842 688 929 735 ιιι,
952 671 985 726 6
1005 681 1049 725 et
1074 669 1148 741 7).
1181 670 1315 724 Hinc
1340 670 1355 701 ί
1381 677 1463 723 est
1498 669 1637 740 quod
1668 685 1760 739 pa~

237 759 676 831 mintelligentes
703 804 716 826 ,
749 764 1033 833 Opinantur
1062 772 1214 815 antea
1252 760 1414 815 fuisse
1443 761 1548 816 illis
1577 756 1760 822 oculos

237 853 375 910 citatos
393 893 407 918 ,
426 852 573 922 quod
597 868 700 907 eos
723 863 853 909 time
874 865 1082 924 apertos
1103 853 1279 907 divina
1309 851 1578 922 Scriptura
1601 860 1763 907 testa-

236 956 299 1002 tur.
332 942 427 999 Sed
474 944 750 1013 numquid
799 954 852 998 et
899 946 1040 1015 Agar
1083 943 1279 997 ancilla
1325 943 1505 1006 Sara),
1552 943 1762 1012 quando

162 1015 172 1032 ’
233 1038 381 1094 sitiente
403 1043 455 1090 et
479 1035 737 1105 plorante
768 1037 880 1091 ﬁlio
905 1036 1109 1105 aperuit
1133 1036 1318 1093 oculos
1346 1050 1471 1091 suos
1493 1078 1508 1102 ,
1541 1046 1595 1091 et
1632 1035 1763 1090 vidit

232 1140 385 1200 puteum
418 1124 545 1196 (Id.
573 1143 669 1180 xx:
692 1168 706 1190 ,
743 1128 814 1181 l9
839 1128 883 1196 ),
912 1128 1119 1182 clausos
1144 1127 1291 1197 prius
1327 1126 1511 1182 oculos
1543 1126 1762 1180 habuit?

229 1220 380 1277 Λιιιῆιί
402 1218 507 1273 duo
530 1218 787 1288 discipuli
823 1228 944 1290 post
985 1220 1423 1275 resurrectionem
1471 1220 1676 1274 Domini
1709 1220 1759 1273 in

226 1313 284 1367 ria
305 1325 409 1365 cum
453 1309 542 1363 illo
580 1310 785 1365 clausis
830 1310 1001 1365 oculis
1043 1310 1414 1378 ambulabant,
1464 1311 1530 1365 de
1572 1310 1762 1381 quibus

226 1405 523 1475 Erangelium
553 1403 833 1473 loquitur,
872 1405 1011 1475 quod
1049 1404 1103 1457 in
1140 1405 1384 1472 fractione
1416 1404 1563 1474 panis
1600 1404 1762 1475 aperti

222 1508 309 1553 sunt
328 1496 446 1551 oculi
471 1511 642 1548 eorum
664 1538 679 1561 ,
711 1504 759 1548 et
783 1504 1092 1566 agnoverunt
1120 1512 1232 1548 eum
1271 1495 1290 1567 (
1314 1494 1442 1549 Luc.
1469 1511 1618 1561 xxw,
1660 1495 1759 1563 51,

222 1588 338 1660 35)?
367 1586 509 1654 Quod
535 1601 665 1656 ergo
689 1586 951 1655 scriptum
980 1595 1059 1640 est
1094 1585 1161 1641 de
1190 1585 1494 1640 hominibus
1538 1586 1757 1658 primis,

220 1682 364 1753 Aperti
378 1689 481 1735 sunt
495 1679 629 1733 oculi
648 1678 950 1745 amborum;
972 1679 1264 1749 intelligere
1282 1678 1539 1733 debemus
1559 1721 1573 1745 ,
1592 1688 1761 1733 atten-

221 1787 289 1830 tos
312 1774 463 1827 iactos
484 1771 546 1825 ad
580 1771 897 1826 intuendum
933 1781 986 1826 et
1018 1770 1411 1841 agnoscendum
1437 1812 1452 1837 ,
1488 1771 1627 1841 quod
1662 1785 1761 1825 no-

221 1880 325 1922 rum
344 1866 392 1919 in
418 1878 592 1918 eorum
617 1878 851 1932 corpore
871 1862 1139 1919 acciderat
1163 1879 1177 1916 :
1206 1862 1347 1932 quod
1371 1864 1548 1934 utique
1571 1878 1762 1934 corpus

218 1956 486 2030 patentibus
506 1970 690 2010 eorum
722 1954 896 2009 oculis
923 1964 975 2010 et
1001 1953 1202 2009 nudum
1242 1954 1479 2025 quotidie
1516 1956 1761 2025 subjace-

223 2052 330 2112 bat,
356 2057 405 2102 et
433 2055 607 2101 notum
632 2047 677 2100 ².
721 2047 971 2116 Alioquin
1011 2047 1277 2117 quomodo
1322 2047 1387 2101 ad
1423 2061 1481 2102 se
1523 2048 1763 2103 adductis

223 2139 499 2195 animalibus
519 2137 862 2194 terrestribus
883 2149 936 2194 et
962 2139 1265 2195 volatilibus
1282 2140 1526 2195 omnibus
1545 2182 1561 2208 ,
1596 2140 1761 2196 Adam

231 2233 397 2288 clauis
431 2231 586 2286 oculis
627 2230 847 2285 nomina
893 2238 1071 2300 posset
1114 2231 1388 2301 imponere
1412 2273 1427 2297 ,
1472 2230 1614 2303 quod
1656 2232 1760 2288 nisi

238 2322 534 2379 discentde
560 2336 669 2377 non
699 2319 900 2377 faceret
922 2363 938 2389 ,
976 2321 1279 2378 discernere
1316 2333 1496 2379 autem
1541 2323 1644 2379 nisi
1684 2325 1764 2379 vi—

233 2416 391 2471 dendo
410 2430 493 2471 non
514 2415 734 2486 posset?
759 2414 1039 2482 Quomodo
1080 2415 1309 2486 denique
1346 2416 1458 2486 ipsa
1495 2417 1689 2472 mulier
1713 2417 1763 2473 ei

222 2510 543 2565 demonstrata
566 2515 648 2564 est
669 2550 684 2575 ,
717 2508 932 2578 quando
959 2508 1068 2574 ait,
1099 2506 1211 2562 Hoc
1238 2524 1372 2562 nunc
1396 2524 1452 2563 os
1481 2524 1545 2563 ea;
1571 2508 1764 2565 ossibus

218 2601 337 2655 nta's
358 2642 376 2665 ,
399 2609 438 2654 et
461 2616 564 2653 caro
588 2598 649 2653 de
670 2615 827 2653 carne
849 2615 961 2653 mea
988 2597 1154 2672 (Gen.
1183 2599 1220 2654 ti
1241 2641 1256 2665 ,
1287 2601 1359 2655 25
1380 2600 1442 2673 )i
1486 2601 1763 2657 Postremo

218 2693 267 2746 si
296 2705 452 2761 usque
471 2691 586 2746 adeo
610 2691 889 2761 quisquam
918 2689 1077 2746 fuerit
1102 2691 1468 2747 contentiosus
1491 2733 1504 2757 ,
1552 2700 1611 2747 ut
1647 2691 1765 2748 hcce

222 2797 349 2838 cum
378 2783 501 2837 dicat
520 2799 611 2836 non
643 2782 950 2850 cernendo,
998 2783 1091 2838 sed
1132 2783 1398 2854 palpando
1437 2785 1675 2855 potuisse
1699 2785 1759 2852 ';

226 2876 356 2946 quid
383 2876 581 2932 dicimus
602 2886 702 2943 est,
732 2876 879 2948 quod
905 2877 973 2932 ibi
1002 2876 1193 2947 legitur
1216 2878 1406 2933 mulier
1436 2879 1631 2949 lignum
1650 2920 1665 2944 ,
1697 2878 1763 2934 de

230 2980 337 3035 quo
362 2966 503 3021 {amt
517 2967 668 3023 cibum
695 2976 975 3039 sumptura
1006 2967 1326 3037 prohibitum
1348 3012 1361 3035 ,
1383 2970 1581 3025 vidisse
1603 2986 1761 3040 quam

226 3065 366 3112 esset
397 3059 654 3127 speciosum
689 3059 863 3115 oculis
904 3058 971 3113 ad
1006 3058 1309 3115 videndum.
1361 3056 1490 3133 (Id.
1518 3076 1614 3128 ιιι,
1641 3061 1674 3117 6
1700 3060 1763 3131 )‘t

214 3146 382 3203 Erant
395 3151 543 3220 itaque
558 3151 712 3219 nudi,
736 3161 786 3206 et
813 3169 918 3207 nou
938 3153 1415 3226 conpmdcbantur(
1439 3152 1522 3207 Id.
1546 3169 1611 3221 ιι,
1634 3153 1702 3210 25
1718 3153 1759 3227 );

204 3253 311 3294 non
336 3240 446 3310 quia
469 3256 566 3295 non
590 3242 880 3311 videbant,
913 3243 1007 3300 sed
1036 3244 1159 3315 quia
1193 3244 1325 3299 nihil
1362 3245 1502 3301 unde
1540 3245 1763 3302 confun-

202 3329 442 3387 del-erunt
461 3333 512 3388 in
538 3335 794 3391 membris
818 3345 1135 3403 senserant,
1181 3353 1299 3409 qua:
1348 3338 1614 3395 videbant.
1646 3339 1760 3395 Non

198 3425 331 3479 enim
354 3425 542 3481 dictum
568 3435 653 3483 est
674 3470 690 3496 ,
738 3426 905 3483 Erant
945 3428 1091 3483 ambo
1135 3430 1299 3498 nudi,
1332 3438 1385 3485 et
1410 3431 1758 3502 ignorabant;

194 3518 285 3573 sed
306 3561 321 3584 ,
351 3536 447 3574 non
467 3523 926 3592 confundebantur.
948 3523 1079 3594 Quia
1100 3525 1241 3581 enim
1266 3525 1395 3581 nihil
1418 3537 1763 3595 prmcesserat

196 3612 327 3679 quod
354 3627 454 3667 non
480 3613 700 3682 liceret,
733 3615 865 3670 nihil
892 3626 1131 3672 secutum
1160 3617 1330 3673 fuerat
1353 3619 1492 3689 quod
1521 3619 1759 3688 puderet.

256 3702 474 3761 CAPUT
519 3705 606 3762 VI.
633 3737 708 3747 —
733 3708 787 3761 7.
830 3707 1008 3763 Carnis
1053 3725 1159 3765 sua:
1198 3710 1532 3765 inobedientia
1574 3713 1763 3768 homini

187 3801 316 3866 iuste
340 3801 598 3855 retributa.
634 3801 991 3859 Erubescentia
1016 3805 1078 3859 de
1100 3805 1493 3861 inobedientibus
1509 3806 1758 3862 membris.

191 3889 259 3945 lbi
288 3891 446 3947 homo
470 3894 719 3962 primitus
748 3895 841 3950 Dei
873 3896 987 3966 lege
1023 3903 1350 3969 transgressa
1372 3937 1388 3964 ,
1412 3896 1568 3951 aliam
1593 3897 1761 3969 legem

190 3996 555 4056 repugnantem
576 4003 692 4043 suae
718 3989 885 4045 menti
906 3989 1102 4045 habere
1126 3990 1291 4061 cmpit
1314 3989 1366 4044 in
1394 3989 1649 4046 membris
1668 4033 1683 4058 ,
1708 3998 1765 4048 et

188 4078 550 4135 inobedientiaa
578 4097 693 4136 sua:
720 4082 918 4136 malum
948 4081 1147 4151 sensit,
1174 4081 1387 4153 quando
1418 4082 1520 4139 sibi
1560 4083 1762 4154 dignis-

184 4172 313 4227 sime
350 4166 669 4228 retributam
702 4172 1114 4230 inobedientiam
1156 4189 1267 4229 suae
1321 4174 1495 4229 carnis
1540 4173 1759 4230 invenit.

182 4262 359 4320 Talem
404 4265 600 4336 quippe
646 4266 807 4321 etiam
846 4250 1067 4337 serpens
1104 4268 1379 4323 oculorum
1432 4267 1761 4337 apertionem

183 4355 478 4412 seducendo
498 4357 819 4427 promiserat
841 4399 859 4425 ,
881 4356 946 4412 ad
971 4357 1167 4428 aliquid
1188 4356 1434 4413 videlicet
1452 4357 1724 4413 sciendum
1745 4398 1760 4425 ,

186 4446 319 4515 quod
359 4449 550 4505 melius
591 4448 913 4504 nesciretur.
954 4447 1105 4503 Tunc
1148 4449 1201 4503 in
1249 4463 1310 4504 se
1354 4448 1550 4519 quippe
1593 4450 1762 4505 sensit

187 4537 340 4594 homo
361 4540 487 4611 quid
514 4540 645 4597 fecit
668 4559 682 4595 :
718 4550 845 4597 tunc
866 4556 897 4595 a
927 4540 1066 4596 b0uo
1091 4541 1285 4595 malum
1310 4581 1326 4607 ,
1355 4555 1459 4596 non
1489 4541 1725 4597 carendo
1744 4583 1761 4610 ,

192 4630 277 4684 sed
300 4632 646 4703 perpetiendo
670 4633 943 4689 discrevit.
969 4631 1225 4703 Injnstum
1252 4632 1392 4688 enim
1419 4641 1534 4687 crat
1566 4642 1627 4687 ut
1664 4632 1763 4688 ob-

194 4730 566 4792 temperaretur
588 4740 620 4780 a
646 4738 804 4781 servo
832 4738 930 4779 suo
951 4766 967 4793 ,
998 4724 1051 4779 id
1093 4733 1175 4780 est
1220 4739 1251 4779 a
1291 4739 1513 4795 corpore
1556 4738 1653 4779 suo
1671 4765 1686 4791 ,
1713 4724 1763 4780 ei

196 4815 274 4882 qui
319 4831 425 4871 non
469 4816 870 4887 obtemperarat
906 4816 1129 4871 Domino
1168 4830 1287 4871 suo.
1327 4815 1455 4872 Nam
1486 4815 1611 4887 quid
1641 4824 1724 4871 est
1747 4856 1762 4881 ,

197 4906 324 4971 quod
349 4909 483 4963 oculi
503 4951 520 4977 ,
549 4909 685 4965 labia
706 4950 723 4977 ,
750 4907 929 4979 lingua
950 4949 965 4973 ,
989 4922 1176 4962 manus
1196 4950 1210 4975 ,
1231 4907 1393 4978 pedes
1413 4949 1428 4973 ,
1454 4907 1766 4962 inﬂexiones

198 4996 329 5053 dorsi
353 5040 373 5068 ,
399 5002 618 5057 cervicis
640 5009 699 5058 et
724 5002 950 5057 laterum
975 5043 990 5068 ,
1020 5010 1075 5057 ut
1101 5001 1166 5057 ad
1194 5016 1356 5071 opera
1392 5001 1496 5057 sibi
1532 5016 1762 5070 congrua

203 5102 524 5159 moveantur,
552 5095 788 5165 positum
813 5094 868 5149 in
898 5102 1159 5164 potestate
1184 5102 1268 5149 est
1290 5132 1307 5159 ,
1329 5091 1540 5164 quando
1568 5092 1636 5146 ab
1662 5093 1766 5146 im-

208 5184 498 5248 pedimentis
522 5202 719 5257 corpus
762 5186 1281 5242 liberumbabemus
1322 5195 1378 5241 et
1422 5200 1647 5252 sanum;
1677 5184 1764 5240 ubi

210 5283 364 5328 autem
389 5287 594 5332 ventum
624 5276 790 5332 fuerit
816 5287 876 5332 ut
904 5276 994 5330 lilii
1024 5277 1356 5330 scminentur
1379 5318 1395 5344 ,
1426 5276 1492 5330 ad
1519 5276 1766 5331 volunta-

211 5363 268 5416 tis
291 5377 462 5421 nutum
486 5369 723 5424 membra
754 5367 806 5422 in
834 5367 936 5422 hoc
964 5382 1096 5437 opus
1124 5376 1301 5423 creata
1347 5382 1451 5421 non
1488 5367 1728 5423 serviunt
1749 5408 1766 5434 ,

207 5456 287 5509 sed
313 5470 639 5530 exspectatur
674 5469 735 5515 ut
770 5474 834 5515 ea
868 5459 1011 5515 velut
1040 5459 1124 5516 sui
1161 5459 1297 5532 juris
1339 5459 1501 5516 libido
1523 5474 1766 5516 commo-

256 5685 272 5715 ¹
306 5685 517 5735 .vonnulli
540 5695 674 5743 διες»,
699 5683 809 5734 hoc.

251 5746 274 5810 ἐ
304 5746 486 5810 Aliquot
501 5756 632 5807 Mss,
658 5743 940 5810 subiacebat
956 5745 1020 5795 ad
1042 5752 1225 5795 nutum.

252 5809 271 5840 ³
296 5805 445 5861 ιιιςῖιι
463 5810 607 5861 editis
621 5805 824 5859 additur
844 5843 858 5869 ,
893 5818 1207 5872 cognoscere;
1230 5805 1356 5869 quod
1380 5806 1521 5858 abest
1544 5820 1573 5857 a
1597 5814 1700 5857 \tss.

3349 382 3452 442 H8

1870 498 2026 551 vcat,
2067 495 2120 541 ut
2166 487 2446 557 aliquando
2495 504 2598 542 non
2645 488 2768 543 facit
2815 487 2994 544 animo
3044 489 3297 559 "olente,
3327 507 3449 549 cum

1867 580 2153 650 aliquando
2180 580 2335 635 faciat
2363 590 2416 636 et
2438 581 2693 637 nolente?
2716 581 2919 637 Hincne
2940 583 2956 614 ‘
2985 597 3089 637 non
3119 583 3453 640 :rubesceret

1868 673 2083 727 humani
2123 674 2339 728 libertas
2376 674 2620 741 arbitrii,
2657 675 2798 745 quod
2847 675 3239 731 contemnendo
3283 675 3453 746 impe.

1867 776 2069 820 rantcm
2120 766 2285 819 Deum
2331 765 2487 819 etiam
2528 766 2579 818 in
2619 766 2859 821 membra
2914 767 3125 837 propria
3176 767 3448 836 proprium

1868 856 2188 925 perdidisset
2243 855 2567 925 imperium?
2633 854 2733 910 Ubi
2810 867 2983 911 autem
3049 858 3478 912 convcnicntius.

1868 956 2257 1001 monstraretur
2302 946 2674 1001 iuobedientia‘.
2717 947 2907 1000 merito
2950 946 3291 1016 depravatum
3330 962 3451 1003 esse

1868 1037 2151 1091 humanam
2177 1046 2417 1091 naturam
2435 1077 2449 1101 ,
2474 1052 2629 1105 qttam
2662 1036 2712 1089 iu
2738 1036 2818 1089 his
2842 1036 3262 1092 inobedientibus
3284 1038 3415 1092 locis
3434 1078 3448 1099 ,

1867 1130 2010 1186 unde
2055 1146 2148 1201 per
2190 1130 2582 1185 successionem
2628 1128 2863 1183 substitit
2904 1128 3016 1197 ipsa
3046 1131 3274 1184 natura?
3315 1132 3446 1186 Nam

1868 1223 1989 1278 ideo
2014 1212 2225 1293 proprie
2253 1223 2366 1276 ista:
2392 1221 2630 1291 corporis
2651 1229 2827 1290 partes
2850 1232 3052 1275 natura:
3076 1222 3289 1276 nomine
3317 1239 3452 1277 nun-

1866 1323 2143 1385 cupantur.
2172 1314 2323 1368 Hunc
2352 1313 2527 1383 itaque
2554 1321 2752 1367 motum
2796 1311 2916 1366 ideo
2954 1311 3289 1369 indecentem
3330 1318 3450 1383 quia

1867 1407 2259 1462 inobedientem
2289 1447 2302 1471 ,
2330 1420 2450 1459 cum
2487 1404 2559 1458 illi
2594 1402 2753 1474 primi
2794 1402 3039 1457 homines
3081 1402 3133 1456 in
3167 1418 3261 1456 sua
3292 1417 3452 1458 carne

1866 1500 2197 1562 sensissent,
2244 1507 2298 1552 et
2350 1499 2402 1552 in
2454 1512 2549 1552 sua
2600 1496 2838 1550 nuditate
2886 1496 3261 1561 erubuissent,
3310 1495 3453 1550 foliis

1868 1590 2107 1646 ﬁculneis
2131 1590 2315 1645 eadem
2346 1590 2582 1644 membra
2615 1598 2866 1644 texerunt
2917 1587 2935 1660 (
2962 1587 3091 1642 Gen.
3126 1604 3221 1652 ιιι,
3249 1590 3280 1644 7
3303 1586 3363 1662 ):
3397 1598 3453 1642 ut

1867 1681 2054 1735 saltem
2083 1681 2301 1734 arbitrio
2330 1678 2798 1735 verecundantium
2828 1679 3095 1733 velaretur
3117 1720 3132 1743 ,
3175 1680 3313 1749 quod
3345 1695 3449 1735 non

1871 1775 2094 1829 arbitrio
2118 1772 2405 1828 volentium
2447 1772 2794 1835 movebatur;
2835 1780 2888 1825 ct
2928 1770 3177 1840 quoniam
3223 1772 3453 1841 pudebat

1866 1866 2006 1936 quod
2025 1865 2329 1920 indecenter
2346 1865 2561 1926 libebat,
2580 1863 2870 1932 aperiendo
2888 1863 3036 1918 ﬁeret
3050 1863 3189 1934 quod
3208 1864 3447 1920 decebat.

1941 1958 2165 2014 CAPUT
2195 1957 2307 2011 VII.
2338 1987 2409 1997 —
2433 1957 2486 2012 8.
2524 1955 2771 2011 Libidinis
2815 1957 3005 2010 malum
3032 1974 3132 2010 non
3174 1956 3305 2011 tollit
3352 1973 3449 2011 nu-

1869 2050 2089 2120 ptiarttnt
2108 2048 2308 2101 bonum.
2338 2047 2470 2115 Quia
2507 2062 2634 2117 ergo
2663 2062 2761 2102 nec
2787 2047 2890 2102 isto
2917 2046 3165 2116 adjuncto
3197 2048 3336 2102 malo
3354 2063 3446 2117 pe-

1868 2141 1973 2194 rire
2009 2139 2177 2209 potuit
2226 2138 2527 2208 nuptiarum
2572 2137 2809 2204 bonum,
2860 2146 3047 2208 putant
3090 2138 3452 2207 imprudentes

1869 2229 1971 2285 hoc
2001 2244 2106 2284 non
2134 2244 2255 2283 esse
2282 2229 2480 2283 malum
2505 2271 2520 2295 ,
2569 2228 2662 2284 sed
2689 2229 2960 2299 pertinere
2980 2227 3048 2283 ad
3074 2229 3201 2283 illud
3230 2229 3447 2284 bonum.

1872 2324 2196 2379 Discernitur
2219 2332 2395 2377 autem
2422 2337 2527 2377 non
2557 2322 2729 2377 solum
2760 2322 2968 2377 ratione
2996 2322 3177 2376 subtili
3204 2361 3219 2387 ,
3266 2337 3449 2377 verum

1867 2416 2026 2471 etiam
2072 2415 2436 2486 vnlgatissimo
2473 2414 2674 2485 judicio
2715 2415 2978 2480 naturali,
3006 2414 3149 2485 quod
3179 2423 3232 2469 et
3261 2413 3312 2469 ln
3345 2415 3452 2470 illis

1868 2510 2113 2579 apparuit
2138 2508 2441 2563 hominibus
2468 2506 2654 2576 primis
2679 2548 2692 2571 ,
2737 2506 3000 2576 hodieque
3026 2514 3235 2560 tenetur
3257 2504 3325 2560 ab
3354 2506 3452 2559 ho-

1868 2600 2098 2654 minibus
2122 2598 2437 2669 conjugatis.
2465 2596 2616 2665 Quod
2663 2596 2804 2650 enim
2852 2595 2926 2649 illi
2966 2606 3147 2665 postea
3187 2610 3451 2668 pr0paga-

1870 2690 2013 2745 tione
2038 2690 2279 2744 fecerunt
2301 2730 2316 2753 ,
2349 2687 2450 2741 hoc
2480 2696 2564 2741 est
2587 2686 2836 2741 connubii
2865 2686 3061 2740 bonum
3096 2704 3110 2739 :
3155 2687 3295 2755 quod
3324 2702 3453 2742 vero

1869 2780 2014 2851 prius
2061 2778 2372 2835 confusione
2412 2785 2700 2842 texerunt,
2746 2775 2847 2831 hoc
2888 2784 2971 2830 est
3008 2776 3453 2846 concupiscentia:

1866 2871 2066 2926 malum
2090 2911 2104 2934 ,
2142 2868 2286 2939 quod
2327 2869 2457 2923 vitat
2493 2867 2689 2937 ubique
2731 2874 3075 2936 conspectum
3102 2908 3118 2933 ,
3163 2874 3217 2921 et
3263 2869 3455 2937 quaerit

1868 2960 2113 3031 pudendo
2142 2969 2429 3015 secretum.
2454 2957 2687 3013 Proinde
2717 2957 2913 3026 nuplim
2934 2956 3056 3027 quia
3082 2957 3239 3012 etiam
3267 2957 3336 3013 de
3363 2958 3453 3013 illo

1867 3053 2007 3108 malo
2031 3052 2227 3123 aliquid
2254 3052 2379 3106 boui
2408 3050 2606 3105 faciunt
2629 3092 2644 3117 ,
2674 3049 2967 3121 gloriantur
2999 3068 3013 3103 :
3058 3050 3182 3119 quia
3221 3051 3335 3105 sine
3362 3050 3454 3105 illo

1868 3143 1980 3199 ﬁeri
2009 3159 2114 3199 non
2144 3153 2353 3213 potest,
2388 3143 2727 3198 erubescunt.
2757 3141 3030 3211 Tanquam
3076 3143 3121 3197 si
3185 3144 3450 3213 quispiam

1867 3236 2002 3307 pede
2032 3236 2215 3291 vitiato
2238 3277 2254 3301 ,
2302 3235 2368 3290 a'd
2416 3234 2629 3306 aliquod
2668 3235 2866 3289 bonum
2905 3235 3066 3289 etiam
3103 3234 3454 3290 claudicando

1865 3328 2161 3398 perveniat,
2188 3341 2289 3382 nec
2313 3334 2530 3397 propter
2554 3324 2953 3380 claudicationis
2982 3326 3178 3380 malum
3210 3327 3348 3382 mala
3369 3336 3452 3383 est

1867 3418 1955 3472 illa
2003 3418 2299 3489 perventio,
2325 3432 2425 3473 nec
2453 3425 2668 3488 propter
2708 3416 2846 3471 illius
2870 3417 3229 3486 perventionis
3254 3418 3452 3474 bonum

1866 3510 2002 3564 bona
2031 3518 2113 3564 est
2140 3508 2491 3564 claudicatio:
2525 3509 2596 3563 ita
2629 3523 2728 3563 nec
2753 3517 2971 3578 propter
2990 3509 3227 3565 libidinis
3254 3511 3451 3565 malum

1867 3602 2078 3672 nuptias
2104 3601 2463 3657 condemnare
2486 3642 2501 3667 ,
2556 3615 2655 3655 nec
2682 3611 2900 3671 propter
2926 3601 3227 3671 nuptiarum
3256 3601 3451 3657 bonum

1867 3693 2138 3749 libidinem
2170 3678 2388 3748 laudare
2417 3691 2693 3748 debemus.
3365 3688 3371 3696 ’

1937 3783 2162 3839 CAPUT
2190 3782 2323 3837 VIII.
2339 3812 2412 3825 -
2432 3782 2486 3838 9.
2508 3781 2715 3836 Morbus
2731 3782 3147 3851 concupiscentia:
3169 3785 3219 3837 in
3241 3784 3450 3851 nuptiis,

1867 3895 1967 3931 non
1990 3878 2055 3931 sit
2080 3875 2369 3941 voluntatis,
2400 3875 2489 3930 sed
2513 3875 2836 3929 necessitatis.
2871 3876 2999 3942 Qum
3025 3875 3253 3944 ﬁdelium
3280 3878 3332 3931 in
3358 3894 3454 3931 usu

1866 3969 2172 4025 ntntrimonii
2203 3968 2379 4022 debeat
2421 3982 2527 4022 esse
2557 3966 2805 4020 voluntas.
2855 3965 3280 4037 Concupisceutite
3318 3970 3454 4024 malo

1866 4061 1977 4133 quis
2016 4061 2107 4127 uti,
2139 4068 2184 4112 et
2213 4074 2315 4113 non
2343 4058 2473 4113 vinci
2498 4057 2879 4111 existimandus.
2912 4057 3090 4112 Sancti
3122 4057 3301 4113 Patres
3327 4075 3455 4129 quo-

1866 4150 2017 4205 modo
2041 4151 2161 4205 olim
2185 4150 2480 4225 conjugibus
2499 4147 2597 4201 usi.
2638 4147 2742 4202 Iste
2772 4148 2964 4218 quippe
2996 4158 3079 4204 est
3113 4150 3351 4217 morbus,
3386 4151 3454 4206 de

1866 4259 1973 4314 quo
1997 4243 2285 4313 Apostolus
2302 4242 2461 4299 etiam
2485 4240 2779 4310 conjugatis
2810 4239 3057 4294 ﬁdelibus
3082 4240 3307 4311 loquens
3335 4243 3410 4297 ait
3436 4260 3449 4297 :

1868 4337 1996 4393 Haec
2036 4346 2109 4392 est
2145 4336 2278 4391 enim
2314 4335 2542 4390 voiuntas
2574 4333 2687 4398 Dei,
2719 4333 3050 4403 sanctiﬁcatio
3087 4343 3263 4399 uestra,
3293 4335 3450 4389 absti-

1869 4446 1984 4483 nere
2022 4445 2108 4483 vos
2149 4444 2181 4482 a
2220 4427 2571 4499 fornicatione,
2602 4433 2657 4478 ut
2696 4425 2823 4478 sciat
2860 4424 3204 4492 unusquisque
3238 4436 3453 4478 uestrum

1868 4538 2015 4576 suum
2049 4537 2136 4575 vas
2172 4517 2429 4590 possidere
2460 4518 2512 4572 in
2545 4516 2942 4585 sanctiﬁcatione
2968 4524 3014 4569 et
3038 4516 3244 4580 honore,
3278 4517 3456 4569 nonin

1869 4612 2042 4665 morbo
2086 4609 2351 4674 desiderii,
2385 4609 2515 4662 sicut
2559 4614 2605 4661 et
2644 4606 2826 4660 Gentes
2865 4621 2981 4678 qut:
3014 4606 3249 4676 ignorant
3297 4604 3456 4660 Deum

1871 4705 1912 4776 (l
1939 4703 2116 4758 Thess.
2147 4718 2215 4767 tv,
2246 4698 2386 4772 5-5).
2418 4698 2531 4755 Non
2557 4698 2731 4753 solum
2760 4698 2917 4768 igitur
2942 4697 3253 4767 conjugatus
3285 4696 3458 4752 ﬁdelis

1869 4811 1999 4851 vase
2026 4810 2131 4850 non
2160 4801 2335 4848 utatur
2360 4792 2535 4847 alieno
2557 4832 2569 4855 ,
2602 4789 2743 4860 quod
2769 4790 2967 4845 faciunt
2988 4805 3016 4843 a
3047 4790 3238 4859 quibus
3265 4803 3460 4845 uxores

1870 4888 2059 4943 aliena:
2083 4891 2404 4957 appetuntur
2436 4900 2450 4936 :
2480 4882 2574 4937 sed
2600 4896 2697 4936 nec
2722 4880 2893 4951 ipsum
2931 4879 3200 4950 preprium
3237 4879 3289 4933 in
3324 4894 3462 4934 con-

1871 4977 2215 5049 cupiscentia:
2239 4974 2468 5030 carnalis
2494 4973 2682 5027 morbo
2706 4970 3081 5041 possidendum
3110 4971 3260 5025 sciat.
3305 4970 3457 5037 Quod

1872 5087 1978 5127 non
1996 5070 2073 5126 sic
2088 5068 2453 5139 accipiendum
2480 5075 2580 5125 est.
2605 5075 2852 5135 tanquam
2876 5063 3205 5133 prohibuerit
3231 5065 3460 5132 Aposto-

1874 5166 1956 5220 lus
1980 5161 2331 5233 conjugalem,
2361 5159 2464 5214 hoc
2486 5165 2587 5215 est.
2617 5156 2817 5210 licitum
2849 5154 3237 5225 honestumque
3263 5169 3459 5209 concu-

1874 5260 2039 5314 bitum
2071 5275 2086 5310 :
2109 5254 2203 5311 sed
2225 5262 2282 5309 ut
2304 5254 2403 5308 iste
2431 5250 2742 5307 concubitus
2762 5250 2805 5315 ³,
2840 5248 2929 5319 qui
2953 5247 3080 5303 nihil
3105 5245 3362 5302 morbida:
3390 5245 3460 5299 li-

1874 5347 2067 5405 bidinis
2090 5344 2312 5399 haberet
2335 5342 2662 5412 adjunctum,
2686 5340 2730 5394 si
2754 5354 2858 5394 non
2885 5338 3218 5410 praecedente
3243 5345 3462 5407 peccato

1876 5442 1929 5496 in
1956 5454 2022 5496 eo
2042 5438 2268 5510 perisset
2287 5434 2545 5490 libertatis
2569 5432 2868 5498 arbitrium,
2886 5430 3028 5502 quod
3055 5444 3195 5484 nunc
3221 5428 3271 5483 id
3301 5428 3462 5484 habet

1942 5620 1957 5651 ι
1992 5624 2102 5667 ιον.
2129 5622 2180 5664 et
2205 5614 2388 5676 aliquot
2409 5607 2789 5676 διξεηιιὶηςεᾷηε·
2960 5666 2971 5676 .
3033 5670 3045 5676 -
3080 5662 3091 5674 .

1940 5681 1960 5711 ³
1995 5666 2303 5737 Posteriores
2331 5666 2568 5737 quaedam
2591 5672 2847 5737 editiones,
2882 5666 2971 5737 sed
2994 5670 3045 5737 ut
3072 5666 3158 5737 istc
3190 5670 3252 5737 stt
3284 5676 3461 5737 conca:

1877 5741 2014 5791 btus.
2042 5726 2103 5788 Ac
2135 5736 2275 5799 paulo
2294 5726 2417 5798 post,
2442 5734 2708 5799 quoduth
2730 5726 3313 5799 ideo_ltaoct_qdjun_c_t3mt
3344 5740 3362 5778 .°
3407 5730 3458 5777 td

1879 5789 1971 5852 nan
2026 5799 2085 5851 :it
2129 5789 2379 5849 uoluntatis
2406 5789 2466 5845 ’;’
2495 5794 2620 5844 male
2676 5805 2733 5842 ac
2792 5789 3142 5840 reluctantibus
3188 5793 3294 5839 Mss.
