4042 6530
545 360 649 417 619

546 473 872 542 adiunctum,
901 481 1006 522 non
1047 464 1114 520 sit
1145 457 1448 522 voluntatis,
1485 453 1580 508 sed
1625 448 1980 514 necessitatis,
2008 445 2122 499 sine

548 536 650 634 qua
690 574 864 618 tamen
903 559 956 614 in
995 550 1334 626 procreandis
1366 548 1487 602 liliis
1513 546 1578 598 ad
1611 544 1834 598 fructum
1865 536 2126 610 perveniri

551 629 656 710 non
676 661 848 724 potest
865 649 1028 719 ipsius
1047 643 1350 700 voluntatis.
1373 640 1501 707 Qua:
1527 638 1768 691 voluntas
1788 633 1839 687 in
1851 629 2132 686 connubiis

551 720 785 802 lidelium
826 757 930 795 non
967 753 1033 794 eo
1083 737 1188 792 line
1224 732 1636 795 determinatur,
1685 735 1742 782 ut
1793 720 2064 778 transituri
2113 720 2129 751 ⁸

551 839 646 893 lilii
677 846 960 890 nascantur
980 831 1034 885 in
1055 828 1251 886 srceulo
1275 827 1397 892 isto,
1420 822 1514 879 sed
1539 829 1597 877 ut
1627 816 1956 891 permansuri
1977 827 2134 868 rena-

554 937 768 984 scantur
797 927 850 982 in
875 923 1106 979 Christo.
1149 919 1302 989 Quod
1347 917 1392 973 si
1435 913 1758 986 provenerit,
1785 922 1992 965 merces
2029 905 2134 961 erit

554 1022 622 1076 de
651 1017 894 1090 conjugio
919 1015 1091 1087 plena:
1115 1009 1385 1068 felicitatis
1411 1025 1424 1062 :
1457 1007 1502 1061 si
1531 1013 1708 1061 autem
1737 1017 1842 1056 non
1871 1012 2134 1070 provene-

555 1115 646 1180 rit,
672 1128 776 1183 pax
809 1110 908 1165 erit
943 1105 1254 1176 conjugibus
1284 1103 1438 1158 bona:
1466 1094 1772 1153 voluntatis.
1813 1091 1926 1147 Hac
1963 1090 2138 1143 inten-

559 1181 703 1260 tione
731 1201 908 1258 cordis
936 1199 1026 1268 qui
1057 1211 1211 1252 suum
1241 1209 1335 1248 vas
1361 1190 1621 1262 possidet,
1649 1188 1702 1242 id
1727 1194 1830 1251 est,
1860 1181 2137 1254 conjugem

559 1310 742 1359 suam;
775 1289 958 1361 procul
988 1288 1150 1343 dubio
1169 1301 1276 1340 non
1308 1281 1542 1354 possidet
1567 1281 1620 1335 in
1651 1277 1836 1332 morbo
1867 1273 2137 1337 desiderii,

561 1388 697 1442 sicut
718 1390 902 1454 gentes
918 1395 1036 1450 qua:
1055 1378 1295 1448 ignorant
1315 1374 1483 1430 Deum
1504 1388 1518 1437 ;
1542 1370 1635 1428 sed
1653 1370 1706 1423 in
1727 1366 2142 1422 sanctificatione

564 1485 621 1533 et
655 1475 894 1539 honore,
935 1471 1072 1526 sicut
1115 1467 1297 1522 lideles
1337 1465 1426 1536 qui
1463 1469 1677 1533 sperant
1721 1461 1772 1515 in
1817 1459 2005 1513 Deum.
2052 1456 2146 1511 lllo

476 1585 484 1593 '
564 1572 760 1642 quippe
802 1562 1246 1635 concupiscentia:
1287 1559 1427 1616 malo
1463 1557 1630 1613 utitur
1659 1553 1842 1618 homo,
1885 1567 1992 1606 non
2029 1551 2146 1604 vin-

566 1641 723 1728 citur,
739 1658 950 1731 quando
969 1671 1088 1713 eam
1115 1651 1428 1709 inordinatis
1447 1657 1606 1720 atque
1631 1645 1895 1702 indecoris
1915 1641 2148 1698 motibus

569 1760 882 1810 aestuantem
921 1749 1110 1804 frtenat
1146 1754 1201 1802 et
1236 1743 1476 1809 cohibet;
1519 1754 1694 1810 neque
1735 1737 1836 1792 nisi
1873 1735 2150 1806 propagini

567 1844 854 1900 consulens
871 1841 1072 1896 relaxat
1086 1845 1246 1908 atque
1257 1835 1494 1900 adhibet,
1509 1841 1568 1898 ut
1581 1829 1923 1902 spiritualiter
1939 1843 2154 1897 regene-

569 1935 766 1990 randos
781 1931 1063 1989 carnaliter
1079 1929 1280 2000 gignat,
1303 1941 1408 1981 non
1429 1932 1488 1980 ut
1508 1923 1748 1995 spiritum
1771 1921 1917 1976 carni
1940 1918 2151 1974 sordida

569 2027 826 2084 servitute
841 2023 1102 2094 subjiciat.
1133 2022 1222 2078 Sic
1239 2027 1417 2090 patres
1433 2025 1647 2072 sanctos
1663 2016 1685 2047 ³
1711 2029 1775 2069 ex
1807 2012 2074 2067 Abraham
2101 2019 2156 2065 et

573 2125 696 2172 ante
713 2115 1004 2178 Abraham,
1021 2111 1214 2182 quibus
1230 2111 1368 2164 Deus
1383 2106 1524 2178 quod
1539 2104 1590 2160 ei
1605 2103 1900 2175 placuerint
1913 2100 2157 2173 perhibet

573 2206 958 2268 testimonium,
983 2217 1110 2260 usos
1141 2201 1301 2256 fuisse
1325 2199 1635 2268 conjugibus
1660 2196 1926 2251 neminem
1948 2202 2159 2263 oportet

577 2297 822 2353 dubitare
847 2293 1232 2357 christianum;
1273 2288 1484 2361 quando
1510 2286 1824 2358 quibusdam
1853 2286 2014 2342 etiam
2047 2285 2158 2340 sin-

576 2391 714 2462 gulis
740 2388 915 2458 plures
935 2385 1132 2440 habere
1157 2395 1468 2439 concessum
1493 2387 1596 2446 est,
1613 2379 1702 2434 ubi
1723 2379 1859 2433 ratio
1879 2375 1979 2432 fuit
1998 2377 2160 2447 prolis

581 2479 990 2550 multiplicanda:
1009 2519 1024 2544 ,
1055 2492 1162 2532 non
1189 2474 1454 2530 varianda:
1482 2473 1738 2544 appetitio
1767 2471 2070 2542 voluptatis.

652 2571 878 2628 CAPUT
927 2568 1018 2623 lX.
1080 2597 1154 2608 —-
1198 2566 1286 2622 10.
1336 2565 1436 2620 Cur
1493 2565 1598 2618 uiro
1665 2564 1834 2631 plures
1887 2560 2162 2632 aliquando

581 2679 781 2726 uxores,
822 2675 1081 2729 nunquam
1129 2665 1296 2710 autem
1337 2655 1535 2727 feminis
1579 2653 1746 2725 plures
1796 2653 1928 2706 viros
1981 2651 2164 2704 habere

585 2751 898 2826 permissum.
953 2749 1153 2802 Natura
1183 2745 1546 2816 principiorum
1575 2741 1978 2814 singularitatem
2005 2751 2160 2794 autat.

585 2843 717 2897 Nam
766 2842 812 2896 si
859 2841 968 2894 Deo
1009 2847 1217 2909 patrum
1258 2844 1600 2900 nostrorum,
1645 2833 1734 2904 qui
1783 2834 1942 2888 etiam
1985 2841 2167 2886 noster

587 2942 704 3000 est,
755 2931 842 2986 illa
879 2932 1231 2985 numerositas
1269 2926 1551 2997 conjugum
1593 2931 1873 2994 propterea
1907 2937 2014 2977 non
2055 2921 2166 2978 dis-

588 3025 880 3096 plicuisset,
921 3031 978 3076 ut
1014 3019 1281 3090 copiosius
1317 3031 1378 3072 se
1417 3015 1580 3072 libido
1617 3015 1864 3084 jactaret,
1899 3013 1968 3066 ita
2007 3012 2166 3067 etiam

587 3123 783 3170 sancta:
828 3111 1041 3166 femina:
1090 3109 1386 3166 servissent
1427 3107 1666 3178 pluribus
1717 3105 1940 3175 singula:
1973 3121 1987 3158 :
2025 3103 2168 3174 quod

589 3205 634 3259 si
669 3205 840 3274 aliqua
877 3201 1107 3268 faceret,
1139 3199 1263 3270 quid
1304 3213 1421 3254 eam
1457 3198 1558 3252 nisi
1583 3196 2028 3266 concupiscentia
2059 3203 2170 3250 tur-

587 3295 774 3366 pitudo
810 3294 1175 3363 compelleret,
1215 3297 1276 3345 ut
1305 3289 1482 3359 plures
1511 3289 1655 3344 viros
1687 3287 1925 3355 haberet,
1959 3287 2171 3358 quando

591 3390 689 3444 ista
725 3387 936 3442 licentia
965 3385 1145 3455 plures
1175 3383 1312 3438 lilios
1350 3397 1455 3436 non
1489 3380 1749 3436 haberet?
1787 3380 2170 3434 Verumtamen

593 3479 760 3549 magis
795 3478 1062 3548 pertinere
1099 3475 1165 3530 ad
1201 3473 1502 3544 nuptiarum
1539 3471 1756 3538 bonum,
1789 3486 1894 3526 non
1921 3486 2086 3526 unum
2119 3479 2174 3526 et

593 3571 807 3636 multas,
838 3567 932 3622 sed
962 3581 1122 3621 unum
1153 3573 1208 3620 et
1245 3579 1428 3632 unam,
1454 3564 1584 3618 satis
1621 3561 1818 3617 indicat
1853 3563 1964 3632 ipsa
1999 3563 2172 3632 prima

593 3661 845 3715 divinitus
869 3659 1002 3712 facta
1027 3656 1308 3727 conjugum
1330 3654 1538 3724 copula,
1565 3661 1624 3708 ut
1647 3653 1770 3708 inde
1794 3653 2056 3708 connubia
2079 3667 2174 3708 su-

592 3758 799 3808 merent
815 3749 1049 3815 .initium,
1069 3748 1159 3803 ubi
1180 3746 1454 3802 honestius
1472 3745 1834 3801 attenderetnr
1849 3745 2172 3814 exemplum.

595 3841 973 3914 Progrediente
997 3849 1172 3896 autem
1192 3853 1389 3910 genere
1409 3837 1661 3904 humano,
1679 3837 1878 3908 juncta:
1904 3845 2028 3892 sunt
2055 3838 2175 3908 qui-

593 3939 816 3996 busdam
849 3935 1005 3992 bonis
1045 3935 1173 3989 viris
1217 3935 1372 3989 bona:
1423 3932 1667 3996 feminte,
1705 3932 1927 4003 singulis
1971 3932 2173 4002 plures.

595 4030 746 4086 Unde
773 4035 992 4099 apparet
1028 4035 1082 4081 et
1113 4025 1240 4080 illud
1263 4025 1534 4095 dignitatis
1569 4025 1737 4095 magis
1767 4026 2032 4096 appetisse
2057 4041 2175 4081 mo-

594 4120 850 4188 destiam,
903 4125 958 4173 et
1008 4116 1110 4172 hoc
1161 4114 1498 4171 fecunditatis
1547 4115 1856 4184 permisisse
1905 4123 2174 4172 naturam.

598 4211 730 4266 Nam
759 4219 814 4264 et
837 4206 1160 4277 principatus
1179 4205 1348 4276 magis
1367 4205 1676 4260 naturaliter
1703 4206 1862 4262 unius
1884 4207 1936 4260 in
1959 4209 2174 4274 multos,

599 4315 758 4371 quam
798 4300 850 4354 in
882 4313 1044 4353 unum
1075 4305 1252 4368 potest
1289 4311 1408 4352 esse
1447 4297 1754 4352 multorum.
1799 4298 1908 4354 Nec
1949 4299 2176 4355 dubitari

607 4401 782 4464 potest
806 4389 1036 4445 naturali
1064 4388 1252 4444 ordine
1273 4388 1416 4443 viros
1447 4390 1624 4458 potius
1647 4389 1880 4460 feminis,
1911 4407 2073 4462 quam
2101 4394 2179 4448 vi-

599 4485 677 4538 ris
717 4482 938 4538 feminas
977 4479 1281 4550 principari.
1329 4479 1480 4547 Quod
1514 4496 1733 4537 servans
1766 4484 2054 4554 Apostolus
2083 4488 2176 4552 ait,

599 4575 762 4646 Caput
789 4572 1013 4626 mulieris
1041 4571 1116 4625 vir
1145 4570 1186 4644 (1
1215 4569 1333 4626 Cor.
1361 4587 1436 4638 ιι,
1467 4572 1544 4642 3);
1567 4581 1640 4639 et,
1670 4572 1934 4644 Mulieres,
1967 4577 2181 4634 subditae

595 4675 748 4718 estote
767 4665 884 4717 viris
909 4664 1082 4718 vestris
1103 4662 1318 4733 (Coloss.
1341 4677 1417 4728 ιιι,
1443 4663 1533 4733 18)
1555 4681 1567 4716 :
1595 4673 1650 4720 et
1673 4667 1944 4735 apostolus
1969 4669 2176 4738 Petrus,

603 4753 870 4822 Quomodo
909 4753 1080 4820 Sara,
1115 4754 1305 4823 inquit,
1344 4753 1698 4824 obsequebatur
1733 4756 1980 4824 Abrahce,
2014 4759 2180 4815 domi-

605 4861 722 4898 num
743 4845 888 4898 illum
915 4861 1097 4898 vocans
1128 4845 1170 4916 (l
1199 4843 1341 4898 Petr.
1369 4859 1446 4909 ιιι,
1477 4842 1552 4916 6).
1595 4845 1746 4912 Quod
1786 4847 1912 4903 licet
1953 4850 2024 4905 ita
2061 4867 2181 4908 sese

603 4935 812 5000 haheat,
842 4942 904 4988 ut
941 4943 1124 4990 natura
1159 4935 1538 5004 principiorum
1567 4945 1709 4990 amet
1737 4937 2177 5010 singularitatem,

602 5027 806 5080 facilius
826 5033 1004 5080 autem
1032 5025 1384 5095 pluralitatem
1412 5027 1686 5082 videamus
1715 5026 1767 5081 in
1793 5029 2022 5087 subditis
2049 5049 2064 5087 :
2099 5041 2179 5088 ta-

602 5134 724 5172 men
751 5116 930 5186 plures
952 5116 1160 5172 lemirne
1187 5116 1277 5171 uni
1299 5115 1411 5172 viro
1436 5132 1706 5187 nunquam
1738 5119 1879 5176 licito
1893 5121 2180 5194 jungeren-

603 5221 710 5277 tur,
735 5210 836 5264 nisi
863 5225 930 5264 ex
957 5209 1060 5265 hoc
1087 5209 1263 5279 plures
1293 5209 1386 5264 lilii
1411 5223 1775 5268 nascerentur.
1821 5213 1972 5270 Unde
2001 5217 2046 5271 si
2075 5232 2180 5272 una

601 5300 921 5356 concumbat
951 5317 1071 5357 cum
1102 5301 1362 5371 pluribus,
1383 5303 1506 5373 quia
1537 5319 1642 5360 non
1669 5316 1752 5362 est
1779 5307 1828 5362 ei
1855 5306 1978 5364 hinc
1997 5309 2180 5364 multi-

605 5395 817 5464 plicatio
842 5395 1004 5463 prolis
1021 5435 1038 5459 ,
1071 5394 1162 5450 sed
1189 5393 1546 5480 frequentatio
1575 5398 1828 5468 libidinis,
1853 5401 2048 5472 conjux
2073 5416 2180 5457 non

603 5496 774 5556 potest
804 5503 943 5548 esse,
971 5489 1062 5542 sed
1086 5490 1359 5544 meretrix.

671 5577 890 5631 CAI'UT
929 5578 996 5631 Χ.
1025 5609 1094 5616 -
1133 5581 1219 5633 Η.
1251 5581 1631 5636 Sacr-amentum
1663 5585 1970 5655 nuptiarum.
2003 5585 2180 5639 Matri—

665 5729 678 5758 ¹
715 5734 843 5786 Mss,
879 5731 1158 5782 transitorii.

661 5787 680 5814 ι
715 5787 900 5850 aliquot
931 5799 1057 5852 Mss,
1081 5795 1149 5844 sic
1173 5801 1331 5858 patres
1353 5803 1548 5849 nostros.

1324 345 1409 400 DE
1447 339 1711 398 NUPTIIS
1751 336 1835 392 ET
1875 325 2482 388 CONCUPISCENTM,
2527 325 2584 376 S.
2629 319 2992 378 AUGUS’l‘lNl

3679 333 3768 390 420

2236 439 2454 492 monium
2491 436 2852 490 imlissolubile.
2889 434 2996 488 Lex
3025 435 3199 488 strettli
3219 437 3384 506 quoad
3417 439 3661 496 divortium
3679 448 3768 502 alia

2233 549 2265 584 α
2297 533 2402 601 lege
2431 528 2708 598 Evangelii.
2751 527 3011 593 Quoniam
3047 541 3176 582 sane
3206 543 3312 581 non
3343 537 3534 584 tantum
3562 531 3774 593 fecundi-

2239 629 2338 682 tas,
2369 617 2522 686 cujus
2545 615 2746 670 fructus
2777 616 2830 670 in
2860 615 3010 685 prole
3033 625 3147 680 est;
3185 631 3282 670 nec
3309 623 3502 671 tantum
3530 622 3772 694 pudicitia,

2237 711 2388 781 cujus
2413 707 2680 762 vinculum
2721 717 2805 762 est
2839 707 3004 772 ﬁdes;
3043 722 3224 761 verum
3251 706 3407 761 etiam
3437 712 3681 778 quoddam
3703 731 3778 770 sa-

2238 810 2568 856 cramentum
2597 796 2898 868 nuptiarum
2929 797 3333 852 commendatur
3359 797 3591 856 ﬁdelibus
3616 807 3778 875 conju-

2239 891 2396 962 gatis,
2421 889 2562 944 unde
2602 888 2730 943 dicit
2759 887 3072 958 Apostolus,
3109 885 3240 952 Viri,
3281 885 3472 957 diligite
3509 906 3678 946 uxores
3714 912 3785 950 ue-

2241 991 2393 1048 stras,
2421 980 2550 1033 sicut
2575 987 2620 1031 et
2641 978 2868 1033 Christus
2895 977 3070 1031 dilexit
3089 975 3368 1031 Ecclesium
3387 976 3588 1050 (Epltes.
3609 997 3656 1048 v,
3676 982 3782 1056 25);

2243 1069 2404 1140 hujus
2447 1067 2630 1138 procul
2668 1067 2830 1123 dubio
2859 1067 3181 1122 sacramenti
3205 1081 3292 1122 res
3316 1077 3414 1131 est,
3437 1077 3494 1122 ut
3517 1085 3622 1126 mas
3647 1083 3698 1128 et
3721 1075 3786 1130 le-

2245 1164 2385 1217 mina
2406 1161 2674 1216 connubio
2699 1160 2928 1230 c0pulati
2957 1158 3214 1230 quamdiu
3234 1159 3417 1214 vivunt
3453 1159 3790 1230 inseparabili-

2245 1261 2327 1309 ter
2352 1261 2716 1322 perseverent,
2745 1265 2845 1306 nec
2873 1251 3026 1306 liceat
3045 1291 3061 1318 ,
3093 1258 3314 1320 excepta
3340 1265 3496 1305 causa
3522 1250 3794 1310 fornicatio-

2247 1345 2352 1411 nis,
2375 1359 2404 1398 a
2435 1343 2662 1414 conjuge
2695 1343 2972 1412 conjugcm
3011 1341 3188 1396 dirimi
3230 1341 3456 1414 (Matth.
3481 1359 3531 1411 v,
3557 1345 3672 1417 '52).
3701 1347 3796 1403 lloc

2249 1435 2390 1490 enim
2417 1435 2713 1490 custoditur
2735 1434 2788 1488 in
2811 1433 3025 1488 Christo
3045 1443 3100 1487 et
3128 1433 3391 1498 Ecclesia,
3421 1443 3478 1487 ut
3504 1434 3674 1491 vivens
3691 1451 3794 1492 cum

2249 1528 2460 1584 vivente
2499 1527 2550 1580 in
2595 1535 2851 1582 aeternum
2889 1525 3036 1580 nullo
3074 1525 3302 1582 divortio
3335 1537 3622 1596 separetur.
3659 1527 3800 1599 Cujus

2252 1622 2569 1678 sacramenti
2607 1629 2748 1676 tanta
2783 1619 3084 1676 observatio
3105 1628 3186 1674 est
3209 1621 3262 1674 in
3287 1601 3500 1675 civitate
3523 1620 3611 1674 Dei
3633 1623 3796 1689 nostri,

2253 1717 2308 1770 in
2333 1723 2514 1770 monte
2539 1723 2723 1768 sancto
2743 1712 2859 1782 ejus
2889 1709 3064 1783 (Psal.
3093 1726 3260 1777 xnvn,
3286 1710 3378 1780 2),
3409 1710 3512 1764 hoc
3535 1719 3630 1776 est,
3655 1713 3702 1766 in
3721 1713 3806 1767 Ec-

2255 1807 2416 1863 clesia
2437 1805 2660 1872 Christi,
2684 1805 2981 1876 quibusque
3007 1803 3250 1858 ﬁdelibus
3273 1802 3584 1874 conjugatis,
3607 1805 3688 1874 qui
3709 1804 3806 1860 sine

2256 1898 2416 1954 dubio
2459 1897 2696 1952 membra
2737 1903 2862 1950 sunt
2901 1894 3118 1960 Christi,
3160 1903 3236 1960 ut,
3287 1909 3411 1949 cum
3451 1895 3668 1949 liliorum
3708 1911 3810 1965 pro-

2257 1988 2606 2044 creandorum
2639 2001 2800 2042 causa
2829 1985 2912 2041 vel
2949 1986 3152 2041 nubant
3187 1985 3436 2052 feminrn,
3465 1985 3548 2040 vel
3583 1986 3810 2040 ducantur

2259 2095 2476 2147 uxores,
2503 2093 2600 2134 nec
2635 2078 2872 2134 sterilem
2898 2077 3178 2148 conjugem
3215 2079 3295 2132 fas
3329 2077 3402 2132 sit
3439 2077 3738 2148 relinquere,
3765 2089 3812 2130 ut

2258 2173 2362 2227 alia
2395 2170 2622 2227 fecunda
2657 2172 2896 2226 ducatur.
2937 2170 3090 2238 Quod
3113 2170 3157 2224 si
3195 2170 3480 2240 quisquam
3511 2169 3701 2236 fecerit,
3725 2187 3812 2225 non

2259 2263 2378 2334 lege
2401 2262 2560 2333 hujus
2587 2262 2787 2328 smculi,
2817 2261 2908 2316 ubi
2939 2262 3339 2317 interveniente
3363 2261 3584 2332 repudio
3609 2263 3714 2318 sine
3733 2263 3816 2316 cri-

2261 2356 2406 2408 mine
2441 2353 2754 2408 conceditur
2795 2368 2918 2408 cum
2959 2352 3076 2407 aliis
3115 2352 3219 2406 alia
3259 2353 3520 2422 copulare
3547 2353 3814 2418 connubia;

2263 2445 2404 2516 quod
2435 2445 2595 2499 etiam
2625 2456 2864 2500 sanctum
2893 2443 3110 2516 Moysen
3139 2445 3426 2510 Dominus,
3459 2454 3668 2516 propter
3687 2445 3813 2500 duri-

2267 2539 2394 2592 tiam
2417 2538 2598 2592 cordis
2615 2538 2846 2604 illorum,
2875 2537 3126 2592 lsraelitis
3155 2537 3472 2608 permisisse
3491 2537 3818 2594 testatur:sed

2267 2627 2384 2697 lege
2428 2627 2700 2698 Evangelii
2735 2641 2860 2681 reus
2900 2635 2983 2682 est
3013 2627 3296 2693 adulterii;
3351 2628 3488 2682 sicut
3513 2627 3664 2682 etiam
3691 2627 3768 2682 illa
3785 2628 3820 2682 si

2267 2717 2420 2773 alteri
2461 2719 2702 2787 nupserit
2741 2717 2970 2788 (Matth.
2994 2734 3104 2785 xxx,
3135 2721 3188 2784 8,
3219 2719 3316 2790 9).
3353 2719 3532 2790 Usque
3551 2720 3706 2774 adeol
3729 2735 3820 2774 rna-

2269 2819 2399 2866 nent
2437 2811 2576 2864 inter
2603 2813 2843 2864 viventes
2883 2810 3049 2864 semel
3093 2811 3218 2864 inita
3254 2811 3388 2882 jura
3431 2812 3746 2881 nuptiarum,
3777 2819 3824 2864 ut

2269 2899 2446 2972 potius
2473 2899 2582 2954 sint
2609 2900 2748 2954 inter
2766 2914 2824 2954 se
2855 2899 3110 2970 conjuges
3131 2901 3218 2970 qui
3245 2901 3322 2956 ab
3355 2903 3608 2957 alterutro
3631 2907 3825 2972 separati

2271 2997 2416 3054 sunt,
2455 3003 2612 3059 quam
2655 3003 2778 3044 cum
2819 2989 2904 3045 his
2939 2990 3132 3060 quibus
3167 2992 3286 3047 aliis
3343 2992 3687 3048 adhaeserunt.
3721 2990 3826 3047 Cum

2271 3080 2391 3136 aliis
2419 3080 2614 3151 quippe
2641 3079 2868 3135 adulteri
2899 3095 3003 3135 non
3033 3091 3214 3137 eSSent
3234 3123 3250 3150 ,
3289 3083 3408 3138 nisi
3449 3083 3515 3139 ad
3553 3085 3827 3140 alterutrum

2271 3173 2528 3252 conjuges
2555 3181 2948 3240 permanerent.
2979 3173 3218 3244 Denique
3236 3184 3464 3230 mortuo
3487 3178 3600 3231 viro
3619 3191 3726 3232 cum
3747 3192 3832 3246 quo

2274 3280 2460 3320 verum
2488 3263 2812 3318 connubium
2838 3263 2956 3334 fuit,
2989 3264 3103 3320 lieri
3125 3280 3324 3322 verum
3345 3269 3662 3344 connubium
3690 3277 3834 3338 potest

2275 3373 2525 3427 cumquo
2555 3355 2702 3426 prius
2726 3355 3046 3412 adulterium
3075 3355 3192 3414 fuit.
3223 3357 3304 3414 Ita
3335 3372 3514 3418 manet
3539 3363 3670 3418 inter
3683 3360 3830 3414 viven-

2278 3459 2357 3505 tes
2385 3449 2635 3520 quiddam
2659 3449 2938 3520 conjugale
2956 3452 2999 3518 ‘,
3024 3451 3166 3522 quod
3193 3467 3298 3508 nec
3317 3455 3605 3525 separatio,
3623 3469 3712 3510 nec
3733 3467 3830 3508 cum

2277 3542 2447 3596 altero
2467 3540 2731 3610 copulatio
2754 3541 2920 3611 possit
2935 3541 3163 3600 auferre.
3192 3545 3382 3602 Manet.
3399 3559 3580 3604 autem
3593 3547 3654 3601 ad
3671 3559 3830 3600 noxam

2276 3631 2536 3699 criminis,
2569 3647 2675 3686 non
2717 3632 2785 3687 ad
2835 3633 3115 3688 vinculum-
3143 3635 3410 3694 fcederis:
3443 3640 3580 3696 sicut
3615 3644 3836 3708 apostata:

2277 3722 2454 3775 anima
2471 3721 2492 3752 ³
2517 3721 2662 3777 velut
2683 3721 2750 3778 de
2779 3723 3026 3796 conjugio
3047 3725 3246 3782 Christi
3271 3729 3557 3797 recedens,
3583 3728 3730 3784 etiam
3753 3726 3838 3780 lidc

2278 3811 2486 3882 perdita
2513 3811 2922 3870 Sacramentum
2951 3815 3076 3872 fidei
3101 3832 3208 3874 non
3228 3821 3456 3888 amittit,
3485 3820 3626 3892 quod
3652 3819 3837 3874 lavacro

2279 3905 2697 3976 regenerationis
2721 3909 2946 3980 accepit.
2973 3909 3315 3968 Redderetur
3340 3915 3486 3970 enim
3505 3913 3682 3984 procul
3707 3911 3842 3966 dubio

2279 3997 2544 4065 redeunti,
2553 3999 2596 4052 si
2612 3999 2877 4055 amisisset
2889 3999 3387 4061 abscedenleabet
3399 4014 3576 4060 autem
3589 4005 3685 4060 hoc
3695 4003 3773 4075 qui
3783 4017 3846 4058 rc-

2281 4091 2503 4146 cesserit
2515 4091 2582 4146 ad
2599 4092 2867 4148 cumulum
2891 4094 3158 4164 supplicii,
3173 4111 3284 4152 non
3297 4098 3368 4152 ad
3383 4099 3632 4156 meritum
3649 4095 3844 4168 przcmii.

2351 4180 2578 4238 CAPUT
2617 4181 2710 4237 XI.
2728 4213 2800 4224 -—
2829 4185 2916 4239 12.
2950 4185 3189 4240 Mutuum
3219 4190 3550 4245 continentia:
3574 4199 3733 4244 votum
3749 4203 3850 4241 con-

2271 4273 2478 4344 jugium
2511 4291 2613 4328 non
2646 4275 2858 4329 dirimit.
2889 4275 3077 4331 Verum
3096 4279 3398 4351 confugium
3427 4283 3562 4336 inter
3585 4279 3790 4334 Mariam
3814 4286 3852 4330 et

2279 4362 2493 4434 Joseph.
2519 4363 2712 4438 Joseph
2747 4367 2996 4437 quomodo
3026 4379 3169 4440 pater
3202 4370 3418 4427 Christi.
3455 4371 3526 4428 In
3566 4369 3854 4427 matrimonio

2283 4455 2466 4511 Maria:
2509 4467 2555 4511 et
2593 4457 2788 4531 Joscplt
2826 4462 2994 4514 omnia
3033 4465 3176 4533 fuere
3209 4467 3447 4538 conjugii
3485 4466 3635 4522 bona.
3679 4465 3856 4532 Quibus

2281 4563 2411 4604 vero
2445 4550 2701 4620 placuerit
2735 4569 2799 4607 ex
2835 4568 3120 4624 consensu,
3149 4556 3217 4610 ab
3243 4573 3346 4613 usu
3373 4559 3609 4614 carnalis
3627 4556 3858 4626 concupi-

2284 4643 2501 4696 sccnlim
2535 4643 2587 4696 in
2623 4653 2933 4714 perpetuum
2965 4647 3266 4717 continere,
3307 4651 3456 4707 absit
3493 4661 3552 4706 ut
3591 4651 3724 4706 inter
3759 4649 3858 4703 illos

2286 4735 2554 4790 vinculum
2582 4735 2857 4808 conjugale
2885 4749 3162 4810 rumpatur
3190 4758 3203 4794 :
3233 4743 3348 4798 imo
3375 4743 3587 4799 firmius
3613 4745 3738 4808 erit,
3771 4754 3861 4812 quo

2286 4827 2453 4896 magis
2487 4843 2548 4882 ea
2593 4837 2743 4897 pacta
2785 4843 2966 4885 secum
3024 4832 3272 4902 inierint,
3319 4851 3447 4906 qua:
3497 4837 3710 4892 charius
3749 4849 3863 4888 con-

2285 4919 2602 4987 cordiusque
2642 4919 2901 4976 servanda
2951 4931 3095 4990 sunt,
3137 4941 3242 4980 non
3289 4927 3614 4998 voluptariis
3663 4923 3864 4981 nexibus

2284 5024 2607 5079 corporum,
2672 5012 2766 5066 sed
2830 5015 3143 5072 voluntariis
3203 5017 3498 5076 affectibus
3565 5021 3863 5074 animorum.

2285 5098 2464 5169 Neque
2522 5101 2665 5155 enim
2730 5101 2989 5160 fallaciter
3041 5106 3108 5160 ab
3162 5109 3362 5178 angelo
3425 5109 3633 5165 dictum
3681 5117 3762 5162 cst
3811 5101 3867 5158 ad

2283 5189 2501 5260 Ioseph,
2539 5191 2666 5248 Noli
2711 5195 2882 5250 timere
2913 5198 3139 5268 accipere
3181 5199 3416 5256 Mariam
3462 5205 3726 5274 conjugem
3752 5179 3872 5254 luam

2287 5283 2496 5356 (Matth.
2539 5303 2576 5351 ι,
2610 5287 2726 5360 20).
2765 5289 2973 5360 Conjux
2997 5303 3212 5348 vocatur
3235 5309 3308 5348 ex
3335 5296 3514 5364 prima
3537 5295 3640 5350 lide
3659 5295 3870 5362 despon-

2285 5376 2527 5444 sationis,
2571 5394 2729 5448 quam
2773 5382 3058 5438 concubitu
3097 5399 3195 5438 nec
3235 5398 3600 5455 cognoverat,
3637 5401 3734 5440 nec
3771 5382 3874 5436 fue-

2286 5477 2368 5522 rat
2411 5469 2766 5538 cogniturus:
2801 5487 2899 5527 nec
2945 5475 3203 5542 perierat,
3249 5491 3358 5530 nec
3409 5477 3642 5533 mendax
3681 5486 3873 5530 manse-

2349 5601 2366 5670 ξ
2403 5607 2604 5670 limit-2r.
2633 5610 2682 5652 et
2700 5603 2886 5670 aliquot
2905 5614 3030 5664 Mss.,
3053 5617 3098 5658 et
3121 5622 3277 5670 usque
3299 5611 3446 5662 adeo.

2277 5662 2472 5784 iulia-Istic
2649 5665 2764 5714 mm
2787 5662 2937 5716 ὶ’θιόε
2969 5662 3038 5719 lla
3067 5662 3220 5721 nutriet
3248 5675 3508 5734 quondm
3529 5673 3762 5724 vinculum
3781 5679 3880 5720 cut-

2352 5785 2371 5814 ³
2397 5785 2560 5836 ιιΙιιτρδ
2583 5793 2713 5848 ιιὲςη
2740 5797 2951 5845 (mort-.10
2971 5793 3144 5842 (mima.
