3938 6496
232 331 286 389 ﬁt
1568 316 1764 372 LIBER
1806 315 2073 372 PRIMUS.

226 439 495 512 rateonjugis
524 440 858 509 appellatio,
880 438 968 493 ubi
995 452 1091 492 nec
1112 435 1300 499 fuerat,
1329 449 1424 488 nec
1455 431 1624 485 futura
1655 439 1769 485 erat

228 533 346 593 umis
376 530 475 586 ulla
508 530 872 585 commixtio.
902 529 1031 584 Erat
1056 528 1250 598 quippe
1281 524 1367 579 illa
1391 524 1539 593 virgo
1566 521 1687 576 ideo
1713 531 1767 575 et

232 627 398 686 sanctius
426 632 487 679 et
530 622 852 680 mirabilius
877 621 1110 693 jucunda
1150 634 1247 675 suo
1285 618 1424 684 viro,
1455 616 1576 687 quia
1606 615 1766 669 etiam

234 716 390 776 fecunda
412 713 534 769 sine
554 713 703 779 viro,
728 714 887 784 prole
916 713 1115 782 dispar,
1140 708 1244 764 ﬁde
1273 722 1511 778 compar.
1544 705 1771 775 Propter

234 811 326 886 quod
353 808 497 864 lidele
537 807 863 879 eonjugium
907 813 1152 877 parentes
1176 802 1376 857 Christi
1405 798 1583 856 vocari
1611 799 1771 855 ambo

234 910 500 961 meruerunt,
530 907 589 954 et
613 914 726 953 non
748 898 925 953 solum
947 898 1034 952 illa
1061 903 1250 956 mater,
1283 907 1467 949 verum
1492 890 1656 947 etiam
1683 890 1771 946 ille

234 1007 336 1069 pater
353 993 481 1063 ejus,
502 991 648 1046 sicut
675 990 877 1062 conjux
900 988 1084 1043 matris
1102 986 1240 1057 ejus,
1259 993 1544 1054 utrumque
1565 990 1768 1048 mente,

231 1103 302 1144 non
322 1099 487 1141 carne.
510 1083 645 1139 Sive
672 1091 854 1136 tamen
880 1080 969 1134 ille
993 1088 1144 1149 pater
1165 1077 1280 1132 sola
1312 1084 1512 1142 mente,
1541 1076 1658 1130 sive
1682 1074 1770 1128 illa

230 1185 353 1232 mter
395 1185 448 1227 et
490 1188 682 1238 carne,
737 1180 984 1241 parentes
1034 1178 1214 1222 tamen
1260 1163 1421 1221 ambo
1460 1164 1773 1220 humilitatis

227 1270 325 1336 ejus,
348 1282 449 1321 non
488 1264 875 1327 sublimitatis;
923 1260 1264 1327 inﬁrmitatis,
1310 1273 1417 1313 non
1458 1256 1767 1313 divinitatis.

226 1360 361 1429 Neque
400 1357 544 1411 enim
588 1355 850 1410 mentitur
890 1352 1256 1423 Evangelium,
1297 1350 1387 1405 ubi
1435 1348 1625 1419 legitur
1660 1366 1672 1403 :
1706 1347 1773 1400 Et

224 1463 329 1509 erant
342 1461 480 1522 pater
499 1451 612 1517 eius
631 1458 679 1503 et
704 1458 866 1501 mater
890 1448 1126 1501 mirantes
1145 1460 1296 1516 super
1314 1444 1393 1498 his
1407 1458 1520 1513 qua:
1532 1440 1771 1496 diceban-

222 1556 281 1598 tur
309 1544 361 1596 de
393 1542 506 1596 illo.
555 1542 625 1596 Et
663 1540 771 1594 alio
811 1539 933 1593 loco
966 1556 980 1593 :
1008 1535 1073 1590 Et
1105 1537 1244 1590 ibant
1273 1543 1500 1606 parentes
1538 1533 1647 1605 ejus
1684 1547 1772 1602 per

218 1652 353 1691 omnes
379 1649 544 1687 annos
582 1635 638 1686 in
670 1630 978 1686 Jerusalem.
1016 1628 1141 1683 Item
1165 1627 1323 1698 paulo
1347 1635 1467 1697 post
1500 1643 1514 1680 :
1548 1624 1613 1679 Et
1641 1624 1771 1678 dicit

220 1736 343 1780 mater
372 1727 483 1795 ejus
509 1725 579 1777 ad
603 1723 754 1777 illum
781 1738 801 1776 :
822 1721 959 1787 Fili,
991 1722 1111 1792 quid
1138 1720 1300 1792 fecisti
1324 1719 1466 1773 nobis
1494 1718 1603 1773 sic?
1641 1715 1771 1771 Ecce

218 1833 330 1891 pater
363 1830 480 1872 tuus
520 1826 568 1872 et
615 1834 709 1888 ego
751 1816 976 1870 dolentes
1018 1813 1359 1882 qttterebamus
1388 1821 1455 1867 te.
1498 1811 1568 1866 At
1598 1811 1689 1866 ille
1711 1818 1771 1863 ut

215 1911 483 1965 intenderet
508 1907 716 1963 habere
754 1921 814 1961 se
848 1915 1041 1976 prmter
1084 1904 1204 1959 illos
1245 1911 1470 1974 patrem,
1520 1902 1610 1973 qui
1644 1917 1766 1957 eum

216 2004 359 2076 genuit
400 2010 604 2071 prmter
644 2008 891 2063 matrem,
924 1996 1197 2069 respondit
1231 1996 1347 2051 eis:
1380 1995 1517 2063 Quid
1537 2004 1609 2049 est
1634 1995 1769 2064 quod

218 2113 279 2151 rte
297 2091 623 2167 petebatis?
667 2089 721 2144 Ν
726 2090 981 2145 esciebatis
1004 2089 1121 2160 quia
1144 2089 1197 2142 in
1227 2088 1305 2142 his
1331 2103 1443 2158 qua:
1473 2085 1641 2140 Patris
1672 2086 1771 2141 mei

223 2196 326 2250 sunt,
350 2193 538 2255 oportet
577 2200 662 2237 me
689 2182 833 2236 esse?
872 2181 942 2235 Et
977 2194 1211 2243 rursum,
1243 2193 1311 2233 ne
1350 2177 1450 2233 hoc
1486 2177 1629 2232 dicto
1671 2192 1768 2247 pa~

230 2286 371 2334 rentes
404 2276 519 2329 illos
559 2288 795 2345 negasse
843 2279 1133 2343 putaretur,
1176 2269 1513 2341 Evangelista
1556 2276 1769 2323 secutus

225 2373 458 2442 adjunxit:
491 2370 557 2423 Et
599 2370 702 2438 ipsi
732 2385 835 2422 non
859 2367 1210 2445 intellexerunt
1237 2363 1436 2419 verbum
1467 2363 1601 2429 quod
1625 2364 1764 2417 locu-

217 2472 359 2517 tssest
380 2462 442 2515 ad
470 2461 610 2515 illos.
648 2458 713 2513 Et
732 2458 990 2514 descendit
1011 2472 1123 2510 cum
1145 2456 1234 2520 eis,
1258 2464 1307 2510 et
1332 2454 1463 2509 venit
1485 2450 1766 2520 Nazareth,

140 2570 147 2575 '
215 2564 253 2608 et
272 2564 363 2608 erat
392 2553 618 2607 subditus
646 2552 749 2606 illis
776 2549 941 2625 (Luc.
970 2565 1027 2614 ιι,
1050 2551 1140 2617 53,
1168 2549 1258 2617 41,
1288 2547 1453 2603 48-51
1482 2547 1522 2618 ).
1566 2545 1770 2614 Quibus

214 2643 457 2707 subditus,
479 2642 578 2696 nisi
612 2640 959 2711 parentibus?
986 2639 1116 2707 Quis
1143 2646 1318 2692 autem
1350 2636 1594 2692 subditus
1616 2678 1630 2703 ,
1665 2636 1766 2692 nisi

218 2734 365 2790 Jesus
386 2733 632 2799 Christus,
657 2733 748 2803 qui
778 2747 904 2789 cum
936 2732 987 2786 in
1018 2730 1185 2785 forma
1219 2730 1312 2785 Dei
1352 2736 1514 2794 esset,
1546 2743 1651 2783 non
1678 2742 1769 2783 ra-

222 2825 393 2893 pinam
416 2825 678 2878 arbitratus
702 2831 791 2877 est
814 2836 938 2877 esse
965 2820 1183 2891 aequalis
1206 2818 1349 2875 Deo?
1377 2817 1486 2873 Cur
1510 2833 1638 2889 ergo
1667 2817 1771 2873 illis

229 2916 469 2979 subditus,
492 2915 573 2984 qui
600 2915 755 2985 longe
778 2912 915 2968 infra
940 2911 1166 2968 formam
1198 2910 1292 2966 Dei
1318 2919 1491 2977 emat,
1521 2910 1623 2965 nisi
1647 2909 1768 2980 quia

229 3008 535 3079 semetipsum
563 3007 857 3063 exinauivit
885 3006 1109 3060 formam
1132 3004 1272 3059 servi
1301 3003 1570 3073 accipiens
1604 3001 1773 3077 (Phi-

219 3103 304 3173 lip.
334 3118 384 3166 ιι,
410 3102 458 3169 6,
487 3100 570 3172 7),
602 3101 759 3172 cujus
792 3099 983 3155 formae
1016 3108 1263 3171 parentes
1294 3098 1484 3154 erant?
1517 3096 1623 3154 Sed
1650 3112 1770 3152 cum

213 3195 297 3249 illo
319 3210 413 3249 non
436 3195 733 3250 seminante
758 3193 849 3249 illa
876 3193 1189 3264 peperisset,
1218 3191 1454 3263 profecto
1480 3206 1579 3247 nec
1606 3190 1773 3261 ipsius

212 3285 377 3339 forma:
400 3285 534 3340 servi
558 3294 816 3355 parentes
837 3284 996 3339 ambo
1014 3291 1214 3348 essent,
1232 3283 1333 3339 nisi
1365 3282 1505 3339 inter
1526 3296 1585 3338 se
1613 3283 1772 3338 etiam

212 3377 312 3432 sine
336 3378 503 3433 carnis
523 3377 911 3434 commixtione
930 3376 1180 3447 conjuges
1209 3384 1406 3431 essent.
1433 3374 1582 3431 Unde
1610 3383 1665 3430 et
1683 3389 1773 3431 se-

208 3469 302 3523 ries
324 3469 745 3540 generationem,
766 3484 889 3525 cum
928 3477 1177 3540 parentes
1213 3468 1407 3524 Christi
1443 3468 1775 3525 connexione

208 3562 538 3617 successionis
557 3571 1071 3625 commemorantur,
1092 3577 1259 3632 usque
1287 3561 1352 3616 ad
1376 3560 1573 3631 Joseph
1600 3556 1776 3631 potius

205 3654 327 3707 sicut
362 3654 553 3708 factum
598 3653 906 3721 cst,‘l’uerat
928 3653 1260 3725 perducenda
1289 3651 1500 3728 (Matth.
1540 3669 1578 3719 ι,
1610 3653 1698 3720 ιϐ,
1728 3664 1772 3707 et

206 3741 319 3797 Luc.
348 3760 422 3804 tu.
452 3744 559 3816 23)
584 3761 602 3810 ;
649 3761 717 3800 ne
744 3746 799 3800 in
826 3745 917 3800 illo
944 3744 1190 3815 conjugio
1208 3785 1225 3812 ,
1252 3744 1390 3798 virili
1419 3744 1567 3799 sexui
1595 3744 1776 3813 utique

201 3835 380 3904 potiori
402 3836 551 3892 ﬁeret
574 3837 792 3907 injuria,
813 3852 936 3891 cum
956 3836 1164 3891 veritati
1189 3835 1320 3890 nihil
1348 3835 1547 3905 periret
1564 3834 1685 3906 quia
1709 3849 1775 3890 ex

197 3926 390 3981 semine
414 3927 597 3992 David,
616 3942 684 3983 ex
704 3943 812 3998 quo
832 3937 1086 3983 venturus
1104 3927 1385 3997 praedictus
1404 3934 1488 3983 est
1512 3926 1775 3996 Christus,

196 4024 246 4072 et
269 4016 465 4088 Ioseph
489 4029 606 4074 erat
631 4028 688 4074 et
706 4020 890 4075 Maria.

262 4111 348 4165 i3.
392 4110 562 4166 Omne
600 4111 784 4181 itaque
824 4111 1127 4181 nuptiarum
1169 4109 1361 4166 bonum
1392 4110 1666 4180 impletum
1696 4118 1779 4165 est

193 4200 239 4254 in
270 4201 373 4255 illis
400 4202 710 4271 parentibus
728 4201 951 4270 Christi,
977 4202 1171 4271 proles,
1194 4201 1341 4266 ﬁdes,
1367 4212 1777 4257 sacramentum.

192 4292 400 4348 Prolem
429 4294 801 4365 cognoscimus
834 4294 1007 4364 ipsum
1040 4294 1317 4349 Dominum
1347 4293 1527 4349 Jesum
1554 4310 1567 4348 :
1594 4293 1775 4359 tidem,

187 4386 305 4453 quia
350 4387 557 4441 nullum
597 4386 921 4443 adulterium
956 4395 1385 4442 :sacramentum
1421 4386 1542 4458 quia
1578 4384 1780 4440 nullum

183 4478 495 4534 divortium.

253 4572 489 4628 CAPUT
516 4571 895 4627 Xll.——0mnis
919 4587 1032 4640 qua:
1050 4571 1112 4625 de
1126 4571 1383 4625 concubitu
1406 4572 1648 4636 nascitur,
1663 4587 1782 4624 caro

182 4666 384 4727 peccati
413 4675 506 4720 est.
548 4665 708 4720 Solus
748 4664 824 4719 ibi
871 4664 1121 4733 nuptialis
1162 4664 1471 4718 concubitus
1518 4679 1623 4717 non
1665 4662 1781 4727 fuit,

180 4752 304 4823 quia
340 4757 401 4810 in
430 4761 593 4812 etme
624 4755 829 4826 peccati
859 4754 972 4809 ﬁeri
1001 4771 1103 4807 non
1127 4763 1335 4824 poterat
1355 4755 1470 4809 sine
1493 4754 1577 4808 illa
1608 4754 1785 4808 carnis

181 4846 442 4911 pudenda
488 4846 964 4914 concupiscentia,
1008 4859 1126 4914 quae
1179 4844 1368 4899 accidit
1421 4859 1484 4899 ex
1532 4851 1780 4913 peccato,

180 4937 301 4989 sine
348 4952 459 5007 qua
500 4937 710 5006 cuncipi
741 4936 926 4999 voluit,
963 4937 1051 5005 qui
1094 4935 1297 4992 futurus
1342 4946 1456 4992 erat
1503 4938 1633 4991 sine
1664 4952 1786 5006 pec-

181 5035 331 5089 cato,
364 5044 474 5081 non
504 5029 555 5081 in
596 5043 762 5082 carne
794 5028 1020 5098 peccati,
1052 5026 1144 5081 sed
1190 5027 1240 5080 in
1288 5027 1633 5082 similitudine
1669 5043 1787 5082 car-

186 5115 275 5169 nis
315 5119 526 5193 peccati
561 5117 757 5191 (Rom.
793 5134 905 5180 vui,
940 5118 1016 5188 5)
1043 5136 1056 5171 :
1085 5126 1145 5172 ut
1184 5118 1306 5173 hinc
1351 5120 1510 5174 etiam
1550 5118 1784 5180 doceret,

188 5202 415 5260 esuriem
442 5222 556 5277 qua:
581 5207 651 5263 de
679 5208 966 5263 concubitu
994 5208 1246 5270 nascitur,
1275 5223 1489 5262 carnem
1523 5223 1640 5262 esse
1668 5222 1789 5277 pec-

190 5300 323 5365 cati;
350 5301 786 5373 quandoquidem
824 5303 937 5357 sola
965 5318 1081 5374 qua:
1108 5318 1212 5357 non
1240 5302 1363 5359 inde
1394 5313 1511 5358 nata
1540 5313 1650 5369 est,
1682 5319 1787 5357 non

198 5389 303 5444 fuit
339 5408 470 5449 caro
507 5396 733 5465 peccati.
762 5395 1019 5464 Quamvis
1049 5396 1336 5467 conjugalis
1360 5396 1673 5451 concubitus
1700 5397 1789 5467 qui

202 5478 266 5534 ει
289 5483 580 5542 intentione
606 5486 921 5558 generandi,
946 5502 1050 5542 non
1082 5488 1150 5542 sit
1174 5487 1289 5559 ipse
1316 5497 1592 5560 peccatum
1627 5506 1639 5542 :
1669 5489 1790 5559 quia

204 5572 347 5630 bona
367 5579 607 5635 voluntas
630 5579 821 5648 animi,
848 5591 1156 5652 sequentem
1183 5582 1349 5648 ducit,
1375 5597 1480 5638 non
1511 5582 1789 5639 ducentem

206 5667 453 5734 sequitur
490 5671 733 5741 corporis
776 5671 1127 5741 voluptatem;
1171 5687 1270 5727 nec
1318 5672 1604 5726 humanum
1646 5671 1788 5726 arbi—

214 5754 371 5811 trium
396 5760 617 5816 trahitur
637 5760 954 5833 suhjugante
972 5771 1207 5831 peccato,
1232 5778 1351 5816 cum
1372 5761 1513 5832 juste
1539 5762 1791 5833 redigitur

3358 320 3519 393 m‘

1879 430 1930 482 in
1962 445 2112 483 usum
2153 433 2440 499 generandi
2482 434 2629 507 plaga
2672 440 2895 507 peccati.
2938 441 3103 512 Hujus
3133 443 3301 516 plaga:
3334 448 3459 517 qui-

1873 519 1994 573 dam
2045 521 2277 588 pruritus
2329 523 2380 577 in
2429 524 2806 585 adulteriorum
2855 541 2910 587 et
2956 533 3360 591 fornicationum
3405 549 3461 593 et

1876 610 2232 679 quorumlibet
2268 621 2571 684 stuprorum
2614 627 2774 689 atque
2815 621 3267 682 immunditiarum
3306 628 3459 685 [tedi-

1877 699 2072 757 tatibus
2111 711 2329 772 regnat;
2379 706 2431 760 in
2470 710 2856 767 connubiorum
2885 730 3010 770 vero
3045 720 3454 776 necessitudini-

1876 789 1975 846 bus
1997 793 2014 825 ¹
2043 794 2224 850 servit.
2275 795 2351 852 lbi
2385 796 2453 852 de
2481 797 2698 855 domino
2721 803 2810 856 tali
2835 805 3105 875 turpitudo
3134 808 3417 865 damnatur
3440 853 3457 873 .

1875 881 1963 938 hic
1983 883 2050 939 de
2072 878 2387 958 pedissequo
2413 889 2503 943 tali
2532 889 2779 947 honestas
2802 897 3211 954 verecundatur.
3236 900 3352 957 Non
3372 915 3458 959 est

1877 974 2035 1045 igitur
2070 975 2187 1033 haec
2228 978 2394 1034 libido
2428 981 2733 1050 nuptiarum
2760 982 2979 1053 bonum,
3014 989 3107 1043 sed
3138 991 3464 1049 obsemnitas

1878 1068 2232 1136 peccantium,
2266 1072 2555 1127 necessitas
2584 1077 2970 1144 generantium,
3001 1078 3334 1139 lasciviarum
3363 1101 3456 1141 ar~

1875 1156 1994 1227 dor,
2030 1160 2329 1229 nuptiarum
2362 1163 2549 1233 pudor.
2597 1166 2704 1221 Cur
2746 1181 2875 1238 ergo
2912 1185 3016 1225 non
3060 1173 3308 1244 conjuges
3344 1192 3457 1232 ma-

1876 1258 2056 1318 neant,
2108 1252 2197 1321 qui
2250 1267 2316 1308 ex
2366 1269 2630 1312 consensu
2682 1260 3037 1316 concumbere
3083 1263 3357 1331 desinunt;
3411 1270 3456 1322 si

1877 1349 2186 1395 manserunt
2205 1342 2457 1414 conjuges
2481 1345 2676 1416 Joseph
2700 1356 2753 1402 et
2777 1347 2960 1415 Maria,
2983 1351 3073 1421 qui
3098 1356 3455 1412 concumbere

1875 1445 1976 1486 nec
1996 1435 2308 1501 cmperunt?

1943 1523 2169 1581 CAPUT
2208 1526 2418 1580 Xlll.-—
2437 1529 2522 1583 14.
2562 1530 2690 1587 Ante
2714 1532 2967 1590 Christum
2995 1546 3188 1610 tempus
3213 1543 3452 1612 nubendi,

1874 1624 1984 1683 post
2008 1613 2259 1671 Christum
2286 1621 2572 1676 continendi
2598 1633 2791 1694 tempus
2814 1636 2904 1682 est.
2939 1630 3065 1686 Haec
3084 1633 3226 1688 enim
3258 1650 3452 1704 propa-

1872 1707 2016 1777 gatio
2042 1708 2289 1777 ﬁliorum,
2319 1728 2438 1783 quae
2468 1714 2519 1769 in
2551 1717 2747 1772 sanctis
2776 1720 3017 1788 patribus
3046 1734 3265 1794 propter
3288 1742 3451 1797 gene-

1873 1798 2094 1852 randum
2125 1810 2179 1854 et
2216 1805 2642 1861 conservandum
2675 1810 2924 1879 populum
2960 1813 3084 1877 Dei,
3118 1815 3169 1869 in
3197 1831 3302 1887 quo
3325 1833 3454 1888 pro-

1874 1889 2105 1959 phetiam
2148 1892 2345 1951 Christi
2388 1898 2691 1968 praecedere
2736 1904 3005 1972 oportuit,
3063 1906 3451 1966 ofﬁciosissima

1873 1982 2001 2050 fuit,
2032 2000 2171 2040 nunc
2194 1986 2305 2056 jam
2338 2002 2444 2044 non
2487 1989 2642 2045 habet
2680 1991 2822 2047 illam
2870 1996 3262 2053 necessitatem.
3301 2000 3454 2056 Patet

1874 2074 2071 2145 quippe
2091 2074 2199 2146 jam
2226 2092 2291 2132 ex
2325 2079 2570 2135 erunibus
2597 2083 2843 2151 gentibus
2863 2085 3211 2154 spiritualiter
3228 2090 3447 2160 gignen-

1873 2164 2098 2233 dorum,
2129 2167 2495 2240 undecumque
2538 2173 2822 2228 carnaliter
2867 2176 2972 2229 nati
3020 2174 3250 2244 fuerint,
3302 2181 3456 2250 copia

1873 2254 2122 2313 ﬁliorum.
2152 2259 2219 2313 Et
2243 2260 2382 2329 quod
2412 2262 2666 2332 scriptum
2696 2273 2806 2330 est,
2839 2265 3059 2338 Tempus
3083 2269 3454 2340 amplectendi,

1872 2359 1918 2402 et
1931 2359 2126 2420 tempus
2142 2353 2430 2407 continendi
2448 2354 2511 2409 ab
2529 2358 2766 2427 amplexu
2789 2358 2983 2430 (Eccle.
3003 2377 3081 2426 ut,
3096 2362 3183 2433 5);
3218 2367 3456 2433 perhilud

1871 2447 2029 2511 atque
2041 2440 2143 2496 hoc
2159 2450 2367 2513 tempus
2378 2446 2398 2477 ³
2419 2448 2724 2515 agnoscitur
2737 2434 3095 2506 distributum.
3118 2455 3247 2510 Illud
3265 2458 3459 2528 quippe

1873 2531 1972 2588 fuit
1991 2535 2365 2605 amplectendi,
2395 2536 2498 2593 hoc
2532 2548 2707 2596 autem
2752 2543 3056 2598 continendi
3086 2547 3155 2601 ab
3182 2551 3455 2618 amplexu.

1945 2624 2033 2680 15.
2073 2624 2255 2696 Itaque
2281 2635 2337 2683 et
2364 2628 2650 2697 Apostolus
2674 2646 2795 2686 cum
2827 2633 2951 2688 hinc
2978 2636 3303 2707 loqueretur,
3333 2641 3408 2696 ait
3440 2661 3455 2697 :

1873 2715 1989 2771 Hoc
2019 2728 2186 2772 auten:
2224 2720 2337 2775 dico
2355 2761 2371 2789 ,
2399 2722 2580 2790 fratres
2603 2739 2622 2778 :
2661 2734 2858 2796 tempus
2893 2726 3036 2783 breve
3073 2740 3145 2785 est
3166 2747 3188 2797 ;
3213 2734 3459 2806 reliquum

1872 2816 1945 2864 est
1968 2819 2014 2864 et
2036 2818 2091 2863 ut
2109 2812 2194 2879 qui
2216 2811 2401 2867 habent
2419 2828 2603 2869 uxores
2623 2824 2863 2888 tanquam
2880 2835 2980 2873 non
3000 2820 3234 2878 habentes
3256 2825 3355 2879 sint
3372 2842 3391 2890 ;
3410 2838 3461 2883 et

1871 2902 1957 2974 qui
1973 2903 2116 2974 ﬂent,
2145 2912 2383 2975 tanquam
2407 2922 2508 2960 non
2532 2908 2746 2977 flentes;
2771 2918 2817 2963 et
2836 2911 2923 2982 qui
2941 2912 3164 2982 gaudent
3182 2954 3197 2978 ,
3221 2923 3460 2986 tanquam

1874 3012 1976 3050 non
1995 2995 2267 3066 gaudentes
2285 3012 2306 3061 ;
2325 3006 2373 3052 et
2386 2998 2473 3068 qui
2491 3008 2681 3065 emunt,
2699 3008 2938 3071 tanquam
2959 3019 3060 3058 non
3079 3006 3385 3075 possidentes
3400 3008 3461 3076 ³;

1875 3095 1923 3140 et
1940 3086 2026 3154 qui
2044 3096 2254 3141 utuntur
2270 3088 2364 3142 hoc
2378 3090 2586 3154 mundo,
2606 3100 2844 3161 tanquam
2866 3109 2965 3148 non
2986 3104 3223 3152 utantur:
3244 3102 3465 3169 prseterit

1875 3176 2009 3230 enim
2025 3177 2194 3246 ﬁgura
2214 3177 2367 3250 hujus
2386 3180 2581 3235 mundi.
2611 3179 2735 3235 Volo
2751 3197 2836 3237 vos
2854 3184 2962 3239 sine
2978 3186 3315 3244 sollicitudine
3334 3205 3459 3247 esse.

1875 3265 2002 3321 Haec
2020 3267 2218 3334 omnia,
2236 3276 2295 3323 ut
2313 3270 2628 3339 exponendo
2646 3272 2843 3342 aliquid
2866 3272 2990 3330 hinc
3006 3275 3241 3333 breviter
3263 3279 3458 3349 dicam,

1875 3357 1954 3412 sic
1978 3358 2224 3413 existimo
2251 3360 2611 3432 intelligenda.
2643 3360 2789 3429 Hoc,
2822 3363 3026 3434 inquit,
3057 3366 3169 3422 dico
3188 3410 3204 3435 ,
3233 3368 3415 3437 fratres
3444 3386 3462 3423 :

1877 3455 2071 3519 tempus
2099 3448 2241 3503 breue
2267 3459 2379 3504 est:
2405 3466 2509 3506 non
2533 3450 2707 3509 adhuc
2729 3455 2955 3523 populus
2975 3455 3067 3511 Dei
3089 3460 3464 3530 propagaudus

1878 3548 1961 3594 est
1985 3542 2325 3610 generatione
2347 3543 2650 3609 carnaliter,
2677 3545 2771 3600 sed
2793 3546 2902 3617 jam
2930 3551 3336 3618 regeneratione
3355 3554 3464 3623 spi-

1880 3629 2138 3685 ritualiter
2173 3631 2520 3702 colligendus.
2562 3633 2831 3704 Reliquum
2873 3646 2942 3691 est
2983 3654 3145 3709 ergo,
3187 3650 3244 3695 ut
3286 3652 3335 3697 et
3377 3645 3465 3713 qui

1880 3720 2062 3775 habent
2088 3738 2270 3778 uxores
2289 3765 2304 3790 ,
2337 3739 2442 3780 non
2470 3726 2668 3780 carnali
2696 3729 3143 3796 concupiscentiae
3175 3732 3465 3804 subjungen-

1882 3823 1999 3883 tur;
2030 3825 2074 3870 et
2100 3817 2185 3886 qui
2208 3818 2332 3887 ﬂent
2366 3818 2574 3872 tristitia
2601 3820 2879 3888 praesentis
2908 3822 3054 3888 mali,
3084 3823 3347 3893 gaudeant
3370 3841 3466 3896 spe

1882 3905 2041 3961 futuri
2074 3906 2232 3972 boni;
2261 3916 2310 3962 et
2336 3908 2422 3979 qui
2446 3909 2666 3979 gaudent
2697 3902 2914 3981 propter
2939 3915 3230 3983 temporale
3253 3917 3467 3990 aliquod

1882 3997 2242 4064 commodum,
2269 3999 2487 4054 timeant
2506 4007 2764 4056 aeternum
2782 4000 3073 4073 judicium;
3101 4014 3146 4059 et
3169 4009 3255 4075 qui
3274 4017 3466 4077 emunt,

1882 4089 1961 4145 sic
1987 4089 2229 4145 habendo
2254 4090 2595 4161 possideant,
2631 4100 2691 4146 ut
2713 4093 2944 4148 amando
2969 4109 3074 4157 non
3117 4095 3389 4165 hmreant;
3419 4108 3468 4155 et

1881 4182 1969 4253 qui
1993 4191 2204 4236 utuntur
2228 4181 2323 4236 hoc
2348 4181 2557 4249 mundo,
2587 4184 2815 4238 transire
2846 4199 2904 4238 se
2930 4186 3182 4256 cogitent,
3214 4203 3316 4243 non
3348 4206 3465 4244 ma-

1884 4288 2033 4328 nere.
2084 4273 2314 4327 Praeterit
2364 4273 2497 4328 enim
2538 4273 2704 4344 ﬁgura
2747 4274 2899 4346 hujus
2936 4278 3132 4330 mundi.
3193 4276 3314 4333 Volo
3358 4296 3469 4346 nos,

1886 4364 2085 4435 inquit,
2116 4365 2225 4420 sine
2266 4365 2600 4421 sollicitudine
2628 4382 2771 4421 esse:
2812 4366 2913 4422 hoc
2949 4377 3064 4436 est,
3106 4372 3226 4426 volo
3256 4388 3471 4427 sursum

1885 4470 1979 4511 cor
2007 4457 2061 4510 in
2091 4455 2174 4511 his
2198 4472 2316 4527 qua:
2345 4472 2450 4511 non
2480 4465 2835 4527 praetereunt,
2867 4473 2963 4514 vos
3005 4460 3220 4516 habere.
3268 4463 3471 4519 Deinde

1886 4546 2152 4616 subjungit
2177 4555 2232 4601 et
2258 4546 2421 4602 dicit:
2454 4546 2554 4615 Qui
2585 4548 2693 4602 sine
2715 4564 2871 4602 uxore
2899 4557 3004 4617 est,
3045 4551 3229 4621 cogitat
3270 4569 3331 4608 ea
3356 4571 3473 4625 qua:

1887 4648 2002 4694 sunt
2031 4640 2265 4706 Domini,
2293 4639 2540 4710 quomodo
2563 4640 2756 4710 placeat
2782 4638 3001 4694 Domino
3021 4656 3041 4695 :
3062 4641 3150 4712 qui
3171 4653 3337 4698 autem
3362 4662 3472 4700 ma-

1890 4731 2123 4786 trintonio
2138 4732 2350 4801 junctus
2373 4741 2447 4786 est
2464 4772 2480 4797 ,
2509 4732 2692 4803 cogitat
2717 4748 2831 4801 qua:
2856 4743 2972 4787 sunt
3000 4736 3196 4803 mundi,
3217 4740 3473 4808 quomodo

1890 4826 2086 4896 placeat
2125 4826 2271 4879 uxori
2300 4824 2340 4898 (1
2369 4824 2486 4880 Cor.
2528 4842 2599 4880 vn
2620 4866 2635 4892 ,
2664 4826 2876 4898 29-55).
2927 4829 3102 4900 Atque
3130 4831 3199 4886 ita
3239 4835 3472 4903 quodam

1892 4916 2050 4972 modo
2079 4917 2293 4986 exponit
2318 4916 2457 4988 quod
2488 4933 2644 4987 supra
2674 4917 2907 4984 dixerat,
2938 4919 3038 4987 Qui
3061 4920 3244 4978 habent
3268 4942 3470 4993 uxores,

1892 5020 2128 5083 tanquam
2148 5027 2247 5064 non
2268 5011 2501 5064 habentes
2520 5011 2637 5064 sint.
2661 5011 2757 5080 Qui
2781 5012 2921 5066 enim
2944 5011 3020 5068 sic
3042 5013 3239 5072 habent
3257 5033 3470 5087 uxores,

1894 5112 1951 5157 ut
1966 5102 2197 5173 cogitent
2213 5118 2272 5156 ea
2294 5118 2411 5173 «pne
2427 5110 2553 5157 sunt
2578 5103 2805 5168 Domini,
2819 5104 3087 5174 quomodo
3108 5108 3351 5176 placeant
3373 5111 3475 5166 Do—

1897 5193 2060 5258 mino,
2082 5208 2178 5248 nec
2194 5194 2243 5248 in
2268 5193 2348 5246 his
2364 5209 2480 5264 qum
2498 5201 2623 5248 sunt
2637 5193 2842 5262 mundi,
2863 5196 3095 5266 cogitent
3116 5202 3325 5270 placere
3342 5217 3474 5255 uxo-

1896 5284 2059 5349 ribus,
2083 5296 2329 5355 tanquam
2359 5302 2461 5340 non
2493 5285 2749 5343 habentes
2770 5296 2910 5342 sunt.
2935 5287 3085 5360 Quod
3116 5290 3319 5346 facilius
3347 5291 3403 5346 ﬁt
3428 5292 3467 5357 δ,

1960 5461 1978 5493 ¹
2015 5461 2201 5523 Aliquot
2218 5468 2346 5521 Mss,
2370 5460 2741 5513 necessitatibus.

1961 5524 1981 5588 ξ
2013 5519 2210 5581 Quidam
2226 5535 2256 5571 e
2273 5519 2508 5573 Vaticanis
2528 5530 2655 5583 3185.,
2684 5536 2771 5586 per
2794 5528 3047 5587 utrumque
3067 5519 3156 5573 hoc
3178 5528 3380 5588 tempus.

1963 5584 1983 5647 ἕ
2015 5593 2193 5633 omnes
2217 5592 2341 5645 Mss,
2367 5591 2595 5647 tauquam
2617 5584 2711 5634 non
2732 5591 2955 5647 ementes.

1962 5645 1984 5677 ⁸
2018 5654 2118 5711 sm.
2145 5653 2297 5711 [ει-τρι
2317 5660 2407 5711 se;
2430 5644 2521 5697 M'ss
2544 5682 2559 5705 ,
2597 5647 2723 5709 quod
2746 5660 2804 5711 ea
2847 5645 3072 5711 felicitate
3102 5644 3175 5711 ﬁt.
3209 5653 3309 5697 Duo
3353 5656 3476 5710 Mss,

1901 5708 2029 5819 (’13::
2046 5722 2103 5831 qn
2120 5706 2348 5819 ﬂagitati!
2367 5706 2437 5771 ﬁt.
2460 5717 2589 5759 Unus
2610 5706 2639 5757 e
2663 5706 2892 5757 Vaticanis
2917 5716 3018 5757 Mss.
3041 5721 3067 5757 ιι
3084 5706 3297 5759 secunda
3320 5706 3485 5771 tinnit,

1904 5787 1965 5829 (Γ
2074 5787 2143 5819 tlt‘t
2166 5785 2192 5818 t’
2275 5807 2284 5817 .

1904 5787 1933 5829 (ί
1945 5778 2028 5819 "0t!
2054 5778 2192 5829 facile
2217 5778 2284 5819 Itt.
