3938 6496
576 334 679 393 4Ξὸ

579 450 788 519 quando
826 455 879 503 et
907 457 1099 500 uxores
1130 440 1259 494 tales
1287 443 1442 499 sunt,
1474 443 1530 486 ut
1569 433 1646 486 eis
1687 429 1857 483 mariti
1888 442 1992 482 non
2030 424 2150 478 ideo

576 542 839 611 placeant,
896 537 1016 606 quia
1057 531 1268 592 divites,
1310 528 1432 596 quia
1475 523 1749 585 sublimes,
1793 519 1914 589 quia
1961 531 2157 611 genere

579 606 781 686 nobiles
800 670 815 694 ,
848 628 969 697 quia
998 635 1158 678 carne
1187 617 1442 675 amabiles
1467 634 1480 669 :
1510 614 1602 669 sed
1633 613 1754 682 quia
1782 609 2001 676 ﬁdeles,
2033 606 2155 677 quia

578 721 833 791 religiosi,
866 717 986 787 quia
1013 712 1222 784 pudici,
1250 711 1374 782 quia
1404 709 1501 763 viri
1528 707 1650 762 boni
1676 713 1817 760 sunt.

645 809 870 867 CAPUT
909 805 1212 861 XIV—16.
1239 799 1633 871 Intemperantia
1653 795 1880 868 quedam
1904 794 1956 847 in
1981 794 2159 863 conju-

575 905 717 976 gibus
746 900 1026 955 toleranda.
1060 896 1194 953 Usus
1220 893 1526 949 matrimonii
1551 892 1610 945 ob
1635 889 1795 944 solam
1821 886 2041 942 libidinis
2065 902 2156 940 vo-

576 998 815 1067 luptatem
856 1009 956 1046 non
998 1000 1131 1044 caret
1155 989 1322 1058 culpa,
1358 984 1445 1039 sed
1476 992 1681 1054 prapter
1722 980 1926 1049 nuptias
1954 977 2153 1031 veniali.

576 1089 774 1142 Verum
798 1089 852 1140 in
872 1083 1190 1155 coniugatis,
1219 1089 1277 1135 ut
1303 1079 1418 1133 haec
1442 1076 1668 1147 optanda
1694 1084 1851 1142 atque
1871 1069 2171 1132 laudanda;

573 1181 651 1234 sic
674 1179 776 1233 alia
816 1174 1085 1232 toleranda
1115 1182 1271 1238 sunt,
1311 1185 1379 1224 ne
1412 1169 1467 1222 in
1501 1165 1816 1222 damnabilia
1847 1163 2041 1233 ﬁagitia
2061 1202 2077 1229 ,
2104 1161 2157 1215 id

574 1279 656 1325 est
674 1312 689 1336 ,
720 1270 774 1323 in
803 1267 1174 1322 fornicationes
1198 1263 1282 1317 vel
1311 1258 1567 1315 adulteria
1604 1264 1900 1311 corruatur.
1932 1254 2159 1321 Propter

576 1361 717 1430 quod
757 1359 1026 1414 vitandum
1057 1355 1252 1411 malum
1279 1394 1292 1417 ,
1324 1352 1482 1407 etiam
1521 1348 1595 1402 illi
1633 1346 1943 1402 concubitus
1970 1344 2157 1413 conju-

576 1468 723 1526 gnm,
753 1452 840 1522 qui
867 1466 971 1505 non
1003 1448 1134 1501 ﬁunt
1159 1459 1317 1501 causa
1344 1439 1650 1513 generandi,
1677 1437 1772 1492 sed
1797 1434 2003 1491 victrici
2029 1449 2156 1489 con-

577 1545 916 1616 cupiscentia:
943 1541 1198 1605 serviunt,
1224 1539 1276 1592 in
1301 1536 1493 1607 quibus
1513 1533 1765 1601 jubentur
1784 1544 1892 1583 non
1912 1527 2172 1584 fraudare.

578 1639 803 1693 invicem
824 1677 839 1701 ,
870 1650 937 1689 ne
978 1639 1145 1689 tentet
1175 1645 1268 1685 eos
1298 1636 1510 1683 satanas
1550 1633 1765 1694 propter
1794 1622 2157 1691 intemperan-

579 1730 704 1784 tiam
730 1742 914 1792 suam;
944 1740 1049 1779 non
1075 1723 1285 1794 quidem
1326 1717 1617 1775 secundum
1656 1716 1934 1784 imperium
1974 1711 2159 1783 pratci-

579 1819 816 1889 pinntur,
853 1824 1029 1870 tamen
1072 1811 1361 1867 secundum
1400 1808 1607 1863 veniam
1648 1804 2029 1861 conceduntur.
2071 1801 2158 1857 Sic

578 1910 720 1964 enim
751 1908 1002 1977 scriptum
1024 1913 1143 1960 est:
1179 1902 1340 1958 Uxori
1359 1903 1433 1954 vir
1459 1900 1676 1954 debitum
1700 1897 1898 1959 reddat,
1929 1895 2158 1951 similiter

577 2011 743 2054 autem
773 2008 820 2054 et
848 2014 977 2052 uxor
1005 1998 1129 2051 viro.
1161 1994 1347 2049 Mulier
1371 1992 1450 2046 sui
1482 1991 1708 2061 corporis
1737 1996 2027 2059 potestatem
2057 2003 2157 2040 non

578 2092 760 2158 habet,
793 2087 881 2144 sed
905 2092 979 2144 vir
1000 2105 1020 2143 :
1059 2087 1290 2142 sintiliter
1317 2093 1483 2138 autem
1512 2095 1559 2136 et
1593 2082 1669 2135 vir
1692 2081 1771 2134 sui
1807 2080 2032 2148 corporis
2062 2093 2156 2149 po-

579 2194 800 2239 testatem
825 2200 926 2236 non
946 2182 1110 2245 habet,
1134 2179 1222 2234 sed
1247 2178 1446 2233 mulier.
1475 2175 1647 2229 Nolite
1669 2174 1875 2228 invicem
1897 2171 2154 2243 fraudare,

576 2277 676 2331 nisi
699 2293 762 2330 ea:
786 2291 1030 2329 consensu
1059 2274 1127 2327 ad
1151 2282 1347 2342 tempus
1366 2313 1389 2336 ,
1410 2277 1465 2322 ut
1492 2267 1673 2322 vacetis
1700 2265 1953 2329 orationi;
1979 2273 2025 2317 ct
2057 2264 2154 2316 ite-

578 2385 690 2421 rum
731 2368 799 2420 ad
824 2366 1045 2436 idipsum
1074 2372 1267 2418 estote:
1306 2378 1368 2415 ne
1410 2368 1560 2414 tentet
1596 2375 1683 2412 vos
1719 2365 1921 2412 satanas
1956 2364 2160 2425 propter

577 2458 1012 2527 intemperantiam
1037 2463 1264 2509 vestram.
1301 2450 1412 2505 Hoc
1438 2460 1604 2504 autent
1630 2448 1742 2501 dico
1766 2445 2039 2501 secundum
2072 2460 2157 2497 ve-

577 2550 735 2615 niam,
760 2565 857 2602 non
878 2546 1146 2601 secundant
1163 2545 1427 2614 imperium
1444 2539 1619 2610 (lCor.
1638 2557 1732 2606 vn,
1753 2537 1889 2610 5-6).
1912 2538 2011 2594 Ubi
2030 2553 2159 2607 ergo

578 2639 731 2694 venia
752 2637 925 2692 danda
945 2643 1046 2701 est,
1068 2635 1262 2705 aliquid
1283 2648 1402 2688 esse
1421 2633 1590 2702 culpa:
1613 2632 1752 2685 nulla
1776 2630 1978 2684 ratione
2002 2644 2159 2700 nega-

579 2731 742 2787 bitur.
782 2731 911 2786 Cum
941 2729 1096 2799 igitur
1123 2727 1400 2797 culpabilis
1428 2743 1533 2781 non
1564 2726 1632 2780 sit
1657 2725 1944 2796 generandi
1986 2724 2161 2778 inten-

581 2822 723 2877 tione
748 2820 1079 2887 concubitus,
1102 2819 1189 2889 qui
1220 2819 1431 2888 propric
1456 2817 1655 2888 nuptiis
1682 2815 2019 2885 imputandus
2044 2824 2155 2881 est;

578 2913 702 2984 quid
731 2911 1017 2968 secundum
1050 2911 1256 2966 veniam
1282 2909 1524 2965 concedit
1550 2909 1831 2977 Apostolus
1853 2949 1869 2974 ,
1900 2907 1999 2960 nisi
2019 2906 2159 2976 quod

578 3004 857 3074 conjuges,
889 3003 1013 3058 dum
1040 3017 1100 3058 se
1129 3017 1233 3056 non
1263 3003 1558 3066 continent,
1591 3000 1827 3054 debitum
1874 2998 1941 3052 ab
1988 2998 2159 3052 alter-

581 3106 700 3151 ntro
748 3096 923 3151 carnis
968 3103 1300 3165 exposcunt,
1339 3110 1447 3149 non
1495 3094 1768 3148 voluntate
1814 3092 2157 3162 propaginis,

578 3188 671 3242 sed
720 3187 952 3242 libidinis
996 3185 1305 3254 voluptate?
1352 3185 1482 3251 Qua:
1534 3194 1710 3239 tamen
1763 3185 2006 3253 voluptas
2052 3198 2159 3239 non

580 3290 796 3349 propter
832 3279 1038 3347 nuptias
1062 3276 1206 3332 cadit
1234 3277 1287 3331 in
1312 3277 1549 3346 culpam,
1590 3275 1683 3330 sed
1710 3284 1925 3345 prepter
1952 3275 2160 3343 nuptias

579 3371 770 3440 accipit
807 3369 1032 3425 veniam.
1065 3369 1324 3437 Quocirca
1361 3370 1520 3424 etiam
1551 3369 1677 3422 hinc
1716 3374 1840 3423 sunt
1875 3367 2160 3422 laudabiles

580 3463 814 3531 nttptim,
870 3461 991 3531 quia
1038 3468 1094 3515 ct
1141 3459 1269 3514 illud
1319 3458 1460 3529 quod
1514 3474 1617 3512 non
1675 3459 1900 3528 pertinet
1945 3457 2014 3512 ad
2065 3472 2158 3522 se,

581 3551 778 3620 ignosci
815 3550 1008 3603 faciunt
1045 3560 1264 3619 propter
1300 3564 1377 3603 sc.
1418 3550 1603 3619 Neque
1658 3550 1797 3604 enim
1845 3550 2005 3603 etiam
2060 3549 2162 3604 iste

578 3640 886 3694 concubitus
906 3653 1010 3708 quo
1032 3639 1261 3694 servitur
1281 3639 1724 3708 concupiscentia:
1743 3678 1759 3704 ,
1783 3638 1861 3693 sic
1879 3639 2079 3709 agitur,
2106 3648 2163 3693 ut

580 3730 901 3800 impediatur
926 3728 1064 3784 fctus
1084 3771 1100 3796 ,
1138 3745 1295 3799 quem
1325 3729 1592 3800 postulant
1623 3730 1837 3799 nuptiae.

647 3838 872 3895 CAPUT
912 3837 1026 3893 XV.
1048 3868 1121 3879 -—-
1138 3839 1225 3893 17.
1266 3838 1293 3891 1
1300 3856 1332 3892 tt
1358 3855 1451 3892 usu
1470 3839 1699 3910 coniugis
1717 3838 1839 3908 quid
1861 3839 1969 3893 sine
1986 3838 2158 3907 culpa,

578 3930 699 4000 quid
723 3947 838 3985 cunt
865 3930 1047 3984 veniali
1079 3930 1232 4000 culpa
1250 3971 1264 3995 ,
1304 3930 1425 4000 quid
1449 3945 1564 3982 cum
1600 3930 1822 3983 mortali.
1851 3928 1955 3985 Sed
1987 3939 2161 3983 tamen

579 4020 722 4076 aliud
751 4030 860 4087 est,
902 4014 1008 4076 non
1035 4020 1387 4076 concumbere
1427 4020 1531 4075 nisi
1568 4020 1681 4075 sola
1709 4021 1979 4076 voluntate
2002 4037 2163 4092 gene-

582 4112 756 4179 randi,
780 4112 921 4183 quod
947 4127 1054 4166 non
1078 4111 1238 4166 habet
1255 4112 1463 4181 culpam
1489 4128 1503 4178 ;
1530 4113 1693 4178 aliud,
1716 4114 1891 4168 carnis
1911 4128 2165 4168 concum-

584 4206 757 4260 bcndo
784 4213 1036 4274 appetere
1078 4202 1426 4273 voluptatem,
1471 4203 1565 4257 sed
1608 4219 1712 4258 non
1745 4213 1938 4273 praeter
1974 4204 2163 4275 conju—

582 4309 732 4365 gem,
766 4292 909 4364 quod
960 4293 1219 4348 venialem
1267 4292 1426 4348 habet
1472 4292 1702 4362 culpam.
1748 4294 1880 4360 Quia
1919 4296 2018 4350 etsi
2056 4311 2164 4351 non

579 4401 739 4441 causa
786 4386 1137 4457 propagandae
1176 4385 1339 4455 prolis
1381 4385 1786 4454 concumbitur,
1835 4400 1942 4442 non
1988 4398 2163 4445 tamen

581 4479 740 4549 huius
777 4476 1009 4533 libidinis
1053 4491 1215 4532 causa
1257 4476 1621 4547 propagationi
1650 4477 1817 4548 prolis
1854 4478 2160 4546 obsistitur,

580 4570 693 4625 sive
715 4580 839 4625 voto
864 4569 1024 4636 malo,
1049 4568 1162 4623 sive
1186 4583 1349 4638 opere
1379 4567 1539 4623 malo.
1569 4567 1702 4622 Nam
1729 4567 1817 4638 qui
1845 4568 1945 4624 hoc
1967 4568 2165 4626 faciunt

579 4661 822 4730 quamvis
845 4667 1099 4715 vocentur
1124 4659 1379 4729 coujnges
1397 4699 1412 4726 ,
1439 4673 1545 4713 non
1576 4667 1718 4725 sunt,
1746 4675 1847 4715 nec
1875 4661 2034 4715 ullam
2063 4678 2163 4716 nu-

524 4764 533 4771 ‘
582 4752 808 4822 ptiarum
855 4751 1081 4806 retinent
1129 4751 1444 4816 veritatem,
1494 4750 1587 4805 sed
1636 4751 1915 4807 honestum
1970 4768 2162 4809 nomen

580 4843 819 4899 velanda:
860 4842 1169 4913 turpitudini
1216 4841 1510 4899 obtendunt
1551 4844 1591 4897 ί.
1647 4843 1948 4900 Produntur
1984 4858 2163 4903 autem

580 4936 793 5008 quando
820 4951 886 4992 eo
918 4950 1084 5007 usque
1118 4934 1527 5005 progrediuntur
1545 4977 1561 5003 ,
1591 4945 1652 4991 ut
1679 4948 1948 5008 exponant
1986 4941 2121 4997 ﬁlios
2143 4983 2159 5009 ,

581 5028 670 5098 qni
699 5034 987 5083 nascuntur
1012 5024 1189 5081 invitis
1217 5026 1258 5078 ².
1284 5024 1527 5081 Oderunt
1549 5026 1692 5082 enim
1725 5028 1927 5085 nutrire
1953 5030 2039 5085 vel
2067 5031 2164 5085 ha-

581 5121 739 5185 bere,
788 5132 920 5189 quos
951 5117 1170 5189 gignere
1208 5117 1536 5173 metuebant.
1578 5117 1761 5191 Itaque
1787 5136 1908 5177 cum
1943 5123 1998 5179 in
2037 5140 2165 5180 suos

579 5212 764 5277 saivit,
793 5224 926 5281 quos
958 5210 1146 5265 nolens
1186 5209 1366 5280 genuit
1392 5209 1671 5266 tenebrosa
1699 5212 1946 5283 iniquitas
1968 5256 1983 5281 ,
2020 5215 2165 5272 clara

580 5304 856 5377 iniquitate
902 5304 956 5359 in
1001 5304 1173 5359 lucem
1220 5303 1501 5373 promitur,
1546 5311 1601 5359 et
1645 5306 1850 5360 occulta
1895 5307 2166 5378 turpitudo

583 5397 861 5455 manifesta
883 5395 1195 5452 crudelitate
1214 5395 1565 5450 convincitur.
1592 5396 1884 5467 Aliquando
1910 5413 1975 5453 eo
1996 5413 2167 5469 usque

584 5492 824 5563 pervenit
845 5491 957 5546 hrcc
977 5488 1254 5547 libidinosa
1282 5487 1589 5554 crudelitas,
1619 5491 1698 5544 vel
1726 5489 1887 5546 libido
1912 5490 2162 5557 crudelis,

645 5647 662 5677 ι
699 5643 919 5708 Plerique
958 5650 1064 5693 uss.
1110 5655 1220 5693 cum
1263 5650 1397 5702 Am.,
1458 5641 1674 5695 velamur
1728 5642 2041 5708 turpitudinis
2085 5644 2164 5696 ob-
2246 5657 2249 5660 '

580 5708 795 5757 tendunt.

647 5770 668 5799 ³
702 5776 818 5816 tres
837 5778 866 5815 e
892 5767 1125 5817 Vaticanis
1148 5772 1277 5823 διεδ..
1301 5764 1350 5815 in
1376 5764 1506 5818 ricis.

1368 320 1454 376 DE
1492 316 1758 374 NUPTllS
1799 314 1879 368 l:‘.T
1920 308 2516 384 CONCUPISCENTIA,
2559 310 2615 364 S.
2659 307 3025 368 AUGUSTINI
3666 344 3745 404 .m

2265 432 2321 476 ut
2357 422 2515 475 etiam
2552 424 2844 479 sterilitatis
2870 438 3074 480 venena
3112 440 3382 501 procuret;
3409 446 3457 492 et
3489 441 3529 497 si
3552 446 3658 505 nihil
3680 469 3747 511 ra.

2261 514 2419 570 luerit
2447 516 2465 547 ί
2487 556 2501 581 ,
2543 526 2831 585 conceptos
2861 519 3010 577 lctus
3035 518 3209 588 aliquo
3250 526 3398 583 modo
3430 530 3551 591 intra
3588 542 3745 605 visam

2260 607 2557 676 exstinguat
2584 622 2647 661 ac
2673 607 2853 662 fundat
2871 649 2887 675 ,
2917 608 3141 663 valendo
3165 624 3306 667 suam
3334 621 3522 685 prolem
3543 631 3666 696 prius
3686 636 3751 694 in-

2262 697 2421 752 terire
2445 712 2602 768 quam
2623 698 2834 763 vivere;
2858 706 2949 753 aut
2973 698 3017 753 si
3041 699 3093 752 in
3119 707 3265 756 utero
3284 702 3384 773 jam
3403 710 3604 784 vivebat,
3620 726 3749 784 occidi

2259 794 2542 858 antequam
2567 787 2741 883 nasci.
2764 787 2990 883 Prorsus
3015 788 3062 843 si
3081 789 3235 883 ambo
3258 793 3383 850 tales
3403 810 3533 866 sunt,
3552 810 3752 883 coniuges

2260 892 2370 932 non
2412 887 2574 935 sunt:
2618 886 2673 934 et
2699 879 2745 971 si
2784 878 2852 932 ab
2879 877 3029 933 initio
3058 878 3188 935 tales
3217 881 3434 953 fuerunt,
3464 905 3558 947 non
3579 877 3659 953 sibi
3683 877 3751 971 per

2260 971 2582 1025 connubium
2605 1011 2620 1035 ,
2649 969 2742 1025 sed
2772 985 2867 1040 per
2894 979 3136 1039 stuprum
3166 972 3333 1040 potius
3361 969 3695 1044 convenerunt.
3712 994 3754 1049 Si

2259 1068 2439 1115 autem
2470 1075 2577 1115 non
2598 1059 2756 1113 ambo
2784 1068 2909 1115 sunt
2938 1060 3092 1125 tales,
3117 1060 3284 1117 audeo
3308 1063 3493 1134 dicere,
3511 1083 3591 1128 aut
3610 1076 3682 1133 illa
3699 1094 3758 1139 est

2263 1151 2659 1222 quodammodo
2686 1153 2933 1207 meretrix
2962 1153 3159 1218 mariti,
3186 1163 3273 1209 aut
3297 1156 3380 1212 ille
3402 1159 3587 1219 adulter
3603 1174 3757 1228 uxoris.

2336 1241 2560 1297 CAPUT
2599 1241 2739 1296 XVI.
2779 1271 2845 1281 —
2873 1241 2960 1297 18.
3011 1241 3291 1312 lnﬁrmitas
3335 1246 3692 1326 incontinentiae,
3716 1279 3761 1316 ne

2260 1332 2407 1385 cadat
2443 1333 2497 1385 in
2520 1332 2721 1385 ruinam
2746 1333 3088 1403 ﬂagitiorum,
3117 1333 3391 1405 excipiatur
3431 1338 3653 1399 honestate
3689 1365 3762 1403 ιιι.

2260 1422 2498 1494 ptiarum.
2524 1422 2655 1490 Quia
2684 1423 2841 1492 igitur
2872 1424 3067 1491 nuptiae
3101 1423 3233 1477 tales
3273 1439 3390 1481 esse
3438 1444 3535 1484 non
3575 1448 3749 1502 possunt

2265 1514 2450 1583 quales
2478 1513 2767 1583 primorum
2792 1512 3086 1580 hominum,
3116 1514 3160 1568 si
3188 1526 3451 1585 peccatum
3478 1536 3570 1575 non
3595 1540 3762 1593 prteccs

2259 1607 2448 1671 sisset,
2488 1621 2610 1661 esse
2653 1615 2971 1676 potuerunt;
3018 1608 3128 1661 sint
3165 1608 3296 1662 tales
3328 1612 3500 1679 quales
3528 1629 3765 1677 sanctorum

2260 1706 2466 1767 patrum
2488 1697 2716 1764 fuerunt,
2737 1708 2793 1753 ut
2810 1698 3049 1769 pudenda
3067 1700 3242 1755 carnis
3261 1703 3668 1775 concupiscentia,
3680 1728 3768 1781 qua

2260 1788 2311 1841 in
2342 1789 2585 1857 paradiso
2613 1804 2712 1845 nec
2739 1798 2862 1845 ante
2888 1798 3159 1859 peccatum
3188 1789 3316 1859 fuit,
3355 1808 3453 1849 nec
3486 1806 3590 1865 post
3629 1815 3770 1869 pem.

2260 1887 2373 1933 tum
2415 1895 2535 1933 esse
2567 1881 2825 1948 permissa
2852 1889 2970 1944 est;
2998 1880 3123 1950 quia
3168 1895 3389 1938 necesse
3420 1894 3499 1940 est
3531 1886 3577 1941 in
3600 1903 3771 1960 corpore

2259 1970 2448 2024 mortis
2479 1970 2636 2040 hujus
2665 1978 2722 2024 ut
2749 1971 2814 2025 sit
2832 2010 2849 2038 ,
2880 1986 2987 2025 non
3014 1972 3064 2026 ei
3090 1973 3377 2039 serviatur,
3403 1976 3493 2030 sed
3519 1978 3618 2047 ipsa
3643 1984 3774 2050 potius

2260 2063 2469 2116 nonnisi
2498 2063 2565 2116 ad
2594 2063 2986 2132 propagandam
3017 2065 3223 2134 prolem
3251 2067 3450 2122 servire
3475 2080 3682 2140 cogatur.
3699 2077 3776 2130 Ant

2258 2155 2377 2224 quia
2408 2154 2508 2209 hoc
2536 2165 2743 2224 tempus
2762 2197 2778 2223 ,
2811 2157 2952 2226 quod
2978 2157 3085 2226 jam
3115 2172 3240 2213 esse
3265 2157 3489 2216 diximus
3523 2165 3775 2221 continendi

2258 2247 2327 2301 ab
2366 2248 2647 2316 amplexu,
2690 2262 2797 2303 non
2837 2248 2997 2304 habet
3032 2248 3195 2319 hujus
3235 2249 3396 2306 ofﬁcii
3435 2251 3774 2323 necessitatem,

2259 2337 2536 2407 adiacente
2561 2338 2796 2408 undique
2848 2339 2899 2393 in
2929 2340 3180 2394 omnibus
3207 2343 3451 2411 gentibus
3488 2354 3619 2399 tanta
3640 2345 3781 2402 fertili-

2261 2436 2369 2483 tate
2407 2430 2788 2499 gignendorum
2833 2433 3183 2501 spiritualiter
3212 2433 3476 2500 ﬁliorum;
3503 2437 3619 2493 illttd
3651 2441 3781 2508 potius

2260 2520 2571 2575 excellentis
2596 2522 2936 2578 continentia:
2963 2523 3162 2578 bonum
3188 2564 3205 2589 ,
3233 2525 3323 2595 qui
3345 2534 3499 2595 potest
3519 2542 3691 2596 capere,
3720 2546 3781 2582 ca-

2262 2609 2384 2678 piat.
2432 2610 2532 2677 Qui
2580 2612 2783 2667 veroid
2824 2627 3022 2683 capere
3068 2629 3181 2669 non
3211 2623 3414 2684 potest,
3450 2617 3559 2671 etsi
3592 2624 3781 2688 acceperit

2261 2718 2468 2757 uxorem
2486 2744 2502 2770 ,
2533 2719 2633 2757 non
2658 2714 2871 2775 peccat:
2901 2713 2957 2760 et
2984 2704 3186 2760 femina
3211 2707 3259 2760 si
3284 2722 3339 2760 se
3363 2722 3460 2773 non
3486 2708 3696 2775 continet,
3715 2726 3783 2762 na-

2262 2792 2365 2851 bat.
2408 2792 2611 2848 Bonum
2652 2803 2725 2848 est
2771 2796 2911 2849 enim
2951 2795 3145 2850 homini
3194 2797 3453 2851 mulierem
3489 2786 3584 2851 non
3619 2808 3785 2869 tangere.

2261 2883 2459 2941 Verum
2488 2888 2611 2956 quia
2635 2903 2736 2940 non
2764 2904 2934 2943 omnes
2956 2889 3168 2960 capiunt
3196 2887 3531 2957 verbumhoc,
3558 2891 3637 2944 sed
3654 2892 3788 2962 quibus

2262 2975 2436 3030 datum
2479 2985 2549 3033 est
2597 2977 2823 3049 (Matth.
2855 2995 2988 3047 xu,
3020 2979 3118 3045 12,
3153 2980 3221 3035 11
3248 2980 3308 3051 );
3354 2990 3516 3036 restat
3553 2990 3608 3037 ut
3644 2993 3795 3053 propter

2263 3068 2617 3138 fornicationes
2651 3070 2672 3101 ⁸
2718 3071 3061 3140 unusquisque
3106 3088 3264 3126 suam
3305 3087 3512 3126 uxorem
3557 3073 3732 3137 habeat,
3758 3084 3792 3126 et

2261 3176 2571 3231 unaquaque
2595 3162 2757 3215 virum
2793 3179 2940 3216 suum
2965 3162 3145 3217 habeat
3185 3164 3230 3236 (ι
3253 3163 3374 3220 Cor.
3404 3180 3510 3229 vn,
3534 3164 3599 3220 28
3616 3206 3628 3230 ,
3652 3167 3670 3219 l
3691 3205 3704 3230 ,
3723 3165 3791 3236 2);

2261 3264 2325 3305 ac
2362 3251 2440 3304 sie
2481 3250 2759 3307 infirmitas
2799 3253 3236 3322 incontinentiae,
3268 3270 3338 3310 ne
3371 3255 3523 3309 cadat
3552 3256 3600 3310 in
3636 3256 3794 3309 ruinam

2264 3340 2616 3413 ﬂagitiorum,
2658 3344 2955 3414 excipiatur
2995 3345 3285 3403 honestate
3331 3348 3644 3418 nuptiarum.
3684 3348 3797 3416 Quod

2263 3434 2518 3489 enim.ait
2552 3436 2838 3505 Apostolus
2877 3436 2945 3492 de
2983 3437 3223 3505 feminis,
3282 3437 3412 3493 Volo
3450 3439 3597 3510 igitur
3624 3440 3800 3511 juniora

2262 3524 2486 3590 nubere,-
2517 3523 2617 3579 hoc
2641 3535 2696 3580 et
2723 3526 2791 3582 de
2828 3528 3064 3583 maribus
3094 3528 3204 3584 dici
3234 3538 3445 3600 potest,
3476 3529 3602 3584 Volo
3621 3530 3804 3599 iuniores

2265 3630 2460 3670 uxores
2503 3615 2700 3672 ducere
2732 3634 2745 3670 :
2797 3626 2854 3672 ut
2886 3618 2953 3673 ad
2992 3628 3520 3692 utrumque-sexum
3566 3622 3803 3691 pertineat,

2265 3707 2399 3776 ﬁlios
2427 3724 2693 3778 procreare
2714 3750 2729 3774 ,
2766 3718 2943 3780 patres
2971 3723 3026 3767 et
3050 3714 3476 3776 matresfamilias
3505 3730 3604 3769 esse
3621 3755 3637 3781 ,
3660 3714 3809 3769 nullm

2265 3799 2577 3853 occasionem
2617 3799 2741 3854 dare
2781 3800 3067 3858 adversario
3119 3804 3390 3859 maledicti
3434 3805 3594 3876 gratia
3637 3804 3676 3878 (ι
3707 3803 3807 3858 Tim.

2266 3905 2337 3956 v,
2368 3889 2480 3962 l4).

2317 3980 2545 4038 CAPUT
2568 3982 2829 4040 XVll.—l
2840 3985 2893 4042 9.
2918 3985 3195 4059 Nuptialia
3212 3989 3369 4044 bona;
3395 3988 3453 4044 In
3474 3989 3661 4060 nuptiis
3679 3996 3816 4041 tamen

2265 4072 2406 4129 bona
2429 4076 2678 4145 nuptialia
2703 4077 3007 4149 diligantur,
3032 4080 3241 4150 proles,
3271 4081 3431 4148 ﬁdes,
3454 4087 3815 4136 sacramentum.

2265 4164 2370 4220 Sed
2400 4166 2597 4236 proles,
2628 4182 2733 4223 non
2766 4178 2824 4223 ut
2848 4180 3097 4225 nascatur
3126 4174 3345 4227 tantum
3366 4212 3383 4237 ,
3412 4186 3594 4228 verum
3620 4170 3757 4225 etiam
3778 4175 3821 4221 ut

2265 4267 2615 4312 renascatur:
2663 4260 2901 4315 nascitur
2927 4275 3157 4332 namque
3200 4262 3270 4318 ad
3301 4278 3521 4334 paruam
3540 4304 3555 4331 ,
3586 4262 3678 4316 nisi
3699 4260 3825 4315 rena-

2267 4355 2447 4402 scatur
2491 4347 2558 4403 ad
2596 4349 2779 4403 vitam.
2829 4350 2990 4407 Fides
3014 4361 3220 4420 autem,
3267 4369 3382 4409 non
3426 4353 3635 4424 qualem
3671 4350 3827 4405 habent

2267 4438 2404 4495 inter
2422 4455 2483 4496 se
2506 4442 2665 4499 etiam
2683 4442 2925 4499 infideles
2939 4444 3177 4500 zelantes
3193 4462 3444 4502 carnem.
3465 4446 3594 4516 Quis
3611 4444 3737 4501 enim
3749 4443 3827 4504 vir,

2266 4532 2554 4602 quamlibet
2591 4534 2818 4603 impius,
2852 4535 2964 4591 vult
2989 4535 3296 4594 adulteram
3338 4538 3613 4594 uxorem?
3635 4546 3717 4591 ant
3740 4549 3832 4604 qua

2266 4624 2475 4692 mulier,
2505 4626 2793 4693 quamlibet
2820 4627 2981 4698 impia
3000 4668 3015 4694 ,
3042 4629 3156 4684 vult
3179 4630 3498 4686 adulterum
3524 4628 3725 4684 virum?
3747 4625 3832 4681 Hoc

2268 4715 2323 4771 in
2338 4716 2603 4772 connubio
2617 4717 2811 4773 bonum
2826 4720 3067 4775 naturale
3081 4728 3165 4776 est
3179 4720 3434 4792 quidem,
3450 4721 3659 4777 carnale
3672 4727 3834 4773 tamen.

2269 4808 2375 4864 Sed
2402 4810 2698 4865 membrum
2725 4810 2924 4867 Christi
2962 4812 3206 4883 conjugis
3239 4813 3264 4844 ³
3308 4813 3633 4869 adulterium
3661 4806 3837 4877 conjugi

2269 4901 2426 4958 debet
2448 4903 2655 4969 timere,
2674 4917 2779 4959 non
2806 4904 2938 4972 sibi;
2963 4915 3016 4960 et
3040 4920 3069 4959 a
3086 4905 3313 4962 Christo
3340 4920 3568 4977 sperare
3592 4903 3705 4960 ﬁdei
3728 4916 3840 4972 pra:-

2269 4996 2456 5064 mium,
2502 5011 2660 5067 quam
2707 4996 2926 5053 exhibet
2972 4998 3204 5069 coniugi.
3254 4998 3668 5055 Sacramentum
3707 5005 3840 5055 vero,

2268 5088 2411 5160 quod
2436 5103 2537 5144 nec
2576 5088 2805 5159 separati
2835 5103 2937 5144 nec
2972 5088 3263 5145 adulterati
3295 5090 3595 5156 amittunt,
3625 5085 3845 5155 coniuges

2269 5180 2604 5238 Concorditcr
2643 5189 2894 5251 casteque
2936 5182 3244 5238 custodiant
3289 5182 3335 5236 ⁸.
3384 5184 3572 5239 Solum
3617 5188 3696 5236 est
3728 5175 3844 5231 enim

2335 5336 2354 5368 ι
2390 5332 2577 5397 Aliquot
2618 5341 2746 5395 Mss,
2792 5333 3075 5386 valuerint:
3116 5349 3215 5386 non
3258 5334 3432 5397 male,
3480 5331 3739 5385 referendo
3778 5327 3849 5383 ad.

2270 5409 2542 5519 weeggitt,
2588 5456 2970 5522 fornicationem.
3010 5466 3068 5510 At
3107 5465 3215 5507 Mss.
3236 5491 3254 5518 ,
3302 5455 3692 5523 fornicationes;
3737 5453 3855 5517 illm

2270 5533 2520 5630 Erfctlllgbs
2542 5593 2572 5630 e
2595 5582 2830 5631 Vaticanis
2842 5588 2970 5645 Mss,
2995 5582 3089 5645 sed,
3103 5588 3239 5645 mens
3263 5579 3536 5645 christi'rm'
3556 5574 3774 5645 conjugis.

2334 5645 2357 5676 ⁸
2391 5651 2521 5701 Lov.,
2543 5655 2629 5704 nec
2649 5643 2886 5704 separari,
2919 5641 3005 5693 nec
3026 5641 3304 5704 adulterari
3339 5641 3607 5693 admittunt
3628 5641 3857 5702 conjugis:

2275 5704 2358 5765 qni
2379 5702 2680 5753 concorditer
2701 5702 2924 5766 castaque
2943 5703 3232 5755 custodiant.
3256 5705 3386 5754 Ε(ιίιί
3432 5704 3536 5763 alii,
3565 5710 3665 5766 Am.
3689 5707 3736 5748 et
3767 5704 3826 5743 t‘r.
3844 5728 3857 5751 9

2276 5762 2361 5817 nec
2385 5766 2594 5827 separati
2630 5777 2717 5816 nec
2750 5762 3012 5816 atlu'l'crati
3035 5766 3258 5816 amittunt
3300 5762 3559 5828 coniuges,
3583 5762 3665 5827 qui
3684 5769 3856 5811 colator-
