3938 6516
245 374 320 438 tis
779 351 785 356 ’
1177 426 1190 438 .
1603 393 1806 462 LIBER
1844 399 2120 466 pannus.

246 491 344 566 quod
363 491 517 550 etiam
546 479 750 556 sterile
781 502 1089 576 coniugium
1117 513 1260 563 tenet
1278 507 1400 580 jure
1427 509 1634 580 pietatis
1653 555 1667 579 ,
1693 514 1804 585 jam

248 603 313 660 spe
329 588 660 647 leuinditatis
701 597 908 652 amissa
940 609 1154 670 propter
1188 616 1345 671 quam
1376 603 1546 660 fuerat
1585 608 1803 677 copula-

252 690 343 735 tum.
366 678 478 734 Haec
505 680 657 738 bona
689 688 955 754 nuptialia
999 689 1174 746 laudet
1209 694 1260 746 in
1305 696 1534 765 nuptiis,
1562 696 1653 766 qui
1692 698 1806 754 lau-

252 772 336 828 dare
350 771 451 826 vult
475 779 729 844 nuptias.
759 780 952 837 Carnis
994 792 1166 839 autem
1197 790 1622 858 concupiscentia
1645 791 1661 823 ⁸
1693 807 1801 848 ηοη

248 873 303 922 est
318 865 494 935 nuptiis
537 867 865 939 imputanda
889 917 906 943 ,
935 873 1026 932 sed
1068 877 1360 934 toleranda.
1393 882 1507 938 Non
1534 893 1618 940 est
1655 886 1797 944 enim

245 972 292 1012 ex
307 957 516 1011 naturali
551 961 834 1018 connubio
861 967 1078 1022 veniens
1105 968 1300 1025 bonum
1320 1013 1335 1040 ,
1367 972 1460 1029 sed
1490 990 1555 1030 ex
1579 977 1797 1048 antiquo

245 1057 414 1120 peccato
448 1052 709 1110 accidens
741 1057 963 1113 malum.

291 1138 492 1196 CAPUT
529 1141 727 1198 XVIII.
743 1146 918 1202 «~20.
947 1148 1047 1203 Cur
1072 1165 1099 1203 e
1124 1161 1296 1208 sancto
1321 1156 1553 1228 conjugio
1581 1175 1794 1216 nascan-

239 1238 300 1283 tur
315 1230 396 1298 ﬁlii
419 1231 530 1285 ine.
562 1234 795 1306 Propter
821 1238 960 1295 hanc
986 1255 1112 1312 ergo
1136 1241 1191 1296 ﬁt
1216 1255 1273 1299 ut
1297 1247 1454 1301 etiam
1476 1249 1540 1303 dc
1560 1250 1718 1320 justis
1739 1263 1792 1310 et

238 1322 443 1394 legitimis
478 1329 683 1397 nuptiis
725 1329 958 1387 ﬁliorum
985 1335 1110 1401 Dei,
1143 1352 1248 1391 non
1286 1337 1376 1394 ﬁlii
1415 1341 1544 1412 Dei,
1576 1344 1670 1400 sed
1695 1345 1790 1402 ﬁlii

234 1415 371 1470 seculi
397 1428 772 1486 generentur:
802 1425 926 1494 quia
951 1437 999 1481 et
1026 1427 1061 1482 ii
1085 1428 1172 1498 qui
1200 1441 1476 1500 generant,
1501 1435 1545 1490 si
1571 1435 1681 1506 jam
1703 1454 1790 1494 re-

229 1509 425 1575 generati
451 1520 617 1576 sunt,
650 1528 760 1568 non
785 1531 852 1570 ex
889 1517 990 1573 hoc
1023 1531 1277 1590 generant
1316 1539 1381 1578 ex
1407 1542 1512 1596 quo
1552 1528 1648 1584 ﬁlii
1688 1528 1787 1586 Dei

229 1609 346 1665 sunt,
371 1601 468 1656 sed
499 1619 568 1658 ex
596 1621 705 1675 quo
731 1607 907 1665 adhuc
935 1611 1028 1666 ﬁlii
1056 1615 1256 1669 saeculi.
1286 1616 1556 1676 Dominica
1585 1622 1780 1693 quippe

227 1694 447 1747 sententia
474 1706 580 1761 est,
612 1696 743 1752 Filii
766 1700 920 1771 hujus
943 1705 1114 1758 steculi
1136 1717 1396 1775 generant,
1419 1719 1464 1764 et
1483 1723 1784 1782 generantur

224 1781 340 1852 (Luc.
369 1799 447 1839 xx
469 1825 490 1852 ,
522 1787 640 1859 34).
674 1789 879 1863 Exquo
898 1793 1072 1865 itaque
1095 1811 1281 1853 sumus
1304 1781 1595 1857 adhuciﬁlii
1623 1802 1782 1876 hujus

220 1873 391 1938 seculi,
420 1879 666 1934 exterior
691 1879 855 1937 homo
880 1893 1060 1941 noster
1086 1890 1473 1959 corrumpitur,
1505 1908 1571 1950 ex
1598 1893 1700 1951 hoc
1727 1905 1782 1952 et

219 1960 346 2034 hujus
371 1967 556 2023 seculi
599 1969 698 2025 ﬁlii
735 1983 1091 2044 generantur,
1124 1993 1224 2034 nec
1256 1979 1348 2034 lilii
1373 1981 1466 2036 Dei
1492 1983 1592 2040 nisi
1623 2001 1777 2057 rege-

219 2066 438 2113 nerentur
455 2059 596 2116 ﬁunt
618 2081 636 2118 :
666 2063 764 2119 sed
787 2081 853 2120 ex
875 2082 980 2137 quo
1001 2083 1182 2126 sumus
1209 2070 1301 2126 ﬁlii
1327 2072 1444 2142 Dei,
1469 2075 1688 2132 interior
1711 2079 1777 2135 de

223 2147 289 2202 die
303 2149 347 2202 in
362 2148 501 2205 diem
522 2164 820 2211 renovatur
832 2156 906 2230 (ΙΙ
929 2157 1044 2213 Cor.
1066 2176 1138 2226 tv,
1168 2162 1280 2234 16).
1308 2163 1560 2231 Quamvis
1583 2177 1639 2224 et
1661 2169 1775 2240 ipse

225 2241 414 2296 exterior
437 2257 532 2312 per
553 2243 833 2303 lavacrum
857 2253 1274 2320 regenerationis
1302 2258 1656 2315 sanctiﬁcatus
1681 2261 1770 2329 sit,

225 2341 270 2386 et
289 2348 414 2402 spem
435 2334 622 2392 futura:
651 2339 1068 2411 incorruptionis
1087 2349 1371 2418 acceperit,
1397 2361 1612 2422 propter
1631 2355 1771 2426 quod

218 2431 264 2475 et
286 2425 513 2494 templum
537 2427 638 2484 Dei
661 2433 860 2487 merito
879 2432 1107 2492 dicitur:
1140 2437 1366 2511 Corpora
1391 2452 1576 2513 uestra,
1602 2439 1794 2518 inquit‘

209 2513 498 2586 Apostolus,
528 2522 776 2590 templum
804 2524 858 2578 in
882 2525 1016 2581 vobis
1045 2527 1270 2598 Spiritus
1296 2535 1458 2588 sancti
1487 2545 1594 2603 est,

206 2605 376 2661 habetis
395 2625 426 2660 a
445 2607 552 2664 Deo
573 2627 592 2666 :
613 2623 664 2666 et
682 2630 786 2669 non
807 2618 924 2672 estis
944 2621 1126 2687 vestri;
1149 2625 1302 2693 empti
1321 2625 1452 2681 enim
1473 2629 1590 2684 estis
1610 2605 1768 2701 pretio

205 2713 395 2770 magno.
422 2701 703 2773 Gloriﬁcate
742 2725 865 2780 ergo
902 2720 950 2766 et
979 2723 1172 2780 portate
1209 2718 1230 2749 ⁸
1270 2715 1438 2774 Deum
1465 2720 1520 2776 in
1556 2738 1768 2794 corpore

206 2799 361 2845 uestro
389 2792 432 2863 (1
459 2792 570 2850 Cor.
595 2813 676 2866 vr,
704 2799 806 2868 t9,
835 2801 951 2875 20).
979 2804 1090 2861 Hoc
1115 2816 1281 2864 totum
1307 2826 1412 2868 non
1442 2814 1615 2870 solum
1643 2792 1767 2891 pro-

209 2890 322 2950 pter
340 2897 632 2953 praesentem
654 2892 1152 2966 sanctiﬁcationem,
1175 2901 1268 2956 sed
1289 2905 1520 2964 maxime
1546 2917 1764 2979 propter

215 2972 346 3029 illam
368 2991 500 3047 spem
525 2979 717 3036 dictum
750 2991 869 3052 est,
902 2986 970 3042 de
999 3004 1100 3058 qua
1130 2991 1267 3046 idem
1298 2994 1404 3050 alio
1438 2972 1563 3053 loco
1586 2972 1714 3056 dicit
1743 3020 1757 3057 :

209 3065 314 3121 Sed
344 3079 390 3123 et
412 3087 493 3125 nos
525 3073 622 3140 ipsi
656 3077 908 3145 primitias
953 3081 1162 3150 spiritus
1187 3085 1452 3156 habentes,
1503 3100 1550 3145 et
1578 3093 1677 3164 ipsi
1705 3096 1759 3151 in

198 3159 535 3232 nobismetipsis
578 3165 956 3237 ingemiseimus
976 3214 990 3239 ,
1035 3174 1356 3247 adoptionem
1394 3159 1754 3254 exspectantes,

196 3251 551 3322 redemptionem
583 3260 816 3328 corporis
857 3264 1033 3317 nostri.
1067 3264 1120 3321 Si
1159 3282 1288 3339 ergo
1312 3251 1608 3342 redemptio
1631 3289 1757 3331 cor-

195 3342 320 3409 poris
340 3345 518 3413 nostri,
546 3349 849 3404 secundum
877 3354 1208 3424 Apostolum,
1232 3368 1604 3430 exspectatur;
1634 3380 1758 3436 pro-

192 3431 314 3489 fecto
358 3438 492 3507 quod
542 3451 924 3512 exspectatur,
977 3446 1150 3504 adhuc
1201 3460 1465 3520 speratur,
1519 3431 1756 3514 nondum

191 3535 392 3584 tenetur.
445 3531 598 3589 Unde
652 3536 896 3608 adjungit
945 3549 998 3594 et
1046 3539 1174 3598 dicit
1222 3560 1235 3596 :
1293 3543 1399 3615 Spe
1449 3549 1582 3603 enim
1628 3549 1755 3607 salvi

187 3622 292 3690 facti
327 3640 511 3678 sumus.
545 3625 682 3696 Spes
724 3637 891 3682 autem
931 3646 1045 3700 qua:
1077 3633 1270 3687 videtur
1291 3675 1306 3700 ,
1344 3652 1446 3691 non
1487 3647 1563 3693 est
1597 3657 1710 3711 spes
1730 3658 1751 3698 :

182 3714 299 3780 quod
338 3715 464 3768 enim
513 3717 649 3771 uidet
692 3720 845 3790 quis,
881 3722 1004 3791 quid
1038 3725 1248 3794 sperat?
1289 3726 1352 3783 Si
1398 3738 1566 3784 autem
1615 3734 1752 3803 quod

179 3820 268 3857 non
306 3807 549 3874 videmus,
599 3827 866 3880 speramus
887 3855 902 3881 ,
949 3832 1038 3885 per
1076 3819 1365 3889 patientiam
1408 3833 1751 3895 exspectamus

175 3893 357 3961 (Rom.
403 3903 531 3968 vui,
586 3901 860 3975 25-25).
913 3905 1031 3962 Non
1088 3908 1262 3979 itaque
1313 3927 1410 3982 per
1457 3893 1557 3971 hoc
1606 3917 1746 3987 quod

173 3998 564 4059 exspectamus,
620 3994 715 4050 sed
765 4011 862 4066 per
912 3999 1012 4054 hoc
1063 4001 1202 4071 quod
1257 4003 1581 4075 toleramus,
1625 4023 1744 4064 car-

169 4079 304 4133 nales
347 4081 441 4136 ﬁlii
485 4095 867 4156 propagantur.
911 4088 1066 4144 Absit
1093 4106 1218 4164 ergo
1261 4100 1320 4148 ut
1367 4095 1538 4152 ﬁdelis
1581 4099 1744 4156 homo

169 4167 370 4238 (Coloss.
417 4190 503 4240 ut,
538 4175 665 4248 l9),
713 4191 837 4233 cum
887 4181 1033 4235 audit
1074 4183 1141 4237 ab
1187 4185 1483 4256 Apostolo,
1535 4188 1744 4263 Diligite

162 4277 333 4349 «serg:
349 4276 560 4336 uestras,
581 4272 1068 4340 concupiscentiam
1087 4278 1260 4332 carnis
1275 4277 1458 4350 diligat
1478 4280 1531 4336 in
1551 4299 1736 4354 uxore,

160 4331 308 4422 quam
339 4372 442 4413 nec
467 4358 522 4414 in
545 4331 612 4416 ise
651 4331 772 4431 ipso
793 4363 955 4418 debet
981 4364 1197 4437 diligere
1215 4409 1230 4434 ,
1259 4331 1479 4426 audiens
1512 4331 1739 4430 alterutri

155 4449 483 4516 apostolum,
526 4451 703 4532 Nolite
739 4455 952 4526 diligere
985 4458 1247 4526 mundum,
1295 4478 1385 4517 nec
1428 4480 1488 4519 ea
1524 4480 1638 4535 qua:
1683 4467 1738 4523 in

150 4538 336 4591 mdo
351 4549 470 4593 sunt
489 4557 510 4596 :
535 4523 761 4614 quisquis
785 4523 1018 4602 dilexerit
1039 4523 1298 4616 mundum,
1315 4569 1414 4608 non
1429 4563 1504 4610 est
1517 4523 1738 4614 charitas

148 4622 320 4682 Patris
346 4628 406 4684 in
430 4631 552 4698 illo;
586 4635 706 4700 quia
733 4636 904 4689 omnia
931 4653 1044 4707 qua:
1078 4640 1130 4692 in
1157 4645 1344 4696 mundo
1372 4654 1509 4714 sunt,
1547 4663 1734 4703 conca-

146 4716 390 4781 piscatio
411 4724 580 4777 carnis
601 4733 703 4792 est,
730 4735 779 4779 et
806 4730 1204 4800 concupiscentia
1237 4733 1515 4803 oculorum,
1547 4747 1594 4793 et
1619 4755 1734 4794 am-

147 4806 264 4861 bitio
286 4814 468 4866 seculi
483 4853 500 4881 ,
527 4831 645 4885 qua:
667 4832 769 4870 non
791 4827 864 4872 est
888 4836 918 4871 a
941 4818 1114 4890 Patre,
1141 4824 1229 4878 sed
1251 4842 1313 4879 ea:
1338 4828 1525 4882 mundo
1551 4839 1643 4886 est.
1666 4830 1736 4886 Et

142 4903 363 4958 madas
409 4908 641 4962 transibit
679 4908 701 4941 ⁸
729 4917 777 4964 et
823 4915 1221 4984 concupiscentia
1263 4921 1410 4991 ejus:
1450 4925 1536 4993 qui
1566 4934 1734 4981 autem

142 4990 314 5056 fecerit
333 4999 644 5055 voluntatem
668 5000 798 5069 Dei,
827 5015 990 5058 manet
1011 5007 1062 5061 in
1089 4990 1347 5079 retentum,
1373 4990 1502 5068 sicut
1520 5026 1567 5071 et
1592 5017 1734 5075 Deus

141 5098 308 5139 manet
332 5091 387 5141 in
416 5102 659 5146 (sternam
690 5092 743 5166 (ι
771 5095 925 5150 Joan.
958 5114 1022 5165 tt,
1056 5101 1258 5174 15-17).

210 5177 448 5237 CAPUT
469 5182 614 5238 XIX.
641 5215 716 5226 -—
741 5185 831 5240 2|.
862 5187 948 5242 Ita
977 5207 1041 5244 ea:
1072 5193 1225 5264 justis
1251 5208 1526 5252 nascuntur
1549 5218 1727 5272 pecca-

145 5273 298 5333 tores,
325 5281 382 5323 ut
410 5274 613 5329 oleastri
641 5292 705 5331 es;
731 5277 873 5333 oleis.
897 5281 975 5336 Ex
1006 5281 1105 5338 liae
1127 5284 1282 5362 igitur
1304 5292 1728 5362 concupiscentia

144 5359 322 5413 carnis
347 5364 490 5430 quod
517 5367 782 5435 nascitur,
811 5373 990 5441 utique
1018 5359 1380 5446 mundo,‘nou
1412 5359 1521 5439 Deo
1550 5387 1728 5443 nasci-

153 5509 292 5594 ﬁte;
303 5524 521 5594 casteque
893 5531 1192 5593 castigantur
1231 5545 1454 5589 veterum
1494 5539 1727 5594 librorum

153 5577 1724 5668 Ψῌεξξὲξεειξιει,9³3ίῃριςιξᾲῐῖιὲίιῐέἱιείὲῗῖιέἱὲεῖίῗιὲῖιὲὶῗ

159 5639 504 5704 craticiis—etim,
527 5657 582 5694 ac
604 5649 753 5697 trium
769 5639 1110 5704 numerum:

214 5699 234 5777 ἱ
264 5707 392 5777 Ili“.
549 5708 782 5769 menda
803 5699 1199 5777 ςσγιέέὶρὲεῦιὶιία.

213 5759 239 5849 ζ
265 5759 584 5854 ἓξὲξῗέρη
596 5759 1214 5854 κξέιέἱὶίὲξέίᾶἱνῖαῖ.
1241 5785 1385 5838 Abest
1405 5795 1457 5838 et
1477 5802 1504 5839 a
1527 5804 1720 5854 graus.

217 5818 239 5849 '
268 5827 479 5877 minam
498 5835 626 5890 κει,
644 5818 835 5883 amisii}

461 5912 688 5976 Sacr.
715 5917 998 5982 Anausr.
1036 5922 1115 5984 X.

3035 399 3062 410 κ

1916 521 2166 578 tur:Deo
2207 534 2383 584 autem
2425 534 2688 606 nascitur,
2716 551 2836 598 cum
2879 557 2945 600 ex
2988 561 3124 622 aqua
3163 560 3217 610 et
3259 554 3498 627 Spiritu‘

1914 615 2227 672 renascitur.
2268 618 2434 692 Hujus
2461 631 2902 700 concupiscentia
2929 615 3130 699 reatum
3161 615 3496 719 regeneratio

1907 702 2020 756 sola
2047 705 2294 765 dimittit:
2315 725 2378 768 ac
2399 729 2496 784 per
2524 717 2628 776 hoc
2654 729 2925 792 generatio
2951 732 3162 790 trahit'.

1905 807 2212 864 generatum
2243 811 2351 873 est,
2395 822 2770 884 regeneretur,
2803 828 2860 874 ut
2899 824 3175 899 similiter,
3219 807 3342 904 quia
3365 807 3492 897 ἰιοι

1905 895 2078 956 potest
2106 891 2287 962 aliter,
2326 898 2466 967 quod
2499 909 2718 960 tractum
2750 918 2835 964 est
2870 891 3318 982 remittatur'..Ut
3343 891 3486 987 enim

1902 979 2044 1048 quod
2082 981 2358 1042 dimissum
2401 998 2482 1044 est
2521 991 2576 1048 in
2617 1009 2863 1066 parente,
2912 1005 3147 1065 trahatur
3182 1014 3234 1069 in
3261 979 3484 1090 ‘prole‘,

1900 1068 2054 1124 miris
2078 1073 2289 1142 quidem
2322 1079 2497 1136 modis
2521 1082 2598 1150 ﬁt,
2617 1087 2711 1141 sed
2735 1097 2910 1147 tamen
2943 1096 3018 1150 lit.
3050 1099 3174 1157 Haec

1897 1168 1953 1215 et
1980 1162 2278 1224 inﬁdelibus
2305 1169 2656 1245 incredibilia,
2679 1181 2773 1236 sed
2790 1191 2964 1242 tamen
2984 1205 3126 1256 vera,
3154 1205 3211 1250 ut
3225 1162 3484 1262 haberent

1897 1251 2110 1355 aliquod
2127 1260 2350 1320 .visibile
2370 1269 2691 1338 exemplum,
2718 1272 2890 1332 hocin
2918 1251 3229 1349 quibusdam
3251 1251 3482 1355 arbustis

1893 1342 2070 1402 divina
2110 1352 2439 1418 providentia
2479 1365 2801 1430 procuravit.
2842 1368 2951 1425 Cur
2987 1376 3128 1430 enim
3157 1394 3262 1435 non
3289 1386 3479 1441 creda-

1891 1451 2042 1507 mus,
2076 1455 2290 1514 propter
2317 1447 2421 1505 ltoc
2444 1467 2562 1509 esse
2590 1454 2910 1530 institutum,
2942 1475 3000 1520 ut
3029 1483 3092 1523 ex
3119 1472 3255 1529 oliva
3286 1491 3478 1536 nasca-

1891 1536 1979 1586 tur
2002 1534 2262 1592 oleaster?
2291 1541 2368 1594 An
2390 1543 2712 1603 credendum
2743 1567 2850 1608 non
2874 1565 2976 1624 est,
3006 1558 3058 1614 in
3081 1562 3252 1634 aliqua
3274 1583 3333 1624 re
3357 1534 3478 1641 qua:

1889 1633 2066 1679 creata
2100 1637 2182 1682 est
2222 1630 2289 1684 ad
2326 1647 2453 1689 usus
2491 1635 2794 1709 hominum,
2838 1645 3144 1710 Creatorem
3168 1630 3475 1728 providisse

1887 1723 1943 1768 et
1972 1716 2292 1784 instituisse,
2323 1725 2465 1796 quod
2495 1729 2560 1783 ad
2589 1735 2800 1801 generis
2828 1736 3043 1798 humani
3068 1716 3266 1806 valeret
3293 1716 3474 1812 exem-

1885 1807 2065 1875 plum?
2091 1810 2282 1868 Mirum
2317 1826 2398 1870 est
2432 1815 2559 1890 ergo
2585 1826 3032 1891 quemadmodum
3061 1851 3092 1892 a
3120 1807 3472 1909 peccati—vin-

1883 1898 2003 1952 culo
2028 1914 2125 1971 per
2151 1905 2370 1972 gratiam
2410 1907 2648 1980 liberati,
2676 1915 2894 1987 gignant
2923 1931 3098 1982 tamen
3120 1898 3326 1988 .eodem
3353 1898 3472 1992 vin-

1882 1987 2002 2044 culo
2040 1991 2354 2063 obstrictos,
2387 2014 2519 2070 quos
2545 2003 2732 2061 eodem
2765 2009 2924 2068 modo
2954 2027 3198 2085 Oporteat
3220 1987 3467 2086 liberari:

1880 2075 2138 2147 fatemur,
2186 2085 2378 2143 mirum
2417 2100 2519 2147 est.
2564 2092 2670 2151 Sed
2709 2103 2849 2169 quod
2883 2075 3072 2164 lateret
3102 2075 3129 2143 ‘7
3152 2112 3290 2173 fetus
3317 2120 3469 2178 olea-

1879 2180 2110 2229 strorum
2146 2178 2304 2234 etiam
2332 2181 2387 2238 in
2410 2185 2703 2246 seminibus
2730 2193 2965 2252 olearum
2983 2241 2998 2268 ,
3031 2207 3245 2273 quando
3284 2211 3467 2272 ethoc

1877 2264 2202 2335 crederetur,
2230 2270 2332 2328 nisi
2356 2278 2680 2345 experientia
2703 2264 3014 2352 probaretur
3025 2264 3063 2347 ἳ-
3079 2264 3310 2357 Proinde
3323 2264 3467 2361 sicut

1875 2355 2105 2428 gignitur
2127 2376 2190 2417 ex
2217 2364 2432 2424 oleastri
2451 2373 2655 2430 semine
2674 2377 2929 2451 oleaster,
2953 2395 3007 2441 et
3021 2403 3086 2444 ex
3102 2391 3235 2450 olete
3250 2399 3457 2457 semine

1874 2451 2085 2506 nonnisi
2117 2454 2374 2526 oleaster,
2416 2477 2537 2518 cum
2567 2465 2706 2523 inter
2728 2470 3013 2532 oleastrum
3051 2491 3104 2536 et
3142 2484 3313 2544 oleam
3339 2491 3463 2562 plu-

1872 2540 2066 2598 rimum
2108 2544 2268 2604 distet
2295 2568 2308 2606 :
2331 2552 2404 2608 ita
2447 2555 2678 2628 gignitur
2719 2563 2868 2621 etde
2894 2582 3056 2628 carne
3087 2540 3380 2645 peccat—oris
3406 2594 3464 2643 et

1871 2631 1940 2690 de
1966 2650 2128 2694 carne
2148 2639 2280 2710 justi
2310 2650 2571 2719 uterque‘
2598 2666 2869 2728 peccator,
2898 2631 3142 2733 quamvis
3169 2671 3308 2729 inter
3330 2691 3462 2746 pec-

1868 2734 2104 2785 oatorem
2130 2739 2186 2788 et
2217 2733 2420 2804 justum
2465 2740 2752 2810 plurimum
2793 2751 2974 2809 distet.
3012 2754 3255 2829 Gignitur
3279 2733 3461 2826 autem

1870 2827 2119 2888 peccator
2141 2834 2261 2881 actu
2289 2829 2461 2886 adhuc
2491 2836 2695 2906 nullus,
2726 2849 2784 2897 et
2808 2853 2930 2901 ortu
2961 2827 3156 2920 novus,
3185 2855 3278 2912 sed
3308 2867 3458 2916 reatu

1865 2919 2017 2968 vetus
2033 2930 2046 2966 :
2063 2914 2221 2972 homo
2241 2933 2271 2973 a
2291 2932 2556 2992 creatore,
2573 2931 2815 3000 captivus
2832 2951 2864 2992 a
2885 2914 3192 3013 deceptore,
3214 2945 3458 3020 indigens

1866 3001 2228 3106 redemptore.
2270 3009 2375 3066 Sed
2414 3017 2668 3085 quieritur
2694 3028 2961 3092 quomodo
2995 3001 3133 3088 trahi
3167 3001 3457 3106 possitne;

1861 3091 2074 3202 ptivitas
2115 3098 2279 3166 prolis
2293 3142 2325 3202 ,_
2351 3105 2509 3161 etiam
2545 3108 2612 3164 de
2649 3091 2959 3182 parentibus
2985 3121 3095 3191 jam
3141 3091 3452 3202 redemptis.

1865 3179 1933 3238 Et
1978 3185 2102 3256 quia
2145 3204 2252 3245 non
2297 3191 2438 3250 facili
2468 3179 2674 3258 ratione
2713 3179 3018 3280 indagatur',
3069 3230 3170 3272 nec
3207 3179 3455 3281 seruirone

1860 3275 2177 3347 explicatur,
2213 3280 2281 3337 ab
2309 3283 2612 3346 inﬁdelibus
2642 3309 2748 3349 non
2778 3275 3210 3375 crediturzquasi
3240 3319 3296 3366 et

1859 3369 1999 3436 quod
2029 3371 2097 3427 de
2122 3373 2356 3433 oleastro
2377 3389 2430 3434 et
2457 3380 2524 3437 de
2549 3383 2667 3440 olea
2693 3386 2942 3458 diximus,
2974 3401 3033 3450 ut
3058 3369 3268 3468 generis
3289 3369 3454 3462 dissi;

1861 3459 2002 3516 milis
2039 3462 2111 3520 sit
2143 3463 2283 3523 fetus
2309 3469 2530 3537 similis,
2571 3474 2726 3535 facile
2751 3481 2926 3554 aliqua
2966 3459 3166 3546 invenit
3201 3459 3449 3556 ratiovel

1857 3552 2088 3620 explicat
2117 3569 2298 3614 sermo
2315 3561 2354 3614 ⁷.
2376 3561 2482 3620 Sed
2509 3564 2610 3624 hoc
2636 3569 2704 3626 ab
2729 3585 2796 3628 eo
2819 3552 2907 3647 qui
2939 3582 3169 3649 experiri
3191 3552 3446 3659 voluerit,

1859 3644 2003 3739 cerni
2034 3652 2329 3716 potesttsit
2365 3668 2492 3727 ergo
2519 3657 2574 3713 in
2603 3644 2882 3737 exemplo,
2913 3644 3055 3728 unde
3088 3684 3142 3731 et
3169 3678 3298 3736 illud

1858 3733 2015 3790 datur
2038 3739 2178 3809 quod
2205 3745 2351 3800 cerni
2372 3761 2477 3802 non
2506 3762 2702 3821 potest.

1924 3825 2162 3935 CﬁPllT‘
2335 3867 2406 3880 —
2423 3837 2513 3896 Ἡ.
2557 3840 2735 3935 {Etiam
2776 3849 2996 3922 infantes
3031 3874 3132 3914 non
3165 3861 3445 3935 baptizatos

1851 3919 2030 3974 essein
2057 3921 2245 3979 diaboli
2266 3938 2530 3998 potestate.
2557 3919 2890 3999 Exoreismus
2927 3947 2979 4002 in
3003 3919 3254 4022 paruulis,
3284 3919 3442 4016 ei};

1849 4013 2098 4068 nuntiatio
2135 4013 2358 4075 diabolo.
2394 4020 2509 4078 Non
2538 4027 2679 4083 enim
2711 4030 2845 4090 ﬁdes
2871 4013 3078 4096 dubitat
3113 4013 3406 4106 curui...
3420 4093 3442 4120 ,

1849 4114 2009 4170 quam
2054 4106 2174 4160 novi
2205 4106 2436 4167 haeretici
2467 4127 2773 4190 Oppugnare
2801 4139 3112 4201 eruperunt,
3144 4147 3200 4192 et
3225 4153 3320 4197 eos
3346 4106 3440 4214 qui

1849 4189 2054 4214 I--.-——-
2107 4211 2129 4214 —
2146 4213 2155 4214 κ
2371 4203 2400 4214 λ’
2478 4207 2490 4214 ⁵
2602 4209 2615 4214 “
2638 4210 2649 4214 “

1848 4189 2061 4249 lavacro
2106 4203 2520 4268 regenerationis
2566 4189 2854 4271 abluuntur
2870 4189 2904 4284 ,'
2927 4189 3115 4280 redimi
3145 4227 3212 4282 de
3240 4189 3439 4292 diaboli

1847 4291 2138 4382 potestate;
2177 4297 2232 4344 et
2271 4306 2362 4348 eos
2396 4297 2482 4366 qui
2519 4301 2750 4358 nondum
2786 4307 2880 4363 tali
2917 4318 3317 4382 regeneratione
3344 4291 3434 4382 re;

1844 4365 2043 4440 dempti
2075 4383 2231 4444 sunt,
2275 4365 2433 4434 etiam
2465 4387 2714 4454 parvulos
2747 4390 2884 4449 ﬁlios
2907 4365 3316 4473 redemptorum
3330 4365 3433 4466 ἐῶ)

1841 4459 2078 4530 ejusdem
2106 4465 2296 4524 diaboli
2343 4486 2463 4528 esse
2499 4487 2761 4548 potestate
2796 4488 3068 4558 captivos,
3094 4459 3206 4552 .nisi
3243 4508 3297 4555 et
3325 4502 3430 4573 ipsi

1842 4551 2028 4608 eadem
2063 4553 2257 4612 Christi
2285 4566 2452 4631 gratia
2491 4568 2838 4630 redimantur.
2863 4551 2945 4634 'Ad
2975 4551 3162 4641 omnes
3196 4551 3430 4662 namque

1841 4645 2109 4713 pertinere
2137 4665 2240 4705 non
2267 4652 2569 4715 dubitamus
2599 4673 2812 4736 aetates,
2857 4669 2987 4728 illud
3029 4674 3098 4732 de
3131 4695 3237 4749 quo
3279 4645 3428 4755 si);

1839 4735 2010 4793 stolus
2039 4737 2270 4810 loquitur
2293 4744 2609 4807 beneﬁcium
2636 4753 2770 4812 Dei:
2796 4735 2895 4825 Qui
2923 4765 3052 4820 eruit
3077 4735 3171 4824 nos
3197 4735 3262 4829 ἀι
3279 4735 3428 4846 ἆῤ.
3491 4838 3497 4849 _,

1902 4935 1920 5002 ξ
1953 4934 2070 5002 miti
2099 4937 2297 5002 addunt,
2317 4949 2498 4996 sancto.

1899 4997 1921 5028 II
1951 4998 2087 5057 Iiditi,
2112 5012 2252 5072 αιμεηι
2271 4997 2514 5075 generatio
2545 5010 2709 5085 trahit.
2734 5021 2829 5090 sex
2867 5028 3031 5075 autem
3060 5030 3189 5093 ια,
3231 5044 3293 5085 σε
3329 5049 3421 5103 per

1899 5069 1923 5103 c
1952 5068 2192 5103 ueneram
2230 5065 2378 5103 trabs!
2411 5080 2422 5094 ι
2446 5083 2540 5103 νην-
2561 5072 2703 5103 ut»..-
2727 5078 2843 5103 ms.”
2863 5083 2910 5103 ι-
2948 5085 3082 5103 ..-ΑΜ
3115 5090 3128 5103 .
3193 5093 3205 5103 .

2074 5054 2082 5057 ’
2128 5054 2165 5072 ’⁸
2271 5054 2296 5067 "
2349 5065 2359 5075 ·
2395 5054 2507 5058 """
2546 5054 2709 5085 "‘T""
2734 5054 2829 5090 υνξ-
2867 5054 3031 5075 ειυισιιι
3061 5054 3189 5093 nam,
3231 5054 3293 5085 ac
3329 5054 3421 5103 μγ

1834 5054 2192 5160 issam
2206 5065 2378 5160 .12‘1’1'.‘
2399 5072 2930 5160 5.2222,?E‘919d'939.
2948 5085 3092 5160 iuius
3114 5090 3206 5143 ιοοε
3228 5101 3419 5160 repen-
3490 5123 3492 5126 τ

1835 5120 2370 5202 ϋοξιεξτμιξίξᾼϐ-ςρηιιιᾳ
2391 5120 2933 5202 ιιιιίειῂιῐᾳὶζᾲῇῗῖὗὲι
2949 5120 3002 5196 ’ἐῖ

1900 5183 2018 5273 ἒρέἱθ
2041 5185 2268 5273 £25.“:le
2291 5195 2597 5273 'PEBPEC‘ZlP“
2620 5183 3193 5273 εῑιῐίῖδᾟεόάεῖὲῆὀοάίοθε
3220 5217 3270 5267 in
3294 5219 3420 5273 libro

1834 5245 3197 5334 ﬁliiﬁlfi‘iﬂj‘iiinée,l't'élwiﬂﬁssmi‘?

1833 5307 2152 5379 nianuscripti.
2165 5306 2332 5370 plures
2351 5313 2430 5364 hic
2451 5306 2624 5369 omisso
2642 5354 2656 5379 ,
2675 5306 3415 5408 'eiaiwgﬁg‘e‘a'gggggj

1833 5370 2026 5408 Iteratur
2049 5368 2182 5408 (num
2199 5382 2292 5408 mm
2313 5379 2460 5408 mina!
2482 5377 2647 5408 nlo'lnv\
2692 5389 2744 5408 ..ο
2770 5389 2893 5408 ...,..ι
3007 5400 3037 5408 γ.
3217 5406 3225 5408 Α
3362 5404 3373 5408 -

1831 5430 1976 5476 tatur.
1998 5429 2113 5480 Editi
2137 5429 2323 5493 autem,
2343 5429 2669 5508 regeneretui',

1831 5494 1883 5528 ut
1906 5489 2034 5528 mmll
2058 5496 2262 5528 [rm-tam,
2281 5501 2350 5528 per
2374 5505 2640 5528 νοηκιίηι..-

1831 5494 1883 5536 ut
1906 5489 2034 5562 (ιαεκι
2058 5496 2263 5565 irae:th
2281 5489 2350 5546 ea
2373 5489 2669 5553 ramus}:
2693 5489 2808 5509 ‘“"
2828 5489 2922 5501 "'"
2941 5489 3092 5518 ’πη
3112 5489 3237 5523 σι”νσ
3252 5489 3390 5516 ’κεπτ

1831 5549 1917 5639 Mi
1939 5553 2612 5639 ‘2°.‘i‘.“3n!’3.."."_°.“"._'?:-‘£in
2644 5565 2767 5639 libro
2794 5579 2960 5639 eam
2982 5577 3219 5631 Iulianum
3241 5595 3390 5638 sexto

1830 5624 1935 5674 cap.
1960 5612 1991 5660 2
2015 5615 2092 5664 vel
2115 5612 2172 5676 5,
2188 5612 2371 5670 habent
2385 5634 2495 5672 cum
2517 5612 2890 5694 ώέέηῗῖίῐπῖιέ

1891 5675 1912 5746 ξ
1946 5674 2079 5746 βψω,
2103 5675 2258 5746 latent.
2291 5682 2486 5739 Quidam
2511 5694 2635 5746 3135.,
2661 5690 2846 5744 (mera.

1891 5735 1913 5815 ς
1943 5735 2404 5815 ξὶξρωξιθξιωεεξβι
2427 5747 2561 5815 editi,

1890 5798 1920 5894 ζ
2837 5815 2912 5868 νει
2925 5820 3136 5885 urtica
3152 5840 3326 5884 mw.
3351 5839 3410 5894 Αι

1831 5866 1957 5920 Uss,
1979 5863 2170 5925 itwau't,
2195 5863 2422 5929 explicat.

2599 5955 3009 6048 ίρυαιονκεο]
