3938 6500
546 553 674 598 state
701 537 1035 603 tenebrarum,
1057 536 1109 588 et
1131 529 1389 587 transtulit
1406 529 1461 583 in
1488 542 1697 599 regnum
1718 518 1841 579 Filii
1867 515 2127 578 charitatis

547 652 655 691 saw
705 630 923 706 (Coloss.
965 627 1019 694 1,
1056 622 1166 697 15).
1210 618 1293 679 Ab
1330 621 1430 675 hac
1467 620 1625 691 igitur
1671 622 1934 688 potestate
1975 622 2127 670 tene-

546 729 791 791 brarum,
831 734 1052 793 quarum
1086 726 1169 773 est
1192 710 1434 770 diabolus
1470 711 1743 788 princeps,
1790 708 1843 764 id
1869 715 1951 764 est
1976 722 2005 761 a
2033 721 2129 777 po-

544 824 739 875 testate
772 812 968 870 diaboli
996 818 1051 867 et
1073 808 1381 880 angelorum
1413 806 1569 875 eius,
1590 803 1828 875 quisquis
1863 800 1979 857 erui
2007 815 2128 855 cum

543 908 882 980 baptizantur
926 903 1198 975 negaverit
1248 899 1525 972 parvulos,
1584 896 1818 967 ipsorum
1876 892 2131 949 Ecclesiae

434 1020 441 1025 ’
543 1000 1009 1057 Sacramentorum
1038 992 1259 1050 veritate
1281 989 1630 1053 convincitur,
1652 1002 1772 1058 quae
1797 985 1939 1040 nulla
1960 985 2131 1041 haere-

541 1095 647 1149 tica
688 1091 896 1146 novitas
939 1088 992 1144 in
1033 1084 1272 1142 Ecclesia
1315 1081 1512 1139 Christi
1550 1079 1760 1135 auferre
1801 1078 1885 1135 vel
1924 1086 2131 1134 mutare

540 1182 908 1255 permittitur,
952 1187 1172 1250 regente
1216 1183 1381 1247 atque
1415 1171 1702 1242 adiuvante
1743 1169 1915 1239 capite
1963 1174 2130 1225 totum

544 1291 737 1347 corpus
763 1290 938 1340 suum,
961 1271 1183 1342 pusillos
1208 1283 1327 1325 cum
1350 1267 1573 1338 magnis.
1600 1264 1657 1319 In
1683 1263 1907 1319 veritate
1934 1262 2130 1332 itaque,

545 1385 655 1425 non
702 1370 755 1423 in
800 1365 1059 1431 falsitate,
1104 1370 1336 1433 potestas
1388 1358 1650 1415 diabolica
1701 1354 2034 1412 exorcizatur
2077 1354 2132 1407 in

547 1462 781 1535 parvulis
811 1476 825 1514 :
857 1458 1011 1529 eique
1050 1456 1387 1520 renuntiant,
1432 1451 1552 1523 quia
1598 1465 1694 1520 per
1731 1463 1825 1505 sua
1862 1462 1968 1502 non
2007 1461 2133 1517 pos-

548 1568 704 1623 cunt,
735 1570 832 1626 per
860 1551 1020 1607 corda
1049 1558 1103 1605 et
1140 1563 1234 1604 ora
1270 1545 1620 1621 gestantium;
1649 1551 1707 1598 ut
1732 1540 1870 1598 eruti
1912 1555 1943 1595 a
1981 1548 2134 1613 pote-

549 1656 687 1704 state
718 1643 1055 1701 tenebrarum
1074 1644 1124 1696 in
1145 1653 1362 1710 regnum
1388 1636 1470 1693 sui
1496 1634 1704 1692 Domini
1730 1631 2132 1688 transferantur.

551 1739 693 1807 Quid
732 1750 858 1808 ergo
893 1735 945 1790 in
982 1733 1061 1789 eis
1100 1741 1211 1797 est,
1244 1744 1339 1800 per
1368 1726 1509 1799 quod
1540 1726 1591 1780 in
1633 1730 1896 1796 potestate
1940 1720 2136 1777 diaboli

553 1836 866 1893 teneantur,
912 1823 1085 1880 donec
1130 1826 1385 1877 eruantur
1428 1815 1552 1871 inde
1600 1828 1701 1885 per
1744 1820 2133 1868 sacramentum

550 1918 891 1990 Baptismatis
922 1913 1153 1970 Christi?
1188 1911 1331 1979 Quid
1366 1916 1480 1975 est,
1522 1907 1622 1962 nisi
1662 1904 1977 1978 peccatum?
2019 1901 2135 1959 Non

550 2014 696 2068 enim
730 2008 879 2065 aliud
903 2007 1104 2062 invenit
1141 2004 1416 2067 diabolus,
1460 1999 1602 2057 unde
1626 2007 1808 2071 posset
1850 1996 2136 2051 humanam

551 2119 652 2159 suo
689 2101 794 2172 juri
838 2099 1141 2167 mancipare
1200 2106 1475 2158 naturam,
1523 2104 1681 2161 quam
1726 2088 1921 2144 bonam
1970 2087 2139 2142 bonus

551 2202 739 2249 metor
776 2191 1024 2246 instituit.
1068 2188 1276 2243 Nullum
1319 2192 1493 2239 autem
1524 2189 1799 2252 peccatum
1840 2178 2041 2249 parvuli
2087 2178 2140 2231 in

551 2302 649 2345 sua
680 2286 791 2340 vita
816 2286 1089 2355 proprium
1116 2279 1520 2336 commiserunt.
1559 2274 1817 2329 Remanet
1851 2271 2009 2342 igitur
2037 2270 2143 2324 ori-

553 2378 736 2451 ginale
788 2384 1091 2447 peccatum,
1152 2387 1247 2441 per
1292 2369 1434 2441 quod
1483 2368 1582 2423 sub
1632 2365 1826 2421 diaboli
1883 2370 2143 2435 potestate

555 2471 754 2543 captivi
775 2478 918 2535 sunt,
945 2466 1047 2522 nisi
1069 2464 1190 2519 inde
1208 2464 1421 2518 lavacro
1439 2456 1861 2532 regenerationis
1881 2465 1933 2511 et
1947 2452 2145 2509 Christi

556 2564 818 2635 Sanguine
844 2560 1193 2622 redimantur,
1221 2564 1276 2611 et
1303 2561 1579 2611 transeant
1608 2552 1660 2606 in
1687 2562 1906 2620 regnum
1939 2547 2149 2601 redem-

557 2658 729 2730 ptoris
757 2656 861 2721 sui,
888 2652 1139 2708 frustrata
1165 2654 1430 2719 potestate
1455 2640 1793 2713 captivatoris
1820 2639 1922 2706 sui,
1953 2644 2008 2693 et
2026 2635 2147 2691 data

560 2727 824 2821 potestate
844 2760 948 2818 qua
974 2743 1099 2799 fiant
1120 2756 1188 2798 ex
1204 2738 1327 2795 aliis
1358 2737 1517 2808 hujus
1539 2733 1717 2789 saeculi
1740 2731 1833 2787 filii
1854 2730 1947 2786 Dei
1970 2727 2145 2802 (Jun.

562 2843 629 2907 ς,
665 2838 775 2913 is).

635 2927 862 2988 CAPUT
882 2924 1020 2984 XXI.
1039 2953 1114 2965 —
1128 2922 1220 2978 23.
1238 2919 1323 2978 Ea:
1340 2919 1483 2976 bouis
1502 2917 1727 2990 conjugii
1743 2930 1842 2970 non
1864 2928 1968 2969 esse
1987 2921 2152 2967 ortum

564 3036 844 3103 peccatum.
873 3020 1125 3079 Cannabii
1149 3021 1517 3073 sacramentum
1544 3014 1598 3067 in
1623 3009 1822 3067 Christo
1848 3018 1895 3063 et
1917 3005 2153 3063 Ecclesia

565 3099 843 3195 magnum,
898 3119 953 3171 in
1002 3116 1109 3170 sire
1147 3122 1195 3168 et
1234 3118 1392 3166 uxore
1434 3108 1718 3163 minimum.
1767 3103 1883 3159 Jam
1926 3115 2067 3159 nunc
2107 3099 2153 3157 si

568 3189 799 3288 quodam
824 3206 984 3265 modo
1010 3206 1397 3274 interrogemus
1424 3199 1562 3254 bona
1585 3195 1674 3251 illa
1695 3192 1949 3265 nuptialia
1968 3231 1983 3256 ,
2014 3189 2156 3247 unde

568 3283 637 3361 ab
677 3283 755 3359 eis
793 3298 1025 3372 potuerit
1052 3304 1327 3367 peccatum
1358 3290 1411 3346 in
1439 3288 1685 3361 parvulos
1710 3283 2023 3357 prapagari;
2065 3294 2154 3337 re-

569 3393 856 3469 ‘spondebit
888 3388 1042 3447 nobis
1075 3387 1314 3459 operatio
1344 3380 1693 3456 propagandae
1721 3376 1887 3450 prolis
1919 3394 1934 3432 :
1964 3375 2077 3447 Ego
2101 3374 2156 3429 in

568 3466 821 3562 paradiso
848 3482 1018 3555 magis
1044 3477 1175 3536 felix
1201 3491 1399 3544 essem,
1439 3475 1485 3529 si
1517 3479 1793 3544 peccatum
1828 3483 1935 3524 non
1970 3466 2159 3522 fuisset

571 3557 886 3637 admissum.
905 3572 987 3630 Ad
1006 3584 1094 3628 me
1112 3581 1342 3640 namque
1366 3568 1596 3638 pertinet
1616 3563 1702 3618 illa
1722 3558 2022 3617 benedictio
2040 3557 2155 3624 Dei,

573 3671 807 3737 Crescite,
837 3679 882 3725 et
910 3662 1322 3737 multiplicamini
1352 3658 1503 3732 (Gen.
1533 3674 1586 3725 ι,
1619 3655 1737 3728 28).
1769 3653 1852 3711 Ad
1879 3653 1983 3710 hoc
2024 3666 2160 3724 opus

570 3766 775 3822 bonum
802 3758 1002 3817 diversi
1045 3769 1204 3813 sexus
1234 3753 1441 3810 diversa
1476 3747 1717 3806 membra
1755 3753 1881 3806 sunt
1917 3743 2158 3811 condita,

575 3870 693 3930 quae
737 3852 953 3927 quidem
990 3856 1114 3907 ante
1148 3851 1425 3919 peccatum
1446 3842 1562 3915 jam
1585 3846 1767 3907 erant,
1798 3837 1892 3930 sed
1915 3835 2162 3911 pudenda

570 3929 683 4005 non
721 3951 893 4003 erant.
933 3937 1299 4013 Respondebit
1319 3934 1587 4009 pudicitiae
1612 3929 1855 3988 ﬁdes:Si
1885 3937 2161 4002 peccatum

572 4055 684 4097 non
719 4036 938 4102 fuisset,
984 4031 1109 4105 quid
1137 4044 1226 4087 me
1261 4028 1316 4084 in
1349 4024 1599 4099 paradiso
1637 4022 1876 4079 securius
1906 4036 2026 4078 esse
2062 4034 2162 4095 po-

574 4133 787 4196 tuisset,
811 4126 902 4184 ubi
927 4137 1031 4181 nec
1050 4119 1349 4179 stimularet
1370 4130 1511 4184 mea,
1532 4128 1634 4172 nec
1651 4113 1872 4170 alterius
1890 4126 1977 4167 me
2000 4109 2163 4166 libido

575 4228 831 4282 tentaret.
864 4212 1233 4287 Respondebit
1260 4210 1422 4267 etiam
1446 4205 1700 4264 connubii
1725 4203 2161 4261 Sacramentum:

575 4315 658 4371 De
684 4328 770 4368 me
804 4318 929 4365 ante
966 4308 1245 4378 peccatum
1274 4300 1473 4357 dictum
1501 4296 1663 4355 estin
1689 4293 1956 4369 paradiso,
1987 4292 2165 4349 Belin.-

576 4414 695 4478 quet
723 4406 871 4457 homo
906 4386 1105 4471 patrem»
1137 4404 1185 4449 et
1212 4401 1423 4448 matrem
1443 4433 1457 4457 ,
1494 4398 1540 4445 et
1560 4386 1834 4443 adhwrebit
1854 4384 2003 4441 uxori
2025 4400 2161 4452 sua,

578 4474 629 4553 et
656 4502 799 4551 erunt
825 4491 924 4545 duo
950 4490 1004 4544 in
1028 4498 1180 4541 carne
1202 4499 1308 4538 uno
1346 4479 1460 4555 (Id.
1486 4494 1555 4549 ιι,
1599 4477 1716 4550 24).
1747 4474 1902 4547 Quod
1926 4489 2165 4549 magnum

576 4584 971 4647 Sacramentum
996 4580 1127 4636 dicit
1149 4573 1437 4648 Apostolus
1469 4573 1524 4628 is
1562 4569 1760 4629 Christo
1785 4578 1831 4625 et
1860 4570 1912 4624 in
1938 4567 2166 4625 Ecclesia

582 4677 798 4751 (Ephes.
818 4690 873 4742 ν,
898 4672 1011 4744 '52).
1034 4668 1186 4739 Quod
1207 4682 1334 4740 ergo
1353 4675 1434 4727 εει
1458 4664 1513 4722 in
1531 4661 1742 4719 Christo
1769 4669 1823 4717 ct
1847 4659 1901 4715 in
1925 4656 2164 4719 Ecclesia

580 4762 833 4841 magnum
850 4808 866 4835 ,
907 4765 1011 4820 hoc
1039 4763 1093 4818 in
1130 4759 1351 4831 singulis
1374 4756 1672 4830 quibusque
1692 4752 1824 4809 viris
1846 4760 2005 4823 atque
2029 4765 2165 4807 uxo~

579 4864 729 4920 ribus
757 4858 1058 4924 minimum,
1089 4852 1185 4910 sed
1216 4860 1395 4908 tamen
1420 4844 1813 4919 coniunctionis
1838 4842 2166 4916 inseparabi-

579 4956 679 5013 lis‘
710 4953 1134 5013 Sacramentum.
1161 4944 1300 5015 Quid
1340 4944 1532 5001 horum
1566 4947 1649 4998 est
1677 4940 1732 4995 in
1774 4938 1999 5010 nuptiis,
2030 4936 2169 4995 unde

578 5045 792 5121 peccati
814 5040 1085 5100 vinculum
1109 5037 1362 5093 transiret
1384 5036 1443 5091 in
1470 5030 1753 5106 posteros?
1773 5029 1974 5101 Nempe
2002 5028 2164 5084 nihil:

582 5120 642 5195 et
665 5144 814 5195 certe
844 5134 935 5191 his
967 5131 1137 5190 tribus
1166 5127 1323 5187 bonis
1346 5124 1577 5200 perfecte
1611 5139 1671 5183 se
1711 5122 1936 5180 haberet
1960 5120 2168 5181 bonitas

582 5231 921 5303 nuptiarum,
947 5226 1143 5300 quibus
1174 5223 1329 5280 bonis
1364 5220 1525 5277 etiam
1562 5232 1705 5276 nunc
1735 5217 1890 5274 bona
1919 5224 2044 5272 sunt
2068 5230 2169 5271 nu-

577 5323 731 5396 ptiae.
2147 5357 2151 5361 .

563 5435 567 5439 ‘
654 5409 882 5476 CAPUT
913 5404 1281 5468 nil—96.
1321 5402 1505 5460 Libido
1541 5409 1591 5458 ct
1631 5401 1795 5474 pudor
1832 5416 1896 5456 ea;
1941 5408 2165 5472 peccato.

581 5507 692 5565 Lex
748 5506 957 5578 peccati.
1016 5500 1347 5575 Impudentio
1399 5497 1711 5570 cyaicorum.
1766 5494 1936 5553 Porro
1990 5501 2168 5551 autem

582 5588 637 5657 si
670 5600 1025 5669 interrogetur
1058 5594 1149 5649 illa
1185 5592 1359 5649 carnis
1405 5586 1831 5659 concupiscentia
1864 5626 1880 5654 ,
1926 5600 2027 5656 qua
2070 5599 2170 5655 pn-

582 5687 757 5746 denda
805 5688 943 5744 facta
985 5696 1129 5753 sunt,
1173 5697 1299 5755 quae
1342 5681 1487 5754 prius
1515 5676 1759 5751 pudenda
1789 5690 1896 5733 non
1927 5674 2168 5744 fuerant;

584 5793 767 5845 sonis
799 5778 1175 5850 ηφωὸώιι,
1199 5789 1262 5833 se
1285 5774 1338 5831 in
1360 5772 1614 5831 membris
1643 5770 1874 5827 hominis
1899 5777 2020 5843 post
2043 5783 2169 5843 pec-

541 5961 580 6017 1,
650 5917 671 5949 ι
703 5907 1481 5981 η.αωιω,ὑυσρσαιι.

1361 408 1450 466 DE
1485 402 1753 465 NUPTIIS
1789 396 1880 458 ET
1916 390 2522 465 CONCUPISCENTIA,
2560 398 2620 457 S.
2665 397 3038 456 AUGUSTINI
3666 421 3742 481 ηε

2238 527 2414 576 catum
2444 531 2564 573 esse
2591 517 2850 587 coepisse?
2902 516 2970 570 Et
3028 512 3150 571 ideo
3190 510 3353 593 legem
3388 533 3569 598 peccati
3601 544 3740 604 Verbis

2237 609 2542 683 apostolicis
2587 586 2940 680 nuncupatam
2990 606 3168 678 (Rom.
3219 586 3312 676 vit,
3356 586 3467 693 ἓξ),

2237 707 2438 765 minem
2479 705 2578 760 sibi
2606 704 2875 761 subditum
2918 701 3134 770 fecerit,
3176 707 3295 775 quia
3322 684 3563 775 Deowsu‘o
3602 684 3743 786 subd}.

2239 796 2322 854 tus
2359 813 2492 893 esse
2508 796 2677 856 noluit
2698 814 2712 850 :
2735 811 2901 870 seque
2921 810 3053 893 esse
3069 794 3137 893 de
3164 810 3263 871 qua
3288 808 3340 853 et
3366 804 3512 870 primi
3530 814 3745 893 coniugati

2240 899 2366 946 tunc
2384 889 2730 955 erubucrunt,
2760 886 2973 959 quando
3001 886 3244 960 pudenda
3275 896 3506 952 texerunt
3532 882 3727 975 (0e53,.

2237 983 2317 1056 7),
2342 989 2396 1038 et
2430 997 2569 1037 nunc
2593 995 2783 1037 omnes
2820 955 3176 1047 erubescunt,
3213 984 3416 1052 quando
3449 986 3510 1042 ad
3537 955 3746 1054 an-eun“;

2237 1074 2471 1131 bendum
2491 1082 2694 1131 secreta
2713 1060 3253 1144 conquirunt,'neque
3272 1072 3425 1146 huius
3441 1082 3603 1149 operis
3623 1094 3747 1147 teste;

2239 1169 2438 1225 audent
2467 1167 2664 1223 habere
2698 1166 2781 1223 vel
2823 1162 2991 1233 ﬁlios,
3029 1181 3163 1235 quos
3206 1166 3327 1223 inde
3364 1185 3650 1241 genuerunt.
3678 1183 3751 1240 Cui

2238 1258 2573 1319 verecundiae
2601 1258 2827 1324 naturali
2855 1257 3173 1330 Cynicorum
3204 1272 3353 1317 error
3381 1261 3753 1338 philosophorum

2242 1350 2472 1405 mirabili
2528 1349 2854 1420 impudentia
2902 1349 3191 1404 reluctatus
3245 1355 3327 1405 est
3355 1368 3369 1405 :
3395 1355 3755 1429 quandoquidem

2242 1441 2365 1509 hoc,
2396 1442 2644 1515 quoniam
2684 1440 2883 1495 licitum
2914 1448 3057 1495 esset
3087 1439 3502 1513 honestumque,
3530 1461 3634 1506 cum
3656 1466 3756 1509 con.

2237 1533 2365 1609 juge
2392 1533 2563 1605 palam
2598 1530 2900 1591 faciendum
2941 1545 3060 1589 esse
3101 1530 3409 1589 censebant.
3446 1533 3584 1591 Unde
3606 1542 3759 1600 merito

2243 1625 2578 1683 immundilia
2627 1625 2785 1698 hujus
2823 1625 3167 1701 impudentia:
3206 1625 3446 1687 caninum
3487 1643 3658 1687 nomen
3691 1648 3760 1691 ac.

2244 1717 2384 1790 cepit
2407 1735 2421 1773 :
2441 1733 2507 1777 cx
2538 1718 2637 1772 hoc
2658 1716 2854 1788 quippe
2878 1715 3063 1788 Cynici
3093 1715 3377 1792 nuncupati
3396 1727 3530 1775 sunt.

2315 1807 2542 1867 CAPUT
2581 1807 2771 1865 XXIII.
2794 1836 2865 1848 —
2882 1806 2974 1863 εδ.
3006 1804 3422 1877 Concupiscentia
3447 1809 3499 1863 in
3522 1817 3765 1883 regeneratis

2245 1904 2355 1959 sine
2387 1918 2634 1958 consensu
2677 1918 2778 1956 non
2824 1911 2895 1955 est
2928 1896 3222 1970 peccatum.
3265 1897 3526 1959 Peccatum
3551 1920 3767 1974 quam“

2246 1996 2651 2068 concupiscentia
2690 2003 2909 2050 vocetur.
2952 1992 3213 2065 Quidquid
3250 2009 3339 2065 per
3376 1996 3766 2067 concupiscentem

2247 2088 2492 2154 nascitur,
2522 2103 2621 2141 non
2650 2086 2896 2152 immerito
2925 2081 3190 2155 subjugari
3213 2082 3413 2137 diabolo
3436 2094 3621 2156 propter
3640 2104 3771 2157 pecce-

2249 2190 2376 2235 tum.
2414 2176 2660 2235 Diabolus
2687 2177 2889 2250 grauius
2925 2192 3075 2249 quam
3106 2174 3338 2231 homines
3366 2176 3648 2246 puniendus.
3679 2178 3773 2241 Hec

2250 2271 2469 2328 omnino
2496 2269 2926 2341 concupiscentia
2946 2308 2962 2335 ,
3007 2267 3120 2322 lucc
3148 2265 3241 2322 lex
3266 2267 3467 2339 peccati
3503 2266 3711 2327 habitans
3734 2272 3772 2331 in

2247 2364 2527 2430 membris,
2559 2362 2644 2418 cui
2669 2362 2755 2417 lex
2778 2360 2996 2433 iustitiae
3023 2366 3171 2416 vetat
3201 2357 3445 2427 obedire,
3464 2358 3657 2421 dicente,
3676 2361 3777 2431 Apo-

2255 2458 2423 2537 stolo,
2452 2454 2575 2510 Non
2604 2472 2719 2528 ergo
2748 2462 2917 2526 regnet
2948 2461 3215 2525 peccatum
3234 2452 3289 2505 in
3320 2460 3477 2507 uestro
3500 2452 3677 2514 mortali
3698 2468 3778 2511 tar-

2254 2566 2377 2623 pore
2399 2548 2467 2603 ad
2491 2546 2823 2603 obedientium
2849 2544 3110 2600 desideriis
3139 2543 3274 2621 ejus,
3294 2558 3451 2617 neque
3476 2543 3777 2605 cohibuerunt

2254 2632 2477 2694 membra
2503 2648 2669 2696 uestra
2705 2653 2849 2694 arma
2890 2634 3170 2707 iniquitatis
3200 2643 3405 2706 peccato
3444 2631 3609 2709 (Rom.
3632 2650 3701 2707 Vt,
3718 2635 3778 2702 12,

2258 2731 2521 2807 13),h:ue,
2559 2732 2772 2803 inquam
2795 2771 2812 2801 ,
2851 2728 3291 2803 concupiscentia
3309 2770 3326 2796 ,
3362 2742 3479 2801 qua:
3504 2726 3615 2790 solo
3639 2726 3781 2789 Saua-

2255 2832 2438 2880 mento
2464 2820 2885 2899 regenerationis
2913 2820 3157 2893 expiatur
3177 2860 3197 2887 ,
3240 2814 3477 2893 profecto
3501 2817 3684 2895 peccati
3697 2819 3783 2879 vitt-

2258 2916 2436 2973 culum
2466 2914 2869 2988 regcneratione
2896 2910 3090 2991 trajicit
3111 2911 3167 2965 in
3206 2916 3473 2982 posteros,
3501 2906 3701 2971 nisl'ah
3721 2907 3786 2967 illo

2259 3016 2315 3063 et
2353 3008 2453 3077 ipsi
2498 3006 2904 3077 regeneratione
2949 3002 3258 3059 solvantur.
3304 2998 3440 3057 Nam
3482 2998 3590 3071 ipsa
3625 2998 3788 3075 quidem

2259 3098 2687 3173 concupiscentia
2712 3098 2821 3171 jam
2846 3113 2953 3152 non
2976 3105 3059 3152 est
3086 3103 3373 3168 peccatum
3406 3095 3458 3150 in
3493 3094 3789 3168 regebam,

2262 3194 2478 3271 quando
2507 3192 2582 3250 illi
2604 3194 2688 3249 'ad
2717 3193 2899 3248 illicita
2925 3206 3087 3262 opera
3115 3206 3231 3246 non
3276 3187 3633 3256 consentitur,
3673 3196 3791 3259 atque

2264 3297 2323 3345 ut
2353 3304 2411 3345 ea
2441 3284 2805 3358 perpetrent',
2837 3299 2869 3340 a
2896 3285 3075 3357 regina
3102 3289 3295 3343 mento
3320 3279 3563 3341 membra
3583 3294 3673 3334 non
3693 3276 3792 3333 dan-

2261 3389 2350 3435 tur
2373 3397 2388 3434 :
2411 3388 2467 3433 ut
2499 3378 2543 3433 si
2573 3392 2680 3433 non
2710 3374 2768 3430 iit
2795 3373 2937 3445 quod
2961 3373 3228 3445 scriptum
3258 3381 3365 3440 est,
3396 3368 3517 3427 Non
3535 3368 3796 3439 concupiscat

2264 3468 2463 3544 (Exod.
2495 3482 2592 3535 xx,
2622 3463 2744 3543 I7),
2775 3465 2868 3521 ﬁat
2892 3466 3080 3526 saltem
3123 3463 3277 3536 quod
3321 3463 3448 3520 alibi
3484 3460 3675 3534 legitur,
3709 3457 3797 3514 Post

2264 3559 2697 3634 concupiscentiae
2729 3556 2845 3615 tuas
2888 3573 2990 3614 non
3025 3574 3108 3613 eas
3151 3550 3357 3631 (Eccli.
3398 3570 3552 3625 “tu,
3592 3552 3691 3624 30).
3724 3549 3801 3613 Sed

2265 3656 2389 3733 quia
2406 3652 2429 3687 ‘
2451 3653 2612 3710 modo
2630 3651 2860 3724 quodam
2878 3650 3128 3723 loquendi
3150 3659 3445 3721 peccatum
3461 3658 3678 3715 vocatur,
3696 3645 3803 3721 quod

2266 3758 2319 3806 et
2354 3756 2572 3821 peccato
2610 3746 2748 3804 facta
2784 3754 2885 3815 est,
2920 3755 2977 3803 et
3013 3753 3325 3818 peccatum.
3370 3745 3421 3807 si
3454 3743 3662 3811 vicerit,
3686 3739 3806 3804 facit;

2266 3841 2484 3901 reatus'
2521 3840 2637 3914 ejus
2661 3841 2805 3899 valet
2841 3840 2895 3896 in
2921 3846 3181 3911 generato
3205 3856 3219 3893 :
3240 3852 3407 3910 quem
3434 3844 3631 3897 reatum
3655 3829 3808 3895 (Ἀτίσιί

2265 3935 2434 4009 gratia
2463 3948 2561 4005 per
2595 3931 2965 3993 remissionem
3011 3929 3263 3989 omnium
3310 3937 3648 4006 peccatorum
3680 3924 3727 3985 in
3748 3934 3811 3978 re-

2267 4034 2551 4101 generato,
2582 4025 2629 4081 si
2653 4023 2721 4083 ad
2758 4022 2899 4083 mala
2932 4036 3096 4095 opera
3125 4022 3183 4082 ei,
3212 4019 3453 4094 quodam
3482 4018 3637 4079 modo
3651 4011 3814 4089 iubenti

2267 4132 2374 4174 non
2420 4115 2677 4182 obediat,
2715 4113 2890 4175 valere
2935 4126 3045 4169 non
3086 4110 3241 4173 sinit.
3286 4111 3381 4175 Sic
3424 4118 3601 4169 autem
3642 4112 3816 4165 vocatu

2267 4216 2542 4281 peccatum
2563 4249 2579 4277 ,
2606 4205 2729 4279 quia
2768 4213 2987 4277 peccato
3023 4201 3163 4259 facta
3197 4210 3288 4258 est
3307 4243 3323 4269 ,
3355 4215 3479 4263 cum
3498 4198 3609 4273 iam
3634 4199 3680 4255 in
3701 4208 3817 4269 rege

2268 4300 2469 4361 aeratis
2496 4316 2602 4357 non
2646 4299 2717 4356 sit
2757 4298 2870 4369 ipsa
2910 4304 3234 4369 peccatum:
3260 4294 3407 4355 sicut
3444 4299 3657 4351 vocatur
3680 4288 3820 4359 lingua

2269 4395 2487 4461 locutio,
2505 4407 2663 4465 quam
2684 4389 2809 4446 facit
2826 4389 3034 4462 lingua;
3056 4396 3110 4445 et
3124 4401 3326 4447 manus
3345 4393 3568 4443 vocatur
3585 4378 3820 4450 scriptura,

2269 4503 2428 4561 quam
2459 4485 2587 4543 facit
2633 4498 2843 4543 manus.
2886 4481 3124 4553 Itemque
3161 4480 3247 4536 sic
3295 4485 3521 4540 vocatur
3560 4478 3825 4546 peccatum.

2271 4581 2395 4655 quia
2425 4588 2732 4656 peccatum,
2781 4576 2827 4635 si
2855 4574 3039 4643 vincit,
3080 4572 3243 4629 facit:
3268 4571 3415 4631 sicut
3449 4576 3661 4627 vocatur
3692 4561 3825 4637 {rigua

2269 4654 2501 4748 pigrum,
2522 4686 2628 4733 non
2647 4668 2788 4747 quod
2812 4683 2843 4725 a
2867 4667 3028 4739 pigris
3056 4665 3167 4731 fiat,
3198 4664 3300 4727 sed
3322 4662 3474 4736 quod
3494 4654 3827 4748 pigros-iaciat.

2340 4745 2435 4829 26.
2460 4766 2573 4844 Hoc
2595 4745 2773 4841 generi
2801 4762 3033 4821 humano
3059 4758 3328 4819 inﬂictum
3351 4756 3548 4817 vulnus
3575 4769 3607 4813 ι

2273 4841 2546 4940 (ιιιὶάίιιιίἆ
2567 4836 2663 4929 per
2701 4854 2832 4915 illud
2871 4852 3140 4920 nascitur,
3169 4851 3323 4923 cogit
3363 4862 3487 4909 esse
3514 4845 3614 4904 sub
3636 4836 3831 4904 diabolo,

2275 4938 2526 5033 (aliquam
2552 4947 2622 5005 de
2650 4961 2748 5003 suo
2784 4944 2976 5002 frutice
3002 4942 3236 5001 fructum
3270 4940 3401 5012 jure
3445 4938 3688 5007 decerpat
3711 4948 3727 4987 :
3750 4941 3835 4987 non

2274 5024 2417 5117 quod
2447 5042 2514 5099 ab
2541 5040 2637 5096 illo
2666 5039 2736 5095 sit
2760 5045 2947 5095 natura
2975 5036 3207 5093 humana
3228 5073 3245 5103 ,
3275 5049 3404 5107 quae
3430 5047 3542 5093 non
3568 5036 3650 5089 est
3672 5022 3763 5089 nisi
3782 5034 3837 5079 ex

2339 5158 2358 5222 ἓ
2392 5157 2466 5211 Sic
2485 5162 2595 5222 uss.
2610 5153 2891 5222 Edltivero,
2911 5146 3198 5205 cultibus.

2337 5220 2358 5252 ²
2391 5217 2522 5277 Apud
2545 5223 2677 5277 Lov.,
2698 5219 2744 5267 et
2764 5212 2875 5265 nisi.

2340 5280 2362 5345 ἓ
2392 5277 2581 5345 Aliquot
2599 5284 2729 5338 Mss,
2751 5277 3007 5345 perpetui.

2338 5343 2362 5377 ι
2382 5327 3143 5403 ὼὲίὀίέηδεεὶέίθάοιυηιηκίσ
3163 5346 3183 5386 .-
3194 5334 3408 5403 mea
3423 5327 3842 5403 «μη-ἀέξει

2278 5411 2331 5457 et
2342 5388 3103 5461 omne—s'codice‘smanuscriptos.
3128 5388 3601 5511 Forteslgfeudum',
3631 5388 3711 5441 scd
3737 5392 3841 5444 M-

2338 5469 2360 5501 ⁸
2395 5466 2714 5511 Βρηὶαηίξωιιε
2732 5469 2836 5511 Its.
2872 5472 3038 5511 verum
3070 5466 3253 5511 reatus.
3395 5492 3412 5511 .
3446 5467 3646 5511 certon.
3666 5452 3841 5511 im

2338 5452 2364 5501 ί
2375 5452 2385 5454 ⁷
2395 5452 2714 5530 neniguianus
2732 5469 2838 5530 his,
2872 5452 3038 5530 verum
3054 5466 3253 5530 fectus,
3277 5452 3431 5530 δαῖε-
3630 5452 3846 5530 ἐξίει-,ξ’

2275 5504 2938 5581 νισι-εζῖὂὶιῗιῖἆῖιῖεῐῆίήυὶὶί
2954 5504 3036 5572 ἕέὶ
3054 5504 3620 5581 1ὸὸὃῖῑίιέ
3632 5504 3843 5581 'voéabgti.

2277 5568 2409 5642 sint
2435 5568 2934 5644 {metuisse
2961 5568 3335 5644 rediimus}
3359 5568 3842 5644 innuimus;

2420 5630 2579 5703 minus
2591 5630 3048 5715 ὖξηθΪῘ-νῖιῖτρὶῖξ
3061 5630 3215 5715 Elea):
3222 5630 3229 5632 ἡ
3512 5705 3527 5715 ⁸
3540 5630 3851 5715 omnia,“

2814 5688 3851 5821 ueracissimus

2278 5768 2528 5843 peccatum
2554 5778 2789 5843 iocatur,
2814 5770 2942 5843 quod
2983 5776 3033 5821 et
3048 5768 3060 5773 '
3072 5772 3277 5843 peccato
3290 5841 3297 5843 Α
3310 5768 3344 5832 f4

2560 5764 2757 5827 uocatur
2774 5807 2789 5833 ,
2814 5770 2942 5835 quod
2983 5776 3033 5821 et
3048 5764 3271 5832 ’νεοίατο
3310 5764 3453 5832 facta
3490 5764 3583 5826 est.
3612 5765 3662 5817 et

2450 5835 2712 5949 sli‘picerit,
2753 5834 2868 5898 facit
2910 5844 3103 5894 verum;
3134 5837 3305 5882 ream
3338 5828 3451 5893 ejus
3476 5825 3604 5880 ναια
3639 5820 3691 5878 δι
