3938 6528
539 388 638 444 451
675 379 680 383 “

539 505 629 560 vel
670 500 846 560 cordis
886 509 1136 554 assensus
1181 492 1270 547 ubi
1317 498 1535 560 regnet,
1562 489 1649 544 vel
1689 487 1927 544 membra
1967 487 2115 540 velut

541 610 686 651 arma
714 593 904 665 quibus
930 587 1208 658 impleatur
1230 582 1370 653 quod
1397 582 1566 651 jubet.
1591 580 1712 651 Agit
1736 588 1932 644 autem,
1959 577 2110 648 quid,

541 686 644 742 nisi
670 686 782 755 ipsa
805 680 1066 736 desideria
1093 677 1232 731 mala
1257 681 1310 730 et
1335 672 1552 744 turpia?
1593 673 1708 726 Non
1735 672 1875 726 enim
1905 669 1949 724 si
1975 669 2114 724 bona

539 789 598 838 ot
645 778 786 834 licita
837 779 1037 836 essent,
1085 771 1163 826 eis
1209 768 1426 824 obedire
1477 764 1781 836 prohiberet
1825 761 2112 831 Apostolus

539 871 723 927 dicens
749 885 765 924 :
788 864 911 920 Non
933 871 1102 936 regnet
1131 871 1388 933 peccatum
1414 859 1468 913 in
1492 865 1652 913 uestro
1677 855 1879 910 mortali
1905 870 2116 922 corpore

537 962 608 1016 ad
635 957 964 1016 obediendum
991 954 1250 1010 desideriis
1275 954 1402 1024 ejus.
1451 950 1566 1004 Non
1594 949 1734 1005 enim
1760 947 1864 1014 ait,
1893 945 1972 1001 Ad
2015 943 2114 998 ha-

537 1051 711 1109 benda
740 1048 1003 1105 desideria
1037 1046 1189 1116 ejus;
1235 1043 1363 1109 sed,
1391 1042 1460 1096 ad
1497 1039 1826 1095 obediendum
1854 1034 2116 1090 desideriis

537 1144 648 1213 ejus
664 1158 684 1198 :
708 1149 767 1196 nt
791 1140 1041 1210 quoniam
1065 1145 1187 1191 sunt
1211 1137 1265 1189 in
1291 1135 1410 1188 aliis
1429 1133 1649 1202 majora,
1673 1132 1724 1184 in
1749 1129 1867 1184 aliis
1885 1127 2112 1192 minora,

536 1241 697 1305 prout
725 1231 948 1301 quisque
989 1228 1042 1282 in
1082 1226 1311 1281 hominis
1349 1223 1616 1278 interioris
1657 1221 1892 1275 novitate
1931 1215 2112 1288 profe-

539 1325 694 1384 cerit,
725 1322 780 1376 in
809 1320 913 1374 hoc
937 1332 1158 1389 agonem
1183 1315 1401 1386 justitize
1427 1311 1798 1384 pudicitiaequc
1820 1321 2112 1373 servemus,

539 1429 610 1466 ne
637 1412 740 1468 illis
763 1409 1092 1465 ohediamus.
1137 1405 1204 1462 Ut
1231 1413 1406 1460 tamen
1436 1417 1535 1457 nec
1559 1402 1670 1470 ipsa
1697 1399 1806 1455 sint
1831 1397 2111 1462 desideria,

539 1503 677 1560 velle
715 1502 992 1563 debemus,
1023 1499 1185 1554 etiam
1222 1497 1267 1551 si
1307 1497 1359 1550 in
1391 1509 1615 1563 corpore
1659 1492 1843 1546 mortis
1881 1489 2036 1558 hujus
2065 1487 2118 1542 id

542 1595 783 1650 obtinere
809 1608 913 1646 non
944 1604 1244 1660 possumus.
1275 1587 1407 1641 Hinc
1437 1585 1577 1640 enim
1613 1591 1666 1637 et
1701 1582 1806 1636 alio
1831 1582 1947 1635 loco
1975 1579 2117 1633 idem

540 1685 814 1755 apostolus
856 1685 1080 1753 loquens
1126 1680 1270 1735 velut
1318 1694 1382 1732 ex
1428 1693 1538 1730 suae
1587 1689 1829 1745 pcrsonm
1875 1669 2118 1726 introdu-

541 1777 720 1833 ctione
747 1789 845 1829 nos
881 1773 1126 1839 instruit,
1153 1771 1356 1834 dicens,
1396 1766 1515 1820 Non
1541 1766 1672 1820 enim
1696 1763 1829 1832 quod
1854 1763 1964 1816 volo
1981 1803 1998 1830 ,
2027 1761 2121 1815 hoc

542 1881 676 1939 ago;
719 1865 808 1920 sed
834 1863 968 1935 quod
996 1861 1110 1928 odi,
1143 1859 1273 1914 illud
1312 1859 1484 1928 facio;
1529 1855 1582 1909 id
1616 1863 1730 1921 est,
1761 1852 2116 1922 concupisco:

543 1956 665 2027 quia
703 1963 760 2012 et
799 1955 904 2009 hoc
945 1953 1110 2008 nollet
1157 1953 1351 2014 facere,
1396 1957 1456 2002 ut
1494 1954 1636 2002 esset
1672 1946 1817 2000 omni
1864 1960 1930 1998 ex
1973 1953 2120 2012 parte

544 2046 827 2117 perlectus.
859 2044 920 2098 Si
946 2051 1111 2097 autem
1137 2040 1271 2113 quod
1299 2039 1437 2103 nolo,
1467 2038 1658 2108 inquit,
1691 2036 1784 2090 hoc
1812 2035 1964 2104 facio,
1996 2050 2121 2087 con-

542 2140 703 2194 sentio
729 2136 827 2208 legi
865 2137 1102 2206 quoniam
1129 2135 1258 2187 bona
1281 2147 1302 2188 :
1330 2132 1452 2201 quia
1497 2130 1599 2185 hoc
1640 2138 1694 2184 et
1734 2128 1822 2181 illa
1856 2142 1962 2180 non
1989 2125 2119 2193 vult,

543 2228 682 2300 quod
721 2235 777 2282 et
813 2242 912 2296 ego
947 2225 1092 2280 nolo.
1138 2223 1255 2280 Non
1279 2223 1392 2278 vult
1439 2221 1580 2276 enim
1625 2228 1682 2274 ut
1725 2218 2119 2287 concupiscam,

543 2334 658 2388 quae
685 2317 833 2380 dicit,
853 2313 974 2370 Non
993 2314 1315 2385 concupisces
1337 2327 1357 2366 :
1375 2318 1432 2367 et
1452 2325 1552 2381 ego
1573 2309 1698 2364 nolo
1721 2308 2120 2377 concupiscere.

544 2411 604 2466 ιιι
649 2410 749 2464 lmc
794 2410 970 2479 itaque
1008 2407 1368 2468 consentiunt,
1400 2403 1647 2458 voluntas
1687 2401 1838 2472 legis,
1884 2407 1939 2453 et
1981 2413 2118 2453 mea.

547 2501 743 2558 Verum
773 2501 894 2570 quia
923 2498 1302 2568 concupiscere
1331 2496 1563 2559 nolebat,
1609 2501 1664 2549 et
1705 2503 1881 2548 tamen
1923 2507 2122 2548 concu-

546 2593 804 2666 piscehat,
836 2592 931 2647 sed
956 2591 1126 2648 eidem
1154 2589 1598 2660 concupiscentiae
1627 2601 1962 2657 nequaquam
1992 2599 2124 2640 con-

546 2684 825 2741 sentiendo
852 2683 1148 2748 serviebat,
1176 2679 1412 2750 adjunxit
1437 2688 1598 2750 atque
1626 2679 1702 2733 ait
1729 2695 1744 2733 :
1774 2677 1928 2732 Nunc
1956 2685 2124 2730 autem

547 2793 652 2846 jam
691 2792 794 2831 non
821 2791 912 2847 ego
954 2791 1134 2848 operor
1173 2773 1336 2838 illud,
1361 2773 1450 2826 sed
1475 2772 1530 2825 id
1557 2770 1692 2843 quod
1732 2773 1787 2826 in
1824 2785 1903 2824 me
1934 2768 2126 2822 habitat

546 2879 823 2944 peccatum.

617 2959 845 3019 CAPUT
883 2957 1120 3016 XXVIII.
1158 2987 1233 3000 —
1266 2957 1357 3012 5i.
1399 2955 1527 3023 Quis
1577 2955 1741 3009 dicere
1789 2953 1979 3024 possit,
2009 2952 2124 3024 jam

547 3069 648 3108 non
675 3069 768 3125 ego
796 3068 976 3122 aperor
999 3049 1151 3105 illud.
1171 3079 1243 3091 —
1265 3047 1482 3103 Multum
1509 3052 1689 3100 autem
1715 3043 1916 3098 fallitur
1941 3043 2120 3106 homo,

548 3143 641 3216 qui
670 3145 1011 3199 consentiens
1047 3138 1492 3208 concupiscentia:
1531 3133 1706 3190 carnis
1742 3145 1882 3198 suae,
1907 3141 1962 3188 et
1983 3131 2123 3204 quod

547 3235 636 3290 illa
662 3233 926 3289 desiderat
948 3231 1242 3287 decernens
1265 3227 1441 3284 facere
1479 3234 1533 3281 et
1560 3233 1821 3290 statuens,
1847 3231 1996 3292 putat
2023 3221 2124 3275 sibi

548 3325 721 3380 adhuc
743 3337 861 3379 esse
893 3321 1172 3378 dicendum
1189 3362 1206 3386 ,
1233 3317 1355 3373 Non
1383 3334 1473 3390 ego
1499 3333 1678 3388 cperor
1713 3314 1842 3370 illud
1867 3330 1886 3369 :
1914 3313 2125 3368 etiamsi

548 3415 722 3472 oderit
763 3415 884 3485 quia
909 3413 1192 3469 consentit.
1237 3409 1404 3467 Simul
1437 3410 1579 3466 enim
1610 3415 1693 3464 est
1730 3415 2030 3477 utrumque,
2071 3415 2127 3461 et

547 3507 666 3578 ipse
691 3505 823 3572 odit,
857 3505 979 3575 quia
1013 3503 1212 3560 malum
1237 3517 1356 3558 esse
1379 3502 1564 3566 novit;
1603 3509 1656 3555 et
1691 3499 1804 3569 ipse
1830 3498 1971 3566 facit,
2000 3500 2124 3568 quia

548 3595 726 3654 facere
754 3594 956 3651 statuit.
995 3593 1110 3649 lam
1139 3608 1269 3646 vero
1297 3591 1343 3646 si
1367 3599 1422 3646 et
1449 3589 1580 3646 illud
1604 3589 1786 3657 addat,
1809 3587 1954 3660 quod
1978 3587 2124 3642 Scri-

550 3695 705 3758 ptura
741 3685 1022 3758 prohibet,
1067 3685 1250 3740 dicens
1269 3725 1284 3752 ,
1325 3681 1505 3753 Neque
1545 3680 1865 3736 exhibueritis
1904 3679 2127 3734 membra

547 3787 711 3834 uestra
739 3793 882 3831 arma
923 3777 1200 3848 iniquitatis
1227 3782 1429 3846 peccato
1455 3772 1629 3846 (Rom.
1654 3787 1706 3826 Vl
1726 3813 1741 3838 ,
1769 3771 1868 3838 12,
1895 3771 2029 3840 l5),
2069 3779 2127 3825 ut

547 3868 690 3942 quod
717 3867 892 3924 facere
917 3868 1098 3923 statuit
1119 3867 1170 3920 in
1194 3865 1379 3932 corde,
1406 3865 1563 3920 etiam
1585 3877 1809 3932 corpore
1828 3862 2120 3932 compleat;

549 3969 606 4018 et
641 3961 763 4016 ideo
793 3959 962 4040 ‘dicat,
989 3957 1108 4012 Non
1147 3975 1236 4030 ego
1263 3973 1444 4028 operor
1482 3955 1630 4020 illud,
1661 3955 1750 4008 sed
1776 3953 1908 4024 quod
1937 3953 2127 4006 habitat

547 4053 606 4108 In
633 4067 714 4106 me
743 4060 1020 4122 peccatum,
1047 4050 1170 4120 quia
1195 4065 1314 4104 cum
1341 4049 1394 4103 id
1425 4048 1663 4103 decernit
1691 4057 1746 4103 et
1767 4046 1912 4114 facit,
1943 4047 2126 4116 displi-

553 4153 639 4200 cet
679 4144 818 4208 sibi;
852 4151 1054 4197 tantum
1100 4150 1264 4207 errat,
1309 4149 1367 4195 ut
1405 4153 1506 4196 nec
1529 4155 1588 4196 se
1621 4139 1792 4208 ipsum
1831 4149 2121 4208 agnoscat;

549 4234 766 4299 (rw-“do
808 4249 926 4286 cum
973 4248 1037 4287 ex
1063 4239 1177 4286 toto
1219 4231 1334 4300 ipse
1375 4232 1471 4295 sit,
1499 4239 1552 4284 et
1584 4230 1745 4285 corde
1771 4237 2034 4284 statuente
2071 4239 2126 4286 et

547 4349 633 4382 ως
652 4339 778 4394 pore
801 4325 1076 4394 implente,
1103 4323 1279 4378 adhuc
1315 4336 1373 4377 se
1401 4322 1570 4392 ipsum
1603 4335 1723 4377 esse
1751 4336 1856 4375 non
1883 4329 2050 4390 putat.

607 4413 847 4471 CAPUT
884 4411 1078 4469 XXIX.
1102 4410 1394 4466 —Bonum
1429 4410 1630 4481 quando
1672 4411 1979 4482 perficiatur.
2024 4411 2123 4478 Qui

548 4519 680 4576 ergo
709 4503 856 4572 dicit,
881 4503 1003 4556 Jam
1037 4518 1138 4556 non
1161 4517 1252 4572 ego
1285 4517 1465 4572 cperor
1491 4499 1640 4565 illud,
1667 4499 1755 4554 sed
1779 4501 1911 4569 quod
1936 4500 2125 4556 habitat

537 4595 606 4673 in
631 4611 710 4649 me
733 4603 990 4664 peccatum
1015 4609 1036 4648 :
1063 4593 1108 4648 si
1145 4592 1508 4648 tantummodo
1543 4591 1902 4662 concupiscit,
1937 4609 2122 4649 verum

550 4684 718 4750 dicit;
759 4697 863 4738 non
891 4684 936 4738 si
964 4683 1140 4739 cordis
1169 4683 1522 4738 consensione
1547 4682 1803 4750 decernit,
1848 4691 1939 4738 aut
1963 4685 2121 4740 etiam

547 4773 792 4842 ctirporis
833 4773 1132 4828 ministerio
1172 4773 1395 4841 perlicit.

621 4861 710 4917 '52.
750 4862 951 4918 Deinde
995 4862 1234 4932 adiungit
1275 4863 1559 4932 Apostolus
1599 4879 1613 4916 :
1659 4863 1780 4919 Scio
1827 4865 1960 4919 enim
2003 4867 2122 4937 quia

549 4972 652 5010 non
683 4955 872 5008 habitat
895 4955 950 5008 in
973 4970 1072 5020 me,
1105 4954 1200 5008 hoc
1225 4963 1299 5008 est
1322 4955 1376 5008 in
1401 4969 1554 5008 carne
1577 4970 1715 5020 mea,
1743 4957 1924 5011 bonum
1950 4974 1970 5012 :
1997 4958 2124 5014 uelle

549 5047 684 5101 enim
707 5045 903 5114 adiacet
929 5045 1073 5110 mihi,
1103 5045 1342 5114 perﬁcere
1363 5053 1526 5099 autem
1553 5044 1738 5100 bonum
1773 5063 1874 5102 non
1901 5049 2117 5104 invenio.

548 5134 664 5191 lloc
707 5133 827 5191 ideo
868 5132 1068 5190 dictum
1111 5143 1225 5202 est,
1267 5135 1388 5205 quia
1429 5146 1553 5191 tunc
1597 5136 1863 5206 perlicitur
1899 5139 2118 5208 bonum,

546 5225 758 5295 quando
804 5225 1065 5282 desideria
1105 5225 1242 5280 mala
1270 5225 1411 5280 nulla
1452 5234 1576 5281 sunt
1613 5244 1627 5281 :
1658 5227 1794 5282 sicut
1838 5238 1961 5284 tunc
2001 5245 2120 5300 per-

545 5313 723 5372 llcitur
777 5315 1003 5380 malum,
1055 5314 1266 5386 quando
1314 5314 1468 5371 malis
1523 5315 1799 5372 desideriis
1851 5318 2116 5376 obeditur.

546 5407 774 5477 Quando
800 5417 976 5463 autem
1022 5416 1146 5464 sunt
1187 5407 1398 5478 quidem
1419 5449 1434 5472 ,
1466 5408 1560 5464 sed
1589 5423 1692 5464 non
1723 5410 1801 5465 eis
1829 5411 2074 5467 obeditur
2099 5431 2116 5480 ;

544 5514 646 5556 nec
682 5501 880 5556 malum
929 5499 1232 5570 perﬁcitur,
1265 5501 1388 5571 quia
1429 5517 1534 5558 non
1581 5501 1659 5556 eis
1699 5502 1974 5570 obeditur;
2022 5521 2120 5562 nec

549 5589 746 5646 b0num
769 5633 782 5658 ,
811 5593 932 5663 quia
961 5601 1126 5648 sunt:
1157 5590 1252 5648 sed
1297 5591 1355 5647 fit
1393 5608 1460 5649 ex
1497 5593 1671 5664 aliqua
1711 5604 1860 5665 parte
1897 5597 2116 5665 bonum,

543 5681 666 5750 quia
713 5685 1155 5755 concupiscentiae
1203 5685 1354 5741 malm
1403 5703 1510 5742 non
1549 5689 1913 5754 consentitur;
1955 5700 2010 5746 et
2050 5707 2118 5748 ex

546 5771 717 5841 aliqua
747 5784 893 5842 parte
919 5785 1160 5834 remanet
1187 5778 1402 5844 malum,
1435 5778 1557 5849 quia
1583 5779 1664 5834 vel
1696 5781 2106 5852 concupiscitur.

1351 373 1438 430 DE
1473 369 1738 430 NUPTIlS
1776 369 1863 426 ET
1900 365 2500 438 CONCUPISCENTIA,
2538 367 2594 425 S.
2635 365 3000 427 AUGUSTINI
3630 389 3713 448 ιδῃ

2227 483 2351 538 Ideo
2385 498 2514 554 ergo
2542 484 2823 556 Apostolus
2863 498 2968 539 non
3004 481 3079 537 ait
3113 478 3284 540 facere
3312 484 3491 548 bonum
3514 495 3600 553 sibi
3628 517 3712 564 non

2221 575 2483 644 adjacere,
2533 575 2626 630 sed
2671 575 2942 646 perlicere.
2993 574 3212 630 Multum
3251 579 3382 636 enim
3408 581 3521 642 boni
3557 590 3711 666 taciti,

2221 668 2312 736 qui
2337 665 2465 721 facit
2491 667 2630 736 quod
2664 668 2914 738 scriptum
2944 674 3045 732 est,
3069 665 3196 722 Post
3222 675 3606 744 concupiscentia
3627 665 3716 746 tum

2221 775 2323 814 non
2352 777 2435 814 cas
2461 758 2646 831 (Eccli.
2674 775 2828 826 xvrn,
2851 760 2940 832 50)
2974 776 2988 813 :
3019 759 3114 814 sed
3139 775 3242 816 non
3269 764 3487 836 perlicit,
3511 775 3613 843 quia
3633 796 3715 838 non

2223 850 2412 920 implet
2454 851 2594 920 quod
2639 851 2894 920 scriptum
2935 858 3046 916 est,
3078 848 3200 905 Non
3237 858 3716 934 concupisces(Esod.

2221 955 2313 1005 xx,
2344 937 2454 1009 l7).
2483 939 2564 993 Ad
2601 939 2708 995 hoc
2739 954 2866 1010 ergo
2892 939 3024 996 dixit
3065 941 3183 1008 lex,
3215 939 3332 998 Non
3358 951 3652 1024 concupisces,
3675 973 3720 1018 ιιι

2220 1045 2320 1085 nos
2363 1031 2416 1085 in
2463 1030 2566 1086 hoc
2611 1031 2798 1086 morbo
2847 1031 3181 1087 invenientes
3225 1032 3416 1104 jacere,
3459 1043 3719 1106 medicinam

2221 1122 2403 1192 gratiae
2431 1137 2826 1191 quaereremus;
2874 1130 2926 1177 et
2955 1122 3008 1178 in
3048 1137 3113 1177 eo
3151 1137 3407 1194 praecepto
3430 1131 3654 1191 sciremus
3683 1150 3724 1196 ct

2221 1227 2326 1282 quo
2355 1212 2644 1268 debeamus
2672 1214 2726 1267 in
2755 1214 2856 1268 hac
2890 1213 3212 1268 mortalitate
3239 1219 3544 1285 proliciendo
3563 1233 3725 1299 conari,

2221 1310 2275 1356 et
2303 1317 2406 1372 quo
2431 1303 2602 1372 possit
2629 1318 2659 1356 a
2689 1303 2846 1358 nobis
2873 1303 2927 1358 in
2957 1303 3044 1358 illa
3075 1306 3458 1365 immortalitate
3480 1311 3728 1376 beatissima

2222 1393 2484 1462 perveniri
2514 1410 2528 1447 :
2559 1393 2664 1448 nisi
2701 1394 2844 1448 enim
2873 1393 3190 1464 quandoque
3216 1397 3575 1464 perliciendum
3597 1420 3728 1480 esset,

2223 1501 2491 1555 nunquam
2515 1485 2804 1555 jubendum
2837 1495 2998 1541 esset.

2293 1573 2516 1630 CAPUT
2544 1575 2708 1630 XXX.
2727 1605 2804 1616 —-
2819 1577 2907 1631 55.
2930 1573 3340 1647 Concupiscentia
3362 1585 3589 1648 quomodo
3607 1592 3735 1658 capti.

2221 1665 2368 1720 nabat
2393 1666 2706 1737 Apostolum.
2753 1665 2861 1720 Lex
2901 1668 3090 1736 peccati
3116 1665 3358 1738 Apostolo
3403 1672 3531 1741 quid.
3571 1675 3738 1736 Deinde

2223 1765 2470 1827 repetens
2495 1757 2816 1827 Apostolus,
2845 1767 2902 1812 ut
2937 1758 3164 1828 amplius
3205 1762 3531 1819 commendet
3561 1778 3736 1825 senten-

2223 1848 2350 1902 tiam
2376 1849 2705 1919 superiorem
2745 1866 2758 1904 :
2798 1847 2920 1903 Non
2948 1851 3076 1903 enim
3106 1851 3244 1921 quod
3271 1854 3402 1921 colo,
3429 1855 3613 1926 inquit,
3637 1865 3740 1932 facio

2226 1940 2444 2005 bonum;
2472 1941 2561 1995 sed
2583 1941 2719 2010 quod
2745 1941 2860 1995 nolo
2887 1942 3096 2008 malum,
3125 1942 3223 1996 hoc
3245 1960 3362 2014 ago.
3391 1945 3450 2001 Si
3471 1959 3620 2004 autem
3639 1956 3742 2022 quod

2225 2031 2342 2086 nolo
2371 2047 2460 2102 ego
2489 2031 2583 2086 hoc
2609 2031 2762 2101 facio,
2783 2032 2898 2100 jam
2923 2049 3024 2086 non
3052 2049 3141 2101 ego
3165 2049 3350 2104 operor
3376 2035 3519 2106 illud,
3539 2041 3617 2095 sed
3639 2046 3744 2111 quod

2227 2122 2417 2176 habitat
2443 2124 2496 2175 in
2522 2139 2602 2175 me
2626 2130 2902 2191 peccatum.
2935 2122 3004 2176 Et
3041 2123 3284 2193 sequitur
3309 2142 3323 2179 :
3351 2123 3552 2182 Invenio
3573 2146 3671 2202 ergo
3691 2135 3745 2188 lc-

2225 2231 2335 2286 gem
2363 2213 2507 2281 mihi,
2534 2212 2720 2268 uolenti
2747 2213 2931 2282 facere,
2955 2213 3174 2279 bonum;
3203 2217 3441 2285 quoniam
3463 2220 3633 2274 malum
3649 2225 3746 2278 mihi

2226 2307 2425 2378 adjacet
2450 2324 2468 2362 :
2494 2307 2595 2362 hoc
2619 2316 2722 2373 est,
2751 2307 2963 2362 invenio
2989 2308 3158 2378 legem
3183 2308 3318 2363 mihi
3343 2325 3460 2367 esse
3487 2312 3656 2370 bonum
3679 2334 3750 2373 vo-

2225 2401 2352 2456 lenti
2396 2401 2572 2456 l‘acere
2613 2400 2754 2470 quod
2797 2399 2882 2456 lex
2926 2401 3068 2468 vult;
3109 2401 3368 2472 quoniam
3409 2419 3511 2461 non
3547 2407 3634 2477 ipsi
3669 2409 3750 2482 legi

2225 2513 2344 2568 qua:
2371 2498 2527 2564 dicit,
2564 2498 2686 2554 Non
2709 2501 3058 2571 concupisces,
3089 2501 3184 2556 sed
3217 2501 3350 2557 mihi
3379 2501 3573 2572 adiacet
3595 2503 3750 2558 malum

2226 2589 2368 2659 quod
2397 2589 2521 2644 nolo
2543 2631 2557 2656 ,
2587 2591 2708 2660 quia
2747 2599 2801 2645 ct
2842 2592 3028 2647 nolens
3067 2594 3396 2663 concupisco
3415 2595 3456 2646 ³.
3481 2591 3752 2648 Condclector

2227 2680 2358 2735 enim
2378 2722 2393 2749 ,
2422 2681 2621 2752 inquit,
2653 2681 2752 2752 legi
2774 2681 2870 2736 Dei
2899 2683 3173 2737 secundum
3204 2683 3496 2738 interiorem
3521 2685 3755 2738 hominem:

2225 2771 2369 2825 uideo
2395 2781 2562 2825 autem
2589 2771 2744 2826 aliam
2771 2773 2926 2842 legem
2948 2773 3002 2826 in
3025 2772 3268 2828 membris
3293 2774 3418 2828 meis
3451 2783 3756 2845 repugnantem

2227 2862 2324 2932 legi
2357 2861 2532 2916 utentis
2565 2876 2714 2928 mete,
2743 2870 2792 2916 et
2827 2863 3164 2941 captivantem
3189 2879 3280 2918 me
3311 2863 3404 2918 sub
3444 2865 3544 2935 lege
3579 2865 3755 2933 peccati,

2225 2969 2338 3026 qua:
2361 2961 2432 3009 est
2457 2955 2512 3008 in
2535 2953 2767 3008 membris
2792 2955 2934 3008 meis.
2982 2955 3086 3011 Ista
3125 2955 3522 3012 condelectatio
3557 2956 3646 3026 legi
3682 2955 3758 3013 Dei

2227 3046 2518 3101 secundum
2541 3046 2851 3101 interiorem
2875 3046 3162 3111 hominem,
3191 3047 3272 3102 de
3291 3062 3480 3117 magna
3499 3047 3636 3104 nobis
3651 3048 3760 3102 venit

2227 3137 2392 3206 gratia
2419 3137 2534 3192 Dei.
2557 3135 2614 3190 ln
2641 3152 2702 3192 ea
2727 3137 2922 3207 quippe
2949 3137 3170 3192 interior
3191 3138 3369 3193 homo
3388 3146 3562 3193 noster
3584 3151 3758 3193 renova-

2229 3238 2316 3284 tur
2343 3229 2410 3284 de
2434 3229 2522 3284 die
2545 3229 2598 3284 in
2623 3227 2764 3284 diem
2780 3269 2796 3296 ,
2822 3245 2944 3284 cum
2969 3229 3023 3284 in
3049 3245 3110 3284 ea
3137 3229 3366 3300 proﬁcit
3391 3239 3762 3302 perseveranter.

2225 3320 2344 3376 Non
2367 3321 2511 3375 enim
2543 3319 2704 3374 timor
2727 3327 2812 3375 est
2840 3328 3094 3390 torquens
3119 3319 3162 3388 ³,
3209 3320 3307 3376 sed
3335 3335 3489 3376 amor
3513 3320 3676 3376 libens.
3707 3319 3766 3374 lbi

2227 3427 2408 3467 sumus
2432 3411 2697 3466 veraciter
2721 3411 2896 3478 liberi,
2926 3409 3017 3466 ubi
3046 3426 3152 3466 non
3175 3412 3530 3468 delectamur
3551 3411 3698 3466 inviti.

2297 3503 2386 3558 54.
2417 3500 2614 3556 Verum
2641 3501 2770 3556 illud
2799 3501 2939 3572 quod
2965 3502 3062 3570 ait,
3096 3500 3264 3557 Video
3289 3511 3458 3557 autem
3479 3503 3622 3556 aliam
3644 3501 3766 3571 legem

2225 3594 2281 3648 in
2305 3593 2537 3648 membris
2555 3593 2678 3646 meis
2698 3602 3060 3664 repugnantem
3081 3593 3184 3664 legi
3204 3594 3393 3648 mentis
3417 3609 3569 3658 mete;
3591 3593 3689 3664 ipsa
3707 3600 3770 3648 est

2227 3689 2328 3742 ista
2355 3686 2424 3742 de
2451 3702 2554 3758 qua
2584 3687 2849 3758 loquimur
2889 3687 3331 3757 concupiscentia
3353 3729 3368 3756 ,
3401 3689 3488 3744 lex
3527 3686 3700 3759 peccati
3727 3687 3768 3740 in

2228 3791 2386 3833 carne
2421 3779 2644 3848 peccati.
2687 3777 2839 3844 Quod
2881 3787 3058 3834 autem
3093 3778 3272 3846 dixit,
3303 3788 3353 3834 et
3387 3779 3774 3850 capticantanm

2227 3869 2316 3924 sub
2341 3869 2448 3941 lege
2471 3870 2695 3941 peccati;
2725 3869 2828 3924 hoc
2851 3878 2953 3936 est,
2981 3869 3082 3925 sub
3105 3885 3170 3926 se
3190 3870 3334 3941 ipsa,
3357 3886 3476 3941 quia
3493 3877 3562 3926 est
3586 3871 3636 3924 in
3654 3883 3775 3923 mest-

2227 3959 2329 4014 bris
2355 3962 2495 4015 meis.
2525 3962 2631 4015 Aut
2654 3961 2981 4032 captivantem
3004 3961 3160 4026 dixit,
3189 3963 3474 4032 captivam
3497 3969 3774 4024 conantem,

2229 4049 2280 4104 id
2307 4057 2422 4117 est,
2453 4049 2520 4104 ad
2559 4050 3000 4106 consentiendum
3029 4051 3483 4123 implendumque
3507 4057 3778 4121 cogentem:

2227 4150 2321 4196 aut
2350 4141 2543 4212 potius,
2571 4141 2712 4212 quod
2737 4159 2844 4198 non
2873 4142 3034 4199 habet
3057 4144 3524 4210 controversiam,
3551 4143 3782 4213 captivan-

2229 4241 2336 4288 tem
2377 4233 2668 4288 secundum
2707 4249 2922 4290 carnem
2943 4276 2958 4303 ,
2987 4251 3149 4306 quam
3193 4237 3304 4292 nisi
3349 4244 3561 4294 teneret
3595 4234 3784 4291 carnalis

2227 4327 2656 4396 concupiscentia
2675 4369 2692 4394 ,
2719 4342 2875 4398 quam
2903 4328 3076 4399 legem
3105 4331 3328 4400 peccati
3353 4338 3546 4396 vocat,
3579 4342 3678 4384 non
3701 4325 3785 4381 uti-

2227 4431 2330 4488 que
2359 4416 2412 4471 in
2442 4431 2504 4472 ea
2529 4417 2696 4472 ullum
2725 4417 2964 4472 illicitum
2991 4418 3334 4476 desiderium
3353 4461 3370 4488 ,
3403 4421 3490 4476 cui
3515 4433 3661 4475 mens
3679 4416 3786 4472 ohe

2227 4505 2342 4560 dire
2371 4521 2478 4561 non
2509 4505 2727 4571 debeat,
2764 4516 3148 4564 commoveret.
3181 4510 3348 4578 Quod
3379 4517 3558 4565 autem
3581 4523 3680 4564 non
3701 4506 3788 4568 ait,

2227 4593 2596 4668 Captivantem
2639 4613 2853 4655 carnem
2894 4614 3104 4666 meam;
3151 4601 3257 4656 sed
3277 4643 3296 4670 ,
3330 4603 3666 4674 captivantem
3697 4611 3793 4652 me:

2226 4688 2352 4746 hinc
2379 4690 2575 4746 factum
2601 4699 2685 4747 est
2707 4700 2766 4746 ut
2793 4707 2984 4748 sensus
3003 4693 3092 4748 hic
3115 4693 3264 4749 alius
3287 4700 3642 4765 quaereretur,
3661 4697 3710 4746 et
3725 4701 3788 4742 ac

2225 4782 2526 4853 ciperemus
2549 4784 2913 4855 captivantem,
2944 4785 3090 4839 velut
3114 4784 3390 4853 dixisset,
3425 4787 3701 4856 Captivare
3721 4795 3797 4836 oo-

2225 4883 2459 4930 nantem.
2504 4873 2609 4930 Sed
2653 4889 2750 4930 cur
2787 4891 2894 4930 non
2935 4874 3172 4944 diceret,
3217 4878 3570 4947 captivantem
3597 4891 3700 4940 me,
3726 4869 3800 4924 ubi

2224 4966 2386 5022 vellet
2427 4967 2648 5036 intelligi
2691 4983 2909 5023 carnem
2952 4969 3139 5024 suam?
3185 4969 3396 5026 Annon
3423 4971 3624 5027 dictum
3649 4975 3724 5022 est
3748 4963 3802 5018 de

2225 5055 2352 5112 Jesu
2374 5097 2388 5126 ,
2416 5071 2536 5112 cum
2580 5057 2631 5112 in
2671 5065 3018 5114 monumento
3055 5073 3168 5114 non
3211 5057 3420 5116 fuisset
3447 5075 3576 5116 caro
3601 5058 3708 5128 ejus
3731 5055 3800 5108 in-

2224 5157 2380 5203 venta
2397 5189 2413 5216 ,
2443 5147 2686 5203 Tulerunt
2715 5147 2990 5204 Dominum
3014 5167 3184 5205 meum
3203 5192 3222 5218 ,
3255 5163 3308 5206 et
3337 5153 3514 5207 nescio
3539 5150 3622 5205 ubi
3646 5161 3804 5220 posue-

2223 5252 2345 5296 runt
2371 5259 2484 5297 eum
2515 5241 2692 5312 (Joan.
2717 5259 2820 5312 xx,
2847 5245 2951 5316 2)?
2979 5244 3114 5299 Num
3147 5244 3284 5300 ideo
3311 5262 3426 5300 non
3454 5251 3604 5300 recte
3629 5241 3802 5296 dictum

2225 5343 2306 5390 est
2325 5374 2340 5398 ,
2368 5334 2492 5404 quia
2517 5347 2620 5389 non
2647 5334 2842 5390 dictum
2869 5343 2980 5402 est,
3011 5337 3286 5406 Carnem,
3321 5337 3453 5406 vel,
3485 5337 3687 5406 Corpus
3716 5331 3782 5386 Do

2223 5423 2352 5478 mini
2380 5425 2514 5489 mei;
2544 5425 2667 5492 sed,
2699 5423 2972 5481 Dominum
2997 5427 3209 5482 meum?

2294 5514 2518 5571 CAPUT
2557 5515 2749 5572 XXXI.
2776 5548 2849 5558 —
2877 5519 2964 5575 '55.
2992 5517 3144 5584 Caro,
3179 5519 3367 5576 carnis
3394 5519 3630 5590 affectus.
3654 5516 3810 5587 Quatt-

2287 5671 2304 5744 ξ
2338 5667 2504 5744 [iures
2525 5677 2630 5744 μεθ.
2659 5685 2671 5721 :
2699 5671 2898 5744 Multum
2919 5674 3044 5744 enim
3063 5673 3249 5726 bonum
3281 5675 3428 5744 facit.

2286 5733 2308 5804 ξ
2338 5729 2652 5804 [ιιιιιειειιεεη
2675 5733 2789 5797 quia
2811 5743 2854 5786 et
2885 5737 3010 5796 nolo,
3031 5745 3077 5790 et
3104 5729 3434 5804 concupisco.

2288 5793 2308 5824 ³
2339 5793 2512 5856 Belgici
2537 5795 2632 5844 duo
2653 5793 2775 5858 Mss,
2801 5793 3008 5861 torpens;
