3938 6506
178 449 269 507 δὴ

179 574 320 636 quam
358 557 526 630 paulo
570 559 870 629 superius,
912 568 963 612 et
1005 557 1119 626 ipse
1160 554 1447 625 Apostolus
1491 550 1758 623 quomodo

180 663 311 711 recte
334 650 574 723 patuerit
598 651 676 706 de
699 666 865 707 carne
888 665 983 706 sua
1008 649 1187 705 dicere
1204 688 1220 714 ,
1266 648 1602 716 captivantem
1646 660 1725 698 me
1742 685 1758 711 ,

185 746 300 803 satis
318 742 606 799 evidenter
630 745 867 814 aperuit.
888 742 1019 799 Cum
1045 741 1186 796 enim
1209 739 1454 803 dixisset,
1483 738 1607 792 Scio
1630 736 1765 792 enim

184 838 283 909 guis
315 852 419 890 non
455 835 665 890 habitat
688 837 743 891 in
772 852 890 903 me;
933 835 1162 906 idipsum
1187 847 1460 904 exponens
1489 830 1758 901 adjunxit,

184 937 229 984 et
252 927 351 994 ait,
382 926 482 981 hoc
508 937 588 982 est
612 929 669 982 in
696 944 850 982 carne
874 943 1015 994 mea,
1048 925 1251 979 bonum.
1281 924 1406 979 limo
1433 937 1561 994 ergo
1592 921 1765 992 capti-

182 1029 319 1076 vatur
352 1018 457 1075 sub
501 1019 630 1090 lege
675 1020 916 1090 peccati,
956 1019 1009 1073 in
1032 1032 1136 1089 qua
1162 1032 1272 1072 non
1298 1014 1501 1071 habitat
1524 1015 1723 1070 bonum
1745 1055 1761 1081 ,

181 1112 273 1165 hoc
297 1117 400 1174 est,
435 1126 592 1165 caro.
620 1108 853 1166 Carnem
878 1119 1057 1165 autem
1083 1122 1225 1163 nunc
1242 1106 1550 1179 appellavit,
1572 1106 1657 1161 ubi
1683 1113 1767 1160 est

178 1200 441 1256 morbidus
462 1202 692 1274 quidam
717 1202 897 1257 carnis
919 1201 1168 1267 atl'ectus;
1200 1216 1309 1255 non
1334 1199 1503 1270 ipsam
1523 1196 1765 1268 corporis

177 1290 658 1348 conformationem
675 1336 692 1360 ,
714 1292 868 1363 cujus
908 1293 1146 1349 membra
1174 1308 1282 1347 non
1312 1289 1612 1348 adhibenda
1640 1299 1765 1346 sunt

174 1391 309 1431 arma
337 1385 598 1446 peccato,
626 1378 681 1433 id
707 1388 810 1442 est,
830 1378 1005 1433 eidem
1031 1378 1132 1448 ipsi
1156 1377 1622 1448 concupiscentiae,
1644 1390 1763 1446 quae

171 1467 265 1523 hoc
289 1469 517 1525 carnale
554 1482 799 1526 nostrum
839 1472 1102 1542 captivum
1133 1479 1297 1526 tenet.
1333 1470 1468 1527 Nam
1506 1479 1763 1541 quantum

168 1560 351 1614 attinet
373 1560 447 1615 ad
473 1562 654 1631 ipsam
685 1568 1019 1632 carpentem
1048 1562 1398 1617 substantiam
1429 1571 1586 1631 atque
1609 1570 1766 1615 natu-

166 1665 295 1717 ram,
326 1650 385 1705 in
406 1652 547 1707 viris
569 1651 838 1718 ﬁdelibus,
868 1655 981 1709 sive
1002 1653 1315 1724 conjugatis,
1347 1653 1461 1710 sive
1484 1653 1764 1709 continen-

167 1741 323 1809 tibus,
354 1742 470 1813 jam
504 1745 769 1815 templum
798 1746 894 1802 Dei
920 1754 1021 1802 est.
1050 1746 1298 1801 Attamen
1319 1745 1365 1800 si
1389 1745 1607 1801 omnino
1629 1744 1762 1799 nihil

164 1834 337 1889 carnis
373 1843 590 1891 nostra:
627 1837 898 1909 captivum
932 1844 1224 1904 teneretur,
1252 1853 1361 1893 non
1399 1837 1617 1908 quidem
1659 1836 1761 1893 sub

165 1923 396 1991 diabolo,
424 1926 555 1995 quia
588 1936 644 1982 et
673 1926 748 1981 ibi
772 1926 913 1984 facta
937 1935 1020 1984 est
1042 1927 1246 1997 peccati
1276 1927 1544 1994 remissio,
1568 1936 1626 1982 ut
1644 1941 1763 1997 pec-

166 2024 339 2071 catum
362 2031 479 2071 non
502 2018 825 2088 imputetur,
843 2018 984 2089 quod
1009 2020 1225 2090 proprie
1256 2018 1339 2074 lex
1372 2019 1573 2089 peccati
1601 2033 1762 2074 voca-

169 2115 283 2173 tur;
313 2116 495 2164 tamen
532 2110 638 2165 sub
676 2111 796 2182 ipsa
826 2111 945 2183 lege
972 2112 1191 2182 peccati,
1220 2112 1325 2167 hoc
1352 2121 1468 2180 est,
1497 2112 1597 2168 sub
1625 2127 1757 2168 con-

175 2201 494 2269 cupiscentia
517 2216 642 2269 sua,
669 2202 774 2258 nisi
793 2202 1117 2274 aliquantum
1139 2213 1411 2261 teneretur
1428 2219 1554 2261 caro
1574 2214 1757 2260 nostra

175 2291 401 2360 captiva,
425 2291 703 2360 quomodo
727 2303 873 2348 esset
897 2309 1080 2350 verum
1106 2295 1249 2366 quod
1274 2296 1348 2351 ait
1376 2296 1515 2351 idem
1546 2304 1760 2366 aposto-

170 2378 291 2446 lus,
328 2380 669 2451 Adoptionem
703 2392 1046 2454 exspectantes
1065 2427 1081 2453 ,
1108 2384 1500 2458 redemptionem
1530 2386 1758 2458 corporis

165 2470 329 2524 nostri
347 2470 531 2543 (Rom.
558 2488 676 2539 vni,
702 2472 837 2548 25)?
862 2475 918 2530 in
948 2485 1151 2531 tantum
1177 2477 1337 2548 igitur
1362 2477 1535 2533 adhuc
1563 2493 1755 2549 exspe-

161 2570 337 2617 ctatur
361 2563 674 2635 redemptio
702 2569 947 2639 corporis
974 2570 1175 2635 nostri,
1207 2570 1260 2625 in
1290 2581 1546 2641 quantum
1581 2570 1757 2628 adhuc

161 2669 229 2710 ex
257 2655 442 2727 aliqua
471 2666 623 2728 parte
649 2661 922 2729 captivum
950 2671 1033 2717 est
1061 2662 1161 2718 sub
1187 2662 1307 2734 lege
1346 2664 1572 2734 peccati.
1600 2663 1755 2721 Unde

158 2756 218 2803 et
244 2747 338 2804 hic
360 2750 669 2806 exclamans
694 2753 771 2807 ait
794 2769 808 2805 :
830 2751 1029 2825 Infelix
1054 2770 1144 2826 ego
1169 2755 1320 2811 homo
1339 2798 1355 2823 ,
1382 2758 1496 2828 quis
1526 2773 1606 2813 me
1627 2757 1756 2812 libe-

159 2840 306 2895 rabit
341 2841 409 2896 de
442 2859 641 2913 corpore
671 2846 853 2901 mortis
894 2846 1083 2918 hujus?
1123 2847 1301 2903 Gratia
1325 2849 1421 2905 Dei
1461 2868 1552 2922 per
1575 2849 1754 2908 Iesum

171 2927 445 2987 Christum
470 2931 731 2988 Dominum
758 2945 1006 2991 nostrum.
1035 2937 1136 2994 Ubi
1165 2938 1288 3009 quid
1316 2940 1636 2998 intellecturi
1657 2957 1753 2998 su-

175 3037 340 3105 mus,
367 3025 468 3079 nisi
500 3026 618 3096 quia
653 3042 853 3097 corpus
893 3029 1033 3099 quod
1078 3033 1454 3103 corrumpitur,
1506 3045 1756 3107 aggravet

165 3102 409 3169 animam
438 3114 836 3188 (Sap.tx,15)?
860 3119 995 3176 Cum
1023 3136 1151 3192 ergo
1172 3102 1403 3194 idipsum
1427 3102 1622 3198 corpus
1642 3127 1754 3199 jam

165 3205 576 3278 incorruptibilc
616 3212 928 3282 recipietur,
968 3215 1121 3285 plena
1164 3217 1266 3272 erit
1304 3217 1548 3277 liberatio
1574 3238 1604 3277 a
1632 3238 1759 3279 cora

166 3314 299 3370 pore
325 3303 515 3357 mortis
538 3303 737 3374 hujus:
761 3320 792 3359 a
819 3289 927 3377 qu°o
948 3323 1052 3362 non
1075 3307 1388 3379 liberantur,
1417 3314 1509 3384 qui
1534 3325 1662 3370 sunt
1684 3316 1753 3371 ad

166 3406 381 3461 penam
401 3397 773 3451 resurrecturi.
797 3397 879 3452 Ad
903 3412 1097 3468 corpus
1122 3416 1249 3472 ergo
1276 3403 1467 3459 mortis
1492 3405 1650 3476 hujus
1670 3408 1753 3462 in-

165 3484 427 3555 telligitur
453 3486 757 3557 pertinere,
791 3497 848 3544 ut
874 3489 978 3544 alia
1006 3489 1091 3547 lex
1120 3491 1175 3546 in
1203 3492 1462 3550 membris
1488 3506 1752 3568 repugnet

167 3577 378 3646 quidem
416 3577 525 3649 legi
561 3581 798 3649 mentis,
833 3581 962 3638 dum
986 3598 1111 3640 caro
1135 3588 1466 3659 concupiscit
1497 3590 1753 3649 adversus

168 3668 442 3737 spiritum;
473 3671 574 3727 etsi
601 3681 840 3729 mentem
871 3690 977 3729 non
1006 3676 1271 3748 subjuget,
1299 3680 1423 3750 quia
1451 3690 1506 3737 et
1531 3683 1752 3753 spiritus

168 3760 493 3831 conaspiscit
514 3762 778 3821 adversus
802 3779 1017 3822 carnem
1039 3765 1234 3841 (Galat.
1255 3786 1307 3838 v,
1340 3770 1430 3846 l7)
1456 3790 1470 3828 :
1496 3783 1655 3846 atque
1678 3776 1752 3833 ita

174 3854 405 3922 quamvis
426 3854 512 3911 lex
538 3857 657 3927 ipsa
685 3860 890 3928 peccati
914 3862 1181 3929 captivum
1204 3874 1383 3923 teneat
1405 3867 1608 3940 aliquid
1634 3886 1754 3927 car-

177 3947 285 4011 nis,
314 3944 455 4001 unde
492 3948 709 4003 resistat
748 3949 855 4020 legi
886 3952 1107 4018 mentis;
1138 3970 1246 4010 non
1274 3964 1451 4013 tamen
1477 3970 1663 4030 regnat
1692 3962 1746 4017 in

182 4043 352 4090 nostro
384 4034 510 4091 licet
545 4039 763 4094 mortali
787 4054 1031 4110 corpore,
1063 4045 1109 4099 si
1131 4061 1238 4101 non
1265 4047 1510 4114 obeditur
1535 4050 1750 4109 deside-

185 4123 265 4179 riis
288 4124 425 4195 ejus.
463 4125 652 4184 Solent
676 4129 822 4185 enim
852 4139 908 4186 et
944 4132 1127 4191 hostes
1151 4136 1406 4195 adversus
1428 4155 1565 4211 quos
1591 4142 1751 4200 dimi-

185 4225 336 4284 catur,
365 4228 422 4276 et
444 4219 736 4278 inferiores
764 4239 887 4280 esse
911 4225 963 4280 in
993 4229 1308 4298 certamine,
1330 4241 1385 4287 et
1405 4233 1528 4288 victi
1550 4234 1750 4305 aliquid

190 4315 350 4365 tenere
386 4311 696 4383 captivum:
721 4314 867 4384 quod
892 4315 947 4371 in
974 4327 1161 4375 nostra
1185 4335 1347 4377 carne
1374 4326 1618 4394 quamvis
1646 4327 1749 4383 sub

192 4400 371 4467 peccati
391 4402 507 4473 lege
527 4411 800 4469 teneatur,
823 4416 1001 4464 tamen
1025 4409 1081 4464 in
1108 4424 1206 4481 spe
1232 4412 1615 4485 redemptionis
1634 4427 1747 4486 est;

193 4491 294 4559 quia
319 4492 428 4563 ipsa
452 4494 644 4549 vitiosa
671 4497 1103 4569 concupiscentia
1144 4502 1288 4558 nulla
1319 4506 1542 4563 omnino
1570 4524 1749 4565 rema-

194 4583 475 4649 nebit,caro
492 4594 678 4641 autem
707 4596 891 4644 nostra
911 4590 978 4645 ab
1003 4606 1066 4645 ea
1094 4601 1241 4662 peste
1270 4597 1562 4669 morboque
1591 4616 1750 4657 sana-

197 4680 269 4741 ta,
293 4686 343 4731 et
367 4685 472 4733 tota
500 4679 905 4737 immortalitate
930 4683 1120 4740 vestita
1138 4724 1153 4753 ,
1183 4685 1237 4741 in
1266 4697 1468 4745 aeterna
1511 4690 1746 4751 beatitu-

196 4760 297 4820 dine
318 4769 664 4837 permanebit.

251 4877 331 4934 36.
349 4880 627 4953 Subjungit
656 4892 834 4939 autem
855 4883 1168 4957 Apostolus,
1197 4899 1253 4945 et
1273 4889 1403 4948 dicit
1425 4909 1439 4947 :
1461 4892 1633 4966 Igitur
1652 4913 1746 4968 ego

193 4965 284 5037 ipse
314 4981 469 5025 mente
504 4974 671 5028 servio
711 4974 810 5046 legi
850 4973 946 5031 Dei
964 5017 980 5043 ,
1010 4994 1162 5033 carne
1185 4989 1354 5035 autem
1390 4965 1507 5055 legi
1532 4965 1744 5057 peccati.

188 5057 323 5127 Quod
344 5063 416 5118 sic
438 5064 845 5136 intelligendum
866 5079 948 5123 est
970 5086 983 5122 :
1004 5080 1167 5125 mente
1184 5074 1344 5128 seruio
1370 5075 1469 5145 legi
1498 5075 1609 5144 Dei,
1633 5094 1744 5136 non

181 5157 545 5213 consentiendo
582 5158 691 5230 legi
737 5161 980 5230 peccati;
1021 5179 1171 5218 carne
1207 5175 1377 5221 autem
1418 5169 1595 5224 servio
1645 5170 1748 5243 legi

171 5249 387 5316 peccati,
411 5248 663 5304 habendo
705 5250 967 5306 desideria
1004 5255 1242 5324 peccati,
1272 5258 1466 5327 quibus
1493 5262 1593 5316 etsi
1636 5277 1744 5318 non

168 5341 470 5407 consentio,
517 5340 757 5395 nondum
801 5349 979 5399 tamen
1022 5346 1235 5415 penitus
1279 5363 1455 5406 careo.
1505 5352 1743 5425 Denique

163 5431 285 5501 quid
318 5441 437 5502 post
459 5433 575 5488 haec
599 5434 858 5500 intulerit,
886 5437 1224 5495 attendamus
1248 5457 1261 5493 :
1294 5440 1457 5498 Nulla
1483 5461 1601 5517 ergo
1624 5490 1637 5516 ,
1663 5448 1745 5504 in-

158 5523 292 5590 quit,
320 5523 671 5578 condemnatio
689 5533 761 5579 est
787 5542 917 5580 nunc
946 5526 1024 5582 Ius
1042 5529 1128 5599 qui
1156 5540 1272 5585 sunt
1296 5532 1348 5587 in
1369 5531 1569 5589 Christo
1589 5535 1623 5590 Ι
1627 5554 1734 5593 esu.

163 5613 335 5669 Etiam
359 5630 522 5683 nunc,
549 5616 742 5687 inquit,
766 5618 977 5687 quando
1002 5619 1091 5676 lex
1116 5621 1170 5676 in
1198 5624 1453 5681 membris
1480 5639 1746 5700 repugnat

156 5703 255 5774 legi
300 5706 535 5775 mentis,
578 5715 634 5764 et
677 5709 943 5779 captivum
985 5711 1183 5783 aliquid
1228 5723 1375 5770 tenet
1417 5718 1472 5771 in
1518 5733 1744 5789 corpore

155 5800 351 5853 mortis
393 5800 582 5871 hujus,
611 5802 757 5857 nulla
790 5803 1161 5861 condemnatio
1187 5815 1269 5863 est
1303 5809 1367 5864 iis
1402 5813 1494 5881 qui
1526 5823 1651 5870 sunt
1678 5818 1736 5874 in

157 5890 378 5953 Christo
404 5893 552 5952 lesu.
584 5895 724 5954 Audi
747 5911 910 5969 quare
935 5914 948 5956 :
971 5895 1079 5956 Lex
1106 5900 1238 5959 enim
1262 5903 1470 5976 spiritus
1499 5907 1630 5980 vitae,
1658 5909 1742 5971 in-

1590 438 1792 495 LIBER
1817 436 2092 496 PRIMUS

1875 549 2009 619 quit,
2032 549 2084 604 in
2110 549 2306 606 Christo
2327 550 2361 606 Ι
2366 567 2453 606 esu
2478 552 2701 608 liberavit
2729 571 2807 608 me
2826 574 2859 610 a
2883 557 2990 630 lege
3010 564 3201 632 peccati
3231 575 3277 620 et
3303 583 3449 624 mor-

1873 641 1935 697 tis
1959 641 2135 714 (Rom.
2163 659 2235 699 vu
2254 686 2269 711 ,
2300 645 2523 712 15ονιιι,
2546 645 2638 714 2).
2669 648 2971 722 Liberavit,
3011 657 3278 724 quomodo
3299 699 3316 727 ,
3350 660 3454 719 nisi

1875 733 1998 803 quia
2041 733 2158 803 ejus
2205 744 2411 790 reatum
2459 747 2800 806 peccatorum
2849 744 3085 800 omnium
3134 749 3455 808 remissione

1870 823 2145 893 dissolvit,
2180 837 2236 882 ut
2282 829 2524 899 quamvis
2569 830 2746 887 adhuc
2787 845 3035 904 maneat,
3069 848 3123 895 et
3166 841 3233 897 de
3271 843 3359 899 die
3398 847 3453 902 in

1870 917 2012 973 diem
2040 920 2210 991 magis
2239 922 2512 994 magisque
2540 925 2810 982 minuatur
2828 968 2845 996 ,
2874 929 2929 985 iu
2965 943 3241 1001 peccatum
3276 947 3452 996 tamen

1869 1023 1976 1064 non
2015 1009 2301 1078 imputetur
2329 1012 2353 1065 ?

1941 1100 2166 1159 CAPUT
2203 1104 2416 1162 XXXII.
2452 1138 2526 1148 —
2565 1109 2653 1165 57.
2686 1108 2795 1165 Lex
2834 1115 3025 1183 peccati
3060 1132 3175 1172 cum
3215 1131 3357 1176 reatu
3398 1125 3453 1179 in

1869 1196 2093 1265 parvulis
2129 1213 2230 1251 non
2281 1199 2564 1270 baptizatis.
2620 1199 2839 1258 Peccato
2861 1202 2991 1260 Adae
3029 1206 3308 1265 humanum
3359 1231 3451 1284 ge-

1868 1302 1963 1340 nus
2008 1287 2278 1343 oleastrum
2325 1293 2515 1361 factum
2557 1303 2650 1347 est.
2698 1293 2820 1350 llaec
2849 1294 3029 1366 itaque
3053 1299 3300 1357 remissio
3336 1320 3453 1372 pec-

1867 1386 2107 1434 catorum
2131 1381 2381 1450 quamdiu
2411 1398 2518 1438 non
2544 1382 2605 1438 ﬁt
2631 1384 2685 1440 in
2714 1386 2884 1455 prole,
2917 1388 2995 1443 sic
3019 1389 3092 1445 ibi
3117 1400 3201 1447 est
3230 1393 3317 1449 lex
3343 1394 3443 1450 ista

1866 1469 2107 1539 peccati,
2136 1478 2195 1525 ut
2221 1461 2383 1527 etiam
2411 1472 2464 1528 in
2494 1482 2771 1543 peccatum
2800 1475 3128 1547 imputetur,
3159 1481 3214 1537 id
3252 1493 3365 1554 est,
3395 1495 3455 1543 ut

1866 1559 2030 1615 etiam
2049 1568 2230 1616 reatus
2248 1561 2366 1633 ejus
2384 1578 2505 1619 cum
2528 1565 2613 1619 illa
2640 1564 2732 1633 sit,
2755 1566 2847 1637 qui
2871 1578 3051 1625 teneat
3075 1571 3094 1603 ί
3122 1573 3311 1629 aeterni
3334 1590 3457 1647 sup-

1868 1651 2012 1721 plicii
2050 1652 2367 1712 debitorem.
2410 1656 2524 1713 Hoc
2547 1657 2693 1714 enim
2721 1659 2916 1730 trajicit
2939 1676 3134 1732 parens
3158 1664 3213 1720 in
3246 1667 3452 1738 prolem

1865 1745 2135 1801 carnalem
2154 1787 2170 1813 ,
2199 1748 2343 1817 quod
2368 1758 2453 1804 est
2480 1750 2597 1819 ipse
2619 1751 2910 1807 carnaliter
2935 1764 3093 1810 natus
3111 1798 3128 1824 ,
3160 1772 3269 1814 non
3305 1761 3450 1831 quod

1869 1834 2218 1904 spiritualiter
2242 1846 2326 1893 est
2353 1848 2594 1896 renatus.
2626 1840 2761 1909 Quia
2790 1842 3023 1915 idipsum
3047 1848 3189 1918 quod
3214 1853 3449 1910 carnali-

1864 1930 1947 1981 ter
1970 1933 2126 1981 natus
2152 1937 2257 1995 est,
2281 1928 2523 1997 quamvis
2546 1938 2700 1986 reatu
2722 1932 2898 1989 soluto
2922 1950 3032 1991 non
3058 1937 3317 2009 impediat
3338 1942 3452 2001 fru-

1862 2025 2007 2072 ctum
2050 2017 2202 2089 ejus,
2234 2028 2409 2075 tamen
2454 2028 2703 2092 tanquam
2747 2022 2802 2080 in
2840 2027 3047 2085 semine
3084 2030 3240 2088 olivae
3280 2033 3447 2107 latet,

1863 2108 2070 2166 etiamsi
2114 2119 2329 2181 prepter
2357 2113 2732 2172 remissionem
2775 2128 3118 2187 peccatorum
3159 2123 3294 2181 nihil
3327 2129 3451 2187 oleo

1861 2208 2021 2257 nocet
2047 2202 2091 2270 ⁸,
2119 2202 2169 2257 ei
2199 2203 2402 2259 scilicet
2418 2205 2563 2272 vitae,
2588 2222 2693 2277 qua
2719 2211 3015 2267 secundum
3036 2212 3334 2287 Christum,
3356 2221 3448 2290 qui

1862 2299 1947 2345 est
1968 2292 2264 2361 appellatus
2293 2292 2363 2348 ab
2386 2295 2528 2364 oleo,
2556 2297 2611 2353 id
2632 2305 2739 2365 est,
2766 2313 2799 2355 a
2822 2300 3116 2361 chrismate
3135 2347 3151 2373 ,
3177 2306 3354 2377 justus
3380 2325 3449 2366 ex

1860 2379 1966 2436 ﬁde
1985 2381 2110 2437 vivit
2135 2381 2247 2456 (Id.
2274 2400 2313 2453 ι,
2339 2385 2450 2458 17).
2476 2387 2590 2443 Hoc
2608 2398 2786 2446 autem
2809 2392 2951 2462 quod
2969 2393 3025 2449 in
3050 2406 3271 2464 parente
3295 2415 3447 2472 rege-

1859 2482 2070 2541 nerato,
2094 2482 2344 2545 tanquam
2367 2477 2421 2532 in
2445 2478 2577 2534 olea:
2602 2480 2828 2549 semine,
2851 2483 2969 2539 sine
2995 2485 3105 2541 ullo
3128 2497 3298 2558 reatu,
3321 2492 3446 2563 quia

1860 2564 2142 2620 remissum
2172 2576 2274 2632 est,
2310 2569 2534 2638 tegitur;
2565 2570 2809 2639 profecto
2834 2572 2889 2629 in
2920 2576 3069 2645 prole
3093 2579 3329 2636 nondum
3355 2598 3447 2639 re-

1859 2665 2132 2727 generata,
2152 2657 2296 2712 velut
2319 2658 2373 2712 in
2399 2659 2650 2728 oleastro,
2671 2676 2792 2718 cum
2818 2674 2971 2721 reatu
3000 2666 3249 2739 habetur,
3273 2671 3445 2730 donec

1859 2748 2019 2802 etiam
2065 2746 2173 2803 illic
2216 2748 2406 2804 eadem
2450 2751 2620 2820 gratia
2662 2753 2985 2812 remittatur.
3030 2757 3110 2812 Ex
3154 2776 3260 2831 quo
3301 2765 3447 2821 enim

1856 2835 2027 2891 Adam
2049 2852 2115 2893 ex
2139 2838 2259 2894 olea
2286 2839 2401 2908 tali,
2422 2840 2475 2895 in
2501 2856 2605 2912 qua
2625 2857 2727 2899 nec
2752 2857 2938 2903 semen
2966 2858 3083 2903 erat
3110 2850 3437 2926 bujusmodi,

1859 2929 2000 2987 unde
2019 2932 2318 2989 amaritudo
2339 2944 2651 3009 nasceretur
2668 2937 2907 3006 oleastri,
2931 2940 2986 2995 in
3006 2942 3299 3004 oleastrum
3321 2964 3445 3019 pec-

1857 3023 2029 3080 cando
2047 3039 2342 3083 conversus
2356 3036 2470 3095 est;
2490 3029 2615 3100 quia
2633 3038 2740 3085 tam
2760 3046 3011 3103 maguum
3027 3046 3301 3106 peccatum
3323 3040 3443 3111 fuit,

1857 3117 1949 3174 ubi
1991 3133 2183 3189 magna
2220 3120 2374 3176 ﬁeret
2407 3121 2460 3175 in
2488 3120 2728 3180 deterius
2751 3126 2977 3182 mutatio
3006 3137 3245 3198 naturae;
3276 3141 3443 3192 totum

1855 3221 2025 3278 genus
2052 3207 2343 3265 humanum
2385 3210 2510 3267 fecit
2536 3212 2857 3270 oleastrum:
2886 3216 2958 3272 ita
2986 3228 3042 3274 ut
3067 3220 3441 3293 (quemadmo-

1857 3297 1984 3353 dum
2013 3314 2156 3355 nunc
2181 3299 2235 3354 in
2263 3300 2394 3370 ipsis
2422 3300 2667 3359 videmus
2690 3305 2998 3379 arboribus)
3019 3311 3065 3366 si
3085 3313 3210 3383 quid
3239 3309 3441 3375 inde'in

1856 3388 2031 3444 oleam
2057 3390 2226 3461 gratia
2254 3390 2434 3448 divina
2462 3395 2748 3464 convertit,
2779 3396 2853 3453 ibi
2878 3397 3063 3455 vitium
3093 3403 3278 3472 prima:
3304 3409 3445 3464 nati-

1855 3480 2055 3548 vitatis,
2087 3482 2230 3553 quod
2251 3491 2369 3538 erat
2390 3485 2654 3555 originale
2680 3498 2957 3557 peccatum
2986 3492 3053 3549 do
3077 3498 3279 3553 carnali
3313 3514 3443 3558 con-

1855 3572 2179 3642 cupiscentia
2202 3573 2504 3630 traductum
2529 3585 2584 3633 et
2609 3586 2916 3648 attractum,
2940 3585 3261 3656 remittatur,
3291 3599 3441 3663 tega-

1856 3670 1973 3731 tur,
2022 3678 2129 3719 non
2188 3664 2507 3735 imputetur;
2568 3667 2696 3723 insit
2744 3679 2969 3740 tamen,
3022 3676 3162 3731 unde
3210 3679 3443 3740 oleaster

1856 3764 2107 3811 nascatur
2124 3754 2168 3824 ³,
2208 3754 2311 3811 nisi
2349 3764 2405 3813 et
2425 3757 2616 3828 ipsein
2640 3759 2815 3816 oleam
2834 3763 3023 3819 eadem
3062 3769 3233 3837 gratia
3278 3787 3440 3831 rena-

1853 3855 2054 3906 scatur.

1925 3937 2152 3997 CAPUT
2188 3938 2507 3997 XXXlll.—
2528 3943 2618 4001 58.
2638 3943 2899 4017 Baptismo
2931 3952 3094 4007 onmis
3121 3967 3442 4024 peccatorum

1856 4033 2081 4095 remissio
2100 4075 2116 4099 ,
2163 4035 2409 4104 plenaque
2452 4036 2509 4090 in
2560 4041 2920 4097 resurrectione
2957 4047 3189 4116 sanatio,
3235 4062 3441 4124 accepta

1855 4125 2035 4195 referri
2056 4123 2217 4181 debet.
2248 4125 2556 4192 Quotidiano
2577 4129 2857 4186 mundatio.
2897 4135 3060 4192 Beata
3088 4138 3269 4211 itaque
3294 4123 3438 4214 olea,

1856 4213 2008 4282 cujus
2050 4216 2292 4271 remissa:
2330 4229 2457 4273 sunt
2498 4220 2837 4291 iniquitates,
2863 4232 2920 4280 et
2947 4227 3100 4299 cujus
3137 4240 3274 4288 tecta
3316 4213 3446 4294 sunt

1856 4312 2111 4374 peccata:
2137 4305 2326 4375 beata,
2352 4308 2438 4363 cui
2477 4325 2584 4366 non
2627 4311 2905 4384 imputavit
2946 4317 3206 4378 Dominus
3244 4340 3440 4397 pecca-

1859 4403 1969 4449 tum
2009 4394 2177 4467 (Psal.
2215 4414 2341 4453 xxxr
2360 4441 2376 4469 ,
2410 4401 2461 4467 1,
2493 4401 2586 4472 2).
2617 4401 2725 4460 Sed
2753 4405 2882 4462 illud
2907 4411 3049 4479 quod
3076 4394 3359 4472 remissum
3388 4429 3444 4475 et

1819 4540 1827 4547 ,
1854 4494 2052 4541 tectum
2080 4496 2164 4544 est
2200 4497 2255 4554 et
2293 4505 2400 4545 non
2441 4492 2754 4564 imputatur,
2785 4498 2958 4556 donec
2985 4502 3075 4557 ﬁat
3102 4504 3153 4559 in
3181 4514 3439 4566 aeternam

1855 4578 2311 4635 immortalitatem
2350 4582 2506 4651 plena
2547 4587 2803 4655 mutatio,
2836 4589 2995 4647 habet
3023 4595 3129 4649 vim
3156 4600 3442 4667 quamdam

1854 4670 2118 4726 occultam
2144 4711 2158 4740 ,
2189 4672 2332 4731 unde
2374 4676 2669 4732 seminetur
2710 4694 2923 4737 amarus
2962 4685 3212 4756 oleaster,
3245 4691 3348 4747 nisi
3388 4702 3443 4749 et

1853 4760 1962 4816 illic
1990 4762 2179 4818 eadem
2223 4763 2317 4819 Dei
2357 4765 2675 4835 agricultura
2720 4771 3040 4842 remittatur,
3071 4785 3298 4849 tegatur,
3332 4800 3441 4841 non

1854 4852 2168 4921 imputetur.
2190 4853 2305 4909 Non
2335 4856 2438 4912 erit.
2462 4867 2637 4914 autem
2664 4862 2883 4919 omnino
2907 4865 3105 4937 aliquid
3134 4871 3217 4927 vel
3242 4872 3295 4929 in
3320 4890 3442 4932 car-

1853 4943 1961 4999 nali
1995 4945 2203 5002 semine
2222 4947 2494 5016 vitiosum,
2514 4964 2635 5006 cum
2661 4953 2848 5013 eadem
2870 4963 3295 5034 regeneratione,
3318 4983 3439 5038 quae

1852 5051 1996 5092 nunc
2022 5038 2083 5092 lit
2111 5053 2207 5109 per
2234 5054 2444 5096 sacrum
2475 5042 2766 5115 lavacrum,
2795 5064 2964 5120 usque
2988 5052 3040 5108 in
3068 5053 3227 5111 linem
3248 5070 3440 5120 cuncta

1851 5129 1993 5184 mala
2036 5129 2269 5187 hominis
2311 5143 2573 5205 purgante
2610 5145 2770 5209 atque
2806 5152 3061 5212 sanante,
3091 5147 3280 5204 eadem
3308 5164 3438 5209 caro

1852 5237 2141 5301 perquam
2184 5224 2321 5282 facta
2364 5237 2451 5284 est
2489 5232 2665 5287 anima
2709 5236 2975 5305 carnalis,
3014 5240 3108 5296 ﬁet
3148 5245 3438 5315 spiritualis

1852 5313 2012 5369 etiam
2048 5315 2162 5386 ipsa
2182 5357 2197 5383 ,
2228 5318 2426 5375 nullam
2458 5321 2562 5393 legi
2592 5327 2787 5381 mentis
2811 5330 3147 5389 resistentem
3174 5313 3432 5410 concupi-

1851 5405 2108 5460 scentiam
2134 5410 2312 5464 carnis
2336 5410 2602 5481 habitura,
2628 5416 2759 5473 nihil
2780 5422 3008 5477 carnalis
3032 5427 3255 5482 seminis
3276 5405 3433 5489 emis-

1852 5508 1997 5551 sura.
2027 5495 2116 5553 Sic
2144 5498 2286 5555 enim
2312 5502 2682 5574 accipiendum
2709 5517 2792 5563 est
2818 5512 2960 5581 quod
3001 5514 3074 5567 ait
3118 5516 3258 5572 idem
3300 5536 3433 5591 apo-

1851 5588 2019 5644 stolus
2044 5607 2056 5643 :
2084 5590 2315 5651 Christus
2343 5596 2519 5653 dilexit
2542 5599 2845 5667 Ecclesium,
2870 5613 2916 5657 et
2944 5622 2997 5658 se
3024 5607 3189 5674 ipsum
3221 5588 3433 5670 tradidit

1917 5681 2567 5767 ﬂifuinmtgneat:
2595 5694 2743 5767 Abest
2759 5730 2785 5753 ,μ
2799 5708 2910 5746 eum
2929 5710 2958 5746 a
2980 5704 3317 5767 manuscriptls
3339 5721 3352 5757 :
3379 5711 3433 5761 et

1862 5754 1936 5819 ex_
2037 5743 2206 5819 plures
2227 5762 2330 5811 pro,
2342 5749 2440 5819 .qtti
2455 5743 2692 5819 ,‘hahent,
2717 5743 2841 5819 quis.

1916 5806 1937 5876 ξ
1971 5804 2135 5876 t’ltires
2150 5804 2277 5871 tussi,
2302 5804 2558 5876 olere
2579 5804 2731 5867 nocet.

1916 5865 2040 5957 fusci:
2063 5875 2213 5957 Laius
2234 5865 2392 5925 codex
2433 5865 2769 5940 Benignianus.
2794 5881 2911 5934 Editi
2932 5898 3065 5950 vero,
3096 5888 3221 5942 unde
3241 5896 3398 5946 (alneis
3420 5919 3431 5957 ,-

1855 5927 2049 5992 omisso,
2063 5926 2194 5983 insit.
