4042 6498
545 393 656 454 ιδθ

544 507 708 566 tionis
732 505 992 562 abluatur.
1019 521 1040 556 ι
1071 501 1271 558 Omnes
1295 499 1439 556 enim
1465 497 1530 553 ad
1557 495 1837 552 ecclesiam
1864 508 1972 548 non
2001 506 2125 561 pro-

545 609 670 672 pter
727 598 868 656 aliud
914 611 1034 654 cum
1087 591 1320 665 parvulis
1383 597 1635 654 currunt,
1689 587 1792 642 nisi
1839 593 1899 641 ut
1948 585 1999 639 in
2048 583 2124 639 eis

545 691 808 766 originale
857 693 1132 760 peccatum
1199 683 1546 756 generatione
1601 680 1783 752 prima:
1836 675 2124 732 nativitatis

545 791 828 840 attractum
847 819 864 848 ,
917 775 1317 848 regeneratione
1383 771 1630 830 secundae
1693 767 1981 826 nativitatis
2032 780 2128 823 ex-

543 874 746 948 pietur.

616 963 673 1021 5.
725 960 926 1018 Deinde
966 959 1035 1016 ad
1075 967 1256 1014 nostra
1289 957 1564 1030 superiora
1606 953 1766 1010 verba
1805 949 2124 1017 revertitur,

543 1063 666 1132 Ilua:
684 1055 867 1114 nescio
890 1070 986 1110 cur
1007 1061 1251 1125 repetat:
1283 1071 1302 1106 ι
1331 1053 1438 1108 Eos
1461 1061 1640 1108 autem
1662 1051 1750 1121 qui
1775 1049 1847 1106 de
1867 1049 1954 1104 tali
1975 1062 2126 1104 com-

485 1211 488 1214 ,
541 1149 804 1208 mixtione
831 1155 1140 1212 nascuntur,
1169 1145 1396 1202 dicimus
1419 1143 1634 1200 trahere
1657 1142 1914 1214 originale
1933 1155 2126 1212 pecea-

543 1251 694 1310 tum;
720 1257 940 1312 eosque,
970 1239 1038 1296 de
1068 1239 1374 1310 parentibus
1401 1237 1870 1308 qualibuscumque
1899 1249 2128 1290 nascan-

545 1343 658 1402 tur,
697 1349 806 1390 non
831 1347 1086 1400 negamus
1125 1331 1299 1386 adhuc
1339 1345 1460 1386 esse
1499 1327 1600 1383 sub
1640 1325 1881 1392 diabolo,
1909 1325 2008 1381 nisi
2038 1339 2127 1380 re-

544 1433 837 1481 nascantur
881 1423 935 1478 in
971 1421 1204 1477 Christo.
1234 1438 1256 1473 ι
1292 1418 1420 1474 Haec
1453 1418 1616 1474 verba
1655 1425 1835 1472 nostra
1877 1425 1934 1471 et
1974 1415 2129 1484 paulo

547 1523 674 1571 ante
695 1515 807 1586 jam
835 1514 1061 1570 dixerat.
1089 1511 1291 1568 Deinde
1333 1509 1603 1581 subjungit
1641 1507 1784 1579 quod
1811 1506 1880 1562 de
1918 1505 2131 1562 Christo

547 1606 802 1672 diximus,
831 1623 850 1657 ι
873 1605 974 1672 Qui
994 1604 1062 1660 de
1081 1603 1266 1660 eadem
1284 1615 1443 1658 sexus
1463 1601 1734 1670 utriusque
1755 1597 2132 1654 commixtione

545 1699 700 1754 nasci
741 1697 932 1754 noluit.
963 1715 981 1750 ι
1013 1695 1120 1754 Sed
1157 1695 1316 1751 etiam
1357 1693 1443 1749 hic
1473 1690 1812 1763 praetermisit
1853 1687 1994 1759 quod
2033 1702 2133 1758 ego

545 1789 736 1860 posui,
769 1808 788 1842 ι
813 1787 884 1846 Ut
910 1803 1007 1862 per
1035 1787 1151 1858 ejus
1185 1785 1410 1858 gratiam
1435 1783 1502 1840 de
1532 1791 1794 1854 potestate
1818 1781 1956 1836 eruti
1981 1787 2131 1836 tene-

545 1881 791 1950 brarum,
821 1881 874 1936 in
905 1895 1128 1952 regnum
1155 1878 1315 1946 illius,
1343 1877 1430 1948 qui
1457 1891 1523 1931 ex
1546 1875 1734 1932 eadem
1759 1887 1920 1930 sexus
1940 1872 2134 1926 utrius-

546 1989 656 2044 que
680 1973 1060 2030 commixtione
1085 1971 1232 2026 nasci
1263 1969 1448 2034 uoluit,
1481 1967 1884 2023 transferantur.
1917 1983 1935 2017 ι
1967 1963 2130 2028 Vide,

547 2065 776 2122 obsecro
802 2075 852 2120 te
871 2105 886 2131 ,
921 2080 1043 2135 quae
1072 2065 1090 2096 ί
1115 2073 1300 2120 nostra
1321 2061 1484 2118 verba
1513 2059 1718 2126 vitavit,
1751 2069 2004 2129 tanquam
2030 2057 2133 2112 ini-

546 2159 727 2216 micus
751 2158 969 2214 omnino
997 2157 1182 2230 gratia:
1203 2155 1321 2224 Dei,
1347 2169 1468 2226 quae
1495 2153 1641 2208 venit
1663 2167 1759 2222 per
1781 2151 1961 2206 Jesum
1979 2149 2134 2205 Chri-

540 2260 688 2310 stum
719 2251 1002 2309 Dominum
1041 2259 1304 2305 nostrum.
1345 2247 1458 2303 Scit
1485 2246 1629 2302 enim
1671 2244 1737 2299 ab
1766 2243 1851 2298 illa
1891 2241 2135 2312 Apostoli

543 2344 848 2410 sententia,
895 2357 999 2414 qua
1028 2341 1161 2397 dixit
1185 2339 1253 2395 de
1295 2339 1408 2393 Deo
1437 2337 1627 2400 Patre,
1671 2333 1771 2400 Qui
1799 2333 1930 2388 eruit
1951 2349 2043 2386 nos
2071 2332 2135 2386 de

543 2442 792 2504 potestate
819 2433 1154 2497 tenebrarum,
1184 2439 1232 2485 et
1255 2427 1513 2484 transtulit
1541 2428 1595 2482 in
1619 2442 1829 2498 regnum
1855 2423 1982 2478 Filii
2008 2423 2134 2478 cha-

544 2526 716 2581 ritatis
740 2541 847 2581 sua
874 2523 1089 2598 (Coloss.
1113 2539 1152 2589 1,
1179 2520 1294 2593 15),
1326 2519 1717 2590 improbissime
1741 2527 1796 2573 et
1823 2516 2134 2586 impiissime

543 2619 799 2687 parvulos
826 2617 1101 2687 separari:
1131 2615 1250 2671 ideo
1285 2613 1469 2684 procul
1495 2612 1657 2668 dubio
1682 2611 1844 2668 verba
1869 2611 1966 2666 ista
1993 2625 2135 2681 pra:-

547 2711 849 2769 termittere
875 2725 1032 2780 quam
1063 2721 1263 2776 ponere
1293 2705 1497 2760 maluit.

521 2801 528 2820 '
623 2803 679 2858 6.
722 2801 851 2856 Post
877 2801 992 2854 hinc
1021 2799 1150 2853 illud
1197 2806 1436 2853 nostrum
1465 2797 1674 2866 posuit,
1729 2795 1817 2850 ubi
1863 2795 2131 2850 diximus:

521 2881 528 2892 ’
555 2914 576 2948 ι
606 2895 731 2952 Haec
754 2895 897 2949 enim
935 2909 1054 2963 quae
1084 2892 1152 2947 ab
1179 2889 1574 2962 impudentibus
1599 2889 1935 2959 impudenter
1955 2888 2138 2948 lauda-

549 2998 636 3045 tur
661 2987 908 3060 pudenda
937 2985 1396 3057 concupiscentia,
1443 2985 1588 3040 nulla
1617 2993 1789 3052 esset,
1833 2985 1932 3038 nisi
1975 2984 2137 3039 homo

549 3091 677 3136 ante
717 3088 1028 3150 peccasset:
1071 3079 1270 3148 nuptim
1304 3092 1432 3132 vero
1469 3085 1680 3142 essent,
1726 3077 1932 3132 etiamsi
1979 3091 2138 3132 nemo

551 3181 862 3244 peccasset;
909 3171 1060 3226 ﬁeret
1101 3171 1297 3241 quippe
1330 3170 1447 3225 sine
1489 3170 1591 3224 isto
1633 3170 1819 3225 morbo
1859 3171 2138 3225 seminatio

549 3263 800 3318 ﬁliorum.
833 3280 853 3316 ι
891 3261 1002 3316 lluc
1029 3276 1196 3332 usque
1223 3261 1311 3316 ille
1346 3261 1504 3316 verba
1541 3275 1658 3315 mea
1704 3261 1895 3330 posuit.
1942 3261 2140 3316 Timuit

549 3355 696 3411 enim
721 3353 862 3426 quod
891 3353 1130 3424 adjunxi,
1169 3371 1187 3406 ε
1216 3352 1274 3408 In
1301 3368 1526 3424 corpore
1549 3354 1670 3408 vita:
1697 3353 1860 3421 illius,
1887 3355 2004 3410 sine
2033 3370 2139 3425 quo

551 3459 698 3502 nunc
728 3443 842 3500 fieri
871 3459 974 3500 non
1010 3451 1187 3514 potest
1223 3444 1274 3497 in
1303 3433 1527 3514 corpore
1569 3444 1757 3498 mortis
1801 3443 1973 3515 hujus.
2006 3464 2026 3498 s
2071 3445 2141 3501 Et

553 3539 644 3594 hic
669 3546 730 3593 ut
757 3553 929 3592 meam
951 3537 1268 3592 sententiam
1291 3552 1396 3592 non
1423 3536 1620 3604 finiret,
1643 3537 1736 3592 sed
1761 3553 1878 3593 eam
1907 3537 2140 3608 quodam

555 3628 720 3684 modo
749 3627 1111 3692 detruncaret,
1145 3627 1272 3682 illud
1297 3627 1539 3698 Apostoli
1563 3627 1926 3683 testimonium
1954 3627 2142 3684 formi-

555 3719 733 3786 davit,
779 3717 866 3773 ubi
897 3719 1002 3773 ait:
1038 3717 1198 3772 Miser
1237 3735 1327 3789 ego
1370 3719 1540 3786 homo,
1571 3721 1682 3789 quis
1722 3736 1800 3774 me
1828 3719 2053 3775 liberabit
2080 3721 2142 3776 de

555 3828 764 3883 corpore
797 3813 972 3866 mortis
999 3811 1192 3882 hujus?
1221 3808 1398 3866 Gratia
1435 3810 1530 3866 Dei
1559 3829 1652 3884 per
1675 3811 1852 3868 Jesum
1889 3811 2143 3868 Christum

557 3901 833 3956 Dominum
857 3911 1102 3956 nostrum.
1121 3901 1243 3958 Non
1263 3903 1404 3957 enim
1429 3913 1542 3958 erat
1560 3917 1754 3973 corpus
1779 3905 1964 3959 mortis
1987 3904 2144 3975 hujus

556 3994 614 4050 in
643 3994 887 4067 paradiso
931 4004 1055 4050 ante
1101 4004 1373 4065 peccatum
1395 4035 1410 4061 ,
1441 4005 1660 4066 propter
1700 3996 1842 4067 quod
1878 3997 2139 4062 diximus,

563 4103 582 4137 ε
611 4087 666 4142 in
701 4101 925 4156 corpore
961 4088 1083 4141 vita:
1113 4086 1339 4152 illius,»
1376 4102 1494 4155 qua:
1531 4087 1602 4141 ibi
1644 4095 1794 4154 erat,
1831 4105 1851 4140 ι
1878 4089 1995 4144 sine
2041 4089 2144 4144 isto

557 4178 748 4234 morbo
776 4178 1183 4234 seminationem
1209 4175 1324 4231 fleri
1353 4177 1586 4246 potuisse
1611 4177 1860 4244 filiorum,
1894 4179 2010 4234 sine
2039 4195 2144 4250 quo

559 4281 703 4323 nunc
723 4267 776 4322 in
801 4282 1026 4338 corpore
1047 4269 1232 4323 mortis
1253 4268 1412 4338 hujus
1439 4269 1552 4323 ﬁeri
1573 4285 1677 4324 non
1705 4277 1931 4338 potest.»
1955 4271 2024 4327 Ut
2047 4287 2141 4326 au-

559 4366 672 4414 tem
710 4358 776 4413 ad
819 4359 973 4412 istam
1017 4359 1578 4415 commemorationem
1621 4358 1867 4416 humanae
1913 4363 2142 4420 miserim

559 4456 616 4504 et
651 4449 844 4507 divina:
885 4450 1069 4522 gratim
1099 4451 1302 4506 veniret
1340 4451 1654 4518 Apostolus,
1697 4467 1855 4524 supra
1893 4453 2138 4510 dixerat:

569 4539 728 4598 Video
756 4542 908 4596 aliam
939 4543 1096 4613 legem
1123 4542 1176 4596 in
1201 4541 1435 4597 membris
1464 4543 1614 4611 meis,
1643 4555 2007 4616 repugnantem
2045 4547 2143 4618 legi

561 4631 742 4686 mentis
767 4647 912 4698 metu,
940 4642 988 4686 et
1017 4635 1352 4700 captivantem
1381 4648 1460 4686 me
1481 4633 1534 4686 in
1563 4633 1670 4703 lege
1694 4635 1905 4702 peccati,
1937 4651 2051 4706 qua:
2071 4645 2144 4690 est

560 4727 616 4780 in
645 4725 878 4781 membris
903 4727 1045 4781 meis.
1092 4725 1219 4780 Post
1243 4725 1359 4780 lucc
1398 4734 1574 4781 autem
1605 4726 1761 4782 verba
1787 4729 2140 4784 exclamavit:

562 4815 723 4872 Miser
745 4833 836 4888 ego
865 4818 1034 4884 homo,
1057 4818 1166 4886 quis
1188 4834 1265 4870 me
1289 4815 1515 4871 liberabit
1541 4819 1604 4872 de
1622 4835 1828 4888 corpore
1851 4823 2024 4876 mortis
2049 4821 2146 4876 hu—

553 4909 681 4981 jus?
707 4906 883 4964 Gratia
912 4907 1009 4962 Dei
1037 4925 1124 4976 per
1144 4907 1321 4963 Iesum
1343 4908 1596 4964 Christum
1625 4909 1898 4965 Dominum
1917 4921 2144 4967 nostrum

564 5003 741 5072 (Rom.
765 5017 858 5070 vn,
890 4999 1105 5070 25—25).
1149 4999 1205 5054 in
1252 5016 1476 5072 corpore
1523 5001 1680 5073 igitur
1725 5003 1911 5058 mortis
1953 5003 2141 5072 hujus,

561 5093 719 5165 quale
754 5093 807 5148 in
847 5093 1092 5163 paradiso
1119 5102 1244 5147 ante
1287 5103 1562 5162 peccatum
1604 5091 1728 5158 fuit,
1765 5093 2007 5164 profecto
2035 5110 2142 5149 non

562 5193 680 5240 erat
703 5181 803 5238 alia
829 5182 989 5238 lexin
1013 5183 1266 5238 membris
1283 5183 1481 5237 nostris
1502 5198 1802 5253 repugnans
1828 5183 1930 5253 legi
1951 5185 2143 5240 mentis

560 5285 760 5336 nostra:
789 5277 848 5331 ἐ
881 5277 1001 5348 quia
1041 5285 1097 5334 et
1121 5275 1333 5348 quando
1375 5276 1657 5344 nolumus,
1703 5284 1758 5331 et
1788 5276 1999 5346 quando
2034 5293 2142 5333 non

627 5476 645 5506 ί
680 5480 872 5534 musa,
900 5474 1000 5534 qui,
1051 5521 1054 5524 .

626 5539 648 5568 ³
1144 5541 1197 5584 et
1226 5534 1468 5598 editiones
1489 5535 1832 5598 Polemicorum
1853 5536 1962 5586 dum
1981 5569 1997 5596 ,
2021 5537 2143 5586 Pari-

562 5599 750 5660 siensis
759 5601 873 5646 anni
892 5597 1030 5660 164-5,
1051 5596 1108 5646 'et
1139 5597 1443 5646 Lovaniensis
1471 5597 1582 5646 anni
1607 5596 1744 5656 1647,
1769 5602 1877 5647 ante
1897 5603 2143 5660 peccatum

561 5671 658 5708 non
679 5656 796 5728 fuit,
819 5659 1032 5728 profecto
1053 5671 1147 5708 non
1169 5661 1291 5728 erat,
1319 5665 1412 5728 etc.
1439 5665 1538 5728 nuo
1553 5671 1588 5728 ρ
1611 5661 1844 5728 Vaticanis
1881 5656 2014 5728 mss,
2035 5667 2143 5710 ante

563 5719 1046 5781 peccatum'profecto
1067 5732 1162 5770 non
1181 5726 1305 5778 erat,
1321 5719 1422 5770 alia
1443 5719 1524 5770 lea:
1545 5719 1596 5768 in
1623 5719 1848 5770 membris
1863 5719 2038 5770 nostris
2062 5733 2142 5769 re-

777 5778 889 5852 legi,
915 5778 1140 5852 aegaeo
1160 5783 1264 5845 ipsa
1279 5781 1426 5832 lectio
1441 5783 1621 5832 eratin
1655 5782 1778 5834 libro
1799 5783 1954 5845 primo
1973 5785 2143 5848 Operis

567 5839 858 5904 unpcrfecti,
875 5839 987 5904 cap.
1006 5843 1088 5892 71.

1362 385 1450 440 DE
1487 378 1753 438 NUPTIIS
1791 379 1880 434 ET
1918 371 2516 442 CUNCUPISCENTIA,
2557 377 2615 434 S.
2655 379 3028 438 AUGUSTINI
3679 395 3770 456 uo

2237 494 2632 562 consentimus,
2671 510 2772 552 nec
2795 496 2844 553 ei
2871 498 3109 556 membra
3133 509 3314 556 nostra
3341 509 3400 556 ut
3423 501 3624 576 impleat
3646 515 3768 581 quod

2235 585 2436 654 appetit
2461 585 2790 654 exhibemus,
2821 588 3022 646 habitat
3049 601 3222 648 tamen
3259 593 3312 650 in
3355 595 3462 660 eis,
3491 607 3542 654 et
3567 611 3769 662 mentem

2235 673 2573 732 resistentem
2594 688 3080 751 repugnantemque
3095 682 3346 738 sollicitat
3369 701 3381 737 :
3408 693 3467 740 ut
3483 685 3590 756 ipse
3605 694 3771 750 conﬂi-

2235 771 2372 834 ctus,
2393 767 2601 822 etiamsi
2616 783 2721 824 non
2737 768 2805 824 sit
2821 769 3278 843 damnabilis,quia
3291 790 3396 828 non
3409 777 3604 846 perlicit
3616 780 3776 855 iniqui-

2236 864 2434 924 tatem;
2463 859 2533 914 sit
2561 867 2739 916 tamen
2769 862 3112 931 miserabilis,
3144 865 3266 932 quia
3289 881 3399 928 non
3423 866 3574 926 habet
3589 889 3772 943 pacem.

2235 945 2377 1003 Satis
2405 949 2561 1020 igitur
2583 951 2952 1008 admonuerim
2971 995 2988 1022 ,
3019 954 3098 1010 sic
3125 955 3285 1012 istum
3325 958 3491 1014 verba
3517 977 3626 1018 mea
3652 969 3776 1024 velut

2234 1038 2525 1097 refellenda
2548 1042 2648 1098 sibi
2673 1057 2970 1113 proponere
2997 1045 3260 1114 voluisse,
3293 1055 3351 1102 ut
3387 1049 3575 1107 alicubi
3611 1057 3775 1114 mediis

2235 1130 2518 1200 detractis,
2549 1137 2842 1192 sententias
2867 1137 3310 1208 interrumperet;
3338 1140 3524 1196 alicubi
3553 1151 3782 1205 extremis

2235 1238 2343 1278 non
2368 1224 2561 1282 additis
2585 1225 2920 1285 decurtaret:
2950 1237 3005 1288 et
3025 1244 3122 1286 cur
3140 1228 3243 1287 hoc
3261 1228 3464 1300 fecerit,
3487 1233 3781 1296 sufﬁcienter

2234 1314 2580 1372 ostenderim.

2307 1405 2532 1466 CAPUT
2569 1409 2656 1466 ill.
2685 1440 2758 1451 —
2786 1411 2839 1465 7.
2875 1411 3030 1468 Nunc
3069 1412 3138 1468 ad
3171 1428 3232 1469 ea
3277 1429 3396 1484 qua:
3439 1416 3574 1472 sicut
3607 1420 3781 1488 voluit,

2235 1509 2417 1557 nostra
2445 1503 2741 1572 proposuit,
2769 1519 2888 1574 qua:
2922 1518 3016 1558 sua
3044 1505 3370 1575 opposuerit,
3397 1507 3678 1564 videamus.
3705 1513 3792 1568 Se-

2235 1599 2472 1662 quuntur
2497 1593 2636 1646 enim
2659 1593 2769 1662 jam
2796 1594 2956 1650 verba
2986 1594 3132 1664 ejus;
3160 1602 3217 1650 et
3243 1595 3378 1650 sicut
3403 1597 3505 1653 iste
3532 1598 3792 1656 insinuavit

2235 1683 2328 1752 qui
2357 1683 2450 1738 tibi
2474 1683 2768 1740 chartulam
2797 1685 2974 1750 misit,
3002 1685 3148 1755 prius
3175 1686 3374 1757 aliquid
3403 1687 3474 1742 de
3507 1689 3792 1758 praefatione

2234 1777 2584 1848 conscripsit,
2611 1777 2796 1850 procul
2821 1777 2981 1834 dubio
3007 1777 3272 1852 librorum
3291 1779 3509 1834 illorum
3537 1781 3602 1836 de
3625 1783 3796 1851 quibus

2235 1880 2404 1936 pauca
2441 1867 2728 1938 decerpsit.
2771 1867 2827 1924 ld
2865 1877 3040 1924 autem
3087 1869 3158 1924 ita
3185 1884 3304 1926 sese
3344 1871 3544 1926 habet:
3579 1891 3598 1925 ‹
3621 1873 3798 1929 Docto-

2237 1973 2347 2026 res,
2379 1977 2398 2012 ι
2435 1959 2632 2030 inquit,
2671 1979 2690 2012 ε
2715 1961 2878 2016 nostri
2907 1962 3192 2032 temporis,
3225 1961 3391 2018 frater
3411 1963 3726 2030 beatissime,
3751 1977 3798 2023 et

2238 2047 2454 2104 nefaria:
2480 2065 2598 2119 qua:
2625 2049 2798 2106 adhuc
2821 2049 2990 2107 fervet
3011 2051 3286 2117 seditionis
3313 2063 3594 2121 auctores,
3623 2056 3686 2110 ad
3711 2055 3799 2111 ho-

2236 2138 2462 2206 minum,
2487 2154 2712 2216 quorum
2731 2142 2926 2198 sanctis
2967 2142 3154 2199 studiis
3193 2153 3442 2210 uruntur,
3469 2147 3798 2204 contumelias

2237 2237 2294 2288 et
2335 2232 2555 2288 exitium
2592 2233 2943 2290 decreverunt
2989 2250 3083 2305 per
3109 2239 3318 2290 ruinam
3365 2237 3529 2292 totius
3571 2238 3804 2294 Ecclesia:

2237 2325 2549 2393 pervenire;
2581 2340 2686 2381 non
2713 2326 3069 2397 intelligentes
3097 2336 3356 2398 quantum
3389 2328 3475 2384 bis
3501 2329 3806 2386 contulerint

2238 2413 2477 2484 honoris,
2497 2433 2724 2488 quorum
2739 2420 3088 2476 ostenderunt
3112 2420 3340 2490 gloriam
3371 2421 3478 2476 nisi
3501 2437 3620 2478 cum
3643 2423 3808 2478 catho-

2239 2508 2340 2565 lica
2377 2511 2629 2582 religione
2666 2527 2770 2566 non
2795 2514 3032 2582 potuisse
3057 2514 3301 2569 convelli.
3333 2514 3476 2570 Nam
3519 2515 3564 2572 si
3589 2517 3703 2586 quis
3723 2525 3804 2572 aut

2237 2599 2463 2657 liberum
2491 2602 2543 2656 in
2573 2601 2874 2658 hominibus
2903 2602 3200 2666 arbitrium,
3227 2613 3321 2658 aut
3352 2605 3524 2660 Deum
3553 2620 3672 2662 esse
3719 2619 3804 2660 na-

2243 2695 2506 2750 scentium
2528 2694 2856 2750 conditorem
2885 2693 3098 2762 dixerit,
3117 2694 3480 2751 leestianus
3511 2705 3566 2751 et
3591 2695 3813 2766 Pelagia—

2244 2801 2346 2840 nus
2369 2793 2608 2840 vocatur.
2639 2785 2716 2840 Ne
2737 2785 2893 2855 igitur
2919 2795 3174 2842 vocentur
3197 2785 3444 2842 hmretici
3466 2827 3480 2852 ,
3511 2787 3643 2840 fiunt
3665 2785 3812 2842 Mani-

2239 2876 2408 2943 chtei;
2439 2885 2494 2931 et
2521 2877 2654 2931 dum
2681 2874 2870 2930 falsam
2893 2885 3143 2932 verentur
3171 2874 3489 2939 infamiam,
3521 2891 3704 2931 verum
3727 2875 3818 2930 cri-

2241 2983 2364 3022 men
2405 2966 2681 3020 incurrunt
2707 2983 2721 3019 :
2751 2966 2917 3020 instar
2951 2964 3224 3031 ferarum,
3267 2981 3398 3035 quae
3443 2964 3819 3022 circumdantur

2241 3059 2446 3129 pinnis,
2487 3069 2548 3114 ut
2577 3067 2836 3130 cogantur
2863 3060 2916 3113 in
2959 3059 3126 3126 retia;
3170 3057 3375 3128 quibus
3411 3059 3668 3130 quoniam
3689 3057 3824 3114 deest

2241 3153 2405 3220 ratio,
2451 3153 2504 3208 in
2532 3167 2718 3208 verum
2759 3151 2978 3209 exitium
3007 3167 3143 3208 vana
3181 3150 3488 3208 formidine
3515 3151 3823 3208 contrudua—

2242 3251 2380 3370 “"8:
2543 3322 2626 3368 est
2651 3313 2722 3367 ita
2757 3323 2816 3368 ut
2845 3312 3081 3384 loqueris
3098 3355 3113 3380 ,
3140 3312 3484 3384 quicumque
3509 3313 3611 3370 ista
3635 3311 3826 3376 dixisti;

2243 3421 2350 3462 non
2405 3413 2488 3461 est
2522 3405 2596 3460 ita
2627 3423 2642 3460 :
2668 3404 2892 3460 multum
2923 3403 3140 3470 falleris,
3168 3403 3256 3460 vel
3295 3404 3504 3460 fallere
3538 3404 3829 3461 meditaris:

2243 3513 2351 3552 non
2393 3495 2621 3552 liberum
2651 3510 2906 3565 negamus
2934 3495 3247 3562 arbitrium;
3277 3497 3394 3552 scd
3417 3539 3434 3566 ,
3471 3499 3534 3553 Si
3568 3513 3654 3552 vos
3685 3495 3837 3550 Filius

2244 3589 2542 3654 liberaverit,
2571 3587 2645 3642 ait
2671 3585 2898 3650 Veritas,
2922 3596 3040 3640 tunc
3067 3602 3176 3640 uere
3197 3587 3359 3642 liberi
3374 3588 3522 3644 eritis
3547 3587 3721 3660 (Joan.
3737 3601 3838 3654 vm,

2245 3678 2362 3751 56).
2396 3679 2546 3734 Hunc
2585 3693 2681 3734 vos
2711 3677 2957 3733 invidetis
2987 3677 3338 3756 liberatorem
3359 3719 3378 3746 ,
3410 3681 3610 3750 quibus
3639 3677 3844 3749 captivis

2243 3785 2438 3826 vanam
2465 3769 2696 3826 tribuitis
2739 3769 3058 3826 libertatem.
3099 3770 3143 3822 Α
3181 3785 3280 3839 quo
3314 3773 3456 3826 enim
3481 3773 3596 3842 quis
3635 3771 3840 3825 devictus

2245 3871 2342 3929 est,
2383 3862 2523 3918 sicut
2549 3861 2676 3917 dicit
2709 3861 3004 3931 Scriptura,
3041 3861 3158 3914 huic
3182 3877 3365 3917 servus
3397 3857 3642 3917 addictus
3665 3869 3737 3918 est
3761 3859 3778 3932 (
3803 3860 3842 3914 ll

2247 3951 2392 4008 Petr.
2420 3969 2480 4019 ιι,
2513 3952 2602 4024 19)
2627 3967 2640 4005 :
2671 3967 2769 4007 nec
2789 3952 3064 4022 quisquam
3091 3950 3194 4005 nisi
3221 3968 3324 4021 per
3348 3953 3587 4025 gratiam
3609 3953 3843 4010 liberato-

2246 4044 2322 4100 ris
2351 4044 2455 4099 isto
2486 4043 2710 4098 solvitur
2745 4041 2959 4098 vinculo
2991 4042 3286 4110 servitutis,
3319 4060 3354 4098 a
3385 4061 3502 4116 quo
3529 4047 3548 4077 ⁸
3571 4055 3656 4102 est
3681 4043 3845 4100 homi-

2248 4152 2374 4192 num
2400 4137 2577 4191 nullus
2605 4135 2877 4192 immunis.
2906 4133 3011 4190 Per
3035 4151 3193 4189 unum
3211 4137 3426 4208 quippe
3455 4139 3718 4194 hominem
3735 4154 3846 4208 pec-

2247 4239 2416 4285 catum
2433 4229 2636 4284 intrauit
2663 4229 2716 4285 in
2735 4229 2998 4292 mundum,
3023 4237 3072 4283 et
3097 4245 3186 4298 per
3209 4239 3499 4298 peccatum
3525 4247 3704 4298 mors;
3725 4241 3769 4286 et
3787 4231 3854 4284 ita

2245 4321 2300 4375 in
2319 4337 2490 4376 omnes
2519 4321 2744 4374 homines
2774 4319 3077 4388 pertransiit,
3097 4319 3150 4373 in
3176 4336 3278 4389 quo
3309 4338 3500 4378 omnes
3531 4329 3853 4394 peccaverunt

2248 4409 2424 4486 (Rom.
2449 4426 2505 4479 v,
2537 4410 2651 4482 η).
2677 4410 2764 4467 Sic
2787 4419 2870 4468 est
2895 4425 3024 4482 ergo
3053 4411 3192 4466 Deus
3213 4415 3579 4472 nascentium
3599 4414 3856 4482 conditor,

2247 4510 2307 4557 ut
2330 4516 2520 4558 omnes
2565 4515 2632 4556 ex
2681 4517 2784 4556 uno
2811 4509 2935 4556 eant
2973 4501 3026 4556 in
3055 4501 3612 4572 condemnationem,
3639 4519 3856 4577 quorum

2247 4608 2353 4648 non
2379 4593 2540 4648 fuerit
2567 4593 2957 4648 renasecntium
2987 4591 3260 4648 liberator.
3289 4594 3421 4666 Ipse
3459 4599 3669 4668 quippe
3695 4597 3860 4654 dictus

2248 4693 2331 4741 est
2355 4683 2566 4756 figulus,
2595 4700 2660 4740 ex
2686 4685 2873 4739 eadem
2915 4699 3088 4740 massa
3127 4683 3341 4741 faciens
3373 4689 3530 4744 aliud
3561 4705 3660 4745 vas
3688 4690 3743 4745 in
3768 4689 3862 4743 ho-

2247 4790 2431 4830 norem
2449 4773 2738 4830 secundum
2756 4775 3196 4842 misericordiam,
3219 4775 3380 4833 aliud
3399 4779 3460 4834 in
3481 4781 3862 4837 contumeliam

2248 4865 2538 4924 secundum
2557 4865 2816 4935 judicium
2843 4865 2952 4936 (Id.
2985 4883 3060 4933 1x,
3086 4867 3177 4938 21)
3205 4885 3218 4921 :
3245 4870 3343 4923 cui
3375 4881 3578 4927 cantat
3605 4873 3862 4936 Ecclesia,

2249 4955 2649 5012 Misericordiam
2673 4965 2720 5012 et
2734 4957 2990 5027 judicium
3014 4958 3180 5029 (Psal.
3199 4973 3254 5026 c,
3291 4961 3376 5031 1).
3403 4961 3534 5018 Non
3559 4965 3748 5038 itaque
3761 4962 3868 5019 sic—

2248 5059 2308 5106 ut
2355 5059 2406 5104 te
2439 5057 2598 5118 atque
2631 5048 2763 5103 alios
2791 5048 2983 5104 fallens
3011 5051 3270 5121 loqueris,
3313 5071 3336 5106 ι
3377 5055 3442 5111 Si
3469 5059 3601 5128 quis
3631 5059 3870 5113 anniba-

2253 5159 2273 5193 ι
2305 5155 2421 5195 rum
2439 5139 2495 5194 in
2515 5138 2818 5195 hominibus
2837 5141 3134 5209 arbitrium,
3159 5151 3252 5198 aut
3283 5144 3478 5202 Deum
3505 5163 3636 5204 esse
3649 5161 3870 5204 nascen-

2253 5253 2274 5287 «
2313 5233 2444 5288 tium
2464 5231 2794 5288 conditorem
2815 5233 3026 5298 dixerit,
3051 5233 3436 5293 leestianus
3467 5249 3530 5295 et
3551 5241 3873 5311 Pelagianos

2253 5345 2273 5379 ι
2309 5337 2528 5382 vocatur
2558 5343 2570 5380 :
2613 5345 2632 5379 ι
2670 5327 2768 5381 ista
2793 5327 2990 5397 quippe
3011 5325 3280 5382 catholica
3313 5329 3466 5387 ﬁdes
3497 5331 3656 5388 dicit.
3687 5331 3795 5390 Sed
3831 5333 3874 5388 si

2247 5419 2365 5488 quis
2393 5417 2460 5472 ad
2489 5417 2770 5473 colendum
2815 5427 2962 5472 recte
3001 5417 3162 5472 Deum
3183 5457 3200 5483 ,
3229 5418 3364 5476 sine
3397 5423 3583 5492 ipsius
3614 5425 3875 5495 adjutorio

2247 5513 2375 5568 dicit
2393 5527 2514 5568 esse
2533 5511 2586 5567 in
2603 5511 2906 5567 hominibus
2925 5512 3150 5567 liberum
3169 5512 3514 5583 arbitrium;
3551 5527 3612 5574 et
3635 5517 3876 5590 quisquis

2247 5607 2319 5661 ita
2345 5605 2474 5660 dicit
2494 5605 2660 5660 Deum
2689 5605 3013 5660 nascentium
3030 5597 3407 5674 Conditorem,
3431 5619 3500 5663 ut
3525 5611 3877 5680 parvulorum

2311 5783 2329 5850 ξ
2364 5783 2437 5850 sic
2453 5789 2578 5850 amt,
2601 5786 2678 5850 gr.
2699 5787 2752 5831 et
2765 5789 2872 5850 Mss.
2898 5788 2954 5832 At
2973 5781 3280 5850 posteriores
3301 5784 3592 5850 editiones,
3621 5802 3656 5839 a
3672 5801 3788 5850 qua.

2309 5845 2382 5907 (a)
2415 5844 2532 5894 vide
2545 5842 2668 5895 infra
2687 5851 2816 5907 Opus
2835 5841 3188 5906 unpcrt'eetum,
3223 5841 3326 5897 lib.
3355 5849 3409 5914 1,
3441 5841 3558 5912 αρ’.
3579 5841 3632 5908 '3.
