3938 6498
197 409 279 468 tn

198 527 330 590 neget
351 531 380 571 a
402 527 692 587 potestate
718 519 914 576 diaboli
933 518 1320 588 redemptorem
1340 557 1356 583 ,
1386 516 1500 586 ipse
1528 513 1768 584 Pelagia-

203 626 287 668 uus
307 618 355 665 et
375 608 757 666 leestianus
782 619 1018 666 vocatur.
1048 609 1294 664 Liberum
1323 609 1500 678 itaque
1521 608 1572 662 in
1603 607 1774 661 homi-

208 703 338 758 nibus
354 713 474 756 esse
499 699 822 764 arbitrium,
844 708 900 756 et
919 701 1083 755 Deum
1103 713 1226 755 esse
1247 699 1572 754 nascentium
1598 697 1773 752 condi-

209 808 370 859 torem,
400 793 631 862 utrique
661 793 921 858 dicimus;
949 807 1052 847 non
1079 791 1206 847 hinc
1234 792 1361 846 estis
1389 790 1692 848 leestiani
1721 797 1778 845 ct

204 888 447 958 Pelagiani
483 902 500 939 :
532 885 775 942 liberum
805 893 980 942 autem
1007 900 1127 940 esse
1155 899 1473 955 quemquam
1515 883 1583 939 ad
1616 898 1778 954 agen-

203 983 310 1037 dum
333 981 540 1034 bonum
569 980 694 1034 sine
718 979 987 1050 adjutorio
1015 978 1141 1043 Dei,
1168 986 1222 1033 et
1249 991 1355 1032 non
1385 976 1500 1032 erui
1527 977 1777 1046 parvulos

203 1088 228 1127 a
252 1079 508 1141 potesutte
535 1071 908 1136 tenebrarum,
935 1079 988 1126 et
1027 1071 1107 1125 sic
1151 1069 1424 1126 transferri
1466 1069 1519 1123 in
1555 1083 1776 1138 regnum

205 1164 283 1219 Dei
307 1161 536 1232 (Cotoss.
561 1177 602 1224 ι,
637 1162 762 1236 15),
789 1164 893 1218 hoc
916 1177 1009 1216 vos
1043 1161 1255 1225 dicitis;
1284 1161 1407 1215 hinc
1439 1161 1567 1216 estis
1599 1158 1778 1217 lee-

201 1254 341 1310 stiani
366 1261 428 1310 et
452 1253 757 1325 Pelagiani.
794 1255 932 1321 Quid
959 1253 1202 1310 obtendis
1224 1253 1291 1308 ad
1319 1252 1603 1308 fallendum
1632 1267 1781 1307 com-

200 1347 361 1401 munis
384 1345 666 1416 dogmatis
697 1358 930 1418 tegmen,
953 1355 1009 1402 ut
1034 1347 1243 1416 Operias
1256 1346 1528 1416 pmprium
1551 1344 1777 1410 crimen,

197 1437 327 1492 unde
350 1438 512 1493 vobis
540 1438 776 1494 inditum
809 1448 893 1494 est
927 1452 1150 1503 nomen;
1194 1444 1354 1506 atque
1374 1444 1435 1492 ut
1463 1435 1669 1492 nefario
1691 1451 1780 1492 vo-

193 1530 377 1586 rabula
404 1541 622 1586 terreas
658 1531 956 1601 imperitos,
986 1530 1116 1585 dicis
1136 1569 1151 1595 ,
1186 1547 1205 1582 ι
1231 1529 1308 1585 Ne
1331 1529 1494 1599 igitur
1526 1533 1781 1584 vocentur

194 1622 445 1686 haeretici,
474 1623 622 1677 tiunt
638 1621 955 1678 Manichmi?
981 1640 1001 1674 ι

193 1750 198 1754 -
257 1714 308 1770 9.
349 1714 500 1769 Audi
531 1730 668 1783 ergo
695 1714 1102 1784 breviter,'quid
1137 1713 1190 1768 in
1221 1713 1318 1768 ista
1344 1713 1636 1783 qurestione
1663 1726 1783 1768 ver-

195 1814 359 1858 setur.
389 1803 660 1859 Catholici
698 1803 881 1859 dicunt
912 1803 1193 1858 humanam
1213 1811 1455 1857 naturam
1485 1818 1515 1856 a
1541 1811 1784 1858 creatore

193 1894 297 1949 Deo
316 1894 466 1950 bono
493 1895 773 1949 conditam
799 1895 1013 1962 bonam,
1054 1895 1146 1951 sed
1176 1903 1393 1964 peccato
1416 1895 1646 1949 vitiatam
1668 1909 1782 1950 mc-

194 1987 309 2041 dico
355 1986 586 2041 Christo
639 1986 899 2056 indigere.
946 1985 1220 2041 Manichtei
1269 1985 1455 2040 dicunt
1497 1984 1783 2044 humanam

99 2110 104 2118 -
200 2087 460 2142 naturam,
483 2093 598 2132 non
629 2093 662 2132 a
691 2079 802 2132 Deo
840 2076 1105 2132 conditam
1137 2077 1334 2132 bonam
1363 2086 1684 2146 peccatoque
1705 2076 1785 2130 vi-

204 2169 396 2231 tiatam,
432 2166 531 2221 sed
581 2168 654 2222 ab
703 2176 1020 2222 mternarum
1069 2167 1306 2238 principe
1339 2167 1674 2223 tenebrarum
1718 2167 1785 2222 de

212 2257 583 2312 commixtione
621 2257 850 2312 duarum
895 2267 1230 2325 naturarum,
1262 2274 1382 2329 quae
1424 2273 1639 2328 semper
1666 2257 1786 2313 fue-

209 2358 349 2412 runt,
375 2364 472 2401 una
501 2348 647 2402 bona
681 2357 737 2403 et
771 2363 872 2402 una
907 2349 1065 2413 mala,
1090 2349 1358 2404 hominem
1397 2360 1650 2406 creatum.
1683 2350 1784 2405 Pe-

201 2440 391 2510 lagiani
415 2451 470 2494 ct
487 2440 807 2495 C(elestiani
828 2440 1009 2496 dicunt
1033 2440 1316 2496 humanam
1338 2449 1579 2496 naturam
1593 2455 1624 2495 a
1645 2441 1787 2496 bono

201 2531 308 2585 Deo
354 2531 633 2584 conditam
688 2531 904 2598 bonam,
953 2531 1047 2587 sed
1098 2532 1170 2586 ita
1211 2546 1331 2587 esse
1367 2532 1422 2586 in
1449 2533 1786 2588 nascentibus

200 2621 436 2693 parvulis
454 2636 666 2685 sanam,
698 2629 755 2676 ut
795 2621 990 2677 Christi
1021 2637 1124 2677 non
1169 2623 1400 2679 habeant
1433 2625 1787 2682 necessariam

201 2712 256 2768 in
289 2713 380 2768 illa
425 2722 584 2768 astate
627 2712 972 2768 medicinam.
1004 2714 1247 2785 Agnosce
1278 2715 1437 2785 igitur
1472 2715 1524 2769 in
1570 2724 1659 2770 tuo
1692 2715 1788 2770 doc

206 2813 395 2874 gmate
415 2820 610 2859 nomen
627 2813 799 2870 tuum,
826 2815 879 2860 et
899 2805 1184 2860 Catholicis
1212 2821 1242 2860 a
1268 2806 1459 2876 quibus
1474 2807 1786 2875 confutaris,

215 2895 408 2950 desine
435 2895 651 2964 objicere
681 2906 735 2950 et
764 2896 954 2967 dogma
973 2905 1027 2952 et
1045 2912 1238 2952 nomen
1253 2898 1502 2954 alienum.
1523 2899 1654 2954 Nam
1689 2899 1790 2954 Vc-

223 2985 354 3040 ritas
378 2995 621 3056 utrOSque
650 2986 952 3058 redarguit;
975 2997 1030 3043 et
1047 2989 1382 3057 Manichaeos,
1404 2999 1458 3045 et
1481 3005 1595 3045 vos.
1625 2991 1793 3046 Mani-

219 3083 385 3139 chaeis
408 3085 540 3138 enim
577 3083 745 3140 dicit:
778 3083 900 3138 Non
924 3084 1110 3156 legistis
1146 3087 1267 3156 quia
1293 3087 1380 3156 qui
1408 3087 1471 3140 ab
1495 3087 1638 3141 initio
1676 3088 1795 3156 fecit

213 3176 482 3241 hominem,
509 3176 792 3229 masculum
813 3185 859 3228 et
878 3178 1115 3247 feminam
1139 3177 1254 3245 fecit
1270 3194 1351 3232 eos
1368 3177 1394 3232 .9
1411 3187 1459 3232 et
1480 3178 1626 3242 dixit,
1664 3177 1794 3232 Pro-

213 3278 321 3338 pter
340 3268 434 3321 hoc
461 3269 709 3338 relinquet
733 3269 882 3322 homo
911 3279 1104 3336 patrem
1128 3279 1173 3323 et
1200 3278 1427 3334 matrem,
1445 3278 1492 3323 et
1519 3270 1796 3325 adhaerebit

216 3360 359 3415 uari
383 3374 527 3423 sure;
561 3369 611 3413 et
635 3368 785 3414 erant
811 3360 912 3413 duo
930 3361 984 3414 in
1020 3376 1170 3414 carne
1196 3377 1299 3414 una
1323 3376 1342 3414 :
1368 3362 1534 3430 itaque
1559 3363 1674 3431 jam
1694 3378 1797 3416 non

215 3461 326 3506 sunt
369 3451 495 3515 duo,
540 3450 632 3505 sed
659 3468 764 3505 una
810 3468 947 3505 caro.
977 3451 1126 3518 Quod
1168 3468 1286 3524 ergo
1330 3452 1467 3508 Deus
1512 3439 1794 3524 conjunciit,

223 3543 364 3596 homo
379 3559 482 3595 non
509 3553 711 3612 separet
734 3542 946 3614 (Matth.
973 3558 1086 3609 nx,
1109 3544 1251 3613 4P6).
1266 3544 1338 3598 Ita
1351 3543 1545 3614 quippe
1565 3545 1798 3600 ostendit

224 3643 276 3689 et
304 3633 583 3688 hominum
621 3633 975 3701 conditorem,
1020 3644 1075 3689 ct
1112 3634 1395 3705 conjugum
1437 3635 1797 3706 copulatorem

226 3729 406 3795 Deum,
435 3728 698 3783 adversus
717 3726 1056 3794 Manichmos,
1085 3727 1175 3797 qui
1201 3737 1482 3798 utrumque
1508 3728 1695 3783 horum
1714 3743 1801 3784 ne-

229 3828 365 3889 gant.
395 3818 562 3874 Vobis
602 3829 787 3874 autem
829 3819 995 3874 dicit:
1037 3818 1181 3874 Venit
1209 3819 1378 3875 Filius
1417 3821 1631 3876 hominis
1658 3837 1799 3891 qure-

231 3927 331 3966 rere
352 3921 395 3966 et
419 3913 618 3967 salvere
644 3912 782 3981 quod
812 3911 1062 3984 perierat(
1087 3911 1212 3966 Luc.
1244 3929 1359 3979 xu,
1387 3911 1516 3984 10).
1549 3912 1655 3969 Sed
1681 3928 1798 3983 vos,

231 4004 419 4075 egregii
446 4003 744 4069 christiani,
793 4003 1109 4072 respondete
1148 4003 1362 4059 Christo
1387 4021 1400 4057 :
1424 4003 1479 4060 Si
1509 4005 1650 4075 quod
1671 4020 1796 4076 pcr-

236 4093 361 4149 ierat
393 4111 634 4164 quazrere
662 4104 718 4148 et
759 4094 962 4149 salvare
988 4095 1198 4163 venisti,
1215 4094 1283 4149 ad
1309 4095 1557 4164 parvulos
1578 4111 1684 4152 non
1709 4112 1801 4153 ve-

236 4187 378 4252 nisti;
403 4187 489 4241 isti
515 4202 617 4241 nec
644 4187 944 4257 perierant,
974 4194 1030 4242 et
1065 4187 1196 4243 salvi
1236 4188 1344 4242 nati
1373 4196 1501 4244 sunt
1530 4206 1543 4242 :
1572 4190 1706 4246 vade
1729 4191 1796 4246 ad

240 4278 483 4347 majores,
512 4278 581 4331 de
618 4278 800 4332 verbis
841 4277 945 4332 tuis
976 4277 1069 4332 tibi
1109 4280 1543 4348 praescribimus:
1572 4279 1694 4335 Non
1735 4291 1806 4337 est

241 4385 360 4436 opus
375 4369 511 4421 sanis
525 4369 774 4436 medicus,
805 4368 893 4422 sed
912 4371 1043 4422 ritate
1055 4368 1342 4423 trahentibus
1367 4369 1576 4441 (Matth.
1598 4387 1671 4440 Ix,
1693 4371 1800 4447 12).

244 4457 311 4512 ita
336 4460 390 4513 fit
414 4467 468 4514 ut
491 4457 819 4513 Manichaeus
844 4459 932 4528 qui
959 4458 1158 4513 homini
1174 4461 1511 4515 commixtam
1541 4461 1668 4518 dicit
1689 4478 1810 4520 esse

247 4558 472 4604 naturam
502 4548 722 4615 malam,
755 4548 887 4604 velit
923 4548 1046 4603 inde
1081 4550 1269 4604 saltem
1297 4550 1490 4606 salvari
1534 4569 1566 4607 a
1598 4551 1810 4609 Christo

250 4641 460 4694 animam
488 4639 685 4694 bonam
718 4656 732 4693 :
766 4648 822 4692 tu
853 4653 977 4694 vero
1005 4640 1059 4694 in
1088 4642 1338 4709 parvulis,
1377 4656 1497 4697 cum
1537 4643 1668 4698 salvi
1707 4645 1813 4700 sint

251 4743 456 4800 corpore
479 4733 495 4762 ι
514 4773 530 4797 ,
563 4731 694 4785 nihil
716 4746 748 4785 a
777 4729 993 4786 Christo
1029 4732 1338 4788 salvandum
1367 4749 1486 4790 esse
1511 4737 1808 4793 contendis.

251 4821 319 4876 Ac
348 4839 436 4891 per
455 4823 558 4877 hoc
578 4821 900 4877 Manichacus
920 4822 1132 4893 quidem
1159 4831 1398 4879 naturam
1417 4823 1698 4881 humanam
1719 4827 1814 4883 de-

255 4913 552 4968 testabiliter
582 4914 882 4983 vituperat;
923 4913 1017 4968 sed
1049 4922 1102 4967 tu
1129 4914 1414 4971 crudeliter
1453 4916 1659 4973 laudas.
1687 4918 1814 4984 Qui-

251 5017 462 5076 cumque
481 5005 628 5060 enim
659 5005 756 5060 tibi
791 5004 1114 5059 crediderint
1140 5005 1422 5073 laudatori,
1443 5005 1674 5063 infantes
1690 5023 1816 5064 suos

245 5110 349 5151 non
384 5096 642 5152 offerrent
686 5095 970 5152 Salvatori.
1012 5095 1146 5152 Tam
1191 5097 1450 5152 scelerata
1475 5099 1496 5130 ³
1522 5101 1811 5164 sentienti,

243 5187 370 5257 quid
393 5187 488 5243 tibi
514 5186 739 5257 prodest
765 5200 872 5241 non
898 5195 1134 5242 metuere
1159 5187 1300 5257 quod
1325 5187 1417 5243 tibi
1443 5188 1502 5244 fit
1526 5201 1584 5244 ut
1601 5191 1820 5247 salubri-

241 5289 325 5336 ter
347 5293 572 5349 metuas,
595 5289 652 5336 et
676 5289 727 5336 te
749 5279 1020 5336 hominem
1048 5279 1171 5335 facit
1209 5294 1328 5335 esse
1345 5280 1366 5311 ³
1387 5322 1402 5346 ,
1441 5297 1546 5337 non
1571 5283 1812 5352 bestiam,

300 5419 319 5447 ι
360 5416 519 5476 Abest,
540 5428 751 5479 corpore
764 5415 836 5479 Aab
853 5415 1074 5479 omnibus
1097 5425 1247 5479 prope
1271 5419 1378 5462 Mss.
1402 5415 1492 5464 Sed
1528 5424 1605 5465 est
1626 5419 1675 5466 in
1699 5418 1822 5468 libro

231 5480 386 5526 tertio
405 5475 579 5538 Operis
596 5475 870 5539 Imperfecti
888 5482 1053 5539 contra
1073 5475 1324 5536 Julianum,
1349 5489 1455 5538 cap.
1479 5479 1584 5527 157.

300 5542 327 5572 ³
361 5537 686 5600 Benignianus
707 5544 812 5596 Ms.,
831 5537 1073 5588 scelerate.

310 5601 337 5661 Ξ
358 5607 430 5661 Er.
452 5598 503 5661 et
517 5607 637 5661 inv.
659 5612 769 5661 curn
793 5600 1137 5661 posterioribus
1161 5598 1469 5661 editionihus,
1488 5614 1580 5651 non
1595 5608 1819 5653 metuere.

233 5660 372 5724 Quin
394 5659 480 5710 tibi
499 5658 572 5723 ﬁt,
597 5668 650 5711 ut
665 5658 934 5724 salubriter
944 5666 1143 5720 ructuas,
1168 5667 1213 5710 et
1236 5668 1282 5710 te
1303 5658 1539 5714 hominem
1560 5663 1680 5724 [tutis
1702 5677 1819 5714 esse.

232 5722 416 5789 {melius
435 5722 810 5789 qgirannensis
849 5723 1033 5789 coclea,
1076 5724 1189 5785 facit
1225 5737 1326 5776 esse
1353 5740 1370 5776 .'
1393 5739 1502 5773 cum
1535 5722 1631 5789 quo
1657 5729 1824 5789 actori

229 5783 356 5832 fere
376 5783 552 5851 omnes
569 5784 885 5851 ψευδωψῇ
916 5783 1121 5845 habent,
1147 5799 1239 5837 non
1266 5795 1475 5851 nuntiare
1499 5783 1622 5851 quod
1646 5788 1732 5838 tibi
1750 5788 1822 5851 ﬁt,

233 5859 419 5908 [muas
455 5845 711 5910 videlicet,
747 5857 842 5899 seu
867 5845 1009 5911 leges
1029 5857 1191 5902 contra
1237 5845 1523 5915 Pelagianos
1562 5845 1821 5903 iteremus

1540 399 1746 456 LIBER
1778 395 2154 459 SECUNDUS.

3344 401 3452 460 642

1878 527 1997 583 quae
2040 512 2398 570 circumdatur
2433 513 2643 584 pinnis,
2672 522 2735 572 ut
2755 523 2975 586 cogatur
3002 515 3056 572 in
3096 515 3269 571 retia?
3302 516 3450 587 Opus

1878 615 1994 664 erat
2031 617 2090 664 ut
2131 609 2404 664 veritatem
2433 619 2673 674 teneres,
2707 610 2929 683 ejusque
2960 610 3137 668 studio
3160 625 3266 666 non
3294 612 3452 667 time-

1877 715 1966 756 res
1995 716 2008 753 :
2039 715 2180 755 nunc
2197 715 2326 756 vero
2351 701 2425 756 ita
2439 717 2546 757 non
2567 702 2740 768 times,
2771 711 2829 757 ut
2849 703 2894 757 si
2921 704 3161 770 timeres,
3192 704 3451 762 evaderes

1879 789 2053 859 potius
2092 789 2225 844 retia
2264 790 2480 862 maligni
2511 791 2562 857 ¹,
2597 807 2756 862 quam
2803 794 3120 850 incurreres.
3154 794 3321 850 Mater
3346 794 3451 851 Ca-

1881 879 2074 935 tholica
2097 888 2147 934 te
2177 880 2297 936 ideo
2323 889 2520 946 terret,
2549 882 2671 950 quia
2699 892 2754 937 et
2779 883 2874 938 tibi
2897 892 2951 938 et
2972 884 3092 939 aliis
3113 899 3145 940 a
3171 893 3223 940 te
3251 886 3399 941 timet
3430 902 3446 940 :

1880 979 1934 1028 et
1959 972 2003 1026 si
2033 987 2126 1041 per
2151 972 2289 1028 ﬁlios
2313 987 2438 1028 suos
2466 975 2520 1028 in
2548 973 2720 1045 aliqua
2748 982 3010 1046 potestate
3038 978 3240 1046 positos
3261 978 3368 1048 agit
3387 985 3450 1035 ut

1882 1065 2090 1133 timeas,
2123 1081 2228 1120 non
2251 1065 2304 1120 id
2330 1067 2436 1136 agit
2457 1065 2792 1133 crudelitate,
2830 1066 2925 1122 sed
2949 1066 3226 1123 charitate.
3249 1069 3326 1124 Tu
3351 1084 3450 1124 au-

1882 1163 1987 1210 tem
2016 1156 2102 1210 vir
2125 1155 2443 1212 fortissimus
2471 1156 2660 1212 timere
2690 1157 2932 1214 homines
2950 1198 2966 1223 ,
3006 1155 3251 1226 ignavum
3275 1167 3448 1227 putas.

1882 1245 2049 1302 Deum
2075 1261 2202 1317 ergo
2231 1247 2380 1314 time,
2410 1256 2466 1303 et
2491 1247 2599 1303 noli
2641 1250 2857 1317 antiqua
2885 1247 3007 1302 fidei
3036 1247 3309 1304 catholica:
3335 1247 3453 1302 fun-

1881 1338 2128 1394 damenta
2153 1340 2334 1394 conari
2365 1347 2509 1395 tanta
2533 1339 2892 1396 obstinatione
2919 1339 3246 1396 subvertere.
3275 1340 3454 1408 Quan-

1882 1443 2039 1498 quam
2081 1428 2182 1484 iste
2219 1437 2338 1483 tuus
2377 1429 2585 1485 animus
2617 1429 2923 1498 animosus,
2956 1430 3155 1485 utinam
3185 1430 3371 1485 saltem
3399 1432 3454 1486 in

1881 1517 1982 1573 hac
2008 1533 2163 1573 causa
2185 1517 2430 1574 homines
2457 1519 2708 1575 timeret:
2739 1518 2963 1584 utinam,
2995 1518 3233 1590 inquam,
3263 1518 3454 1576 saltem

1882 1617 2097 1678 paveret
2123 1608 2324 1679 ignavia
2347 1611 2402 1676 ',
2433 1625 2589 1679 quam
2618 1609 2812 1678 periret
2834 1609 3072 1666 audacia.

1953 1699 2178 1756 CAPUT
2203 1699 2292 1754 lV.
2321 1729 2392 1741 --
2419 1700 2505 1756 10.
2538 1699 2822 1756 Videamus
2857 1708 2914 1756 et
2948 1709 3140 1756 caetera
3177 1715 3295 1770 qua:
3321 1715 3453 1756 con-

1885 1791 2066 1846 nectit.
2096 1792 2202 1849 Sed
2231 1793 2356 1861 quid
2393 1791 2620 1848 faciam?
2660 1803 2834 1848 utrum
2874 1793 3077 1865 singula
3109 1792 3226 1864 ejus
3257 1808 3456 1865 propo-

1885 1897 2038 1948 nam,
2071 1882 2262 1952 quibus
2299 1884 2684 1953 respondeam;
2723 1899 2790 1939 an
2815 1885 2896 1942 eis
2924 1885 3298 1956 praetermissis
3337 1900 3457 1956 qua:

1885 1972 2140 2028 catholica
2171 1973 2303 2028 fides
2349 1975 2622 2041 continet,
2664 1989 2730 2031 ea
2771 1975 2888 2031 sola
2940 1984 3256 2046 pertractem
3298 1984 3458 2046 atque

1885 2065 2176 2132 confutem,
2208 2066 2261 2120 in
2283 2067 2474 2136 quibus
2497 2083 2529 2122 a
2559 2068 2769 2123 tramite
2809 2067 3051 2124 veritatis
3079 2067 3370 2134 exorbitat,
3405 2076 3460 2124 et

1887 2156 2131 2212 haeresim
2178 2157 2535 2229 Pelagianam,
2592 2168 2838 2228 tanquam
2886 2173 3154 2216 venenosa
3197 2158 3457 2228 virgulta,

1887 2246 2163 2304 fruticibus
2202 2249 2474 2304 catholicis
2507 2258 2733 2304 conatur
2777 2248 3054 2305 inserere?
3097 2247 3210 2302 Hoc
3245 2247 3460 2318 quidem

1889 2351 2035 2397 certe
2081 2341 2296 2398 brevius
2331 2351 2414 2397 est
2447 2359 2460 2394 :
2489 2341 2584 2397 sed
2620 2340 3048 2410 prospiciendum
3096 2339 3346 2408 arbitror,
3392 2356 3462 2395 ne

1890 2437 2168 2505 quisquam
2199 2435 2334 2489 libro
2363 2450 2483 2490 meo
2512 2435 2672 2502 lecto,
2699 2443 2878 2489 etnon
2907 2434 3060 2489 lectis
3079 2432 3322 2487 omnibus
3345 2447 3462 2502 qum

1889 2527 1958 2582 ab
1982 2527 2072 2580 illo
2099 2526 2238 2581 dicta
2260 2534 2403 2592 sunt,
2422 2526 2692 2581 existimet
2709 2539 2772 2580 ea
2793 2539 2877 2579 me
2892 2538 3190 2595 proponere
3205 2523 3460 2588 noluisse,

1891 2633 1958 2674 ex
1988 2617 2179 2687 quibus
2207 2618 2305 2671 ista
2336 2616 2451 2686 ejus
2477 2615 2728 2685 pendent,
2755 2623 2810 2669 et
2831 2629 2898 2670 ex
2921 2615 3112 2683 quibus
3137 2612 3289 2684 quasi
3323 2628 3457 2668 con-

1891 2717 2174 2778 sequenter
2197 2722 2321 2762 vera
2346 2721 2464 2762 esse
2483 2713 2863 2772 monstrantur,
2891 2719 3008 2775 qua:
3028 2704 3156 2758 falsa
3182 2703 3464 2772 redarguo.

1888 2799 2004 2855 Non
2027 2801 2202 2869 itaque
2219 2799 2392 2868 pigeat
2412 2807 2635 2867 utraque
2651 2795 2775 2851 huic
2791 2795 3048 2865 opusculo
3073 2802 3257 2850 nostro
3277 2793 3464 2862 indita,

1892 2901 1947 2948 et
1970 2907 2030 2947 ea
2048 2891 2251 2948 scilicet
2277 2906 2396 2962 quas
2417 2889 2508 2944 ille
2532 2888 2685 2952 dixit,
2714 2897 2768 2943 et
2785 2902 2848 2942 ea
2869 2902 2988 2958 quae
3006 2887 3123 2959 ipse
3145 2883 3464 2956 respondeo,

1894 2983 2141 3038 universa
2163 2979 2441 3036 attendere
2466 2987 2521 3035 et
2540 2977 2880 3034 considerare
2901 2976 3172 3032 lectorem.

1967 3074 2052 3128 11.
2094 3073 2222 3140 Quae
2262 3078 2556 3141 sequuntur
2590 3083 2736 3138 ergo,
2769 3069 2843 3123 ita
2868 3067 3201 3137 praenotavit,
3237 3065 3324 3137 qui
3365 3077 3468 3121 tua:

1895 3163 2173 3218 Dilectioni
2217 3160 2513 3215 chartulam
2551 3159 2696 3213 misit
2726 3175 2739 3212 ε
2771 3175 2791 3210 ι
2823 3157 3023 3214 Contra
3069 3172 3185 3223 eos,
3217 3175 3234 3209 ι
3275 3158 3468 3228 inquit,

1902 3278 1922 3313 ι
1957 3258 2047 3330 qui
2075 3257 2283 3327 nuptias
2303 3256 2587 3318 damnant,
2619 3260 2672 3307 et
2698 3252 2899 3308 fructus
2923 3266 3106 3306 earum
3134 3249 3350 3306 diabolo
3379 3264 3470 3304 as-

1897 3351 2130 3421 signant.
2159 3366 2180 3401 »
2211 3346 2330 3402 Νοη
2359 3346 2518 3416 igitur
2544 3353 2729 3400 contra
2757 3358 2857 3398 nos
2877 3383 2892 3408 ,
2918 3342 3008 3413 qui
3047 3356 3218 3412 neque
3255 3340 3466 3411 nuptias

1902 3443 2236 3506 damnamus,
2261 3452 2394 3509 quas
2420 3436 2579 3492 etiam
2601 3435 2654 3489 in
2673 3433 2863 3490 ordine
2891 3447 2990 3488 suo
3011 3431 3190 3488 debita
3214 3429 3470 3501 praedica-

1901 3533 2044 3589 tione
2069 3529 2346 3586 laudamus
2376 3544 2388 3580 :
2420 3541 2517 3582 nec
2543 3540 2726 3580 earum
2752 3523 2954 3580 fructus
2990 3522 3200 3578 diabolo
3237 3523 3474 3592 assigna-

1899 3641 2020 3684 mus
2047 3643 2060 3680 :
2087 3627 2289 3679 fructus
2334 3622 2530 3692 quippe
2576 3622 2876 3690 nuptiarum
2917 3617 3160 3671 homines
3200 3623 3343 3681 sunt,
3383 3614 3474 3684 qui

1901 3719 2144 3776 ordinate
2184 3715 2307 3770 inde
2339 3720 2681 3784 generantur,
2718 3726 2822 3764 non
2865 3715 3081 3780 peccata
3127 3723 3247 3761 cum
3285 3706 3476 3777 quibus

1903 3819 2192 3865 nascuntur
2219 3822 2232 3860 :
2259 3820 2358 3861 nec
2383 3803 2502 3858 ideo
2540 3811 2662 3858 sunt
2698 3799 2942 3856 homines
2969 3799 3068 3853 sub
3095 3797 3321 3861 diabolo,
3352 3797 3475 3865 quia

1905 3901 2148 3957 homines
2174 3906 2317 3964 sunt,
2349 3894 2437 3950 ubi
2462 3901 2587 3949 sunt
2627 3891 2826 3946 fructus
2865 3889 3192 3959 nuptiarum;
3234 3886 3330 3942 sed
3355 3888 3477 3955 quia

1906 3999 2213 4064 peccatores
2249 3996 2395 4054 sunt,
2423 3985 2510 4040 ubi
2540 3995 2620 4039 eSt
2656 3996 2889 4053 propago
2915 3980 3188 4037 vitiorum.
3222 3977 3474 4034 Diabolus

1905 4085 2048 4142 enim
2071 4083 2240 4152 culpae
2268 4089 2453 4147 auctor
2472 4089 2574 4145 est,
2604 4093 2712 4132 non
2737 4085 2961 4132 naturae.

1978 4176 2066 4234 12.
2095 4173 2326 4230 Attende
2365 4181 2419 4229 et
2458 4181 2670 4236 caetera,
2700 4170 2891 4240 quibus
2916 4183 2976 4224 se
3001 4167 3269 4223 existimat
3293 4167 3484 4222 adver-

1908 4283 2003 4327 sus
2045 4282 2144 4324 nos
2188 4263 2648 4335 huic'prannisso
2675 4260 2828 4316 titulo
2856 4273 3170 4314 consonare.
3203 4275 3221 4309 ι
3259 4257 3419 4323 Deus,
3457 4275 3476 4309 ι

1911 4359 2098 4430 inquit,
2133 4375 2152 4410 t
2185 4355 2276 4428 qui
2300 4354 2468 4410 Adam
2495 4369 2560 4409 ex
2601 4353 2728 4408 limo
2776 4351 2946 4406 fuerat
2984 4349 3288 4414 fabricatus,
3315 4346 3483 4401 Evam

1911 4450 2208 4508 construxit
2234 4463 2266 4504 e
2290 4457 2438 4506 costa
2458 4444 2612 4518 (Gen.
2642 4461 2699 4512 ιι,
2720 4443 2835 4516 22),
2859 4451 2913 4498 ct
2935 4442 3067 4497 dixit
3093 4459 3106 4494 :
3137 4438 3262 4494 Haec
3289 4437 3487 4492 vocabi-

1915 4555 1995 4599 tur
2035 4541 2166 4606 Vita,
2195 4541 2433 4612 quoniam
2467 4547 2625 4592 mater
2649 4547 2718 4592 est
2743 4537 2967 4590 omnium
3003 4534 3288 4588 viventium.
3319 4550 3340 4584 ι
3370 4529 3488 4586 Non

1914 4634 2129 4705 quidem
2153 4633 2225 4686 ita
2251 4631 2504 4700 scriptum
2534 4636 2617 4684 est
2637 4645 2651 4681 :
2669 4626 2765 4683 sed
2789 4625 2917 4696 quid
2940 4625 3006 4679 ad
3028 4624 3162 4678 nos?
3187 4622 3326 4678 solet
3339 4622 3483 4677 enim

1916 4723 2158 4780 accidere
2185 4731 2242 4776 ut
2267 4721 2522 4777 memoria
2551 4718 2697 4774 fallat
2723 4719 2775 4771 in
2796 4716 2995 4782 verbis,
3027 4715 3150 4770 dum
3179 4723 3354 4769 tamen
3371 4728 3490 4768 sen-

1918 4813 2083 4871 tcntia
2115 4810 2412 4868 teneatur‘.
2439 4810 2546 4865 Nec
2598 4809 2723 4863 Evoe
2768 4823 2991 4871 nomen,
3038 4815 3095 4861 ut
3137 4805 3490 4876 appellaretur

1918 4905 2058 4972 Vita,
2080 4905 2219 4960 Deus
2236 4903 2502 4972 imposuit,
2522 4899 2614 4955 sed
2637 4900 2874 4954 maritus.
2904 4898 2994 4954 Sic
3009 4897 3150 4952 enim
3175 4896 3364 4966 legitur
3385 4911 3398 4948 :
3416 4891 3490 4949 Et

1920 4997 2107 5052 vocavit
2130 4995 2292 5049 Adam
2317 5010 2493 5048 nomen
2519 4992 2689 5046 uxoris
2711 5006 2816 5045 suae
2839 4987 2974 5058 Vita,
2994 4987 3231 5059 quoniam
3246 4987 3358 5056 ipsa
3374 5001 3488 5040 nta-

1917 5176 2016 5238 jam
2058 5175 2120 5238 ab
2157 5173 2362 5221 Honorio
2403 5173 2702 5238 imperatore
2743 5167 3045 5238 constitutas,
3082 5175 3290 5238 quarum
3307 5169 3496 5238 terrore

1923 5225 2183 5299 perculsos
2194 5241 2421 5299 Romanos
2443 5225 2645 5281 clericos
2674 5243 2770 5299 non
2804 5228 3060 5299 erubuisse
3091 5225 3496 5299 praevaricationis

1925 5286 2110 5347 crimen
2127 5295 2478 5358 admitt_.ere,gut
2511 5293 2877 5358 pronuntiarent
2905 5286 3076 5358 malam
3087 5286 3348 5358 hominum.
3385 5296 3498 5358 esse

1924 5346 2142 5406 naturam
2163 5393 2176 5416 ,
2221 5346 2594 5418 calumniabatur
2637 5351 2881 5418 Julianus,
2928 5355 2983 5398 ut
3022 5347 3294 5418 videbimus
3337 5346 3494 5418 intra”,

1927 5404 2125 5468 iiii—libro,
2136 5404 2346 5467 secundo
2364 5424 2526 5466 contra
2564 5415 2683 5464 duas
2713 5404 2940 5483 Epistolas
2968 5408 3327 5471 Pelagianorum
3344 5437 3358 5464 ,
3379 5419 3427 5453 ιι.
3445 5404 3492 5452 5.

1994 5483 2008 5512 ι
2049 5489 2143 5528 Am.
2171 5485 2242 5526 Er.
2270 5487 2321 5527 et
2343 5490 2514 5527 omnes
2540 5485 2662 5535 Mss,
2689 5472 2916 5538 νηίιιὶρηα.
3069 5527 3098 5538 μ,
3197 5535 3228 5538 __
3377 5531 3414 5538 Α
3441 5525 3450 5535 ,

1991 5544 2011 5573 ²
2036 5549 2108 5590 Er.
2135 5547 2186 5590 et
2206 5542 2502 5602 posteriores
2522 5531 2761 5602 editiones
2781 5531 2976 5595 addunt,
2999 5531 3172 5594 potius.
3197 5535 3295 5580 Non
3315 5531 3489 5578 eratin

1929 5609 2056 5668 Mssa,
2077 5616 2170 5668 nec
2185 5600 2492 5668 ineleganter
2513 5600 2764 5668 omittitur:

1997 5667 2015 5698 ³
2046 5660 2183 5724 Editi,
2207 5660 2503 5712 Itocfltlures
2524 5669 2651 5719 Mss,
2674 5660 2809 5724 huic.
3006 5721 3015 5724 _
3140 5721 3150 5724 _
3263 5713 3274 5723 ,

1994 5726 2016 5758 ⁸
2058 5713 2182 5775 Ιιον.’
2203 5724 2407 5785 alia‘quc
2438 5713 2670 5788 deinceps
2698 5721 2968 5776 editiones,
3239 5713 3306 5788 ,ἐκ

1933 5770 2111 5838 "me;
2127 5770 2455 5834 iddiﬁihl‘éuto’
2481 5770 2720 5836 curulium
2771 5770 2970 5834 veteres
2997 5777 3126 5830 libri.
3169 5775 3285 5829 Vide
3336 5774 3421 5827 lii).
3469 5770 3507 5826 ι

1934 5860 2075 5913 Oper.
2105 5847 2312 5913 imperii,
2332 5862 2434 5910 cap.
2460 5848 2504 5897 ι.
