3938 6558
229 565 293 622 h
711 561 993 621 hominum
1020 569 1208 619 cuncta
1235 561 1484 618 sustinuit
1512 575 1527 615 :
1559 558 1653 616 sed
1677 558 1829 630 quasi

227 658 508 728 Ihspiritu
551 665 759 724 natus,
790 657 1046 712 abstinuit
1069 671 1102 711 a
1133 663 1351 726 peccato
1379 653 1563 729 (Hebr.
1591 669 1676 719 tv,
1708 650 1824 723 15).

229 751 408 808 clunis
431 748 582 804 enim
607 747 790 806 homo
827 748 1055 804 mendax
1083 745 1259 818 (Paul.
1286 762 1389 803 cxv
1408 786 1425 814 ,
1449 745 1507 818 Ω)
1527 785 1543 813 ,
1571 753 1626 799 et
1666 757 1826 799 nemo

225 845 343 900 sine
361 845 592 912 peccato
611 882 628 908 ,
655 843 764 898 nisi
792 853 932 897 unus
957 841 1118 896 Deus.
1146 837 1428 896 Servatum
1453 845 1541 894 est
1567 837 1724 908 igltur
1742 876 1759 904 ,
1799 851 1818 888 ι

221 933 394 1004 inquit
410 975 423 998 ,
459 951 485 985 ι
510 941 577 988 ut
603 948 672 988 ex
701 933 822 988 viro
843 943 903 989 et
926 932 1148 988 muliere
1167 974 1182 1000 ,
1213 931 1267 986 id
1287 938 1402 996 est,
1426 943 1520 1000 per
1541 929 1687 984 illam
1701 942 1826 984 eor-

219 1039 411 1099 por-mn
446 1025 902 1081 commixtionem
927 1031 1085 1080 nemo
1109 1023 1354 1079 videatur
1377 1035 1570 1092 expers
1591 1033 1709 1076 esse
1728 1020 1824 1076 de-

215 1118 348 1172 licti.
375 1115 484 1183 Qui
515 1125 704 1171 autem
735 1127 936 1187 expers
964 1123 1046 1172 est
1074 1115 1287 1180 delicti,
1319 1125 1509 1184 expers
1537 1120 1621 1167 est
1659 1114 1822 1168 etiam

213 1208 531 1279 huiusmodi
558 1209 932 1279 conceptionis
955 1208 1056 1279 (a).
1084 1217 1106 1260 ι
1141 1206 1408 1278 Numquid
1432 1205 1592 1260 etiam
1617 1204 1777 1259 istum
1803 1241 1818 1270 ,

211 1311 250 1356 'o
261 1299 541 1370 Pelagiani
561 1310 614 1355 et
627 1299 964 1369 Caelestiani,
977 1299 1239 1356 audebitis
1255 1299 1438 1354 dicere
1449 1295 1821 1351 Manichaeum?

214 1391 353 1464 quod
381 1405 512 1446 eum
559 1391 776 1448 dicebat
803 1405 922 1449 esse
947 1391 1257 1448 Jovhrianus
1283 1390 1565 1446 haereticus
1586 1430 1599 1455 ,
1632 1395 1819 1442 contra

211 1485 361 1555 hujus
385 1485 738 1555 impietatem
765 1485 847 1540 vir
885 1485 976 1540 ille
1018 1493 1235 1540 sanctus
1261 1483 1420 1538 etiam
1467 1489 1585 1552 post
1609 1487 1817 1550 partum

205 1585 634 1645 pennanentern
661 1576 1018 1648 virginitatem
1048 1583 1246 1631 sancta:
1276 1574 1456 1628 Mariae
1479 1571 1814 1628 defendebat.

204 1667 263 1723 Si
284 1681 415 1736 ergo
440 1667 601 1722 illum
622 1667 974 1724 Manichaeum
991 1666 1169 1722 dicere
1193 1681 1296 1720 non
1316 1663 1558 1731 audetis;
1579 1677 1675 1719 nos
1691 1676 1817 1719 cum

203 1759 260 1814 in
283 1758 482 1814 eadem
505 1775 696 1827 causa,
716 1760 903 1817 eadem
923 1759 1187 1816 "sententia
1209 1758 1366 1813 tidem
1390 1758 1702 1813 catholicam
1721 1757 1816 1813 de-

205 1850 499 1908 fendamus
518 1896 534 1921 ,
579 1867 678 1910 cur
704 1853 879 1910 dicitis
903 1853 1260 1909 Manichacus?
1290 1853 1395 1906 Aut
1417 1853 1464 1908 si
1491 1861 1545 1907 et
1573 1852 1718 1907 illum
1745 1852 1814 1905 liv

207 1943 552 2000 'delissimum
580 1949 757 2001 virum
781 1945 887 2001 hoc
915 1945 1204 2001 secundum
1227 1943 1548 2001 Manichacus
1573 1944 1814 2014 sapuisse

209 2035 440 2105 iactatis,
472 2035 700 2106 jactate,
725 2038 940 2108 iactate,
973 2045 1030 2092 ut
1056 2047 1358 2092 mensuram
1397 2036 1658 2091 Jovi'niani
1688 2051 1812 2115 per-‘-

211 2128 395 2187 fectius
413 2131 434 2164 ¹
467 2130 746 2202 impleatis
769 2150 782 2187 :
807 2147 904 2187 nos
924 2147 1042 2188 cum
1071 2133 1162 2187 illo
1189 2131 1404 2187 homine
1427 2129 1524 2186 Dei
1547 2131 1812 2202 patienter

226 2223 389 2278 Vestra
405 2221 696 2278 maledicta
718 2232 773 2278 et
791 2224 1026 2278 convicia
1048 2223 1390 2278 sustinemus.
1415 2221 1481 2276 Et
1501 2231 1677 2276 tamen
1695 2220 1810 2274 iue-

231 2313 507 2370 res'nrcbes
523 2323 713 2368 vester
729 2313 970 2385 Pelagius
988 2313 1143 2368 [idem
1166 2323 1220 2368 et
1235 2313 1573 2384 purissimum
1596 2313 1648 2366 in
1666 2311 1809 2368 Scri-

223 2405 384 2476 pturis
407 2419 625 2460 sensum
652 2406 734 2460 sic
757 2405 939 2460 iaudat
966 2403 1228 2461 Ambrosii
1252 2447 1266 2472 ,
1299 2414 1357 2459 ut
1385 2404 1557 2473 dicat,
1590 2410 1657 2459 ne
1701 2403 1804 2458 ini-

215 2501 402 2555 inicum
448 2499 669 2570 quidem
703 2507 890 2553 ausum
914 2513 1032 2554 esse
1075 2497 1486 2569 reprehendere.
1509 2497 1630 2566 Quo
1673 2508 1803 2568 ergo

210 2592 478 2662 progressi
521 2589 735 2645 fueritis
779 2590 1034 2645 attendite
1054 2631 1068 2656 ,
1100 2599 1152 2646 et
1179 2604 1275 2646 vos
1318 2591 1384 2645 ab
1410 2589 1625 2644 ausibus
1654 2589 1802 2644 Jovi-

211 2683 352 2737 niani
375 2679 599 2738 tandem
639 2681 926 2753 aliquando
955 2679 1217 2737 cohibete.
1247 2681 1498 2748 Quamvis
1523 2681 1613 2736 iile
1643 2681 1802 2737 nimis

211 2773 483 2831 laudando
508 2776 720 2847 nuptias
739 2819 753 2843 ,
783 2787 978 2831 sanctze
1005 2776 1122 2831 illas
1147 2776 1434 2846 virginitati
1465 2776 1759 2845 adtequavit
1775 2791 1796 2842 -;

222 2881 276 2927 et
299 2881 478 2926 tamen
502 2872 795 2942 nuptiarum
823 2869 1079 2927 fructibus
1108 2869 1175 2924 ab
1198 2879 1350 2925 utero
1375 2870 1533 2924 etiam
1563 2869 1798 2924 recenti-

223 2965 325 3020 bus
352 2963 610 3020 Christum
638 2964 960 3020 salvatorem
989 2973 1044 3020 et
1085 2961 1150 3018 de
1176 2970 1442 3034 potestate
1470 2961 1665 3017 diaboli
1706 2977 1796 3017 rc-

226 3055 544 3128 demptorem
573 3056 934 3111 necessarium
976 3069 1082 3110 non
1110 3055 1324 3126 negavit
1357 3072 1368 3107 :
1403 3052 1545 3124 quod
1573 3067 1670 3107 vos
1699 3068 1796 3108 ne-

215 3149 377 3219 gatis;
398 3157 448 3204 et
473 3147 594 3218 quia
614 3146 769 3202 vobis
791 3162 888 3217 pro
907 3161 1090 3202 eorum
1114 3145 1303 3211 salute,
1323 3145 1412 3215 qui
1439 3144 1674 3199 nondum
1698 3155 1796 3213 pro

209 3256 267 3298 se
289 3242 432 3314 loqui
463 3249 723 3313 possunt,
769 3250 821 3297 et
850 3255 945 3311 pro
971 3239 1092 3295 ﬁdei
1121 3237 1396 3295 catholicae
1435 3236 1796 3291 fundamentis

207 3334 507 3390 resistimus
526 3377 544 3401 ,
569 3321 894 3388 Manicbazos
918 3345 1014 3387 nos
1040 3342 1160 3386 esse
1182 3328 1409 3399 iactatis.
1443 3325 1550 3382 Sed
1575 3329 1682 3396 jam
1713 3337 1796 3380 εθ-

205 3426 416 3498 quentia
445 3425 749 3482 videamus.

267 3516 503 3575 CAPUT
533 3516 625 3573 Vl.
657 3549 729 3558 —
760 3515 846 3572 id.
879 3515 1082 3570 Rursus
1115 3513 1310 3584 quippe
1345 3512 1682 3580 interrogans
1709 3508 1793 3562 di-

203 3614 264 3670 cit
295 3631 306 3667 :
344 3631 365 3664 ς
409 3611 586 3681 Quem
615 3611 778 3682 igitur
821 3609 1159 3682 parvulorum
1186 3604 1459 3662 'conﬁteris
1478 3611 1748 3658 auctorem
1768 3602 1794 3656 ἲ

199 3703 360 3760 Deum
391 3704 629 3760 verum?
653 3723 672 3756 ›
692 3699 1012 3772 ReSpondeo
1029 3701 1074 3768 ’,
1097 3718 1116 3752 ι
1136 3699 1300 3753 Deum
1317 3711 1522 3752 verum.
1549 3713 1568 3746 ι
1589 3693 1794 3750 Deinde

196 3797 472 3868 subjungit
505 3814 518 3849 :
562 3813 580 3846 ‹
617 3793 726 3850 Sed
763 3792 958 3847 malum
986 3791 1072 3846 ille
1114 3805 1220 3844 non
1263 3788 1407 3844 fecit.
1449 3806 1467 3841 ι
1503 3785 1580 3842 Ac
1603 3799 1793 3841 rursus

195 3890 532 3960 interrogat,
574 3905 594 3939 ‹
635 3898 810 3942 utrum
841 3883 1107 3940 diabolum
1151 3881 1488 3952 parvulorum
1533 3877 1792 3935 conﬁtea-

195 3998 310 4036 mur
337 3990 652 4035 auctorem.
692 3997 710 4031 ι
747 3977 1051 4046 Rursusque
1080 3973 1397 4044 respondet,
1436 3991 1455 4024 ‹
1490 3971 1595 4026 Sed
1633 3980 1791 4025 natu-

195 4091 302 4129 ram
333 4073 584 4130 hominis
609 4073 726 4143 ipse
766 4085 871 4125 non
899 4067 1153 4126 condidit.
1195 4086 1213 4118 »
1247 4061 1449 4120 Deinde
1479 4067 1628 4136 quasi
1657 4079 1790 4120 con-

195 4165 358 4224 cludit
400 4175 571 4236 atque
596 4163 758 4218 infert
787 4177 800 4214 :
842 4180 860 4214 ι
896 4159 950 4216 Si
996 4159 1131 4213 mala
1161 4157 1468 4214 commixtio
1491 4199 1505 4222 ,
1537 4156 1792 4221 deformis

196 4268 246 4316 et
268 4258 520 4316 conditio
551 4271 835 4326 corporum
857 4297 870 4320 ,
911 4264 963 4309 et
1005 4252 1126 4308 ideo
1150 4265 1372 4322 corpora
1400 4265 1609 4321 quoque
1650 4249 1792 4303 malo

197 4366 225 4408 a
253 4361 304 4408 te
327 4352 668 4422 deputantur
706 4347 928 4402 auctori.
969 4364 986 4397 ι
1023 4345 1118 4400 Cui
1157 4343 1455 4414 respondeo
1489 4360 1501 4395 :
1533 4341 1669 4397 Malo
1695 4353 1790 4396 au-

198 4444 328 4498 ctori
360 4457 477 4496 non
507 4441 709 4510 deputo
734 4453 978 4508 corpora,
1011 4434 1105 4492 sed
1134 4434 1347 4501 delicta,
1380 4447 1604 4504 quorum
1632 4446 1790 4487 causa

198 4532 398 4590 factum
432 4541 516 4587 est
540 4538 602 4585 ut
625 4545 747 4585 eum
774 4529 825 4584 in
849 4527 1179 4598 corporibus,
1207 4524 1312 4579 hoc
1336 4534 1436 4587 est,
1465 4525 1520 4578 in
1550 4523 1638 4580 Dei
1665 4539 1794 4595 ope-

201 4621 365 4688 ribus,
401 4630 577 4675 totum
604 4619 859 4691 placeret,
891 4615 1152 4672 accideret
1177 4613 1357 4670 tamen
1383 4617 1616 4670 masculo
1643 4623 1696 4669 et
1717 4612 1795 4670 fe-

203 4715 358 4770 mina:
389 4711 536 4784 quod
569 4708 824 4780 puderet;
858 4712 915 4761 u't
951 4722 1055 4761 non
1107 4715 1251 4761 esset
1292 4705 1598 4760 commixtio
1625 4704 1794 4775 qualis

204 4821 318 4860 esse
356 4803 541 4876 potuit
567 4802 619 4854 in
664 4812 890 4868 corpore
930 4797 1049 4851 vitm
1077 4795 1250 4860 illius,
1283 4795 1377 4850 sed
1406 4795 1614 4866 qualem
1643 4795 1793 4850 vide-

205 4911 320 4952 mus
369 4893 752 4951 erubescentes
795 4891 845 4944 in
891 4901 1113 4959 corpore
1150 4886 1341 4942 mortis
1384 4885 1559 4956 hujus.
1599 4904 1618 4938 ι
1655 4885 1792 4942 Deus

207 5003 354 5056 vero,
397 5006 419 5038 ι
455 4984 646 5054 inquit,
685 5001 703 5034 ι
741 4980 920 5036 divisit
947 4979 1000 5034 in
1031 4994 1184 5046 sexu,
1216 4977 1357 5049 quod
1402 4978 1455 5032 in
1485 4978 1793 5048 operatione

208 5083 574 5151 conjungeret.
609 5073 690 5129 "Ab
718 5074 834 5143 ipso
876 5072 1035 5142 igitur
1080 5070 1387 5126 commixtio
1415 5077 1694 5139 corporum
1717 5111 1730 5134 ,
1763 5084 1793 5122 a

210 5187 312 5243 quo
337 5179 426 5228 est
449 5169 599 5240 origo
639 5176 942 5236 corporum.
979 5181 996 5215 ι
1033 5162 1148 5218 Jam
1187 5173 1348 5231 supra
1380 5157 1751 5230 respondimus
1776 5201 1789 5224 ,

211 5263 324 5319 haec
346 5277 416 5318 ex
441 5260 552 5314 Deo
575 5271 726 5323 esse;
748 5253 842 5310 sed
872 5269 977 5307 non
1008 5253 1276 5317 delictum,
1303 5267 1404 5306 non
1435 5250 1790 5304 membrorum

213 5351 628 5411 inobedientiam
658 5363 754 5419 per
795 5347 970 5402 carnis
997 5342 1479 5414 concupiscentiam
1501 5385 1515 5409 ,
1542 5357 1660 5412 qua:
1690 5357 1794 5396 non

215 5457 296 5504 est
314 5461 345 5500 a
364 5445 544 5502 Patre.
566 5440 770 5497 Deinde
799 5439 925 5493 dicit
949 5457 961 5491 :
991 5457 1008 5490 ‹
1037 5437 1139 5493 Tot
1164 5452 1290 5508 ergo
1314 5451 1489 5491 rerum
1512 5435 1791 5501 bonarum,

217 5537 272 5594 id
297 5547 401 5605 est,
422 5548 728 5606 corporum,
759 5545 1000 5596 sexuum,
1033 5529 1462 5599 coniunctionum
1492 5527 1662 5581 malos
1683 5525 1794 5580 fru-

218 5637 337 5686 ctus
362 5643 477 5684 esse
505 5641 610 5682 non
641 5639 816 5694 posse,
836 5637 935 5677 nec
960 5621 1203 5677 homines
1229 5620 1296 5676 ob
1325 5620 1428 5676 hoc
1458 5634 1489 5675 a
1517 5620 1628 5675 Deo
1658 5619 1791 5688 ﬁeri,

288 5765 306 5796 ί
347 5761 528 5836 Aliquot
546 5757 1396 5836 ωξεξρξιξξιειξηέερςῖῖεοξέμξμίωίιιε
1416 5757 1524 5812 loco
1546 5757 1797 5823 Βθηιειιίι·

223 5837 316 5876 nus
346 5819 568 5887 scriptum
590 5833 621 5872 e
635 5821 842 5887 regione
860 5819 1032 5884 habet;
1046 5819 1269 5882 defectus.

207 5941 210 5943 _
290 5891 310 5917 ²
347 5884 467 5948 Apud
491 5892 596 5948 Lov.
627 5884 901 5948 Respondet.

292 5949 363 6010 (α)
385 5946 662 5998 man-(sius
684 5947 733 5996 in
755 5946 930 5996 Isaiam.

1606 441 1812 500 LIBER
1841 439 2221 500 SECUNDUS.

3414 464 3518 524 446

1935 561 2049 610 uta
2076 553 2306 625 diabolo,
2333 557 2472 616 sicut
2496 558 2652 630 dicis,
2689 578 2710 615 ι
2743 561 2933 636 inquit,
2969 583 2988 619 ι
3025 565 3262 638 legitimo
3283 571 3406 642 jure
3429 585 3514 634 te-

1933 658 2180 705 neantur.
2220 669 2240 704 »
2273 650 2388 707 Jam
2436 652 2632 710 dictum
2679 664 2800 724 est,
2840 672 2949 713 non
2995 675 3088 716 eos
3135 660 3256 718 ideo
3304 668 3512 738 teneri,

1932 741 2058 811 quia
2097 741 2344 801 homines
2383 755 2541 811 sunt,
2585 747 2730 816 quod
2767 757 2970 807 naturae
3007 767 3201 810 nomen
3246 763 3367 825 est,
3417 775 3515 816 cu-

1927 832 2016 904 jus
2060 843 2246 890 auctor
2289 835 2530 892 diabolus
2572 852 2681 894 non
2727 848 2846 907 est;
2895 843 2989 900 sed
3037 846 3159 916 quia
3206 859 3514 918 peccatores

1927 934 2056 981 sunt
2075 966 2093 995 ,
2137 927 2278 997 quod
2318 929 2490 998 culpae
2533 944 2729 987 nomen
2773 941 2892 1004 est,
2933 937 3089 1009 cujus
3129 939 3372 1000 diabolus
3414 960 3511 1002 au-

1927 1027 2046 1076 etor
2071 1029 2173 1075 est.

1999 1110 2223 1168 CAPUT
2250 1111 2364 1169 VII.
2396 1143 2466 1154 —
2495 1115 2581 1170 l7.
2613 1114 2717 1172 Sed
2745 1116 2883 1174 inter
2905 1126 2986 1176 tot
3011 1123 3226 1180 nomina
3250 1124 3506 1190 bonarum

1927 1216 2108 1258 rerum
2126 1243 2141 1269 ,
2173 1202 2228 1258 id
2253 1212 2368 1273 est,
2398 1219 2714 1277 corporum,
2743 1223 2967 1265 sexuum
2986 1253 3002 1280 ,
3032 1215 3465 1284 conjunctionum
3485 1259 3503 1289 ,

1926 1290 2198 1348 libidinem
2238 1295 2322 1349 vel
2352 1298 2831 1366 concupiscentiam
2859 1303 3034 1358 carnis
3059 1303 3161 1360 iste
3198 1321 3304 1362 non
3330 1312 3507 1368 nomiq

1923 1391 2034 1437 nat.
2065 1383 2247 1453 Tacet,
2275 1387 2395 1456 quia
2420 1387 2582 1457 pudet
2612 1407 2624 1441 :
2657 1397 2709 1444 et
2733 1390 2867 1446 mira
2897 1389 2966 1463 (si
2993 1392 3097 1448 dici
3121 1395 3316 1470 potest)
3342 1402 3506 1470 pudm

1919 1475 1999 1531 ris
2043 1477 2368 1547 impudentia
2389 1521 2404 1546 ,
2427 1481 2570 1551 quod
2603 1484 2879 1538 nominare
2915 1485 3114 1555 pudet,
3159 1488 3375 1547 laudare
3399 1508 3504 1552 non

1925 1567 2106 1636 pudet.
2131 1570 2369 1641 Denique
2397 1571 2519 1628 vide
2539 1613 2552 1637 ,
2580 1574 3024 1643 quemadmodum
3059 1579 3228 1650 magis
3250 1595 3368 1637 eam
3395 1586 3505 1640 cir-

1921 1659 2312 1729 cumloquendo
2329 1663 2575 1719 maluerit
2589 1664 2904 1736 signiﬁcare,
2925 1682 3084 1738 quam
3098 1669 3296 1728 dicere.
3320 1692 3340 1726 ‹
3361 1674 3505 1732 Post-

1922 1764 2082 1819 quam
2108 1761 2283 1806 autem
2311 1753 2411 1819 vir,
2453 1773 2472 1807 ›
2507 1755 2694 1825 inquit,
2733 1776 2751 1810 ι
2789 1761 3016 1815 naturali
3044 1764 3279 1833 appetitu
3304 1780 3502 1838 cogno-

1921 1842 1996 1897 vit
2019 1858 2257 1900 uxorem.
2300 1865 2318 1897 ι
2353 1845 2493 1904 Ecce
2520 1848 2711 1906 iterum
2740 1849 2921 1908 dicere
2947 1853 3136 1922 noluit,
3163 1855 3350 1913 Carnis
3375 1875 3502 1917 con-

1917 1936 2243 2006 cupiscentia
2273 1941 2523 2010 cognovit
2549 1955 2805 2010 uxorem;
2835 1944 2964 2006 sed,
3001 1963 3020 1997 ‹
3058 1948 3320 2016 naturali,
3359 1969 3380 2003 ι
3413 1952 3500 2008 in-

1912 2027 2064 2097 quit,
2101 2046 2122 2080 ε
2159 2031 2393 2100 appetitu
2427 2050 2439 2085 ε
2479 2051 2499 2084 ι
2533 2033 2624 2088 ubi
2667 2034 2841 2091 adhuc
2881 2051 3166 2106 possumus
3209 2041 3500 2114 intelligam

1915 2119 2087 2190 ipsam
2113 2122 2440 2180 voluntatem
2478 2125 2672 2195 justam
2699 2138 2754 2184 et
2779 2129 3057 2186 honestam
3077 2174 3092 2199 ,
3119 2149 3223 2204 qua
3245 2136 3410 2194 voluit
3433 2139 3498 2194 ﬁ-

1905 2211 2018 2267 lios
2052 2228 2372 2282 procreare;
2405 2232 2508 2272 non
2549 2219 2695 2274 ill-am
2722 2220 2994 2278 libidinem
3015 2265 3029 2291 ,
3072 2225 3138 2280 de
3161 2240 3264 2297 qua
3293 2229 3393 2284 iste
3419 2231 3498 2288 sic

1916 2303 2204 2372 erubescit,
2233 2315 2292 2362 ut
2315 2308 2562 2379 ambigue
2583 2311 2599 2342 ¹
2629 2311 2786 2366 nobis
2813 2312 2955 2383 loqui
2986 2314 3154 2380 malit,
3185 2332 3343 2386 quam
3369 2334 3494 2390 per-

1907 2396 2095 2465 spicue
2120 2399 2260 2468 quod
2286 2402 2447 2456 sentit
2465 2404 2783 2473 exprimere.
2817 2404 2954 2472 Quid
2982 2416 3064 2462 est
3097 2426 3116 2460 ‹
3155 2411 3379 2466 naturali
3403 2427 3498 2483 ap-

1909 2491 2116 2559 petitu?
2153 2509 2174 2545 ι
2209 2495 2401 2550 Annon
2427 2504 2480 2552 et
2505 2497 2638 2553 velle
2659 2513 2782 2554 esse
2825 2500 3028 2556 salvum
3050 2542 3065 2568 ,
3095 2511 3148 2557 et
3172 2505 3309 2560 velle
3351 2507 3497 2576 ipsos

1901 2586 2215 2655 suscipere,
2244 2590 2447 2643 nutrire
2468 2631 2481 2654 ,
2511 2591 2724 2646 erudire
2747 2592 2880 2646 ﬁlios
2900 2635 2914 2659 ,
2940 2595 3194 2650 naturalis
3227 2604 3306 2652 est
3329 2612 3494 2669 appe-

1903 2677 2070 2746 titus,
2104 2679 2349 2750 idemque
2374 2682 2595 2736 rationis
2619 2692 2735 2750 est,
2777 2699 2886 2740 non
2929 2685 3202 2742 libidinis?
3239 2689 3344 2745 Sed
3367 2693 3494 2761 quia

1907 2767 2068 2840 hujus
2107 2773 2352 2827 novi-mus
2378 2774 2724 2830 intentionem
2748 2818 2762 2842 ,
2803 2775 2923 2832 ideo
2952 2791 3057 2832 non
3084 2793 3205 2834 eum
3244 2788 3493 2849 putamus

1897 2859 1990 2916 his
2013 2863 2192 2917 verbis
2209 2905 2222 2928 ,
2253 2864 2355 2920 nisi
2384 2865 2658 2922 libidinem
2685 2867 3048 2922 membrorum
3077 2870 3386 2940 genitalium
3413 2874 3490 2928 si-

1905 2954 2154 3024 gniﬁcare
2174 2957 2428 3013 voluisse.
2449 2957 2638 3016 Nonne
2660 2959 2752 3016 tibi
2781 2960 3026 3017 videntur
3046 2948 3162 3018 haec
3184 2965 3344 3020 verba
3366 2966 3491 3022 folia

1901 3051 2025 3102 esse
2045 3048 2273 3105 ﬁculnea
2291 3053 2315 3082 ¹
2338 3092 2350 3115 ,
2381 3051 2480 3106 sub
2503 3053 2692 3123 quibus
2714 3053 2868 3119 latet,
2897 3055 3024 3125 quid
3046 3056 3188 3110 aliud
3206 3099 3222 3124 ,
3252 3073 3409 3128 quam
3436 3058 3490 3114 id

1895 3135 2270 3212 iquod'budet?
2302 3145 2376 3198 lta
2399 3146 2593 3216 qippe
2621 3147 2720 3202 iste
2750 3147 2850 3202 sibi
2876 3149 3366 3208 circumlocutionis
3390 3151 3490 3209 hu-

1897 3230 1987 3301 jus
2012 3234 2281 3290 obstacnla
2301 3278 2316 3303 ,
2347 3237 2481 3292 sicut
2509 3238 2582 3292 illi
2607 3239 2957 3294 succinctoria
2977 3251 3317 3298 consuerunt.
3345 3242 3488 3299 Con-

1897 3330 2048 3379 texat
2067 3335 2123 3381 'et
2149 3326 2288 3385 dicat
2309 3328 2329 3360 ³
2353 3346 2366 3382 :
2398 3347 2416 3380 ‹
2447 3329 2731 3400 Postquam
2757 3339 2934 3386 autem
2963 3335 3043 3386 vir
3072 3333 3299 3389 naturali
3321 3349 3488 3405 appe-

1902 3413 2002 3467 titu
2027 3418 2275 3487 cognovit
2303 3431 2524 3474 uxorem
2547 3461 2561 3486 ,
2594 3420 2722 3475 dicit
2745 3421 3016 3492 Scriptura
3040 3422 3216 3478 divina
3249 3441 3263 3478 :
3295 3425 3486 3482 Conce-

1893 3507 1976 3576 -ρξι
2004 3506 2112 3562 Eva
2131 3550 2146 3574 ,
2175 3521 2221 3563 et
2247 3512 2437 3580 peperit
2459 3512 2625 3580 ﬁlium
2644 3553 2659 3578 ,
2692 3521 2738 3567 et
2771 3513 2964 3568 uocauit
2988 3530 3171 3569 nomen
3203 3517 3311 3586 ejus
3334 3514 3484 3575 Cain.

1891 3594 2005 3651 Sed
2043 3598 2188 3668 quid,
2230 3617 2248 3652 ι
2283 3601 2473 3670 inquit,
2513 3621 2532 3654 ι
2567 3602 2697 3658 dicit
2721 3603 2912 3672 Adam,
2942 3605 3218 3662 audiamus
3251 3622 3264 3660 :
3297 3608 3484 3678 Aequi-

1900 3687 1993 3741 u‘vi
2017 3689 2264 3744 hominem
2286 3709 2375 3761 per
2388 3693 2553 3748 Deum
2570 3693 2721 3766 (Gen.
2750 3711 2821 3762 tv,
2845 3695 2920 3769 ί).
2944 3696 3093 3754 Unde
3118 3707 3327 3756 constat
3348 3715 3484 3771 opus

1897 3778 1994 3834 Dei
2019 3794 2158 3849 esse,
2173 3799 2328 3852 quem
2355 3800 2452 3856 per
2478 3787 2643 3842 Deum
2672 3789 2986 3858 acquisitum
3011 3790 3281 3861 Scriptura
3304 3793 3483 3849 divina

1897 3879 2144 3928 testatur.
2177 3894 2196 3927 ι
2220 3875 2349 3942 Quis
2375 3877 2496 3933 hinc
2522 3879 2762 3936 dubitet?
2778 3883 2896 3952 quis
2925 3883 3028 3938 hoc
3054 3893 3231 3955 neget,
3251 3887 3482 3944 maxime

1897 3965 2194 4022 catholicus
2217 3969 2580 4027 christianus?
2607 3974 2752 4042 Opus
2777 3951 2870 4030 Dei
2895 3984 2980 4030 est
3008 3951 3166 4031 hoino
3198 3951 3224 4029 :7
3246 3977 3338 4033 sed
3363 3992 3483 4034 ear-

1898 4059 1982 4113 nis
2022 4061 2446 4132 concupiscentia
2470 4105 2483 4128 ,
2512 4065 2626 4119 sine
2650 4079 2753 4135 qua
2775 4107 2788 4129 ,
2817 4067 2862 4121 si
2890 4075 3164 4136 peccatum
3209 4083 3314 4123 non
3342 4085 3481 4139 pra:-

1899 4151 2186 4219 eessisset,
2243 4155 2538 4224 tranquilla
2588 4157 2849 4212 voluntati
2904 4158 3272 4215 obedientibus
3323 4163 3480 4218 sicuti

1898 4249 2089 4296 caetera
2146 4243 2382 4298 membra
2441 4246 2796 4314 genitalibus,
2859 4248 3210 4305 seminaretur
3265 4250 3426 4308 homo
3453 4293 3470 4320 ,

1897 4346 2007 4387 non
2049 4343 2134 4389 est
2177 4350 2207 4390 a
2254 4333 2448 4404 Patre,
2494 4338 2588 4393 sed
2625 4351 2694 4394 ex
2735 4340 2933 4395 mundo
2973 4350 3056 4397 est
3103 4340 3162 4412 (1
3201 4341 3355 4398 Joan.
3403 4361 3478 4415 n,

1835 4421 1844 4425 ·
1899 4421 2029 4493 te).

1971 4513 2058 4569 i8.
2090 4514 2282 4570 Verum
2319 4530 2496 4582 nunc,
2539 4519 2762 4575 obsecro
2799 4528 2887 4587 te,
2926 4521 3084 4590 paulo
3109 4523 3361 4577 attentius
3396 4525 3481 4580 in-

1897 4613 2048 4661 tuere
2072 4647 2086 4671 ,
2127 4606 2267 4676 quod
2307 4622 2499 4663 nomen
2527 4609 2550 4642 ⁸
2575 4611 2837 4666 invenerit
2860 4653 2874 4677 ,
2897 4627 3009 4682 quo
3031 4627 3218 4668 rursus
3246 4617 3484 4685 operiret

1898 4690 2042 4760 quod
2073 4690 2338 4746 erubescit
2376 4695 2603 4761 aperire.
2637 4713 2657 4747 ‹
2688 4693 2956 4750 Genuerat
2979 4697 3120 4752 enim
3148 4713 3300 4767 eum,
3341 4718 3359 4751 ι
3391 4699 3481 4753 in-

1899 4781 2013 4850 quit
2038 4822 2052 4847 ,
2101 4798 2120 4832 ι
2159 4781 2327 4836 Adam
2359 4784 2591 4851 potentia
2616 4786 2977 4860 membrorum
2998 4829 3012 4852 ,
3041 4802 3146 4843 non
3175 4789 3488 4848 diversitate.

1895 4873 2232 4929 meritorum.
2257 4891 2278 4927 ι
2312 4874 2449 4942 Quid
2472 4876 2685 4943 dixerit,
2720 4895 2740 4928 ι
2763 4877 3068 4935 diversitate
3093 4881 3422 4950 meritorum,
3443 4902 3472 4936 -ι

1897 4963 2072 5020 fateor
2096 4978 2202 5020 non
2229 4966 2467 5035 intelligo
2502 4985 2513 5021 ι
2542 4968 2638 5024 sed
2662 5010 2676 5035 ,
2720 4987 2739 5020 ι
2772 4972 3005 5039 potentia
3031 4973 3388 5028 membrorum
3409 5015 3424 5041 ,
3452 4994 3471 5030 ι

1891 5056 2063 5113 credo
2081 5098 2096 5123 ,
2127 5055 2258 5112 illud
2285 5059 2448 5112 voluit
2477 5059 2659 5116 dicere
2682 5101 2695 5126 ,
2746 5061 2886 5131 quod
2913 5062 3076 5131 pudet
3101 5065 3374 5121 evidenter
3401 5067 3478 5121 di.
3539 5057 3548 5076 ί

1895 5165 2042 5205 cere.
2078 5149 2259 5203 Maluit
2281 5151 2423 5204 enim
2454 5151 2632 5208 dicere
2655 5195 2670 5219 ,
2707 5171 2728 5206 ‹
2765 5155 3124 5210 membrorum
3157 5159 3387 5226 potentia
3409 5201 3423 5226 ,
3457 5179 3478 5213 ι

1897 5255 2056 5312 quam
2079 5285 2093 5308 ,
2120 5243 2294 5297 carnis
2318 5245 2767 5314 concupiscent-ia.
2811 5247 2994 5312 Plane,
3030 5249 3238 5304 etiamsi
3259 5266 3364 5306 non
3393 5265 3482 5308 co-

1899 5333 2083 5403 gitavit
2109 5375 2121 5398 ,
2171 5333 2484 5402 significavit
2530 5336 2728 5406 aliquid
2753 5379 2767 5402 ,
2815 5338 2955 5408 quod
2985 5339 3049 5394 ad
3080 5356 3191 5395 rem
3219 5343 3484 5411 pertinere

1901 5423 2158 5478 videatur.
2215 5422 2349 5490 Quid
2395 5425 2536 5479 enim
2597 5427 2866 5496 potentius
2917 5429 3168 5486 membris
3221 5423 3480 5500 hominis,

1901 5514 2112 5585 quando
2142 5528 2247 5569 non
2275 5516 2515 5570 serviunt
2538 5517 2796 5573 voluntati
2827 5517 3100 5574 hominis?
3143 5523 3270 5589 Quae
3298 5532 3476 5582 tamen

1902 5607 2001 5661 etsi
2037 5605 2311 5660 frenentur
2357 5610 2704 5677 temperantia
2728 5610 2812 5666 vel
2837 5612 3160 5668 continentia
3187 5653 3203 5680 ,
3232 5629 3360 5672 usus
3381 5631 3480 5674 eo-

1985 5759 2066 5830 fln
2088 5765 2214 5830 Mss,
2240 5773 2355 5830 pro,
2368 5759 2604 5825 ambigue,
2629 5763 2824 5830 legitur,
2849 5763 3081 5830 mnbiguo.

1981 5821 2116 5888 fAm.
2143 5827 2214 5868 Er.
2237 5820 2289 5869 et
2310 5820 2622 5888 plures_§tss.,
2643 5820 2874 5888 ﬁEttlnew.

1977 5882 1997 5914 ³
2021 5888 2143 5941 l.ov.,
2169 5881 2375 5932 caritati!
2389 5889 2434 5932 ct
2458 5884 2584 5938 dial.

1963 5942 2141 6008 ,{Lov.,
2166 5956 2333 5996 nomen
2354 5956 2536 5997 novum
