3938 6538
513 410 619 468 447

515 542 635 584 rum
663 527 1008 599 aliquantum,
1040 531 1216 578 motus
1242 529 1416 576 tamen
1444 537 1628 576 eorum
1669 538 1772 578 non
1798 532 1880 577 est
1910 521 1959 575 in
1991 521 2093 575 ho-

515 620 676 675 minis
705 627 980 689 potestate.
1028 615 1222 670 Genuit
1246 628 1372 684 ergo
1399 613 1567 669 Adam
1595 613 1731 668 lilios
1759 615 1877 681 hac,
1911 622 1968 666 ut
1994 613 2095 667 iste

516 710 673 772 dicit,
727 729 746 760 ι
780 708 1136 762 membrorum
1172 726 1189 758 ι
1225 721 1442 761 suorum
1480 724 1497 756 ι
1535 705 1801 774 polentia,
1841 724 1860 756 ι
1901 703 1968 759 de
1993 719 2096 774 qua

514 801 822 870 priusquam
853 798 972 852 illos
1001 797 1268 866 gigneret,
1315 797 1524 851 erubuit
1553 806 1669 866 post
1695 806 1989 865 peccatum.
2037 795 2096 850 Si

516 900 692 943 autem
721 901 828 943 non
857 897 1160 955 peccasset,
1191 903 1297 942 non
1324 901 1416 941 eos
1440 887 1710 956 genuisset
1733 886 2096 941 membrorum

519 980 785 1050 potentia,
839 979 932 1035 sed
977 981 1336 1035 membrorum
1381 979 1699 1034 obedientia.
1750 979 1867 1048 Ipse
1903 979 2096 1048 quippe

515 1083 658 1128 esset
701 1081 923 1141 potens,
970 1081 1028 1126 ut
1054 1074 1132 1127 eis
1171 1073 1419 1142 subjectis
1461 1073 1731 1126 voluntate
1775 1071 2092 1141 imperaret,

517 1167 564 1220 si
605 1165 890 1236 potentiori
918 1173 972 1220 et
1010 1165 1124 1235 ipse
1163 1165 1431 1236 subjectus
1457 1163 1644 1220 eadem
1681 1163 1951 1220 voluntate
1975 1178 2093 1219 ser-

515 1261 669 1316 viret.

583 1352 810 1408 CAPUT
859 1352 989 1407 VIII.
1018 1381 1087 1393 —-
1131 1351 1217 1407 l9.
1255 1370 1274 1404 ι
1303 1351 1430 1405 Post
1453 1350 1720 1420 aliquanta
1749 1350 1940 1404 iterum
1970 1349 2098 1404 dicit

515 1441 790 1512 Scriptura
834 1443 1010 1497 divina
1037 1485 1050 1510 ,
1087 1462 1106 1494 ι
1153 1442 1320 1512 inquit
1351 1457 1363 1490 τ
1403 1459 1421 1492 ‹
1450 1439 1691 1512 Cognovit
1729 1439 1894 1493 Adam
1933 1438 2095 1493 Evam

519 1549 728 1588 uxorem
764 1550 939 1599 suam,
982 1542 1028 1586 et
1045 1532 1301 1602 concepit,
1344 1540 1393 1586 et
1417 1533 1605 1600 peperit
1634 1531 1828 1598 ﬁlium,
1869 1539 1914 1584 et
1943 1547 2094 1584 voca—

513 1625 584 1676 vit
608 1641 787 1678 nomen
825 1625 934 1694 ejus
963 1623 1117 1688 Setlt,
1158 1623 1325 1678 dicens
1355 1639 1372 1676 :
1403 1623 1674 1678 Suscitavit
1701 1623 1822 1677 mihi
1843 1622 2092 1679 Dominus

517 1733 684 1772 semen
725 1716 867 1770 aliud
917 1735 1008 1786 pro
1045 1716 1196 1784 Abel,
1243 1733 1389 1786 quem
1408 1716 1585 1770 occidit
1609 1714 1735 1770 Cain
1769 1733 1788 1768 τ
1819 1714 1968 1790 (Gen.
2010 1731 2086 1784 tv,

517 1807 632 1879 25).
686 1809 885 1864 Deinde
940 1809 1118 1876 addit,
1163 1817 1216 1862 et
1258 1809 1426 1863 dicit:
1461 1826 1480 1858 ‹
1507 1807 1586 1862 Ad
1608 1807 1984 1863 documentum
2014 1808 2099 1862 in-

521 1903 690 1957 stituti
707 1904 896 1964 coitus,
921 1902 1090 1971 ipsum
1115 1916 1296 1956 semen
1316 1900 1562 1955 divinitas
1574 1899 1766 1954 dicitur
1780 1901 2057 1956 excitasse.
2071 1919 2090 1953 ι

517 1995 632 2051 Non
673 1995 935 2050 intellexit
969 1994 1128 2049 homo
1159 1994 1258 2049 iste
1296 1993 1436 2064 quod
1462 1993 1717 2061 scriptum
1743 2002 1826 2046 est
1855 2011 1868 2046 :
1896 1991 2101 2063 putavit

516 2087 660 2143 enim
699 2087 764 2140 ad
813 2086 916 2141 hoc
953 2101 1072 2140 esse
1111 2084 1343 2149 dictum,
1397 2085 1668 2138 Suscitavit
1705 2085 1828 2138 mihi
1853 2083 2100 2138 Dominus

515 2197 682 2237 senzen
707 2180 851 2233 aliud
873 2196 963 2248 pro
987 2178 1130 2245 Abel,
1163 2185 1221 2232 ut
1240 2176 1548 2232 crederetur
1573 2176 1713 2231 Deus
1741 2176 1816 2231 illi
1840 2175 2102 2231 excitasse

518 2271 793 2326 libidinem
830 2270 1056 2325 cceundi
1081 2311 1096 2338 ,
1145 2269 1296 2340 cujus
1344 2278 1492 2324 motu
1531 2268 1851 2324 excitaretur
1891 2283 2096 2332 semen,

523 2371 580 2416 ut
601 2363 803 2432 gremio
855 2361 1064 2416 fen‘tinm
1107 2371 1286 2430 posset
1335 2359 1562 2414 infttudi.
1609 2359 1790 2414 Nescit
1830 2373 1935 2412 non
1979 2373 2102 2418 esse

518 2453 720 2508 dictum
741 2454 780 2518 ‘,
805 2451 1056 2506 Excitavit
1079 2452 1203 2505 mihi
1223 2466 1425 2514 semen;
1447 2451 1567 2516 nisi,
1587 2449 1741 2504 Dedit
1761 2448 1891 2503 mihi
1911 2448 2099 2504 lilium.

520 2542 759 2614 Denique
788 2543 890 2596 hoc
911 2542 1078 2596 Adam
1105 2556 1210 2596 non
1239 2541 1372 2596 dixit
1410 2548 1532 2610 post
1557 2541 1753 2596 coitum
1781 2555 1932 2595 suum
1954 2580 1970 2606 ,
1997 2554 2103 2611 quo

521 2649 708 2689 semen
733 2633 942 2696 emisit,
989 2632 1082 2686 sed
1119 2640 1236 2700 post
1259 2631 1500 2700 conjugis
1531 2640 1774 2699 partum,
1805 2645 1909 2699 quo
1935 2630 2102 2684 tilium

520 2725 634 2780 Deo
657 2725 888 2780 donante
925 2724 1174 2794 suscepit.
1225 2723 1356 2777 Nam
1387 2738 1504 2792 quae
1529 2723 1809 2792 gratulatio
1837 2732 1920 2778 est
1939 2763 1955 2788 ,
2001 2722 2103 2777 nisi

521 2815 660 2872 forte
703 2816 1104 2871 libidinosorum
1147 2823 1202 2868 et
1239 2827 1393 2868 suum
1421 2829 1514 2868 vas
1543 2814 1598 2867 in
1635 2813 1826 2868 morbo
1855 2813 2106 2884 concupi-

521 2907 762 2973 scentiae,
783 2906 925 2977 quod
954 2914 1096 2961 vetat
1115 2905 1422 2975 Apostolus,
1453 2903 1831 2974 possidentium
1860 2902 2100 2974 (lThess.

521 3013 598 3066 tv,
625 2999 702 3069 5),
734 2999 778 3053 si
801 3014 984 3053 semen
1013 3005 1248 3052 extrema
1265 2997 1488 3052 coeundi
1505 2997 1774 3066 voluptate
1795 2995 2040 3052 fundatur
2056 2999 2100 3065 ³,

521 3105 622 3145 nec
660 3099 914 3159 sequatur
955 3099 1245 3159 conceptus
1273 3097 1364 3144 aut
1405 3095 1624 3158 partus,
1673 3088 1763 3144 ubi
1802 3089 2104 3159 nuptiarum

521 3192 678 3234 verus
705 3188 788 3235 est
814 3179 1050 3235 fructus?

591 3269 680 3325 20.
710 3269 892 3339 Neque
916 3269 1018 3325 hoc
1045 3270 1164 3325 ideo
1191 3269 1415 3325 dixerim
1441 3311 1456 3330 ,
1505 3270 1650 3340 quod
1676 3270 1814 3326 alius
1843 3269 2105 3342 putandus
2143 3311 2152 3318 .

519 3361 594 3418 sit
621 3371 814 3432 praeter
841 3377 1108 3417 summum
1133 3372 1185 3416 et
1209 3377 1394 3417 verum
1423 3361 1621 3427 Deum,
1659 3361 1744 3417 vel
1773 3362 1990 3416 humani
2018 3376 2106 3416 se-

519 3451 682 3507 minis
705 3492 719 3518 ,
765 3451 848 3507 vel
875 3453 1039 3521 ipsius
1063 3452 1292 3508 hominis
1334 3462 1542 3508 creator
1578 3468 1644 3508 ex
1688 3452 1893 3509 semine
1915 3452 1936 3483 ³
1965 3471 1977 3506 :
2011 3452 2104 3508 sed

522 3541 628 3598 hoc
670 3544 952 3614 tranquilla
978 3543 1045 3598 de
1076 3543 1292 3598 homine
1319 3543 1620 3599 obedientia
1653 3544 2010 3599 membrorum
2037 3543 2104 3599 ad

519 3643 709 3688 nutum
749 3633 1034 3688 voluntatis
1079 3634 1311 3698 exisset,
1355 3634 1400 3689 si
1429 3641 1700 3704 peccatum
1738 3649 1843 3689 non
1881 3650 2106 3705 praeces-

520 3728 698 3780 sisset.
739 3723 920 3796 Neque
948 3740 1090 3780 nunc
1128 3727 1300 3797 agitur
1328 3726 1396 3781 de
1433 3735 1620 3780 natura
1662 3728 1882 3784 seminis
1906 3727 1961 3797 ⁸,
2007 3729 2104 3785 sed

519 3813 590 3872 de
617 3815 764 3871 vitio.
815 3815 907 3871 Illa
935 3817 1128 3886 quippe
1157 3815 1318 3872 habet
1340 3826 1612 3873 auctorem
1653 3819 1855 3885 Deum;
1897 3835 1962 3876 ex
2003 3820 2106 3877 isto

519 3915 696 3962 autem
739 3894 966 3962 trahihr
1011 3909 1268 3978 originale
1313 3919 1608 3979 peccatum.
1655 3909 1786 3966 Nam
1827 3913 1874 3968 si
1920 3927 2106 3970 semen

521 3997 696 4066 ipsum
725 3998 929 4053 nullum
961 3997 1122 4054 habet
1149 3999 1366 4067 vitium,
1413 4001 1542 4070 quid
1569 4010 1652 4056 est
1681 4002 1818 4071 quod
1849 4005 2103 4074 scriptum

519 4096 607 4142 est
643 4087 696 4142 in
737 4087 876 4143 libro
920 4087 1204 4158 Sapientiae
1239 4107 1251 4142 :
1287 4088 1410 4144 Non
1451 4091 1691 4162 ignorans
1737 4095 1974 4162 quoniant
2013 4083 2103 4150 ne;

519 4194 672 4246 quam
707 4189 778 4233 est
809 4181 947 4233 natio
984 4179 1192 4233 illorum
1211 4221 1226 4246 ,
1271 4189 1318 4234 et
1355 4183 1601 4235 naturalis
1628 4183 1822 4236 malitia
1853 4184 2101 4254 ipsorum,

521 4279 572 4325 et
591 4272 826 4340 quoniam
852 4288 950 4325 non
977 4279 1172 4341 poterat
1202 4272 1386 4326 mutari
1409 4273 1644 4343 cogitatio
1669 4274 1876 4328 illorum
1902 4276 1952 4329 in
1989 4293 2104 4348 per-

522 4371 726 4434 petuum
747 4378 768 4428 ;
806 4379 971 4417 semen
996 4363 1127 4417 enim
1155 4363 1176 4394 ⁸
1201 4373 1309 4417 erat
1333 4364 1654 4418 maledictum
1681 4364 1742 4418 ab
1779 4367 1923 4421 initio
1943 4367 2100 4440 (Sap.

519 4471 616 4523 xu,
651 4455 736 4520 10,
770 4455 901 4527 Il)?
939 4455 1141 4525 Nempe
1165 4455 1232 4511 de
1259 4455 1680 4527 quibuscumque
1709 4457 1853 4513 dicat
1877 4461 2006 4528 ista,
2035 4461 2103 4518 de

520 4540 824 4597 hominibus
850 4539 997 4596 dicit.
1038 4541 1318 4609 Quomodo
1345 4551 1427 4597 est
1453 4558 1580 4613 ergo
1614 4543 1901 4614 cujuslibet
1929 4547 2102 4602 homi-

519 4633 604 4688 nis
631 4633 828 4688 malitia
866 4633 1120 4689 naturalis
1145 4643 1200 4690 et
1226 4649 1412 4691 semen
1451 4635 1786 4692 maledictum
1821 4638 1889 4692 ab
1929 4639 2098 4708 initio,

520 4725 623 4780 nisi
649 4726 712 4780 ad
741 4727 868 4782 illud
893 4728 1226 4795 respiciatur,
1253 4729 1393 4800 quod
1417 4745 1504 4799 per
1525 4746 1678 4784 unum
1705 4732 1955 4787 hominem
1980 4749 2097 4804 pec-

523 4825 690 4871 catum
717 4819 919 4871 intravit
943 4819 994 4872 in
1032 4819 1312 4887 mundum,
1354 4831 1401 4875 et
1431 4839 1518 4889 per
1551 4831 1809 4893 peccatum
1846 4841 2018 4890 mors;
2054 4834 2103 4881 et

519 4908 594 4964 ita
619 4909 672 4963 in
707 4925 876 4962 onmes
905 4909 1129 4964 homines
1167 4911 1480 4981 pertransiit,
1515 4911 1569 4965 in
1593 4929 1692 4982 quo
1730 4929 1899 4969 omnes
1929 4931 2104 4985 pecca-

520 5007 696 5054 verunt
737 4999 908 5070 (Rom.
945 5015 1014 5066 v,
1055 4999 1190 5071 42)?
1233 4999 1396 5070 Cujus
1422 5001 1442 5034 ⁶
1469 5011 1645 5057 autem
1691 5003 1920 5060 hominis
1964 5007 2102 5062 mala

521 5090 773 5162 cogitatio
803 5106 908 5145 non
935 5099 1109 5161 potest
1143 5091 1198 5146 in
1240 5102 1550 5162 perpetuum
1575 5095 1804 5160 mutari,
1853 5096 1954 5152 nisi
1979 5098 2100 5167 quia

523 5195 620 5252 per
663 5195 722 5237 se
751 5181 918 5252 ipsum
960 5197 1066 5237 non
1112 5189 1322 5252 potest,
1369 5182 1464 5238 sed
1493 5184 1539 5237 si
1575 5186 1744 5254 gratia
1771 5185 1953 5241 divina
1975 5187 2101 5242 sub-

582 5383 602 5412 ι
635 5382 788 5430 Hicin
811 5379 955 5430 editis
970 5380 1158 5430 additur
1177 5415 1191 5440 ,
1220 5379 1279 5431 ob
1301 5378 1456 5430 aliud.

579 5445 602 5475 ³
635 5451 754 5504 Am.,
780 5441 826 5493 si
843 5455 1004 5492 semen
1025 5446 1168 5506 extra
1188 5441 1390 5506 coeundi
1410 5440 1694 5506 voluptatem
1733 5443 1981 5506 fundatur.
2001 5451 2097 5506 Er.,

519 5505 562 5554 si
577 5515 734 5554 semen
743 5502 894 5554 extra
915 5502 1119 5566 coeundi
1139 5504 1420 5566 voluntatem
1435 5502 1684 5566 fundatur.

580 5567 602 5635 ξ
633 5574 732 5635 am.
756 5571 830 5632 Er.
857 5575 909 5616 et
923 5565 1090 5628 plures
1111 5565 1458 5635 Mss.,lwn_tinis
1490 5572 1678 5635 creator
1709 5567 1932 5618 existere.

579 5627 601 5658 δ
633 5631 763 5694 Lov.,
797 5629 858 5677 a'e
889 5627 1064 5694 natura
1099 5628 1293 5694 seminis
1336 5627 1548 5678 humani.
1591 5637 1690 5677 Am.
1723 5635 1798 5678 Er.
1843 5637 1895 5680 et
1929 5629 2099 5694 plures

521 5691 648 5746 Iss.,
671 5687 733 5738 de
750 5695 920 5738 natura
935 5688 1154 5740 hominis.
1465 5719 1476 5729 -

578 5750 601 5813 _'
633 5748 768 5807 Editi,
791 5762 946 5799 semen
969 5749 1096 5801 enim
1117 5749 1338 5812 illorum,
1365 5753 1540 5813 Abest,
1563 5749 1756 5803 illorum
1779 5766 1808 5802 τι
1831 5759 2095 5808 manuscri-

519 5811 613 5871 ptis
636 5815 688 5857 et
709 5821 736 5857 a
751 5813 898 5862 sacris
917 5813 1088 5862 Bibliis.

582 5869 603 5900 θ
638 5876 742 5920 ιον.
765 5879 815 5922 et
837 5876 1130 5934 posteriores
1145 5881 1332 5928 tantum
1351 5875 1488 5944 editi,
1517 5887 1622 5928 cur.

1299 409 1386 464 DE
1424 407 1692 466 NUPTIIS
1729 409 1816 465 ET
1855 404 2455 503 CONCUPISCENTIA,
2496 405 2552 462 S.
2596 407 2960 468 AUGUSTINI
3627 441 3712 503 ω

2204 517 2420 611 veniat;
2443 534 2542 587 qua
2571 535 2676 611 non
2707 521 3056 580 subveniente
3075 527 3201 596 quid
3221 539 3344 587 sunt
3365 534 3599 609 homines,
3625 551 3709 611 nisi

2201 608 2342 676 quod
2377 609 2450 662 ait
2477 610 2744 706 apostolus
2769 611 2991 706 Petrus,
3040 613 3184 670 Velut
3215 631 3348 676 muta
3379 608 3598 688 animalia
3619 608 3713 706 pro;

2200 709 2366 751 creata
2391 698 2687 753 naturaliter
2710 702 2762 754 in
2783 703 3119 771 captivitatem
3145 717 3194 762 et
3213 709 3456 770 interitum
3482 720 3499 750 ι
3521 722 3580 791 (ll
3597 698 3711 788 ῥατ,

2200 804 2274 858 ιι,
2305 790 2434 859 l2)?
2475 791 2630 847 Unde
2660 807 2764 848 uno
2796 794 2924 886 loco
2951 795 3144 851 Paulus
3185 805 3445 869 apostolus
3479 819 3716 886 utrumque

2200 895 2660 948 commemorans,
2701 893 2757 939 et
2792 885 2924 940 iram
2953 886 3048 941 Dei
3075 901 3195 942 cum
3227 906 3326 960 qua
3373 885 3717 972 nascimur,“

2200 973 2421 1044 gratiam
2465 989 2566 1044 qua
2602 974 2890 1030 liberamur
2922 992 2936 1029 :
2968 975 3036 1030 Et
3074 994 3167 1034 nos
3191 995 3388 1049 omnes,
3429 985 3612 1060 inquit,
3644 999 3718 1052 ali.

2199 1065 2402 1135 quando
2444 1070 2720 1120 conversati
2763 1084 2934 1122 sumus
2985 1068 3039 1122 in
3066 1069 3325 1126 desideriis
3366 1078 3523 1132 carnis
3549 1093 3716 1155 nostra,

2200 1154 2439 1224 facientes
2474 1153 2780 1210 voluntatem
2818 1158 2982 1210 carnis
3019 1167 3066 1212 et
3103 1157 3456 1230 affectionum;
3489 1175 3531 1220 et
3563 1153 3722 1232 erm

2201 1256 2384 1301 natura
2422 1247 2518 1317 ﬁlii
2541 1248 2667 1315 ine,
2709 1248 2838 1302 sicut
2867 1257 2909 1302 et
2937 1251 3119 1304 caeleri.
3168 1250 3302 1307 Deus
3336 1263 3492 1308 autem
3523 1262 3598 1328 qui
3616 1263 3722 1322 dives

2201 1346 2273 1392 est
2311 1339 2364 1392 in
2406 1339 2748 1393 misericordia
2769 1381 2784 1406 ,
2835 1349 3039 1409 propter
3078 1341 3290 1395 multant
3329 1344 3617 1404 dilectionem
3645 1371 3724 1422 qua

2201 1428 2376 1482 dilexit
2404 1445 2496 1482 nos
2516 1469 2530 1494 ,
2579 1439 2765 1483 etcum
2791 1446 3010 1484 essemus
3047 1432 3233 1486 mortui
3271 1436 3508 1504 peccatis,
3546 1445 3723 1500 convivi-

2200 1519 2369 1587 ﬁcavit
2417 1535 2507 1575 nos
2554 1519 2753 1574 Christo
2778 1561 2793 1586 ,
2859 1522 3006 1589 cujus
3059 1523 3224 1591 gratia
3271 1539 3436 1580 sumus
3484 1529 3595 1583 salvi
3631 1535 3726 1602 [arti

2203 1607 2416 1683 (Ephes.
2446 1625 2518 1678 ιι,
2548 1611 2628 1682 5).
2672 1611 2810 1679 Quid
2843 1621 2926 1666 est
2975 1627 3102 1681 ergo
3151 1613 3348 1668 malitia
3391 1619 3624 1675 naturalis
3647 1621 3721 1678 ho-

2201 1702 2359 1756 minis
2386 1744 2402 1770 ,
2444 1711 2500 1758 et
2541 1718 2722 1758 semen
2750 1703 3090 1760 maledictum
3117 1705 3184 1760 ab
3213 1705 3361 1762 initio
3381 1747 3395 1772 ,
3436 1718 3487 1764 et
3511 1719 3727 1780 proereati

2203 1796 2517 1851 naturaliter
2557 1797 2612 1851 in
2651 1798 3008 1868 captivitatem
3051 1807 3106 1854 et
3148 1799 3447 1868 interitum,
3491 1811 3540 1858 et
3579 1815 3727 1866 natura

2202 1887 2294 1942 filii
2331 1887 2466 1942 im?
2519 1888 2784 1958 Numquid
2829 1890 2882 1944 in
2912 1888 3084 1944 Adam
3127 1900 3314 1946 natura
3349 1892 3446 1946 ista
3469 1894 3538 1948 sic
3560 1898 3730 1955 condita

2203 1980 2323 2034 est?
2365 1980 2518 2036 Absit
2551 1998 2563 2034 :
2593 1981 2688 2036 sed
2727 1982 2850 2052 quia
2889 1982 2941 2036 in
2971 1983 3066 2036 illo
3091 1982 3307 2050 vitiata,
3355 1985 3431 2040 sic
3471 2001 3558 2055 per
3584 2003 3730 2048 omnes

2199 2072 2309 2142 jam
2337 2073 2648 2129 naturaliter
2675 2075 2909 2130 cucurrit
2933 2083 2988 2128 et
3003 2077 3190 2140 currit,
3221 2084 3280 2130 ut
3297 2075 3362 2130 ab
3379 2075 3471 2132 hac
3485 2079 3730 2146 perditione

2203 2178 2310 2218 non
2336 2163 2525 2220 liberet
2547 2205 2562 2232 ,
2591 2165 2692 2221 nisi
2725 2159 2897 2236 gratia
2923 2165 3020 2222 Dei
3049 2181 3148 2237 per
3171 2165 3353 2223 Jesum
3385 2167 3628 2226 Christum
3651 2171 3730 2229 Do-

2203 2255 2405 2310 minum
2437 2265 2696 2311 nostrum.

2278 2345 2504 2402 CAPUT
2533 2346 2628 2402 IX.
2657 2377 2730 2388 —
2757 2348 2848 2422 ﬁt.
2877 2347 3013 2416 Quid
3049 2361 3140 2406 est.
3161 2365 3289 2420 ergo
3315 2350 3451 2420 quod
3473 2351 3562 2408 iste
3583 2353 3731 2423 adjun-

2205 2438 2282 2508 git
2310 2447 2364 2493 et
2391 2439 2519 2495 dicit
2543 2440 2612 2496 de
2635 2441 2748 2497 Noe
2775 2455 2830 2497 et
2854 2443 2976 2498 tihis
3000 2443 3116 2514 ejus
3147 2483 3162 2508 ,
3209 2442 3348 2513 quod
3378 2462 3396 2495 ι
3425 2445 3640 2501 similiter
3659 2447 3730 2503 be-

2205 2531 2405 2586 nedicti
2432 2533 2539 2588 sint
2577 2541 2636 2588 ut
2661 2534 2830 2589 Adam
2858 2545 2913 2590 et
2946 2536 3054 2590 Eva
3073 2576 3091 2604 ,
3117 2535 3332 2591 dicente
3359 2536 3466 2592 Deo
3487 2577 3500 2601 ,
3543 2536 3726 2606 Crescite,

2206 2632 2253 2677 et
2277 2623 2726 2695 multiplicamini;
2754 2635 2802 2681 et
2821 2629 3008 2698 replete
3035 2637 3246 2692 terram,
3272 2635 3317 2681 et
3341 2628 3637 2684 dominamini
3649 2632 3730 2700 ejus

2213 2712 2366 2786 (Gen.
2395 2731 2470 2782 IX,
2505 2717 2558 2782 l,
2585 2715 2683 2786 2)?
2717 2735 2736 2769 ›
2788 2718 2992 2785 Quibus
3029 2717 3122 2772 Dei
3157 2718 3332 2774 verbis
3363 2719 3502 2774 addit
3533 2734 3640 2784 sua,
3671 2721 3730 2776 di-

2207 2820 2336 2862 cens
2369 2823 2383 2860 :
2422 2825 2441 2860 ι
2485 2807 2740 2878 Voluptas
2766 2824 2891 2880 ergo
2915 2809 3014 2864 ista
3035 2848 3051 2874 ,
3093 2824 3261 2880 quam
3293 2819 3346 2864 tu
3373 2809 3653 2866 diabolicam
3672 2813 3729 2868 vis

2208 2898 2412 2965 videri,
2466 2899 2578 2970 jam
2643 2901 2694 2956 in
2743 2901 3061 2970 supradictis
3116 2902 3431 2973 conjugibus
3475 2904 3729 2972 habebatur,

2209 3005 2326 3060 quas
2353 2999 2410 3045 ut
2435 2981 2765 3049 institutione
2791 2994 2929 3050 bona
2948 3034 2964 3058 ,
2992 2995 3063 3050 ita
3086 2995 3258 3051 etiam
3279 2995 3619 3052 benedictione
3641 3014 3730 3068 per-

2208 3082 2424 3137 mansit.
2471 3081 2589 3138 Non
2628 3084 2772 3139 enim
2813 3084 3116 3151 dubitatur,
3172 3086 3240 3142 de
3282 3087 3378 3143 hac
3409 3087 3472 3142 ad
3493 3088 3590 3144 Noe
3611 3099 3656 3144 et
3683 3092 3732 3146 ad

2207 3171 2347 3227 filios
2372 3172 2488 3242 ejus
2517 3188 2805 3249 corporum
2835 3176 3225 3232 commixtione
3247 3176 3440 3234 dictum
3463 3219 3476 3242 ,
3505 3179 3634 3250 cujus
3649 3180 3730 3250 jam

2212 3279 2340 3320 usus
2379 3265 2668 3321 inoleverat
2695 3283 2708 3320 :
2738 3266 2974 3334 Crescite,
3001 3277 3047 3322 et
3067 3268 3492 3338 multiplicamini,
3523 3281 3564 3323 et
3587 3271 3733 3340 replete

2210 3365 2417 3410 terram.
2453 3376 2472 3409 ›
2515 3356 2632 3411 Non
2657 3373 2792 3428 opus
2811 3367 2895 3414 est
2921 3358 3106 3414 eadem
3123 3359 3316 3414 multis
3336 3359 3501 3414 verbis
3524 3369 3731 3431 repetere.

2209 3444 2286 3500 De
2312 3446 2440 3501 vitio
2477 3445 2564 3502 hic
2587 3447 2798 3518 agitur,
2841 3464 2948 3518 quo
2984 3457 3068 3504 est
3091 3449 3384 3520 depravata
3413 3457 3584 3505 natura
3607 3450 3731 3518 bona,

2208 3537 2360 3607 cujus
2387 3539 2502 3594 vitii
2533 3547 2720 3595 auctor
2750 3549 2834 3595 est
2860 3540 3102 3596 diabolus
3127 3557 3146 3608 ;
3181 3555 3288 3598 non
3314 3540 3380 3596 de
3403 3549 3588 3596 natura:
3609 3539 3735 3611 ipsius

2207 3628 2472 3696 bonitate,
2524 3630 2676 3700 cujus
2715 3639 2902 3686 auctor
2931 3641 3013 3687 est
3037 3632 3190 3688 Deus
3224 3650 3237 3686 :
3266 3633 3356 3703 qui
3385 3648 3545 3704 neque
3575 3633 3736 3701 abipsa

2207 3721 2389 3778 vitiata
2409 3722 2797 3795 depravataque
2813 3732 3002 3780 natura
3023 3739 3185 3780 suam
3205 3724 3456 3782 abstinuit
3475 3725 3736 3792 bonitatem,

2209 3822 2269 3869 ut.
2310 3813 2542 3870 auferret
2582 3815 2649 3870 ab
2683 3814 2901 3872 homine
2929 3818 2950 3848 ²
2979 3815 3396 3885 fecunditatem,
3439 3817 3735 3881 vivacitatem,

2208 3905 2490 3961 sanitatem
2514 3947 2531 3974 ,
2579 3906 2854 3978 ipsamque
2877 3907 3238 3964 substantiam
3269 3909 3428 3963 animi
3452 3917 3504 3964 et
3526 3906 3737 3978 corporis,

2208 4012 2398 4054 sensus
2423 4007 2582 4069 atque
2601 4000 2899 4064 rationem,
2930 4000 3212 4068 alimenta,
3242 4001 3571 4068 nutrimenta,
3598 3999 3738 4053 incre-

2208 4097 2390 4144 menta
2415 4104 2430 4154 ;
2462 4087 2551 4159 qui
2580 4089 2739 4144 etiam
2767 4087 2894 4144 facit
2911 4089 3042 4144 oriri
3063 4091 3239 4145 solem
3262 4106 3414 4148 suum
3441 4104 3589 4160 super
3607 4089 3741 4143 bonos

2208 4187 2263 4232 et
2289 4179 2491 4244 malos,
2533 4187 2587 4233 et
2609 4179 2742 4249 pluit
2763 4194 2925 4250 super
2947 4180 3121 4251 justos
3151 4189 3210 4236 et
3238 4181 3458 4252 injustos
3487 4179 3673 4250 (Matth.
3697 4192 3738 4242 v,

2208 4270 2298 4341 45)
2326 4311 2341 4337 ,
2385 4278 2440 4326 ct
2483 4270 2738 4342 quidquid
2787 4272 2914 4328 boni
2960 4281 3043 4328 est
3085 4283 3294 4328 natura:
3340 4273 3576 4328 humana:
3605 4285 3630 4324 a
3655 4269 3740 4324 Deo

2207 4361 2379 4427 bono,
2416 4361 2575 4416 etiam
2609 4361 2665 4417 in
2706 4362 2812 4418 illis
2841 4363 3144 4420 hominibus
3175 4363 3198 4396 ⁸
3225 4366 3316 4436 qui
3341 4380 3448 4420 non
3484 4361 3740 4418 liberabun-

2209 4459 2295 4506 tur
2320 4467 2351 4505 a
2377 4452 2538 4507 malo.

2277 4541 2367 4596 22.
2401 4542 2738 4614 Voluptatem
2784 4551 2962 4599 tamen
2991 4545 3090 4601 iste
3115 4555 3172 4601 et
3213 4547 3301 4602 hic
3325 4545 3481 4612 dixit,
3529 4546 3636 4617 quia
3669 4558 3746 4614 po-

2211 4643 2314 4691 test
2339 4635 2576 4706 voluptas
2605 4645 2660 4692 et
2686 4636 2910 4692 honesta
2938 4653 3096 4703 esse;
3147 4655 3256 4694 non
3295 4639 3426 4694 dixit
3461 4638 3621 4693 carnis
3643 4650 3746 4691 con-

2207 4727 2591 4798 cupiscentiam
2619 4769 2634 4795 ,
2671 4729 2755 4784 vel
2779 4729 3092 4796 libidinem,
3129 4747 3249 4801 qua:
3275 4730 3514 4801 pudenda
3537 4737 3612 4785 est
3637 4746 3650 4782 :
3671 4726 3746 4782 sed

2207 4819 2262 4874 in
2301 4820 2749 4891 consequentibus
2791 4821 3001 4891 aperuit
3029 4823 3408 4878 verecundiam
3455 4836 3626 4888 suam,
3667 4831 3748 4874 nec

2207 4911 2545 4968 dissimulare
2590 4913 2762 4983 potuit
2787 4913 2856 4968 ab
2879 4929 2974 4981 eo,
3008 4913 3150 4984 quod
3179 4915 3440 4970 violenter
3463 4915 3570 4985 ipsa
3594 4921 3746 4966 natura

2209 5003 2554 5074 praescripsit.
2589 5022 2608 5056 t
2647 5005 2712 5060 Et
2741 5005 2888 5071 illud,
2929 5025 2948 5058 ι
2989 5005 3179 5077 inquit,
3217 5026 3236 5058 ι
3283 5005 3492 5076 Pr0pter
3513 5003 3745 5058 hocrelin-

2207 5103 2322 5166 quet
2347 5095 2496 5149 homo
2525 5105 2720 5167 patrem
2741 5105 2788 5150 et
2823 5107 3065 5164 matrem,
3111 5106 3158 5152 et
3185 5097 3464 5152 adluerebit
3487 5095 3624 5150 uxori
3643 5106 3747 5156 suae;

2205 5187 2254 5234 et
2291 5188 2435 5234 erunt
2459 5181 2560 5234 duo
2599 5183 2650 5236 in
2670 5197 2820 5235 carne
2839 5198 2942 5234 una
2977 5199 2995 5233 ι
3032 5179 3182 5254 (Gen.
3216 5197 3272 5246 ιι,
3299 5181 3416 5251 24).
3438 5180 3504 5235 Ει
3525 5187 3636 5250 post
3655 5177 3746 5230 huic

2207 5269 2301 5326 Dei
2325 5271 2486 5326 verba
2513 5314 2528 5339 ,
2556 5285 2650 5325 sua
2683 5272 2798 5342 ipse
2821 5271 3146 5342 subjungens
3171 5289 3184 5325 :
3221 5289 3241 5324 ε
3279 5271 3349 5327 Ut
3376 5271 3699 5342 exprimeret,
3727 5283 3744 5318 ι

2206 5363 2406 5434 inquit,
2453 5384 2471 5417 ι
2508 5365 2666 5422 fidem
2696 5382 2952 5436 operum,
2993 5367 3252 5438 propheta
3285 5381 3452 5438 prope
3492 5361 3748 5436 periculum

2206 5457 2422 5527 pudoris
2469 5459 2711 5515 accessit.
2751 5477 2770 5512 ι
2796 5457 2840 5515 Ο
2869 5467 3052 5530 aperta
3109 5475 3328 5530 prorsus
3375 5468 3428 5515 et
3470 5457 3518 5514 vi
3545 5449 3746 5512 veritatis

2211 5695 2221 5706 .
2269 5635 2293 5706 ¹,
2321 5635 2480 5706 ωερε
2500 5633 2643 5696 Paulo
2663 5632 2786 5684 infra
2812 5641 2921 5685 Lov.
2949 5641 3002 5686 et
3017 5633 3200 5700 aliquot
3217 5641 3349 5697 ms,
3373 5635 3424 5686 in
3445 5630 3690 5698 captivitate
3705 5629 3746 5679 et

2203 5709 2252 5868 ἴ,
2268 5701 2523 5827 inﬁdae:
2565 5757 2788 5823 plerique
2831 5765 2958 5821 Mss,
2999 5758 3256 5810 hominum.
3297 5761 3600 5822 Benignisnus
3617 5752 3708 5808 cod.
3726 5779 3742 5810 s

2220 5833 2406 5868 tom-me.

2220 5833 2457 5942 ωῗιὲᾞίιι,
2482 5889 2610 5944 post,
2635 5881 2918 5942 hominibus,
2945 5883 3140 5946 addunt:
3164 5891 3248 5934 εδι-
