3938 6504
221 393 286 452 “9
965 411 968 416 λ
1191 404 1193 407 ·
1491 379 1697 439 LIBER
1731 383 1769 442 S

1877 383 2108 469 UNDUS.

216 511 360 564 extorta
381 497 676 558 confessio!
703 498 974 573 Propheta
989 510 1138 570 ergo,
1159 501 1218 554 ut
1236 495 1559 568 exprimeret
1574 495 1736 553 (idem

219 611 394 672 operum,
418 608 586 665 prope
606 595 910 665 periculum
939 592 1150 665 pudoris
1175 591 1423 658 accessit,
1438 590 1561 663 quia
1581 590 1733 658 dixit,

221 691 332 752 Erunt
355 686 452 741 duo
480 687 536 739 in
577 703 736 741 carne
775 703 917 754 una,
965 685 1051 739 ubi
1095 683 1528 740 commixtionem
1575 684 1740 738 maris

215 794 252 839 ct
266 781 443 835 feminae
468 777 697 848 intelligi
731 778 922 833 voluit.
969 776 1181 830 Dicatur
1208 789 1368 831 causa
1394 816 1410 842 ,
1438 789 1534 830 cur
1558 773 1612 828 in
1643 789 1741 830 ex-

209 869 444 944 primendis
468 869 729 938 operibus
758 869 890 934 Dei,
932 865 1189 937 prOpheta
1231 879 1400 935 prOpe
1440 864 1738 936 periculum

205 961 375 1037 pudoris
421 961 736 1016 accesserit.
788 960 934 1016 Itane
977 973 1104 1015 vero
1152 957 1384 1012 humana
1430 973 1594 1027 Opera
1640 973 1743 1029 pu-

204 1055 336 1111 deuda
362 1067 481 1107 esse
509 1068 619 1107 non
646 1052 883 1119 debent,
918 1049 1011 1106 sed
1043 1050 1196 1120 plane
1223 1048 1498 1119 glorianda
1520 1090 1535 1115 ,
1583 1057 1636 1104 et
1664 1048 1745 1103 di-

203 1148 290 1200 vina
318 1143 556 1216 pudenda
597 1144 763 1199 sunt?
816 1144 958 1198 Itane
981 1157 1108 1197 vero
1138 1141 1190 1195 in
1220 1141 1532 1212 eloquendis
1570 1149 1624 1196 et
1649 1158 1745 1198 ex-

205 1235 452 1309 primendis
501 1235 757 1306 operibus
807 1235 940 1301 Dei,
991 1249 1094 1287 non
1141 1231 1748 1302 honoratur'propbetze

204 1330 264 1385 vel
280 1343 417 1383 amor
428 1327 513 1382 vel
543 1326 714 1392 labor,
737 1326 831 1382 sed
859 1325 1189 1397 periclitatur
1209 1322 1420 1394 pudor?
1446 1323 1583 1390 Quid
1607 1324 1749 1378 enim

203 1420 338 1492 potuit
360 1419 501 1473 Deus
542 1418 715 1473 facere
735 1459 752 1484 ,
784 1415 926 1488 quod
955 1416 1072 1486 ejus
1115 1415 1520 1486 praedicatorem
1553 1414 1752 1486 pudeat

202 1508 385 1565 dicere?
435 1507 527 1576 Et,
554 1507 700 1578 quod
725 1516 810 1563 est
849 1508 1059 1579 gravius
1081 1547 1098 1575 ,
1131 1506 1326 1576 pudeat
1357 1505 1627 1562 hominem
1657 1507 1754 1562 ali-

203 1601 327 1668 cujus
347 1597 524 1668 operis
542 1639 560 1665 ,
603 1597 746 1667 quod
773 1611 881 1652 non
907 1597 1065 1652 homo
1085 1636 1100 1660 ,
1131 1595 1226 1652 sed
1251 1596 1393 1652 Deus
1424 1595 1548 1653 fecit
1575 1599 1630 1652 in
1655 1595 1752 1652 lio-

202 1694 321 1749 mine
346 1708 358 1748 :
383 1705 508 1748 cum
554 1703 742 1744 omnes
782 1689 998 1760 opiﬁces
1036 1698 1235 1760 quanto
1267 1690 1284 1721 ί
1308 1699 1532 1759 possunt
1572 1688 1754 1744 labore

204 1793 245 1838 et
266 1780 513 1837 industria
536 1779 590 1835 id
618 1789 796 1850 agant,
821 1796 889 1836 ne
911 1779 979 1836 de
997 1780 1107 1835 suis
1127 1779 1381 1850 operibus
1403 1778 1754 1835 erubescant?

206 1873 294 1930 Sed
329 1871 566 1941 profecto
604 1870 733 1925 illud
759 1884 858 1926 nos
885 1872 907 1902 '
935 1870 1128 1941 pudet,
1174 1870 1316 1941 quod
1343 1869 1524 1940 puduit
1553 1869 1756 1940 primos

207 1965 308 2019 illos
344 1962 626 2029 homines,
677 1961 888 2032 quando
939 1960 1183 2031 pudenda
1231 1969 1499 2016 texerunt.
1555 1959 1647 2014 llla
1676 1967 1760 2014 est

211 2070 344 2128 pinna
371 2053 606 2124 peccati,
649 2053 734 2107 illa
775 2053 927 2123 plaga
956 2051 1340 2122 vestigiumque
1375 2051 1618 2122 peccati;
1669 2049 1758 2105 illa

216 2145 431 2202 illecebra
479 2141 754 2215 famesque
791 2144 1030 2214 peccati,
1077 2143 1168 2197 illa
1197 2143 1281 2198 lex
1311 2142 1366 2198 in
1395 2141 1648 2197 membris
1674 2155 1759 2197 re-

226 2252 430 2310 pugnans
455 2235 558 2306 legi
585 2236 802 2301 mentis,
833 2235 923 2289 illa
951 2250 1017 2290 ex
1040 2233 1196 2290 nobis
1223 2233 1353 2304 ipsis
1381 2233 1636 2288 adversus
1660 2245 1761 2287 nos

228 2331 352 2400 ipsos
371 2326 708 2382 inobedientia
731 2368 748 2392 ,
771 2326 1069 2396 justissimo
1093 2325 1422 2396 reciprocat"
1452 2323 1764 2379 inobedien-

226 2420 346 2475 tibus
366 2417 576 2473 reddita.
606 2416 772 2488 Hujus
797 2431 895 2472 nos
919 2416 1103 2487 pudet,
1133 2423 1188 2472 et
1215 2416 1404 2471 merito
1424 2414 1603 2486 pudet.
1627 2412 1761 2468 Nam

215 2511 256 2567 si
280 2510 372 2567 boc
393 2525 490 2565 non
508 2520 672 2578 esset,
689 2509 817 2581 quid
841 2508 997 2564 nobis
1018 2517 1161 2565 esset
1180 2508 1453 2580 ingratius,
1483 2506 1606 2578 quid
1631 2506 1766 2562 irre-

217 2603 458 2674 ligiosius,
502 2601 547 2656 si
580 2601 631 2655 in
662 2600 918 2655 membris
946 2600 1141 2655 nostris
1159 2641 1176 2668 ,
1207 2614 1316 2653 non
1343 2598 1409 2654 de
1434 2597 1561 2653 vitio
1586 2597 1669 2651 vel
1696 2595 1765 2652 de

219 2707 364 2763 poena
387 2699 576 2756 nostra,
605 2690 699 2746 sed
727 2689 798 2746 de
824 2690 920 2745 Dei
947 2689 1398 2747 eonfunderemur
1423 2685 1716 2758 operibus?

287 2782 498 2840 CAPUT
531 2782 595 2839 Χ.
630 2813 702 2824 -
745 2781 839 2838 25.
870 2781 1008 2838 Dicit
1035 2781 1193 2837 etiam
1244 2781 1342 2835 iste
1378 2780 1540 2835 multa
1570 2777 1766 2834 frustra

232 2874 301 2931 de
328 2873 566 2930 Abraham
589 2881 638 2929 et
663 2873 818 2943 Sara,
845 2871 1112 2943 quomodo
1143 2885 1210 2926 ex
1235 2868 1646 2939 repromissione
1675 2882 1767 2923 ac-

242 2967 458 3039 ceperint
477 2965 661 3033 ﬁlium;
684 2975 740 3022 et
757 2965 969 3021 tandem
994 2963 1472 3035 concupiscentiam
1493 2961 1730 3018 nominat
1750 2979 1765 3015 :

237 3075 339 3115 non
366 3069 518 3114 tamen
543 3058 686 3114 addit
713 3060 894 3113 carnis
917 3100 932 3124 ,
973 3058 1096 3129 quia
1132 3057 1246 3127 ipsa
1276 3055 1522 3127 pudenda
1557 3063 1660 3112 est.
1711 3053 1769 3109 ln

229 3149 641 3217 concupiscentiae
669 3155 849 3203 autem
877 3148 1091 3204 nomine
1123 3146 1407 3217 aliquando
1433 3143 1772 3216 gloriandum

223 3251 300 3297 est
327 3259 342 3295 :
365 3242 475 3311 quia
498 3251 584 3296 est
609 3250 664 3296 et
679 3241 1105 3312 concupiscentia
1131 3239 1350 3310 spiritus
1374 3239 1628 3294 adversus
1657 3252 1775 3294 car-

223 3347 335 3386 nem
362 3331 545 3404 (Galat.
580 3347 650 3395 v,
684 3333 776 3402 l7)
801 3372 817 3397 ,
866 3340 949 3388 est
972 3341 1026 3387 et
1048 3330 1474 3400 concupiscentia
1502 3329 1774 3399 sapientiae

223 3426 369 3496 (Sap.
395 3441 446 3482 vi
467 3469 483 3494 ,
509 3426 624 3499 21).
662 3426 754 3482 Ait
781 3441 908 3497 ergo
938 3445 953 3480 :
989 3443 1008 3478 ς
1043 3424 1202 3481 Certe
1230 3423 1365 3478 banc
1391 3423 1773 3493 concupiscen-

219 3516 337 3571 tiam
365 3519 477 3572 sine
501 3533 604 3588 qua
629 3517 775 3573 nulla
796 3515 1089 3573 fecunditas
1108 3523 1190 3571 est
1213 3557 1228 3583 ,
1250 3516 1444 3570 malam
1469 3514 1490 3546 ³
1525 3513 1778 3568 naturali-

222 3619 298 3663 ter
320 3607 545 3664 deﬁnisti
578 3629 592 3664 :
624 3611 769 3666 unde
793 3625 920 3681 ergo
949 3625 1047 3680 per
1071 3609 1269 3664 donum
1296 3609 1517 3665 caeleste
1543 3609 1597 3663 in
1621 3607 1772 3664 seni-

218 3699 313 3754 bus
339 3701 627 3757 excitatur?
683 3703 875 3756 Astrue
916 3700 1024 3771 jam
1064 3700 1199 3765 hoc,
1248 3700 1292 3754 si
1317 3707 1471 3771 potes
1495 3739 1512 3766 ,
1555 3698 1622 3753 ad
1646 3711 1780 3768 opus

219 3789 406 3847 diaboli
430 3794 697 3862 pertinere
715 3834 730 3859 ,
757 3791 898 3864 quod
926 3792 1090 3848 Deum
1117 3791 1264 3848 vides
1283 3791 1526 3848 conferre
1552 3806 1649 3862 pro
1675 3806 1783 3846 mu-

220 3897 362 3939 nere.
399 3903 419 3936 ι
450 3884 524 3939 Ita
548 3885 651 3941 hoc
680 3884 826 3952 dicit,
857 3887 1003 3956 quasi
1024 3885 1450 3957 concupiscentia
1474 3885 1653 3940 carnis
1678 3883 1784 3940 illis

219 3983 339 4029 ante
364 3973 621 4044 defuerit,
657 3986 712 4032 et
747 3976 885 4032 banc
911 3978 990 4032 eis
1016 3977 1290 4032 donaverit
1311 3977 1454 4032 Deus
1480 3994 1494 4031 :
1520 3992 1640 4047 qua:
1657 3990 1786 4048 pro-

220 4066 301 4119 cul
330 4065 490 4121 dubio
518 4066 696 4122 inerat
725 4068 776 4122 in
811 4083 1032 4138 corpore
1055 4068 1241 4123 mortis
1263 4067 1419 4138 hujus
1441 4085 1457 4134 ;
1483 4067 1579 4124 sed
1604 4067 1788 4123 fecun-

220 4155 356 4211 ditas
377 4155 583 4224 defuit,
626 4157 776 4228 cujus
816 4167 1000 4214 auctor
1028 4167 1109 4214 est
1136 4159 1275 4214 Deus
1299 4199 1314 4225 ,
1360 4166 1416 4214 et
1443 4158 1556 4229 ipsa
1587 4157 1784 4214 donata

220 4256 301 4302 est
339 4247 548 4317 quando
592 4249 758 4303 votuit
800 4249 958 4304 Deus.
1005 4249 1158 4305 Absit
1199 4258 1378 4304 autem
1421 4257 1478 4303 ut
1523 4248 1784 4316 dicamus,

222 4337 358 4406 quod
386 4352 484 4392 nos
513 4337 722 4408 putavit
748 4351 868 4394 esse
886 4337 1138 4407 dicturos,
1167 4338 1312 4394 Isaac
1331 4339 1446 4395 sine
1473 4337 1789 4395 concubitus

223 4430 398 4484 calore
419 4438 752 4500 generatum.

288 4519 516 4577 CAPUT
541 4519 632 4579 XI.
656 4551 725 4563 —
748 4522 838 4578 2d.
864 4522 967 4579 Sed
992 4524 1104 4594 ipse
1123 4524 1230 4594 jam
1259 4523 1418 4590 dicat,
1438 4537 1602 4594 quare
1628 4524 1792 4578 inter-

225 4612 326 4667 iret
363 4614 539 4668 anima
568 4615 684 4684 ejus
723 4614 790 4670 de
834 4630 1026 4687 genere
1061 4631 1194 4683 suo,
1238 4615 1284 4671 si
1319 4615 1666 4674 circumcisus
1706 4613 1792 4669 die

227 4717 330 4758 non
361 4713 504 4761 esset
521 4714 712 4762 octavo
743 4723 757 4760 :
789 4706 915 4777 quid
945 4709 1054 4777 ipse
1079 4717 1374 4778 peccasset,
1400 4707 1525 4780 quid
1544 4706 1795 4763 offendis-

226 4804 308 4849 set
339 4795 508 4851 Deum
531 4838 548 4863 ,
595 4805 652 4851 ut
675 4797 743 4852 de
775 4797 944 4852 aliena
971 4799 1022 4852 in
1047 4813 1105 4854 se
1130 4800 1443 4870 negligentia
1478 4807 1586 4854 tam
1609 4812 1795 4855 severa

228 4888 494 4942 sententia
521 4887 800 4957 puniretur
817 4927 834 4954 ,
866 4887 912 4942 si
935 4889 1130 4944 nullum
1157 4900 1297 4946 esset
1323 4891 1583 4962 originale
1611 4903 1798 4960 pecca-

233 4978 391 5032 tum?
436 4978 514 5034 De
558 4978 998 5034 circumcidendis
1047 4983 1184 5036 enim
1230 4983 1370 5038 Deus
1411 4983 1488 5038 sic
1528 4981 1799 5037 mandavit

234 5065 521 5122 infantibus
548 5083 562 5120 :
599 5065 858 5122 Masculus
900 5070 981 5140 qui
1016 5085 1116 5124 non
1149 5071 1526 5126 circumcidetnr
1550 5087 1753 5126 carnem
1775 5068 1800 5102 δ

235 5159 470 5228 prcputii
508 5159 588 5214 sui
613 5169 787 5214 octavo
814 5160 923 5228 die,
953 5161 1182 5234 disperiet
1211 5163 1378 5217 anima
1407 5164 1512 5233 ejus
1536 5164 1598 5216 de
1625 5178 1802 5234 genere

237 5264 348 5314 suo,
377 5251 495 5323 quia
520 5260 865 5306 testamentum
886 5269 1044 5306 meum
1065 5253 1320 5322 dissipavit
1349 5251 1496 5326 (Gen.
1526 5270 1653 5320 xvn,
1685 5252 1798 5324 14).

240 5337 392 5393 Dicat
413 5341 535 5405 iste,
565 5341 608 5396 si
635 5349 844 5411 potest,
871 5343 1130 5410 quomodo
1159 5358 1287 5413 puer
1312 5345 1400 5399 ille
1426 5352 1802 5400 testamentum

242 5429 334 5485 Dei
363 5430 670 5502 dissipavit,
713 5441 833 5488 octo
852 5431 1075 5501 dierum,
1103 5445 1355 5505 quantum
1382 5437 1448 5491 ad
1476 5438 1645 5506 ipsum
1677 5448 1802 5505 pro-

244 5521 361 5585 prie
385 5523 613 5588 attinet,
641 5523 896 5578 innocens
923 5522 1090 5580 infans
1123 5544 1137 5582 :
1172 5535 1226 5582 et
1262 5535 1434 5583 tamen
1465 5527 1612 5582 nullo
1645 5525 1805 5582 modo

306 5657 328 5718 ξ
364 5656 574 5718 Potiores
594 5662 723 5716 Mss.,
741 5661 980 5718 quartum.

307 5717 332 5777 ε
362 5717 577 5765 Nonnulli
598 5725 732 5777 55s.,
749 5717 890 5767 nunc.

315 5776 340 5837 Ρ
368 5781 494 5837 Lov.,
508 5775 712 5827 malum.

316 5835 342 5868 ⁸
371 5843 444 5887 Er.
473 5835 621 5902 Lugd.
645 5847 766 5889 ven.
793 5846 842 5890 et
862 5845 1166 5903 Im.,carne.
1230 5850 1287 5894 tt.

213 5928 284 5986 ί

1845 497 1988 553 Deus
2007 498 2090 553 vel
2112 507 2293 556 sancta
2312 500 2580 574 Scriptura
2599 499 2652 557 id
2677 500 3001 560 mendaciter
3023 502 3244 562 diceret.
3260 507 3413 568 Tunc

1843 603 1973 660 ergo
1998 589 2273 660 dissipavit
2297 601 2670 651 testamentum
2697 597 2828 666 Dei,
2878 612 2983 652 non
3007 596 3109 654 hoc
3136 598 3203 654 de
3241 599 3413 670 impe-

1847 691 1961 737 rata
1987 683 2422 752 circumcisione,
2473 686 2566 741 sed
2613 688 2740 743 illud
2779 688 2848 745 de
2886 688 3011 759 ligni
3039 690 3414 761 prohibitione,

1846 772 2061 843 quando
2089 790 2177 845 per
2210 790 2364 828 unum
2398 776 2645 832 hominem
2683 787 2938 848 peccatum
2973 779 3174 834 intravit
3198 781 3252 835 in
3274 798 3420 837 mann

1847 864 1969 918 dum
1991 905 2008 932 ,
2038 872 2084 918 et
2118 881 2207 934 per
2229 874 2483 936 peccatum
2521 883 2692 933 more;
2737 878 2784 922 et
2807 869 2876 921 ita
2898 870 2950 923 in
2988 887 3158 925 omnes
3195 873 3422 928 homines

1849 955 2175 1027 pertransiit,
2216 959 2269 1011 in
2296 973 2393 1024 quo
2419 973 2588 1014 omnes
2628 970 2973 1029 peccaverunt.
3019 963 3086 1016 Et
3118 962 3221 1018 hoc
3249 965 3302 1020 in
3333 965 3423 1020 illo

1849 1046 2247 1118 signiﬁcabatur
2271 1047 2474 1116 expiari
2510 1049 2910 1105 circumcisione
2944 1052 3112 1106 octavi
3147 1053 3277 1119 diei,
3320 1054 3424 1111 hoc

1850 1145 1966 1204 est,
2021 1148 2354 1194 sacramento
2393 1137 2700 1193 Mediatoris
2741 1141 2793 1194 in
2821 1154 2984 1196 carne
3022 1144 3272 1198 venturi:
3302 1145 3426 1215 quia

1850 1242 1946 1298 per
1973 1227 2214 1283 eamdem
2243 1227 2399 1282 ﬁdem
2430 1229 2634 1282 venturi
2663 1229 2717 1283 in
2739 1244 2898 1284 carne
2925 1228 3158 1296 Christi,
3190 1239 3246 1286 et
3271 1234 3426 1288 mori-

1852 1319 1957 1373 turi
1985 1333 2082 1388 pro
2107 1318 2258 1374 nobis
2282 1360 2298 1386 ,
2328 1328 2382 1373 et
2407 1319 2563 1375 tertio
2583 1319 2699 1386 die,
2730 1320 2819 1390 qui
2848 1330 2968 1390 post
2996 1323 3276 1392 septimum
3303 1323 3428 1377 sab-

1851 1408 1961 1464 bati
1989 1409 2162 1464 fuerat
2183 1407 2390 1464 futurus
2413 1417 2660 1474 octavus,
2694 1413 3076 1476 resurrecturi,
3104 1412 3263 1467 etiam
3295 1413 3428 1482 justi

1853 1500 2196 1556 salvabantur
2239 1501 2464 1572 antiqui.
2511 1500 2760 1557 Traditus
2785 1511 2866 1556 est
2892 1501 3034 1557 enim
3075 1509 3295 1572 propter
3333 1502 3431 1558 de-

1855 1592 1978 1648 licta
2022 1601 2235 1659 nostra,
2291 1600 2345 1646 et
2390 1593 2684 1648 resurrexit
2733 1601 2950 1662 propter
2995 1592 3433 1662 justiﬁcationem

1854 1693 2110 1740 nostram.
2165 1684 2247 1740 Ex
2285 1699 2390 1755 quo
2429 1684 2572 1740 enim
2624 1683 2861 1739 instituta
2901 1691 2984 1738 est
3029 1684 3358 1739 circumcisio
3381 1683 3435 1738 in

1856 1774 2052 1845 populo
2082 1774 2208 1841 Dei,
2239 1773 2381 1844 quod
2407 1782 2524 1830 erat
2552 1784 2678 1829 tunc
2715 1774 3040 1844 signaculum
3064 1773 3284 1842 justitia:
3310 1773 3436 1829 ﬁdei

1859 1864 2034 1935 (Rom.
2063 1880 2145 1932 Iv,
2167 1864 2270 1930 25,
2304 1863 2423 1936 ll),
2453 1865 2524 1919 ita
2555 1866 2572 1896 ί
2603 1864 2668 1919 ad
2694 1865 3134 1935 significationem
3168 1867 3438 1935 purgatio-

1861 1956 1943 2011 nis
1968 1956 2179 2012 valebat
2206 1965 2260 2011 et
2302 1957 2354 2012 in
2396 1957 2628 2026 parvulis
2659 1957 2932 2028 originalis
2974 1958 3275 2028 veterisque
3310 1972 3434 2028 pec-

1859 2049 1983 2112 cati,
2012 2048 2149 2102 sicut
2177 2056 2230 2104 ct
2257 2047 2556 2118 Baptismus
2579 2063 2645 2103 ex
2671 2047 2762 2102 illo
2802 2049 2978 2103 valere
3001 2049 3165 2119 cmpit
3190 2049 3256 2103 ad
3284 2048 3439 2104 inno-

1863 2137 2132 2193 vationem
2157 2137 2408 2204 hominis,
2425 2153 2492 2194 ex
2518 2152 2622 2208 quo
2641 2147 2723 2193 est
2742 2138 3033 2193 institutus.
3057 2137 3132 2210 (a)
3159 2137 3273 2194 Non
3294 2137 3439 2208 quod

1862 2236 1986 2284 ante
2028 2229 2484 2286 circumcisionem
2525 2229 2728 2297 justitia
2778 2229 2896 2284 ﬁdei
2939 2230 3080 2284 nulla
3112 2239 3265 2296 erat;
3311 2243 3440 2285 nam

1863 2338 1984 2378 cum
2013 2323 2186 2378 adhuc
2212 2331 2354 2378 esset
2390 2323 2443 2377 in
2474 2323 2764 2392 praeputio,
2798 2337 2861 2376 ex
2893 2320 2995 2377 ﬁde
3019 2320 3339 2390 jnstiﬁcatus
3360 2328 3445 2377 est

1865 2417 1979 2487 ipse
2006 2416 2272 2472 Abraham
2293 2457 2309 2484 ,
2350 2425 2502 2487 pater
2527 2415 2762 2486 gentium
2790 2429 2908 2484 quae
2947 2414 3106 2468 ﬁdem
3134 2413 3300 2482 ipsius
3331 2411 3446 2467 fue-

1866 2516 1989 2561 rant
2026 2515 2305 2561 sectaturae
2339 2524 2352 2560 :
2384 2505 2478 2559 scd
2521 2503 2882 2573 superioribus
2919 2502 3250 2571 temporibus
3296 2502 3447 2556 omni

1867 2594 2584 2651 modolatuitsacramentum
2597 2593 2987 2663 justiﬁcationis
3012 2608 3074 2646 ex
3094 2592 3218 2648 fide.
3244 2591 3446 2647 Eadem

1869 2696 2046 2742 tamen
2072 2687 2201 2742 fides
2224 2686 2526 2740 Mediatoris
2544 2686 2725 2740 salvos
2744 2683 2918 2755 justos
2937 2683 3164 2739 faciebat
3179 2685 3447 2754 antiquos,

1869 2779 2090 2851 pusillos
2121 2793 2244 2834 cum
2272 2777 2506 2848 magnis;
2549 2791 2656 2830 non
2693 2785 2848 2830 vetus
2873 2774 3269 2829 Testamentum
3310 2774 3454 2844 quod

1869 2875 1923 2927 in
1951 2871 2261 2926 servitutem
2291 2877 2508 2939 generat
2533 2865 2728 2939 (Gatat.
2760 2882 2812 2921 tv
2831 2907 2847 2933 ,
2877 2865 2972 2935 24)
2997 2906 3012 2930 ,
3060 2879 3169 2920 non
3207 2865 3292 2919 lex
3334 2879 3455 2934 qua:

1870 2979 1976 3018 non
2003 2963 2080 3016 sic
2117 2970 2200 3016 est
2223 2960 2343 3015 data
2367 3001 2382 3028 ,
2412 2975 2528 3030 qua:
2563 2966 2743 3030 posset
2767 2957 3032 3012 viviﬁcare
3057 2954 3170 3026 (Id.
3203 2971 3261 3010 ιιι
3285 2995 3299 3021 ,
3330 2954 3450 3028 21),

1871 3056 1966 3113 sed
2008 3055 2174 3127 gratia
2206 3053 2298 3110 Dei
2339 3068 2434 3124 per
2473 3052 2652 3108 Jesum
2698 3050 2966 3106 Christum
3019 3047 3299 3102 Dominum
3347 3061 3449 3100 no-

1872 3160 2038 3206 strum
2071 3146 2248 3220 (Rom.
2273 3159 2349 3202 vn
2371 3187 2386 3213 ,
2411 3144 2526 3214 25).
2559 3142 2689 3210 Quia
2719 3142 2857 3197 sicut
2889 3139 3154 3195 credimus
3183 3152 3283 3193 nos
3302 3136 3460 3192 Chri-

1874 3250 2012 3296 stum
2041 3240 2094 3296 in
2127 3251 2292 3294 carne
2331 3236 2542 3290 venisse
2562 3275 2578 3300 ,
2622 3233 2700 3287 sic
2739 3231 2817 3287 illi
2845 3238 3122 3285 venturum
3153 3246 3167 3282 :
3197 3228 3334 3282 sicut
3361 3240 3461 3283 nos

1874 3341 2176 3400 mortuum,
2238 3329 2310 3384 ita
2354 3327 2426 3382 illi
2471 3325 2785 3381 moriturum
2823 3340 2838 3376 :
2880 3321 3017 3376 sicut
3055 3335 3154 3377 nos
3209 3335 3453 3376 resurre-

1876 3424 2054 3490 xisse,
2103 3423 2174 3477 ita
2211 3420 2289 3476 illi
2332 3424 2752 3474 resurrecturum
2783 3430 2797 3467 :
2824 3421 2878 3467 et
2915 3425 3013 3465 nos
3035 3423 3160 3465 vero
3179 3417 3234 3465 et
3258 3408 3356 3476 illi,
3393 3405 3463 3463 ad
3491 3439 3505 3449 -

1873 3513 2128 3584 judicium
2156 3521 2486 3566 mortuorum
2508 3508 2855 3574 vivorumque
2877 3511 3180 3557 venturum.
3201 3499 3318 3557 Non
3335 3512 3465 3570 ergo

1881 3607 1986 3661 iste
2023 3604 2308 3659 humanam
2357 3600 2497 3656 male
2545 3595 2884 3653 defendendo
2927 3592 3182 3664 impediat
3222 3607 3253 3647 a
3293 3591 3465 3647 salute

1881 3709 2124 3754 naturam
2161 3715 2174 3751 :
2205 3696 2328 3767 quia
2357 3709 2544 3750 omnes
2571 3693 2670 3747 sub
2699 3699 2917 3762 peccato
2953 3689 3222 3745 nascimur
3241 3729 3256 3755 ,
3288 3695 3342 3741 et
3367 3699 3463 3756 per

1882 3807 2047 3847 unum
2077 3788 2282 3852 solum,
2324 3787 2414 3858 qui
2443 3787 2559 3842 sine
2587 3791 2805 3855 peccato
2833 3794 2988 3836 natus
3015 3787 3126 3845 est,
3157 3778 3466 3832 liberamur.

1954 3879 2179 3938 CAPUT
2219 3877 2411 3933 Xll.—
2435 3877 2524 3932 25.
2569 3892 2589 3927 ι
2623 3874 2757 3940 lsta,
2785 3891 2803 3924 ι
2855 3871 3086 3942 ἱηᾳυίι,σ
3107 3886 3126 3920 ι
3157 3879 3464 3936 corporum,

1885 3972 2212 4039 commixtio,
2239 3985 2360 4026 cum
2385 3969 2586 4033 calore,
2613 3981 2735 4021 cum
2763 3965 3056 4033 voluptate,
3087 3975 3208 4016 cum
3237 3959 3465 4026 semine,

1887 4083 1918 4122 a
1945 4068 2054 4122 Deo
2077 4065 2237 4129 facta,
2265 4071 2320 4120 et
2345 4077 2442 4134 pro
2484 4075 2581 4117 suo
2608 4058 2768 4115 modo
2796 4054 3078 4111 laudabilis
3119 4053 3468 4124 approbatur,

1889 4174 2008 4230 quae
2023 4155 2304 4228 aliquando
2319 4155 2479 4208 etiam
2495 4153 2730 4221 amplum
2751 4148 2978 4206 efﬁcitur
2996 4161 3187 4202 munus
3204 4146 3430 4215 piorum.
3443 4162 3466 4197 ι

1891 4251 2081 4316 Dixit,
2137 4269 2156 4303 ‹
2190 4264 2313 4304 cum
2358 4247 2574 4313 calore;
2607 4262 2627 4296 ι
2677 4242 2830 4306 dixit,
2885 4260 2904 4294 α
2941 4255 3063 4297 cum
3106 4239 3408 4308 voluptate;
3445 4253 3468 4289 ι

1891 4342 2044 4407 dixit,
2080 4359 2101 4395 ι
2134 4355 2252 4395 cum
2278 4338 2482 4394 semine
2511 4355 2523 4390 :
2561 4354 2581 4389 ι
2611 4349 2718 4390 non
2754 4341 2930 4388 tamen
2961 4331 3142 4387 dicere
3171 4342 3332 4384 ausus
3360 4333 3468 4395 est,

1893 4435 2025 4491 Cum
2047 4432 2300 4496 libidine;
2333 4444 2518 4500 quare,
2551 4427 2656 4483 nisi
2687 4427 2810 4494 quia
2853 4424 3133 4479 nominare
3181 4418 3471 4484 erubescit,

1893 4539 2052 4595 quam
2079 4521 2296 4576 laudare
2324 4535 2429 4574 non
2455 4516 2723 4574 erubescit
2749 4515 2805 4570 "l
2824 4513 3013 4569 Munus
3039 4516 3218 4566 autem
3260 4507 3470 4577 piorum

1896 4613 2204 4687 propagatio
2231 4621 2315 4668 est
2348 4608 2570 4666 fecunda
2602 4606 2853 4670 filiorum,
2887 4618 2992 4658 non
3045 4598 3339 4655 commotio
3382 4611 3480 4667 pu-

1897 4704 2070 4762 denda
2091 4701 2452 4759 membrorum
2480 4717 2494 4755 :
2525 4712 2682 4770 quam
2707 4711 2814 4751 non
2843 4694 3064 4749 haberet
3087 4691 3141 4746 in
3161 4687 3478 4761 generandis

1899 4799 2024 4855 ﬁliis
2046 4805 2236 4852 natura
2262 4809 2412 4861 sana,
2443 4805 2586 4848 nunc
2609 4800 2787 4845 autem
2808 4785 2968 4842 habet
3012 4798 3129 4838 eam
3170 4789 3355 4836 natura
3405 4778 3480 4834 vi-

1900 4892 2048 4947 tiata.
2071 4891 2150 4945 Ac
2169 4903 2262 4958 per
2282 4887 2383 4942 hoc
2412 4893 2467 4940 ct
2494 4883 2584 4955 qui
2630 4881 2756 4936 inde
2789 4879 3024 4935 nascitur
3072 4874 3273 4944 indiget
3314 4885 3480 4928 rena-

1901 4985 1998 5049 sci,
2033 4990 2090 5036 ut
2117 4981 2186 5036 sit
2204 4977 2501 5034 membrum
2534 4971 2761 5035 Christi;
2790 4980 2844 5026 et
2882 4969 2952 5024 de
2989 4975 3098 5038 quo‘
3147 4963 3404 5029 nascitur,
3434 4960 3482 5016 si

1899 5077 2008 5147 jam
2034 5081 2251 5130 renatus
2262 5079 2377 5137 est,
2402 5068 2602 5139 indiget
2624 5063 2840 5120 liberari
2859 5062 2926 5117 ab
2951 5075 3012 5116 ea
3040 5073 3160 5130 quae
3186 5058 3240 5112 in
3256 5067 3484 5126 corpore

1905 5168 2092 5222 mortis
2117 5165 2274 5235 hujus
2313 5171 2397 5219 est
2439 5157 2554 5231 lege
2604 5156 2827 5229 peccati.
2876 5153 3008 5222 Quae
3054 5167 3178 5208 cum
3220 5149 3293 5204 ita
3349 5147 3478 5214 sint,

1906 5257 2174 5330 quomodo
2199 5253 2436 5325 adjungit
2463 5260 2517 5307 et
2539 5249 2686 5316 dicit,
2713 5265 2733 5299 ‹
2769 5242 3085 5302 Conﬁtearis
3106 5255 3234 5311 ergo
3261 5249 3484 5330 necessc

1909 5325 2010 5415 est,
2039 5345 2296 5420 originale
2322 5343 2464 5417 quod
2507 5341 2758 5404 ﬁnxeras,
2797 5336 3069 5392 interiisse
3114 5325 3426 5420 peccatum?
3458 5333 3480 5378 ι

1909 5414 2025 5496 Non
2044 5414 2150 5510 ego
2163 5437 2290 5493 finxi
2310 5414 2566 5506 originale
2588 5437 2885 5504 peccatum,
2906 5424 3046 5497 quod
3067 5419 3328 5479 catholica
3356 5414 3487 5471 fides

1976 5577 1992 5607 ¹
2014 5581 2077 5624 Ex
2102 5571 2394 5642 Beniguiano
2415 5573 2496 5619 Its.
2520 5565 2740 5617 addimus
2757 5599 2773 5626 ,
2811 5563 2915 5623 ita;
2950 5569 3140 5610 necnon
3168 5550 3446 5618 particulam
3467 5587 3487 5615 ,

1912 5637 1982 5699 in,
2001 5643 2136 5694 ante,
2160 5631 2386 5698 parvulis.
2567 5698 2570 5699 ν
2589 5698 2594 5699 γ
2842 5687 2852 5697 ,
2875 5698 2878 5699 ν

1978 5677 2136 5746 τ’λὶὗῖ
2157 5677 2233 5744 ιῖιῖ
2253 5677 2520 5744 ’ξῖὃίηηρε
2560 5698 2668 5740 Mss.
2684 5723 2701 5750 ,
2725 5687 2970 5737 nominare
3005 5677 3236 5732 erubescit
3255 5715 3269 5741 ,
3289 5677 3492 5729 laudare

1913 5772 2008 5810 non
2022 5756 2254 5809 erubescit
2274 5767 2290 5817 ,°
2313 5755 2508 5813 omisso,
2533 5763 2692 5816 quam.

1966 5843 2054 5908 .(a)
2073 5840 2204 5907 Apud
2227 5848 2325 5889 Am.
2362 5845 2414 5888 et
2434 5843 2506 5885 t‘r.
2535 5837 2699 5897 incipit.
2721 5833 2798 5882 hic
2819 5835 2960 5894 caput
2986 5826 3060 5878 12.
