3938 6512
213 431 283 490 ‘33
1514 420 1712 478 LIBER
1749 415 2120 476 SECUNDUS.

208 564 283 610 nas,
302 558 390 596 non
412 557 604 612 corpus
624 545 772 614 quod
795 549 1018 618 futurum
1049 550 1120 598 est
1150 543 1386 607 seminus,
1429 541 1518 595 secl
1556 539 1749 594 nudum

204 653 387 713 granum,
432 639 542 707 fere
568 639 752 704 tritici,
781 649 868 692 aut
888 638 1104 708 alicujus
1130 649 1443 692 cmterorum.
1474 635 1564 690 His
1609 651 1746 706 pra:-

202 729 434 790 termissis,
459 728 566 783 iste
586 730 870 785 contexuit
897 729 1035 800 quod
1057 729 1254 784 deinde
1287 729 1414 783 dicit
1439 725 1744 796 Apostolus,

198 823 300 878 Πρω
315 830 480 874 autem
505 821 586 874 illi
617 822 709 875 dat
738 837 921 892 corpus
945 830 1093 893 prout
1121 822 1246 887 vult,
1295 830 1345 875 et
1379 820 1643 890 unicuique
1670 833 1753 872 se-

195 915 342 967 minum
367 913 647 981 proprium
682 929 872 984 corpus
915 911 958 985 (Ι
979 912 1095 967 Cor.
1129 928 1216 979 xv,
1248 911 1460 985 56-38);
1499 920 1748 980 tanquam

194 1006 240 1060 de
263 1005 648 1061 concumbente
671 1007 890 1061 homine
911 1007 1104 1061 dixerit
1133 1007 1440 1076 Apostolus,
1469 1003 1742 1076 Iusipieus,

191 1109 230 1153 ιι
252 1097 368 1167 quod
386 1099 618 1153 seminus
647 1116 749 1152 non
774 1100 1054 1168 viviﬁcatur
1077 1115 1098 1155 :
1121 1108 1176 1153 ut
1200 1098 1618 1170 intelligeremus
1641 1115 1744 1154 non

189 1192 240 1246 ab
259 1191 462 1245 homine
491 1191 788 1247 concubitu
817 1192 952 1246 ﬁlios
997 1193 1318 1259 scminantc,
1351 1192 1444 1248 sed
1475 1207 1503 1246 a
1537 1192 1646 1246 Deo
1671 1192 1751 1246 vi-

185 1282 356 1339 vificari
395 1297 591 1338 semen
627 1284 940 1339 humanum.
968 1283 1054 1338 Sic
1084 1285 1222 1339 enim
1267 1282 1440 1340 fuerat
1486 1284 1748 1358 praelocu-

189 1387 268 1440 tus,
289 1378 404 1446 quia
463 1395 483 1429 ι
519 1377 773 1445 voluptas
804 1378 894 1432 illa
940 1393 1042 1432 non
1090 1378 1269 1447 explet
1309 1379 1631 1450 operationis
1671 1379 1750 1435 vi-

186 1486 295 1534 cem,
325 1469 415 1523 sed
445 1470 516 1524 de
546 1469 816 1525 thesauris
864 1481 1064 1526 natnrtc
1119 1469 1270 1525 offert
1312 1472 1442 1534 Deo,
1473 1471 1613 1528 unde
1659 1473 1748 1528 ille

185 1562 422 1616 hominem
445 1561 705 1630 dignetur
753 1563 982 1634 cperari.
1018 1580 1037 1614 ι
1075 1562 1137 1616 Et
1176 1561 1448 1633 subjunxit
1503 1564 1745 1619 testimo-

184 1657 320 1718 nium,
345 1655 502 1724 quasi
538 1656 640 1710 hoc
664 1655 860 1710 dixerit
891 1657 1208 1726 Apostolus:
1234 1655 1507 1727 lnsipiens,
1541 1667 1592 1712 tu
1612 1659 1746 1729 quod

181 1747 367 1801 trutinas
389 1762 494 1800 non
527 1747 853 1816 viviﬁcatur;
880 1747 980 1802 hoc
1003 1755 1104 1816 cst,
1139 1764 1243 1803 non
1274 1764 1302 1802 a
1335 1756 1385 1803 te
1424 1750 1741 1815 viviﬁcatur,

181 1841 256 1898 sed
283 1841 558 1896 hominem
598 1841 666 1897 de
701 1850 791 1896 tuo
849 1842 1052 1898 semine
1101 1841 1241 1897 Deus
1299 1851 1551 1912 operatur
1583 1861 1593 1897 :
1629 1851 1744 1899 tan-

177 1947 311 2002 quam
341 1932 409 1986 ab
435 1933 702 2002 Apostolo
745 1933 920 1988 media
945 1933 1034 1988 illa
1085 1949 1203 2005 quae
1239 1934 1580 2006 prtetcrmisit
1619 1935 1738 2001 iste,

177 2040 264 2078 non
292 2023 428 2078 dicta
461 2024 609 2089 sint;
655 2033 815 2095 atque
861 2024 930 2078 ita
970 2039 1026 2080 se
1061 2023 1253 2079 habeat
1294 2025 1408 2096 ejus
1448 2025 1735 2092 sententia,

175 2117 299 2171 velut
340 2115 407 2172 de
449 2117 692 2172 humano
740 2119 943 2174 semine
992 2117 1342 2192 loqueretur:
1376 2116 1649 2190 Insipiens,
1690 2129 1743 2174 tu

172 2208 289 2278 quod
311 2210 534 2262 seminus
564 2208 665 2262 rion
688 2208 983 2278 rivi/icatur,
1026 2207 1162 2263 Deus
1183 2219 1350 2264 autem
1390 2209 1468 2265 illi
1510 2211 1597 2263 dat
1625 2228 1740 2265 cor-

172 2319 254 2374 pus
277 2310 419 2370 prout
445 2302 574 2366 vult,
600 2311 646 2354 et
668 2303 934 2372 unicuique
957 2304 1198 2358 seminum
1237 2304 1498 2375 praprium
1536 2320 1737 2377 corpus.

168 2393 391 2465 Denique
417 2405 541 2466 post
561 2394 680 2450 hrec
707 2395 948 2467 Apostoli
976 2396 1134 2452 verba
1176 2396 1253 2451 sic
1288 2397 1448 2453 infert
1482 2412 1598 2465 sua,
1635 2416 1654 2451 ι
1684 2398 1740 2454 Si

168 2502 280 2558 ergo
310 2487 466 2552 Deus,
510 2506 530 2540 ι
566 2487 757 2560 inquit,
797 2506 816 2540 ς
853 2489 1083 2564 humano
1131 2489 1343 2557 semini,
1393 2490 1534 2560 quod
1583 2505 1740 2545 nemo

168 2589 307 2650 negat
349 2581 432 2635 vel
465 2581 811 2650 prudentium
865 2582 947 2638 vel
1001 2583 1227 2653 piorum,
1272 2584 1546 2656 prOprium
1603 2584 1742 2640 sicut

167 2676 398 2731 omnibus
426 2677 593 2732 rebus
631 2693 828 2748 corpus
874 2677 1113 2733 attribuit
1144 2695 1158 2730 :
1203 2696 1222 2730 ι
1256 2678 1404 2750 quasi
1454 2678 1738 2748 Apostolus

165 2767 226 2824 de
248 2769 476 2823 humano
509 2770 715 2826 semine
743 2772 795 2826 in
824 2770 910 2824 illo
939 2770 1242 2826 testimonio
1267 2771 1334 2826 sit
1363 2771 1591 2832 locutus.

225 2860 315 2915 29.
349 2861 423 2916 De
451 2876 554 2931 qua
590 2861 778 2916 fraude
808 2861 933 2933 quid
971 2861 1311 2932 adjuvaretur
1334 2861 1450 2932 ejus
1477 2863 1700 2923 intentio
1719 2904 1734 2930 ,

163 2971 284 3010 cum
310 2955 571 3025 aliquanto
602 2956 858 3014 attentius
883 2955 1170 3026 cogitarem
1193 2995 1209 3023 ,
1247 2955 1380 3012 nihil
1407 2955 1551 3026 potui
1579 2971 1737 3026 repe-

166 3047 299 3109 rire,
330 3046 424 3100 nisi
452 3045 564 3115 quia
592 3055 781 3102 testem
805 3045 969 3100 voluit
993 3045 1248 3104 adhibere
1272 3047 1607 3116 Apostolum,
1629 3062 1736 3118 quo

160 3137 418 3206 probaret
446 3137 598 3191 Deum
621 3177 635 3200 ,
669 3136 813 3209 quod
854 3144 906 3190 et
946 3151 1043 3192 nos
1081 3135 1306 3192 dicimus
1330 3177 1344 3202 ,
1387 3136 1453 3192 de
1493 3137 1738 3198 humanis

159 3228 447 3284 seminibus
478 3227 744 3283 hominem
775 3226 1005 3298 cperari.
1039 3227 1104 3282 Et
1132 3243 1252 3284 eum
1289 3228 1338 3284 ei
1377 3228 1737 3289 testimonium

160 3321 356 3375 nullum
371 3329 697 3387 occurreret,
713 3319 817 3374 isto
836 3319 1035 3376 abusus
1050 3328 1131 3376 est
1151 3318 1736 3388 fraudulenter,timens

160 3413 334 3483 utique
358 3455 373 3479 ,
406 3428 473 3467 ne
504 3411 643 3466 forte
670 3412 714 3466 si
741 3420 1022 3482 appareret
1061 3411 1373 3480 Apostolum
1402 3426 1508 3466 non
1535 3411 1603 3474 de
1635 3411 1738 3474 hu-

158 3506 326 3562 manis
350 3505 648 3561 seminibus
666 3550 678 3571 ,
716 3506 811 3562 sed
836 3504 903 3560 de
936 3504 1214 3562 frumentis
1241 3504 1330 3560 illa
1352 3504 1549 3562 dixisse
1568 3546 1583 3572 ,
1616 3505 1738 3562 hinc

159 3596 584 3662 admoneremur,
601 3597 746 3658 unde
766 3594 1110 3662 refutaretur,
1134 3610 1241 3652 non
1261 3595 1523 3667 religiosa:
1547 3597 1737 3658 volun-

158 3693 298 3758 tatis,
332 3692 424 3747 sed
458 3691 762 3746 libidinosae
785 3691 1066 3762 voluptatis
1097 3689 1300 3760 pudens
1335 3689 1658 3762 nominator,
1689 3698 1742 3746 et

159 3783 436 3854 impudens
465 3782 803 3854 praedicator.
831 3783 904 3837 De
927 3783 1055 3854 ipsis
1073 3781 1267 3855 quippe
1287 3782 1598 3850 seminibus,
1621 3797 1739 3852 qua:

157 3873 210 3930 in
235 3875 376 3945 agris
402 3875 654 3945 agricolae
682 3875 966 3939 seminant,
1000 3880 1176 3944 potest
1204 3873 1315 3944 ipse
1343 3871 1612 3944 redargui.
1634 3871 1742 3930 Cur

157 3969 294 4024 enim
328 3981 435 4021 non
465 3965 773 4034 credamus,
796 3967 964 4024 Deum
992 3966 1225 4036 potuisse
1256 3965 1306 4022 in
1337 3964 1586 4040 paradiso
1615 3980 1742 4024 con-

157 4059 348 4115 cedere
378 4059 585 4115 homini
612 4059 769 4116 beato
797 4058 862 4116 de
888 4074 986 4116 suo
1011 4059 1234 4124 semine,
1258 4061 1398 4128 quod
1423 4073 1737 4114 concessum

155 4152 400 4209 videmus
426 4153 680 4224 agricolis
709 4153 775 4208 de
806 4153 962 4214 tritici
990 4151 1226 4218 semine;
1250 4160 1309 4206 ut
1335 4167 1400 4208 eo
1425 4151 1584 4206 modo
1611 4151 1736 4210 illud

156 4258 426 4302 sereretur
453 4247 574 4301 sine
615 4246 721 4302 ulla
764 4245 1005 4318 pudenda
1044 4244 1297 4312 libidine,
1340 4243 1408 4306 ad
1449 4245 1737 4308 voluntatis

157 4349 342 4394 nutum
379 4338 638 4396 membris
660 4337 1069 4408 obsequentibus
1095 4336 1444 4418 genitalibus;
1474 4338 1610 4392 sicut
1643 4337 1745 4393 hoc

156 4431 351 4484 seritur
368 4431 488 4485 sine
510 4430 615 4484 ulla
638 4428 880 4499 pudenda
903 4429 1134 4494 libidine,
1162 4428 1230 4490 ad
1251 4429 1534 4486 voluntatis
1557 4437 1742 4486 nutum

157 4522 511 4590 agricolarum
561 4520 976 4592 obsequentibus
1010 4521 1288 4584 manibus;
1344 4520 1651 4577 honestiore
1693 4522 1744 4575 in

157 4615 466 4684 parentibus
489 4612 880 4684 gignendorum
908 4612 1172 4672 desiderio
1202 4612 1449 4680 filiorum,
1483 4629 1642 4685 quam
1663 4623 1745 4670 est

156 4706 552 4777 implendorum
603 4705 656 4766 in
700 4705 972 4768 arentibus
1021 4704 1333 4767 horreorum
1381 4723 1394 4759 :
1442 4720 1505 4761 ac
1552 4706 1745 4768 deinde

157 4798 379 4853 tireator
408 4797 752 4867 omnipotens
773 4796 1223 4856 incontaminahili
1247 4798 1261 4828 ¹
1288 4796 1480 4868 ubique
1505 4812 1744 4868 praesen-

158 4889 226 4942 tia
252 4898 306 4944 et
330 4889 597 4945 creatrice
623 4889 860 4959 potentia
883 4888 948 4946 de
972 4889 1264 4945 seminibus
1286 4889 1560 4948 hominum
1591 4899 1747 4961 prout

155 4982 341 5050 vellet,
373 4982 518 5055 quod
543 4991 598 5038 et
628 4996 769 5040 nunc
791 4981 932 5048 facit,
959 4991 1268 5053 operaretur
1292 4983 1344 5042 in
1371 4982 1588 5049 femina,
1610 4983 1750 5044 sicut

158 5074 224 5129 de
267 5075 573 5132 seminibus
617 5073 999 5136 frumentorum
1040 5085 1195 5146 prout
1239 5075 1348 5132 vult
1395 5083 1646 5146 operatur
1694 5076 1749 5131 in

160 5174 324 5232 terra,
357 5167 530 5224 beatis
559 5167 818 5222 matribus
837 5166 952 5222 sine
975 5165 1252 5222 libidinosa
1270 5167 1543 5237 voluptate
1568 5166 1751 5224 conci-

163 5258 454 5326 pientibus.
483 5259 603 5318 sine
635 5272 940 5320 zerumnoso
967 5259 1163 5328 gemitu
1194 5258 1552 5328 parientibus;
1581 5274 1748 5331 quan-

161 5349 451 5420 doquidem
479 5350 532 5406 in
565 5350 654 5405 illa
675 5349 926 5410 felicitate
953 5359 1005 5408 et
1025 5350 1078 5406 in
1103 5365 1328 5422 corpore
1347 5350 1581 5407 nondum
1601 5365 1748 5406 mor-

163 5446 230 5500 tis
260 5445 448 5517 hujus,
484 5446 580 5502 sed
608 5447 733 5500 vitae
761 5446 932 5513 illius,
967 5460 1072 5500 non
1104 5457 1248 5502 esset
1277 5445 1489 5502 feminis
1522 5447 1572 5499 in
1603 5446 1752 5501 exci-

162 5535 378 5604 piendis
399 5537 695 5596 seminibus
724 5537 868 5608 quod
909 5537 1156 5607 puderet,
1200 5539 1336 5595 sicut
1370 5554 1477 5594 non
1520 5547 1662 5595 esset
1697 5539 1750 5594 in

164 5629 392 5687 dandis
420 5630 615 5688 fetibus
650 5631 794 5702 quod
835 5630 1074 5686 doleret?
1097 5631 1345 5704 Quisquis
1371 5648 1475 5688 non
1506 5630 1676 5689 credit
1706 5633 1750 5701 ',

235 5811 254 5876 ξ
289 5819 392 5876 Arn.
413 5817 488 5862 er.
512 5819 564 5876 et
587 5811 765 5876 plures
784 5815 910 5871 Mss,
933 5809 1322 5876 incommutabili.

175 5873 416 5998 “Age,
436 5872 660 5940 Quisquis
683 5877 844 5924 ωωιη
856 5885 950 5923 non
973 5873 1141 5925 credit.
1169 5879 1332 5938 Abest,
1351 5883 1526 5939 mitem,
1545 5889 1573 5927 a
1589 5888 1755 5929 manu-

1865 534 1952 588 vel
1983 535 2130 590 credi
2165 550 2270 592 non
2307 537 2454 605 vult,
2500 539 2804 602 hominibus
2828 554 2956 605 ante
2976 564 3138 609 omne
3164 570 3434 626 peceatum

1862 625 1916 680 in
1945 627 2032 682 illa
2059 628 2288 698 paradisi
2314 629 2566 687 felicitate
2591 637 2925 695 versantibus
2955 641 3055 698 hoc
3077 625 3314 715 pot-uisse
3339 652 3437 709 Dei

1859 717 2130 775 voluntate
2157 729 2211 774 et
2239 721 2566 793 benignitate
2586 729 2825 796 concedi,
2853 747 2960 787 non
2989 737 3236 804 optandae
3255 739 3438 797 fecun-

1857 811 2038 868 ditatis
2069 814 2309 870 laudator
2329 859 2344 884 ,
2377 817 2470 872 sed
2496 820 2758 888 pudendae
2784 825 3072 896 voluptatis
3103 840 3308 887 amator
3332 843 3433 890 est.

1928 903 2154 962 CAPUT
2194 905 2308 963 XV.
2340 938 2411 950 —
2439 909 2530 965 30.
2559 910 2688 968 Item
2727 914 2867 971 aliud
2896 932 2960 972 ex
2987 919 3123 976 libro
3147 923 3328 980 divino
3359 934 3438 982 te-

1858 997 2162 1054 stimonium
2191 1001 2330 1072 quod
2358 1006 2534 1073 posuit
2560 1005 2629 1061 de
2649 1007 2980 1077 Abimeleeh,
3007 1022 3061 1068 et
3091 1016 3201 1072 Deo
3225 1018 3438 1076 volente

1856 1089 2032 1146 clausa
2055 1093 2200 1147 omni
2223 1095 2377 1151 vulva
2405 1097 2458 1150 in
2485 1097 2646 1152 domo
2674 1099 2789 1170 ejus
2815 1117 2885 1156 ne
2910 1105 3161 1162 mulieres
3189 1109 3306 1180 ejus
3334 1126 3431 1182 pa-

1855 1191 2058 1246 rerent,
2082 1193 2242 1256 atque
2266 1197 2449 1257 aperta
2474 1204 2658 1245 rursus
2689 1200 2746 1246 ut
2773 1205 3046 1262 parerent,
3078 1199 3204 1268 quid
3229 1201 3298 1256 ad
3321 1218 3435 1260 rem

1855 1278 2122 1348 pertinet?
2149 1279 2272 1350 quid
2303 1280 2466 1338 habet
2489 1282 2558 1339 de
2586 1284 2671 1339 illa
2699 1285 2941 1356 pudenda
2974 1289 3215 1358 libidine,
3239 1292 3308 1350 de
3330 1309 3434 1365 qua

1855 1385 1994 1426 nunc
2018 1374 2240 1442 quaistio
2266 1375 2388 1431 est?
2410 1375 2678 1450 Numquid
2714 1380 2883 1450 ipsam
2913 1381 3056 1438 Deus
3076 1383 3308 1442 detraxit
3330 1386 3434 1443 illis

1852 1459 2097 1530 feminis,
2134 1465 2468 1538 reddiditque
2507 1485 2626 1526 cum
2667 1471 2876 1527 voluit?
2908 1473 3013 1530 Sed
3046 1490 3202 1546 pinna
3242 1477 3343 1533 fuit
3377 1489 3435 1535 ut

1853 1567 2040 1624 parere
2063 1572 2167 1612 non
2209 1570 2425 1628 possent
2449 1604 2463 1628 ,
2502 1563 2817 1620 beneficium
2843 1581 2973 1622 vero
3004 1575 3064 1623 ut
3091 1584 3280 1640 parere
3309 1585 3434 1642 pos-

1851 1655 1969 1702 sent
1997 1663 2144 1704 more
2170 1648 2326 1720 hujus
2354 1654 2712 1722 corruptibilis
2738 1659 2916 1716 carnis
2941 1659 2982 1712 ¹.
3013 1660 3126 1715 Non
3152 1662 3292 1716 enim
3326 1663 3429 1719 tale

1849 1735 2162 1794 beneficium
2188 1741 2328 1797 Deus
2347 1744 2614 1800 conferret
2632 1748 2843 1816 corpori
2865 1751 3049 1805 mortis
3071 1750 3248 1822 hujus,
3271 1753 3429 1823 quale

1850 1844 1955 1885 non
1992 1830 2204 1888 haberet
2245 1835 2344 1890 nisi
2385 1850 2578 1908 corpus
2617 1839 2741 1894 vitae
2764 1841 2903 1896 illius
2937 1842 2989 1897 in
3025 1843 3271 1913 paradiso
3305 1854 3431 1902 ante

1847 1933 2150 1990 peccatum,
2185 1934 2242 1980 ut
2278 1933 2332 1980 et
2373 1937 2662 1998 conceptus
2703 1933 3009 2000 proveniret
3049 1935 3170 1990 sine
3205 1935 3428 1991 libidine

1847 2014 2137 2082 pruriente,
2161 2024 2215 2071 et
2244 2026 2428 2086 partus
2452 2019 2568 2075 sine
2589 2020 2773 2076 dolore
2800 2023 3092 2080 cruciante.
3116 2023 3226 2079 Cur
3248 2034 3426 2081 autem

1845 2121 1953 2162 non
1985 2107 2357 2178 intelligamus,
2382 2111 2809 2182 quandoquidem
2840 2114 2970 2170 dicit
2990 2115 3280 2186 Scriptura,
3307 2117 3424 2174 alb-

1845 2197 1921 2252 ris
1946 2212 2159 2256 omnem
2196 2201 2402 2255 vulvam
2441 2201 2607 2258 fuisse
2641 2205 2945 2260 conclusam
2969 2247 2985 2274 ,
3024 2208 3202 2278 aliquo
3241 2207 3426 2265 dolore

1846 2289 2040 2346 factum
2071 2307 2210 2360 esse,
2242 2304 2297 2348 ut
2326 2309 2429 2349 non
2456 2305 2674 2364 possent
2702 2296 2917 2354 femina
2941 2300 3280 2355 concubitum
3305 2316 3427 2371 per-

1844 2384 1989 2452 peti,
2036 2385 2124 2454 qui
2169 2385 2324 2441 dolor
2359 2387 2467 2442 Deo
2504 2399 2854 2446 succensente
2883 2392 2906 2423 '
2936 2390 3124 2447 fuisset
3159 2393 3424 2463 inﬂictas,

1844 2475 2130 2531 miserante
2167 2476 2474 2533 detractus?
2499 2479 2633 2535 Nam
2676 2481 2722 2535 si
2759 2481 2827 2536 ad
2865 2483 3306 2552 impedimentum
3343 2501 3428 2543 se-

1843 2570 2025 2626 rendae
2053 2572 2213 2642 prolis
2239 2581 2381 2628 esset
2421 2573 2584 2629 libido
2609 2574 2936 2632 detrahenda
2958 2618 2973 2643 ,
3004 2579 3136 2634 viris
3165 2588 3308 2636 esset
3331 2579 3428 2637 de-

1845 2665 2123 2734 trahenda,
2147 2681 2253 2722 non
2282 2665 2512 2722 feminis.
2537 2667 2757 2724 Femina
2781 2670 2921 2725 enim
2945 2679 3127 2741 posset
3155 2673 3425 2730 voluntate

1844 2758 2217 2826 concumbere,
2251 2761 2411 2816 etiam
2441 2761 2733 2818 desistente
2758 2762 2978 2820 libidine
2995 2779 3100 2836 qua
3123 2766 3426 2823 stimulare-

1843 2855 1960 2916 tur;
1996 2852 2040 2904 si
2077 2851 2190 2906 viro
2215 2867 2323 2908 non
2349 2853 2558 2910 deesset
2579 2894 2595 2922 ,
2623 2871 2725 2926 qua
2751 2856 3096 2912 excitaretur.
3126 2859 3238 2914 Nisi
3264 2859 3423 2928 forte,

1843 2942 1966 3013 quia
1986 2944 2242 3014 scriptum
2258 2954 2359 3012 est,
2376 2955 2430 3001 et
2446 2947 2614 3018 ipsum
2639 2948 2946 3005 Abimelech
2969 2949 3134 3007 fuisse
3155 2961 3418 3021 sanatum,

1843 3037 2050 3091 virilem
2095 3037 2333 3093 dicturus
2377 3049 2459 3094 est
2505 3041 2553 3095 ei
2603 3040 2877 3098 libidinem
2924 3043 3204 3099 redditam.
3254 3044 3426 3113 Quam

1848 3132 2087 3204 profecto
2127 3132 2172 3186 sl
2211 3134 2493 3202 amiserat,
2536 3135 2662 3206 quid
2699 3150 2831 3206 opus
2870 3135 2966 3191 fuit
3006 3152 3128 3192 eum
3170 3138 3426 3193 divinitus

1843 3224 2140 3291 admoneri,
2169 3233 2228 3280 ut
2254 3225 2478 3281 Abrahre
2504 3242 2611 3282 non
2641 3226 2954 3283 misceretur
2981 3229 3170 3284 uxori?
3196 3229 3304 3286 Sed
3331 3243 3418 3285 sa-

1845 3325 2026 3373 natum
2057 3317 2206 3387 dicit,
2232 3319 2353 3390 quia
2380 3318 2569 3374 domus
2595 3319 2710 3390 ejus
2733 3320 2802 3376 ab
2828 3319 2913 3376 illa
2937 3328 3087 3391 peste
3109 3327 3290 3377 sanata
3317 3329 3422 3377 est.

1915 3407 2140 3466 CAPUT
2181 3409 2317 3466 XVI.
2345 3411 2526 3466 —3l.
2555 3410 2673 3467 Jam
2700 3426 2840 3466 nunc
2878 3411 2967 3467 illa
2996 3413 3092 3467 tria
3123 3413 3422 3482 videamus,

1845 3517 2068 3574 quorum
2095 3503 2252 3556 trium
2274 3503 2544 3573 quodlibet
2565 3503 2877 3574 dixerimus,
2895 3505 3025 3561 nihil
3045 3506 3120 3562 ait
3139 3506 3243 3563 dici
3264 3522 3426 3580 posse

1845 3592 2117 3666 profanius
2148 3611 2159 3647 :
2187 3593 2322 3664 quod
2365 3594 2615 3649 hominem
2649 3595 2789 3652 Deus
2826 3606 2914 3651 aut
2951 3615 3052 3653 non
3081 3600 3291 3668 fecerit,
3339 3610 3426 3657 aut

1847 3687 2046 3742 diabolo
2072 3686 2263 3756 fecerit,
2287 3695 2374 3740 aut
2395 3696 2526 3742 certe
2549 3687 2780 3743 diabolus
2807 3687 2903 3742 Dei
2925 3689 2992 3743 sit
3017 3690 3308 3760 imaginem,
3333 3692 3427 3747 hoc

1846 3788 1936 3846 est,
1968 3778 2216 3833 hminem
2241 3780 2537 3852 fabricatus.
2569 3781 2768 3836 Horum
2798 3781 2955 3836 trlum
2994 3783 3222 3852 primum
3249 3793 3302 3840 et
3326 3800 3425 3840 no-

1848 3873 2128 3929 vissimum
2153 3887 2259 3926 non
2286 3871 2389 3927 dici
2415 3888 2445 3927 a
2476 3873 2650 3942 nobis,
2679 3873 2840 3929 etiam
2868 3874 3000 3945 ipse,
3034 3875 3078 3930 si
3104 3890 3207 3930 non
3235 3876 3304 3932 sit
3329 3891 3426 3933 ex-

1849 3979 1970 4022 cors
1993 3974 2086 4020 aut
2114 3965 2334 4020 nimium
2355 3965 2628 4037 pervicax,
2655 3965 2957 4022 confitetur.
2983 3966 3060 4024 De
3087 3968 3176 4023 illo
3205 3970 3429 4049 quaestio

1849 4070 1947 4123 est,
1979 4057 2120 4130 quod
2158 4059 2391 4114 secundo
2423 4059 2703 4130 medioque
2731 4059 2849 4115 loco
2875 4061 3070 4130 posuit,
3105 4061 3193 4116 ubi
3219 4062 3298 4118 sic
3326 4061 3428 4120 fal-

1847 4154 1991 4216 litur,
2023 4163 2079 4208 ut
2103 4169 2132 4208 a
2154 4153 2306 4208 nobis
2329 4153 2429 4209 hoc
2448 4154 2712 4210 existimet
2739 4153 2862 4221 dici,
2891 4154 3033 4225 quod
3053 4154 3265 4212 diabolo
3288 4156 3427 4212 Deus

1849 4246 2117 4300 hominem
2160 4244 2370 4312 fecerit,
2413 4254 2662 4317 tanquam
2690 4246 2743 4302 in
2783 4245 3086 4304 hominibus
3122 4264 3256 4322 quos
3288 4250 3430 4306 Deus

1850 4352 1914 4392 ex
1939 4337 2242 4392 hominibus
2269 4337 2577 4406 parentibus
2603 4345 2764 4402 creat,
2799 4335 2901 4394 hoc
2927 4339 3184 4406 intendat,
3214 4340 3315 4396 hoc
3335 4357 3427 4397 cu-

1848 4437 1961 4498 ret,
1987 4429 2086 4484 hoc
2111 4428 2190 4482 sui
2225 4428 2404 4498 operis
2430 4428 2636 4482 ratione
2674 4429 2978 4498 provideat,
3007 4439 3064 4484 ut
3089 4430 3282 4487 habeat
3306 4432 3425 4488 dia-

1849 4522 2003 4578 bolus
2031 4537 2212 4577 servos
2233 4563 2248 4589 ,
2281 4536 2414 4591 quos
2442 4521 2554 4590 ipse
2579 4520 2678 4574 sibi
2711 4520 2886 4574 facere
2909 4537 3012 4576 non
3050 4530 3246 4594 potest.
3276 4523 3428 4578 Absit

1850 4624 1908 4671 ut
1934 4615 2034 4670 hoc
2077 4615 2476 4686 qualiscumque
2517 4612 2598 4668 vel
2641 4613 2856 4682 puerilis
2896 4614 3064 4684 pietas
3106 4615 3424 4688 suspicetur.

1850 4707 2096 4764 Bonitate
2137 4723 2230 4762 sua
2279 4706 2434 4761 Deus.
2461 4707 2583 4764 facit
2607 4705 2627 4737 ⁸
2654 4705 2897 4761 homines
2921 4748 2936 4773 ,
2980 4715 3034 4763 et
3073 4709 3276 4780 primos
3313 4711 3429 4768 sine

1852 4810 2092 4873 peccato,
2124 4807 2177 4854 et
2202 4806 2423 4854 caeteros
2444 4797 2542 4852 sub
2563 4804 2800 4868 peccato,
2826 4796 2878 4852 in
2899 4811 3028 4854 usus
3049 4798 3427 4870 profundarum

1853 4893 2230 4966 cogitationum
2278 4904 2513 4946 suarum.
2560 4888 2708 4946 Sicut
2742 4889 2882 4944 enim
2924 4889 2991 4944 de
3031 4891 3195 4961 ipsius
3232 4893 3428 4952 diaboli

1854 4984 2052 5046 malitia
2080 4983 2224 5038 novit
2250 4982 2336 5038 ille
2357 4981 2482 5054 quid
2503 4989 2640 5054 agat,
2673 4990 2725 5036 et
2751 4982 2895 5052 quod
2917 4983 3023 5053 agit
3046 4983 3246 5054 justum
3275 4995 3432 5043 estet

1855 5080 2056 5136 bonum
2077 5121 2092 5146 ,
2121 5077 2360 5149 quamvis
2402 5076 2470 5131 sit
2507 5075 2573 5131 de
2602 5089 2707 5146 quo
2743 5074 2851 5144 agit
2881 5076 3106 5145 injustus
3135 5088 3188 5134 et
3223 5081 3391 5136 malus
3415 5125 3430 5152 ,

1857 5187 1956 5229 nec
1976 5185 2096 5228 eum
2120 5177 2397 5242 propterea
2419 5180 2602 5222 creare
2624 5166 2809 5231 noluit,
2835 5167 2953 5238 quia
2979 5169 3172 5223 malum
3201 5168 3432 5227 futurum

1855 5281 1976 5324 esse
2022 5262 2290 5335 praescivit
2333 5279 2346 5314 :
2390 5261 2460 5314 ita
2505 5259 2571 5313 de
2621 5258 2873 5313 universo
2917 5273 3112 5329 genere
3156 5260 3426 5330 humano,

1857 5357 2097 5434 quamvis
2125 5355 2300 5411 nullus
2322 5353 2594 5407 hominum
2617 5351 2732 5406 sine
2758 5351 2958 5421 peccati
2979 5354 3137 5408 sorde
3161 5363 3430 5419 nascatur,

1855 5451 2053 5506 bonum
2081 5449 2169 5504 ille
2204 5447 2290 5517 qui
2321 5457 2526 5500 summe
2564 5441 2736 5498 bonus
2770 5451 2852 5498 est
2874 5454 3156 5514 operatur;
3191 5445 3324 5506 alios
3348 5443 3430 5502 fa-

1857 5544 2004 5599 ciens
2033 5549 2283 5610 tanquam
2309 5551 2431 5592 vasa
2460 5534 2856 5600 misericordize,
2885 5548 3018 5605 quos
3041 5535 3208 5606 gratia
3233 5535 3432 5593 discer-

1858 5643 1951 5692 nat
1975 5634 2043 5690 ab
2071 5633 2148 5688 eis
2176 5631 2265 5702 qui
2295 5642 2418 5685 vasa
2444 5635 2566 5681 sunt
2587 5626 2712 5692 irae;
2743 5625 2875 5681 alios
2899 5631 3145 5695 tanquam
3173 5641 3293 5684 vasa
3317 5627 3432 5698 irae,

1925 5814 1942 5847 ι
1976 5809 2200 5874 Plerique
2225 5801 2605 5874 διεδ-φρανξκε·
2770 5859 2783 5874 .
2850 5861 2860 5874 .

1924 5877 1944 5906 ι
1978 5859 2185 5921 vaticani
2209 5859 2610 5932 Mss.,'iras'cente.
2633 5862 2716 5932 Ali_i
2738 5859 2978 5932 plerique,
3001 5867 3277 5917 sum.

1927 5936 1949 5968 ³
1981 5943 2083 5982 Am.
2113 5938 2186 5983 Er.
2213 5937 2264 5981 et
2280 5925 2511 5992 plerique
2534 5931 2660 5986 uss,
2681 5925 2810 5988 fecit.
