3938 6516
511 552 573 597 ut
593 547 747 596 notas
772 533 930 591 faciat
951 528 1162 587 divitias
1187 527 1372 599 gloriae
1407 542 1517 584 sua:
1550 529 1607 583 in
1632 539 1756 582 vasa
1779 523 2087 582 misericor-

509 631 634 688 diae.
658 629 759 684 Eat
783 629 884 682 iste
903 637 1064 687 nunc,
1086 629 1142 677 et
1168 619 1425 675 adversus
1445 619 1782 688 Apostolum,
1811 618 1965 686 cujus
1984 614 2085 668 ista

510 719 772 778 sententia
817 722 935 780 est,
977 717 1410 784 argumentatur;
1461 710 1568 763 imo
1611 709 1868 764 adversus
1910 706 2084 775 ipsum

445 815 447 818 ‘
511 810 746 880 ﬁgulum,
775 805 860 860 cui
884 802 1212 874 respondere
1241 800 1485 872 prohibet.
1511 799 1820 870 Apostolus,
1857 796 2074 852 dicens:

513 902 558 956 0
585 903 753 965 homo,
781 907 835 951 tu
856 897 968 967 quis
985 913 1038 951 es
1060 896 1146 966 qui
1171 894 1475 965 respondeas
1498 891 1609 948 Deo
1629 891 1654 945 ?
1677 885 1939 962 Numquid
1955 886 2081 940 dicit

459 1009 464 1016 ·
508 992 800 1062 ﬁgmentum
818 988 864 1042 ei
882 987 967 1058 qui
994 1003 1047 1041 se
1081 986 1252 1056 ﬁnxit,
1278 984 1445 1050 Quare
1470 986 1541 1038 sic
1573 1000 1652 1036 me
1683 979 1883 1054 fecisti?
1900 979 2086 1032 Annon

507 1084 653 1138 habet
669 1090 960 1152 potestatem
980 1079 1168 1150 ﬁgulus
1184 1079 1276 1132 luti
1294 1093 1358 1133 ea:
1370 1077 1545 1132 eadem
1566 1092 1734 1130 massa
1758 1075 1923 1144 facere
1942 1071 2084 1124 aliud

506 1174 666 1229 vasin
686 1175 946 1240 honorem,
969 1171 1110 1225 aliud
1131 1171 1184 1224 in
1203 1168 1556 1224 contumeliam
1576 1165 1754 1236 (Rom.
1776 1179 1852 1229 1r,
1876 1160 2084 1230 20-25)?

507 1266 772 1338 Numquid
807 1280 934 1336 ergo
959 1279 1088 1319 vasa
1125 1263 1220 1318 irae
1245 1269 1403 1332 negat
1436 1262 1538 1315 iste
1565 1273 1686 1314 esse
1711 1256 1810 1312 sub
1837 1252 2083 1310 diabolo?

506 1369 599 1416 aut
621 1359 742 1431 quia
773 1357 874 1413 sub
908 1355 1122 1412 diabolo
1149 1361 1306 1420 sunt,
1332 1353 1467 1408 alius
1492 1365 1556 1406 ea
1584 1364 1743 1420 quam
1781 1348 1894 1418 ipse
1918 1345 2042 1400 facit
2062 1387 2079 1413 ,

505 1453 596 1524 qui
621 1466 748 1506 vasa
781 1447 1160 1505 misericordiae
1188 1444 1358 1501 facit?
1393 1452 1486 1500 aut
1519 1441 1732 1498 aliunde
1771 1451 1825 1496 et
1863 1453 1972 1494 non
2013 1453 2082 1492 ex

505 1543 690 1600 eadem
723 1557 896 1596 massa
922 1538 1085 1594 facit?
1105 1537 1204 1593 Hic
1229 1538 1408 1607 itaque
1433 1535 1597 1604 dicat,
1629 1533 1768 1604 Ergo
1789 1532 1932 1586 Deus
1955 1543 2082 1584 vasa

505 1635 717 1692 diabolo
740 1634 864 1688 facit
895 1650 910 1687 :
938 1633 1091 1702 quasi
1121 1629 1326 1686 nesciat
1355 1628 1492 1684 Deus
1521 1627 1600 1682 sic
1628 1627 1707 1680 eis
1730 1626 1806 1678 uti
1826 1621 1894 1677 ad
1918 1635 2082 1692 opera

505 1743 600 1785 sua
623 1729 764 1799 justa
789 1737 843 1784 et
865 1727 1004 1783 bona
1027 1768 1042 1793 ,
1071 1728 1208 1782 sicut
1237 1726 1354 1796 ipso
1379 1726 1542 1780 utitur
1565 1719 1796 1776 diabolo.

575 1819 798 1876 CAPUT
836 1819 999 1874 XVII.
1039 1849 1110 1860 —
1152 1817 1240 1873 '52.
1287 1818 1368 1871 Au
1413 1830 1540 1870 vero
1587 1813 1724 1867 ﬁlios
1769 1807 2081 1880 perditionis

504 1912 685 1970 haedos
706 1912 936 1968 sinistrae
961 1911 1126 1980 partis
1147 1909 1356 1980 (Matth.
1379 1923 1505 1975 xxv,
1529 1907 1618 1975 55)
1643 1904 1856 1960 diabolo
1875 1903 2042 1974 pascit
2060 1942 2077 1968 ,

502 2015 558 2060 et
597 2003 808 2058 diabolo
843 2003 1040 2068 nutrit,
1083 2011 1137 2056 et
1173 2001 1366 2065 vestit,
1398 2000 1520 2070 quia
1557 1997 1681 2051 facit
1717 1996 1886 2050 solem
1923 2008 2078 2048 suum

500 2095 628 2150 oriri
655 2109 814 2163 super
837 2093 1007 2148 bonos
1045 2099 1101 2147 et
1137 2091 1307 2145 malos
1328 2130 1345 2157 ,
1386 2100 1440 2144 et
1479 2089 1612 2158 pluit
1639 2100 1799 2156 super
1821 2087 1998 2156 justos
2023 2092 2078 2139 et

500 2185 725 2255 iujustos
753 2182 862 2255 (Id.
891 2199 948 2251 v,
978 2182 1106 2254 45)?
1124 2180 1214 2238 Sic
1235 2182 1411 2250 itaque
1431 2186 1579 2234 creat
1598 2179 1786 2242 malos,
1809 2174 2077 2246 quomodo

500 2277 668 2349 pascit
691 2283 748 2331 et
773 2276 939 2330 nutrit
965 2273 1139 2328 malos
1163 2292 1175 2326 :
1200 2273 1320 2343 quia
1344 2269 1486 2341 quod
1510 2269 1589 2324 eis
1608 2267 1838 2324 creando
1861 2265 2070 2331 tribuit,

497 2370 568 2426 ad
593 2377 794 2426 natura:
833 2368 1067 2438 pertinet
1103 2366 1426 2428 bonitatem;
1456 2371 1510 2418 et
1534 2361 1676 2433 quod
1704 2362 1784 2415 eis
1811 2356 2077 2428 pascendo

497 2469 554 2516 et
593 2459 876 2516 nutriendo
913 2459 1006 2514 dat
1042 2459 1428 2512 incrementum
1456 2495 1472 2520 ,
1514 2469 1621 2510 non
1653 2451 1833 2521 utique
1860 2448 2078 2504 malitiae

497 2567 705 2620 eorum,
738 2550 834 2606 sed
856 2549 1030 2606 eidem
1053 2549 1210 2604 bonae
1235 2556 1440 2602 natura:
1466 2559 1626 2616 quam
1647 2543 1850 2598 creavit
1880 2541 2071 2604 bonus,

495 2645 694 2702 bonum
735 2643 920 2698 tribuit
953 2642 1338 2712 adjumentum.
1368 2638 1426 2693 lu
1479 2644 1736 2708 quantum
1778 2634 1922 2690 enim
1972 2630 2075 2686 bo—

495 2739 668 2796 mines
711 2745 867 2801 sunt,
900 2738 1096 2792 bonum
1135 2743 1218 2790 est
1265 2740 1500 2799 naturae,
1548 2731 1700 2800 cujus
1753 2737 1939 2784 auctor
1991 2734 2075 2782 est

498 2829 641 2886 Deus
671 2845 684 2883 :
713 2828 765 2882 in
811 2835 1068 2896 quantum
1105 2833 1282 2880 autem
1319 2838 1439 2878 cum
1486 2829 1704 2892 peccato
1741 2827 2068 2884 nascuntur,

494 2919 717 2992 perituri
755 2919 802 2974 si
845 2934 950 2972 non
987 2923 1342 2973 renascuntur
1385 2917 1426 2980 ί,
1474 2915 1542 2968 ad
1578 2927 1761 2969 semen
1805 2911 2074 2982 pertinent

491 3009 832 3066 maledictum
874 3008 942 3062 ab
981 3007 1132 3061 initio
1171 3005 1326 3077 (Sap.
1364 3019 1437 3059 xu
1460 3045 1476 3070 ,
1505 3001 1632 3087 11),
1663 3002 1804 3058 illius
1841 3001 2072 3069 antiquae

493 3099 866 3156 inobedieutiae
912 3098 1060 3154 vitio.
1105 3097 1220 3166 Quo
1269 3105 1446 3151 tamen
1495 3097 1632 3151 bene
1689 3094 1854 3148 utitur
1903 3093 2072 3149 iactor

491 3191 653 3246 etiam
679 3205 926 3246 vasorum
953 3190 1068 3255 irae,
1090 3199 1150 3244 ut
1169 3197 1324 3244 notas
1345 3186 1504 3242 faciat
1522 3186 1734 3242 divitias
1751 3186 1934 3256 gloriae
1960 3199 2070 3240 suae

491 3283 546 3339 in
573 3297 696 3338 vasa
724 3281 1142 3347 misericordiae;
1185 3295 1251 3335 ue
1293 3280 1498 3335 meritis
1525 3279 1635 3334 suis
1665 3279 1894 3346 tribuat,
1927 3279 1972 3332 si
2002 3275 2070 3331 ad

491 3373 732 3430 eamdem
759 3387 988 3428 massam
1013 3373 1236 3444 quisque
1265 3372 1538 3443 pertinens
1561 3373 1730 3442 gratia
1771 3371 2028 3426 liberetur
2048 3411 2064 3436 ,

489 3465 585 3520 sed
606 3466 695 3535 qui
713 3465 988 3536 gloriatur,
1013 3465 1067 3518 in
1097 3464 1322 3518 Domino
1341 3463 1600 3533 glorietur
1623 3462 1642 3535 (
1662 3460 1705 3516 ll
1723 3459 1842 3517 Cor.
1865 3477 1923 3526 ι,
1951 3460 2065 3529 17).

560 3555 784 3612 CAPUT
823 3555 1013 3611 XVIII.
1040 3586 1111 3596 —
1135 3556 1224 3611 55.
1248 3555 1329 3610 Ab
1351 3554 1452 3609 hac
1475 3553 1579 3609 ﬁde
1602 3554 1889 3624 apostolica
1910 3563 2069 3623 atque

489 3648 750 3705 catholica
771 3649 1112 3704 veracissima
1131 3657 1187 3704 et
1209 3646 1602 3716 laudatissima,
1628 3663 1750 3704 cum
1773 3647 2068 3717 Pelagianis

486 3740 588 3796 iste
613 3740 915 3806 discedens,
948 3757 1053 3796 non
1094 3741 1206 3796 vult
1244 3750 1524 3797 nascentes
1547 3755 1668 3797 esse
1697 3740 1797 3796 sub
1822 3739 2062 3809 diabolo,

485 3847 554 3887 ne
579 3832 784 3902 parvuli
821 3840 1094 3902 portentur
1121 3831 1188 3886 ad
1214 3831 1483 3886 Christum
1501 3874 1516 3900 ,
1547 3843 1605 3887 ut
1633 3839 1887 3899 eruantur
1912 3846 1944 3885 a
1970 3845 2065 3900 po.

487 3930 678 3978 testate
701 3923 1062 3991 tenebrarum,
1085 3923 1214 3978 etin
1242 3939 1465 3994 regnum
1488 3923 1654 3993 ipsius
1677 3922 2066 3978 transferantur

485 4012 703 4082 (Colore.
739 4013 930 4088 1,15).
963 4017 1040 4070 Ac
1080 4013 1159 4070 sic
1200 4024 1414 4070 accusat
1455 4015 1750 4072 Ecclesiam
1791 4023 1901 4070 toto
1935 4017 2066 4072 orbe

483 4101 760 4170 diiiusam,
799 4105 850 4158 in
889 4121 991 4176 qua
1029 4104 1224 4176 ubique
1260 4121 1448 4161 omnes
1479 4107 1780 4177 baptizandi
1822 4107 2065 4163 iuiantuli

481 4210 589 4250 non
627 4197 695 4251 ob
732 4197 876 4250 aliud
915 4197 1265 4253 exsufﬂantur
1288 4240 1302 4264 ,
1343 4199 1446 4254 nisi
1489 4207 1546 4254 ut
1585 4200 1653 4254 ab
1697 4201 1772 4256 eis
1812 4202 2064 4273 princeps

482 4287 664 4342 mundi
705 4289 944 4343 mittatur
974 4288 1114 4345 foras
1143 4289 1322 4362 (Joan.
1351 4307 1423 4346 xu
1443 4334 1458 4358 ,
1485 4289 1576 4366 5i)
1607 4311 1620 4347 :
1653 4309 1682 4348 a
1709 4309 1814 4365 quo
1843 4310 2064 4352 necesse

481 4389 566 4435 est
588 4395 712 4436 vasa
739 4381 830 4436 ira:
869 4381 1239 4452 possideantur
1257 4425 1272 4452 ,
1305 4400 1425 4441 cum
1451 4399 1516 4441 ex
1543 4385 1714 4442 Adam
1738 4396 2060 4458 nascuntur,

480 4471 528 4526 si
553 4471 606 4526 in
635 4471 848 4528 Christo
871 4483 1238 4542 renascantur,
1259 4484 1314 4531 et
1339 4477 1390 4531 in
1423 4477 1538 4546 ejus
1567 4492 1790 4547 regnum
1819 4495 1912 4551 per
1935 4495 2061 4552 gra-

481 4562 608 4617 tiam
650 4561 786 4618 facta
829 4579 954 4620 vasa
997 4566 1377 4624 misericordia:
1421 4569 1825 4628 transferantur.
1865 4569 2062 4630 Contra

481 4655 636 4710 istam
657 4655 1084 4716 fundatissimam
1105 4663 1326 4718 veniens
1345 4669 1651 4733 veritatem,
1666 4681 1735 4722 ne
1755 4667 2062 4724 universam

480 4744 678 4801 Christi
695 4747 988 4804 Ecclesiam
1007 4766 1312 4823 oppugnare
1327 4753 1586 4823 videatur,
1611 4757 1763 4826 quasi
1787 4773 1874 4814 me
1893 4774 2060 4814 unum

397 4903 412 4916 ι
481 4837 791 4907 alloquitur,
820 4851 874 4894 et
899 4841 1357 4914 velutcorripieus
1385 4857 1543 4917 atque
1567 4848 1863 4906 admonens
1887 4851 2054 4908 dicit:

481 4927 654 4983 Ellam
674 4940 719 4984 te
733 4929 871 4985 Deus
893 4933 1028 5002 fecit;
1048 4935 1156 5002 sed,
1179 4937 1314 5006 quod
1331 4948 1404 4992 est
1429 4941 1709 5011 fatendum,
1733 4944 1900 5013 gravis
1919 4961 2060 5001 error

480 5021 673 5091 infecit.
699 5021 836 5077 Sane
865 5024 1006 5093 quod
1027 5040 1114 5082 me
1137 5027 1278 5084 Deus
1304 5029 1486 5085 fecerit
1509 5047 1760 5102 agnosco,
1783 5045 1838 5091 et
1859 5037 2058 5107 gratias

479 5126 581 5182 ago
610 5130 622 5166 :
653 5113 742 5183 qui
772 5125 946 5171 tamen
974 5131 1092 5174 cum
1133 5119 1228 5174 iraa
1265 5122 1406 5177 vasis
1448 5124 1738 5193 perissem,
1776 5125 1822 5182 si
1855 5137 2058 5185 tantum

479 5219 546 5260 ex
573 5205 741 5260 Adam
773 5222 860 5262 me
894 5207 1143 5278 fecisset,
1177 5221 1232 5268 et
1266 5213 1318 5268 in
1363 5214 1575 5271 Christo
1615 5233 1721 5272 non
1762 5219 2055 5279 refecisset.

479 5297 632 5364 Quod
651 5313 772 5354 cum
805 5315 1081 5369 possessus
1107 5303 1390 5376 Pelagiana
1418 5307 1690 5378 impietate
1717 5326 1825 5366 non
1851 5313 2056 5384 credit,

478 5391 524 5446 si
555 5393 606 5448 in
634 5400 781 5448 tanto
806 5395 947 5449 malo
977 5395 1028 5450 in
1054 5396 1211 5453 linem
1251 5413 1419 5472 usque
1454 5402 1735 5474 perdurat,
1773 5421 1880 5462 non
1909 5407 2054 5478 ipse,

479 5484 575 5540 sed
599 5485 859 5543 Catholici
887 5487 1128 5556 videant,
1164 5493 1336 5562 qualis
1371 5505 1426 5552 et
1457 5507 1688 5565 quantus
1715 5513 1836 5556 eum
1866 5516 2054 5572 error,

479 5591 586 5633 non
612 5579 884 5650 infecerit,
911 5581 1004 5638 sed
1035 5582 1192 5654 plane
1217 5583 1562 5643 interfecerit.

541 5713 558 5744 ί
717 5719 808 5784 ξι..
819 5725 873 5769 et
893 5717 1117 5784 plerique
1137 5729 1266 5783 Mss,

475 5774 549 5822 Sic
572 5777 718 5824 etiam
733 5777 856 5828 intra

479 5815 682 5896 tuas:
688 5815 902 5902 ὧῗᾶἰ.

1129 5729 1266 5800 pass,
1283 5713 1594 5800 perituri
1607 5741 1698 5800 non
1722 5737 2052 5800 renascimur.

922 5785 970 5832 in
999 5787 1170 5846 Operis
1192 5785 1463 5849 Imperfecu'
1500 5785 1626 5840 libro
1646 5794 1692 5848 3.
1713 5805 1818 5856 cap.
1848 5795 1966 5859 142,
2004 5803 2056 5848 et

1308 409 1396 468 DE
1431 405 1700 468 NUPTIIS
1737 405 1826 464 ET
1861 398 2461 476 CONCUPISCEN'I‘IA,
2501 407 2557 464 S.
2595 407 2956 468 AUGUSTINI

3665 421 3776 480 458

2264 519 2488 578 CAPUT
2526 523 2666 580 XIX.
2703 555 2772 566 ——
2803 525 2896 583 5L.
2924 527 3153 585 Attende
3194 532 3466 602 sequentia
3507 549 3522 590 :
3555 551 3577 587 ι
3617 533 3776 604 Quod

2193 619 2396 681 autem,
2427 632 2448 667 ι
2474 614 2660 685 inquit,
2688 635 2708 668 ι
2738 617 2832 672 ﬁlii
2853 635 2917 674 ex
2938 621 3184 692 conjugio
3203 626 3432 694 suscepti
3458 627 3774 682 naturaliter

2191 702 2319 759 boni
2344 714 2486 772 sunt,
2521 708 2778 776 Apostolo
2805 711 3015 768 dicente
3044 714 3333 783 discamus,
3355 717 3446 786 qui
3467 718 3542 771 ait
3567 719 3636 774 de
3665 719 3768 774 im-

2191 795 2375 864 probis
2406 815 2421 851 :
2450 797 2646 853 Relicto
2671 803 2892 857 naturali
2912 821 3007 858 usu
3034 808 3235 878 femina:
3252 848 3268 872 ,
3289 821 3584 866 exarserunt
3607 813 3660 867 in
3681 813 3750 867 de

2189 884 2378 940 sideria
2407 903 2529 955 sua,
2559 890 2769 945 invicem
2803 895 3016 949 masculi
3047 896 3100 950 in
3127 900 3377 954 masculos
3407 903 3776 973 turpitudinem
3827 949 3832 954 .

2199 985 2462 1045 aperantes
2492 977 2662 1050 (Rom.
2684 997 2723 1048 ι,
2741 982 2853 1055 27).
2876 984 3118 1042 Ostendit
3142 1003 3289 1060 ergo,
3315 1009 3334 1042 ι
3356 993 3540 1062 inquit,
3569 1011 3590 1046 σ
3613 1011 3774 1050 usum

2189 1064 2403 1123 feminae
2431 1077 2485 1124 et
2511 1073 2806 1128 naturalem
2839 1091 2981 1142 esse,
3011 1087 3064 1132 et
3091 1095 3188 1148 pro
3219 1095 3317 1136 suo
3341 1082 3500 1138 modo
3528 1085 3775 1142 laudabi-

2189 1155 2294 1212 lem
2327 1177 2340 1214 :
2377 1159 2632 1231 ﬂagitium
2673 1175 2850 1220 autem
2891 1182 2956 1222 ex
2988 1169 3258 1226 voluntate
3287 1173 3501 1244 propria
3527 1177 3773 1232 exerceri

2187 1256 2371 1302 contra
2395 1250 2740 1309 institutionis
2762 1256 3034 1324 pudorem.
3059 1260 3248 1316 Merito
3273 1262 3473 1334 itaque,
3513 1283 3534 1318 ι
3571 1267 3772 1336 inquit,

2197 1356 2218 1390 ι
2253 1348 2306 1394 et
2333 1339 2386 1394 in
2411 1341 2549 1398 bene
2577 1345 2844 1401 utentibus
2885 1364 3050 1419 genus
3073 1353 3518 1422 concupiscentia:
3551 1357 3777 1412 modus-

2193 1447 2296 1502 que
2322 1423 2592 1503 laudatur‘,
2631 1445 2686 1493 et
2722 1438 2774 1493 in
2817 1441 3057 1512 turpibus
3091 1459 3344 1500 excessus
3381 1448 3498 1517 ejus
3527 1450 3770 1520 punitur.

2194 1523 2431 1594 Denique
2460 1528 2648 1584 eodem
2689 1539 2926 1602 tempore
2951 1534 3092 1590 Deus
3119 1536 3346 1592 Abrahae
3369 1548 3423 1593 et
3448 1540 3595 1596 Sara:
3622 1557 3770 1596 mar-

2187 1615 2358 1669 centia
2371 1632 2484 1671 aevo
2505 1621 2740 1676 membra
2761 1625 3023 1693 vegetavit
3045 1645 3064 1678 ›
3084 1625 3238 1696 (Gen.
3259 1645 3349 1684 χχι
3368 1670 3383 1696 ,
3419 1631 3505 1700 1),
3542 1651 3562 1685 ‹
3581 1647 3688 1704 quo
3714 1634 3770 1689 in

2191 1703 2436 1764 Sodomis
2462 1711 2572 1780 ipsa
2613 1714 2766 1782 igneo
2793 1715 2962 1773 imbre
2983 1721 3186 1788 punivit
3220 1739 3240 1774 ι
3273 1721 3384 1795 (Id.
3413 1725 3767 1800 x1x,24,9.5).

2195 1813 2214 1847 ί
2234 1795 2286 1851 Si
2315 1797 2472 1867 igitur
2497 1810 2669 1870 putas,
2699 1823 2719 1856 ι
2753 1805 2941 1876 inquit,
2978 1826 2997 1860 ε
3019 1809 3375 1866 accusandum
3402 1795 3766 1876 membrorum

2186 1887 2466 1958 vigorem,
2523 1896 2772 1964 quoniam
2839 1913 2934 1968 per
2986 1901 3159 1970 ipsum
3209 1903 3498 1962 Sodomita:
3551 1909 3768 1982 ﬂagitiis

2190 1979 2341 2034 obliti
2383 1983 2399 2013 ¹
2437 1993 2592 2050 sunt;
2639 1989 2911 2044 accusabis
2953 1993 3114 2048 etiam
3163 2005 3458 2054 creaturam
3509 1979 3666 2070 panis
3712 2011 3766 2058 et

2187 2072 2330 2140 vini,
2372 2079 2619 2146 quoniam
2664 2080 2788 2136 hinc
2828 2098 3037 2155 quoque
3075 2103 3169 2144 eos
3197 2104 3450 2160 peccasse
3489 2092 3765 2163 Scriptura

2180 2161 2358 2219 divina
2396 2167 2728 2236 signiﬁcavit.
2766 2173 2900 2228 Dicit
2929 2177 3072 2231 enim
3101 2177 3358 2236 Dominus
3388 2197 3484 2252 per
3507 2161 3767 2240 Ezechie—

2179 2254 2282 2310 lem
2311 2260 2620 2342 prophetam
2654 2282 2669 2320 :
2707 2263 3065 2324 Verumtamen
3095 2271 3176 2326 ha:
3207 2273 3498 2343 iniquitates
3521 2276 3767 2334 Sodoma:

2176 2351 2366 2404 sororis
2389 2360 2510 2420 tute,
2533 2356 2787 2424 superbia,
2810 2358 2862 2412 in
2883 2361 3149 2417 saturitate
3171 2379 3357 2433 panum
3383 2375 3431 2421 et
3449 2367 3766 2424 abundantia

2178 2441 2281 2494 uini
2306 2441 2527 2512 [luebant
2551 2446 2665 2516 ipsa
2705 2457 2752 2502 et
2788 2449 2885 2518 ﬁlii
2921 2452 3031 2522 ejus
3053 2492 3071 2519 ,
3109 2463 3156 2507 et
3193 2471 3395 2510 manum
3439 2460 3682 2528 pauperis
3717 2467 3764 2514 et

2178 2537 2363 2603 egentis
2379 2552 2479 2590 non
2495 2537 2799 2608 adjuvabant
2823 2559 2842 2595 ι
2868 2540 3077 2616 (Ezech.
3100 2561 3211 2612 XVI,
3233 2545 3345 2620 49).
3378 2549 3558 2622 «Elige
3579 2551 3716 2620 jam,
3735 2570 3758 2607 ο

2177 2623 2365 2694 inquit,
2402 2644 2420 2677 ι
2455 2636 2630 2683 utrum
2652 2633 2821 2686 mavis
2851 2651 2864 2688 :
2896 2644 2988 2689 aut
3013 2646 3198 2708 reputa
3225 2637 3407 2696 divino
3433 2643 3582 2711 operi
3615 2657 3766 2698 com-

2175 2715 2485 2772 mixtionem
2521 2735 2808 2790 corporum
2835 2765 2851 2792 ,
2895 2735 2986 2780 aut
3026 2738 3324 2784 creaturam
3369 2733 3521 2802 panis
3557 2742 3615 2789 et
3649 2735 3764 2792 vini

2175 2804 2421 2861 similiter
2449 2809 2641 2866 malam
2668 2813 2690 2844 ³
2719 2827 2838 2870 esse
2863 2814 3047 2872 deﬁni.
3079 2819 3234 2887 Quod
3265 2821 3310 2876 si
3335 2822 3546 2892 ieceris,
3573 2835 3764 2894 aperte

2175 2893 2498 2954 Manichacus
2538 2916 2659 2957 esse
2700 2907 3055 2964 convinceris.
3091 2909 3548 2982 Coneupiseentiae
3577 2915 3762 2974 autem

2173 2989 2430 3042 naturalis
2473 2992 2560 3061 qui
2607 2995 2821 3050 modum
2867 3005 3040 3066 tenet,
3081 2999 3223 3057 bono
3257 3004 3397 3061 bene
3434 3007 3633 3072 utitur;
3667 3008 3763 3080 qui

2174 3077 2388 3134 modum
2431 3097 2536 3135 non
2576 3091 2753 3152 tenet,
2785 3086 2926 3144 bono
2955 3091 3095 3146 male
3124 3095 3310 3150 utitur.
3345 3096 3479 3165 Quid
3505 3097 3643 3155 dicis
3668 3077 3760 3156 er-

2172 3183 2260 3239 go,
2289 3188 2308 3222 ι
2339 3171 2509 3241 inquit
2537 3190 2550 3226 :
2583 3192 2603 3226 ι
2639 3175 2714 3230 Ita
2745 3179 3046 3247 nuptiarum
3085 3183 3284 3240 bonum
3314 3189 3456 3244 malo
3481 3191 3759 3261 originali,

2173 3261 2314 3330 quod
2351 3262 2472 3318 inde
2508 3265 2770 3336 trahitur,
2797 3285 2900 3325 non
2928 3280 3104 3342 potest
3129 3279 3408 3345 accusari;
3436 3281 3574 3336 sicut
3597 3282 3760 3339 adul-

2174 3351 2430 3406 teriorum
2460 3356 2654 3410 malum
2683 3357 2824 3413 bono
2847 3365 3118 3432 .naturali,
3159 3368 3302 3437 quod
3335 3369 3459 3426 inde
3493 3374 3758 3442 nascitur,

2170 3460 2279 3501 non
2299 3457 2473 3518 potest
2491 3453 2764 3508 excusari»
2791 3453 2891 3524 (De
2903 3455 3068 3527 Nupt.
3083 3468 3130 3513 el
3145 3458 3393 3534 Concup.,
3417 3463 3504 3518 lib.
3520 3466 3570 3532 1,
3593 3483 3649 3520 n.
3674 3465 3762 3538 l)?

2175 3554 2196 3588 ι
2219 3537 2312 3592 His
2336 3542 2690 3610 sermonibus,
2719 3563 2740 3596 ι
2771 3546 2960 3617 inquit,
2985 3567 3003 3600 ι
3037 3552 3178 3622 quod
3216 3569 3504 3624 negaveras
3531 3537 3764 3615 conces-

2169 3627 2317 3695 sisti,
2344 3630 2484 3699 quod
2513 3646 2856 3691 concesseras
2889 3639 3148 3696 sustulisti
3182 3661 3197 3698 :
3229 3653 3283 3698 et
3310 3645 3441 3701 nihil
3469 3649 3638 3720 magis
3663 3651 3754 3706 la-

2167 3717 2346 3787 boras,
2377 3736 2534 3792 quam
2559 3733 2618 3777 ut
2641 3739 2826 3794 parum
2851 3727 3183 3802 intelligaris.
3215 3733 3449 3793 Ostende
3467 3717 3583 3795 sine
3603 3753 3764 3796 com-

2169 3811 2424 3868 mixtione
2453 3817 2664 3887 nuptias
2689 3821 2996 3890 corporales
3021 3840 3037 3878 :
3065 3833 3157 3880 aut
3189 3843 3352 3882 unum
3389 3831 3600 3902 aliquod
3627 3831 3764 3891 huic

2169 3906 2314 3974 operi
2357 3921 2550 3963 nomen
2593 3910 2852 3980 imponito
2875 3953 2891 3982 ,
2942 3925 2997 3970 et
3031 3917 3114 3972 vel
3154 3917 3353 3976 bonum
3381 3962 3396 3988 ,
3435 3924 3520 3978 vel
3547 3925 3762 3982 malum

2167 3995 2468 4066 conjugium
2515 4010 2838 4072 nuncupata.
2883 4003 3230 4078 Sp0pondisti
3282 4013 3466 4084 utique
3505 4015 3648 4072 bona
3694 4024 3761 4075 te

2165 4085 2390 4144 delinire
2418 4092 2663 4163 coujugia
2693 4112 2707 4150 :
2729 4097 2775 4150 si
2803 4097 3107 4170 conjugium
3131 4102 3355 4174 bonum,
3379 4108 3423 4162 si
3447 4107 3612 4166 homo
3639 4109 3762 4166 Iru-

2165 4187 2280 4233 ctus
2316 4180 2546 4253 conjugii
2577 4184 2778 4253 bonus,
2816 4189 2861 4243 si
2901 4189 2988 4246 hic
3021 4191 3223 4248 fructus
3265 4211 3399 4267 opus
3441 4199 3534 4255 Dei
3571 4201 3758 4258 malus

2164 4283 2284 4325 esse
2311 4285 2421 4327 non
2449 4281 2660 4343 potest,
2687 4279 2778 4347 qui
2819 4294 2915 4350 per
2947 4281 3147 4339 bonum
3182 4300 3248 4341 ex
3288 4287 3430 4344 bono
3465 4293 3750 4362 nasqitur;

2165 4359 2253 4414 ubi
2281 4361 2439 4432 igitur
2467 4365 2723 4435 originale
2749 4371 2946 4428 malum
2972 4415 2988 4440 ,
3029 4375 3169 4445 quod
3207 4385 3286 4433 tot
3309 4359 3634 4451 praeiudiciis
3663 4359 3756 4439 in;

2165 4459 2330 4507 terem
2339 4462 2482 4522 ptum
2506 4458 2625 4512 est?
2659 4477 2678 4511 3

2235 4544 2460 4602 CAPUT
2495 4547 2614 4603 XX.
2638 4580 2707 4592 —
2727 4551 2815 4608 55.
2846 4555 2926 4610 Ad
2951 4555 3068 4613 haec
3092 4562 3414 4632 respondeo,
3437 4580 3544 4622 non
3570 4569 3758 4628 solum

2163 4635 2299 4690 iilios
2327 4652 2391 4692 ex
2417 4639 2696 4710 coniugio,
2728 4659 2910 4700 verum
2951 4649 3112 4704 etiam
3154 4665 3220 4706 ex
3246 4653 3511 4712 adulterio
3545 4659 3758 4718 bonum

2161 4725 2374 4797 aliquod
2402 4743 2554 4798 esse,
2598 4733 2893 4792 secundum
2933 4753 3069 4808 opus
3107 4741 3204 4798 Dei
3231 4759 3336 4816 quo
3374 4751 3540 4806 creati
3575 4763 3752 4810 sunt:

2163 4817 2452 4874 secundum
2479 4829 2655 4876 autem
2682 4825 2938 4896 originale
2957 4842 3258 4903 peccatum,
3283 4837 3334 4891 in
3363 4837 3710 4900 damnatione
3727 4843 3756 4878 ³

2167 4909 2314 4966 nasci
2342 4927 2411 4967 ex
2439 4913 2607 4968 Adam
2651 4917 2860 4987 primo,
2905 4937 3012 4977 non
3055 4925 3227 4982 solum
3257 4928 3301 4983 si
3347 4929 3416 4985 de
3439 4931 3709 4991 adulterio
3733 4978 3752 5004 ,

2165 5019 2351 5060 verum
2378 5005 2535 5062 etiam
2562 5010 2604 5064 si
2631 5009 2699 5066 de
2727 5013 2973 5086 conjugio
3001 5028 3343 5090 generentur,
3365 5023 3468 5079 nisi
3494 5026 3548 5080 in
3577 5028 3752 5084 Adam

2161 5096 2417 5163 secundo,
2446 5099 2536 5168 qni
2562 5109 2647 5156 est
2672 5101 2936 5174 Christus,
2965 5123 3365 5180 regenerentur.
3389 5115 3542 5182 Quod
3567 5129 3752 5175 autem

2159 5187 2235 5242 ait
2257 5189 2544 5258 Apostolus
2579 5191 2648 5249 de
2683 5195 2973 5266 improbis,
3023 5201 3221 5259 Relicto
3259 5207 3486 5262 naturali
3525 5226 3626 5264 usu
3669 5215 3748 5284 [es

2160 5283 2310 5339 mina:
2329 5324 2346 5352 ,
2373 5296 2666 5342 exarserunt
2689 5289 2743 5344 in
2769 5290 3018 5349 desideria
3042 5311 3137 5350 sua
3168 5297 3222 5352 in
3249 5298 3462 5354 invicem
3484 5341 3500 5366 ,
3533 5283 3752 5360 masculi

2160 5373 2214 5428 in
2249 5375 2498 5430 masculos
2537 5379 2896 5449 turpitudinem
2933 5397 3198 5456 operante:
3223 5403 3243 5444 :
3269 5405 3375 5446 non
3415 5390 3556 5447 dixit
3589 5409 3752 5450 usum

2223 5550 2537 5632 .’__:§'“.-E-.?E
2550 5552 2740 5632 ἓὲίίιυίὶι
2759 5563 2890 5632 “ES-2
2905 5559 3130 5632 .leiaati-
3156 5566 3526 5632 Cysirannresis
3547 5575 3657 5632 κε..
3677 5571 3758 5624 ob-

2159 5610 2321 5687 voluti.
2347 5610 2844 5687 gasalensis,'_obruti.
2871 5610 2957 5687 Alii
2975 5610 3526 5687 μιΞΪθίἝόνῖῗόῦὶἑῆῗ

2157 5675 2332 5761 modus
2351 5675 2543 5761 Juliano
2551 5675 2864 5761 fainiliarisji
2874 5685 2944 5734 sic
2975 5683 3100 5761 libro
3129 5675 3301 5761 anas
3317 5675 3325 5678 ⁷
3343 5675 3504 5754 ᾇἁῶ
3535 5675 3752 5761 quia“,

2159 5750 2265 5800 cap.
2289 5739 2338 5797 7,
2369 5755 2392 5784 ι
2415 5739 2701 5810 ﬂagitiorum
2723 5743 2944 5794 sordibus
2965 5747 3221 5800 oblinatur.
3246 5767 3267 5798 ι

2225 5801 2245 5832 ³
2277 5805 2410 5852 Lov..
2433 5811 2630 5852 malum

2227 5862 2247 5894 ι
2278 5835 2668 5926 “resume.
2693 5872 2750 5918 At
2774 5867 2908 5932 editi,
2926 5871 3293 5928 darmationem.
