3938 6502
189 411 264 474 ιδτ
1472 403 1677 462 LIBER
1713 399 2088 460 SECUNDUS.

189 522 485 596 coniugalem,
520 522 624 579 sed
645 522 980 590 naturalem,
1002 535 1126 578 eum
1149 519 1333 576 volens
1357 516 1600 589 intelligi,
1644 517 1731 588 qui

193 620 233 675 ﬁt
253 614 474 672 membris
499 613 572 670 ad
602 615 715 671 hoc
743 615 960 680 creatis,
990 621 1049 668 ut
1073 627 1168 683 per
1194 627 1257 668 ea
1289 611 1457 682 possit
1481 610 1546 666 ad
1572 624 1739 680 gene-

194 707 362 764 randum
402 719 572 762 sexus
614 714 850 777 uterque
892 703 1128 760 misceri.
1172 705 1248 758 Ac
1288 719 1386 775 per
1426 701 1529 756 hoc
1553 744 1568 768 ,
1611 715 1734 756 cum

198 801 342 859 eisdem
379 798 650 855 membris
677 799 843 856 etiam
880 795 1152 853 meretrici.
1183 795 1409 867 quisque
1446 795 1736 860 miscetur,

196 893 393 951 naturalis
415 902 504 948 est
531 906 687 959 usus,
715 907 819 948 nec
843 900 1017 947 tamen
1046 887 1346 954 laudabilis,
1378 887 1472 943 sed
1501 884 1741 958 culpabi-

196 989 256 1042 Iis.
278 985 342 1041 Ab
361 999 427 1041 ea
453 999 590 1040 vero
617 993 777 1055 parte
803 983 1066 1053 corporis,
1101 996 1222 1051 quae
1246 994 1354 1035 non
1382 978 1449 1035 ad
1476 993 1740 1050 generan-

194 1079 285 1134 dum
304 1085 376 1132 est
405 1076 680 1140 instituta,
708 1075 754 1130 si
784 1084 840 1130 et
864 1073 1086 1144 coniuge
1108 1072 1335 1143 quisque
1372 1079 1571 1135 utatur,
1613 1084 1743 1125 con-

192 1182 252 1227 tra
271 1179 504 1225 naturam
530 1177 616 1224 est
639 1177 696 1224 et
733 1166 1079 1239 flagitiosum.
1128 1164 1366 1235 Denique
1408 1163 1554 1234 prius
1597 1161 1738 1218 idem

190 1260 420 1332 apostolus
459 1259 530 1315 de
557 1258 772 1314 feminis
801 1257 972 1324 dixit,
1015 1254 1154 1310 Nam
1182 1255 1383 1328 femina:
1426 1270 1600 1309 eorum
1639 1253 1742 1307 im-

189 1360 465 1407 mutata-unt
495 1350 781 1406 naturalem
807 1348 1033 1404 usumin
1055 1364 1169 1402 eum
1186 1363 1334 1402 usum
1356 1345 1440 1417 qui
1468 1353 1541 1401 est
1568 1353 1746 1400 contra

189 1451 381 1498 naturam
425 1440 608 1512 (Rom.
640 1458 693 1508 ι,
723 1439 825 1506 27,
859 1437 953 1509 26)
983 1457 997 1494 :
1026 1438 1221 1494 deinde
1243 1479 1258 1504 ,
1295 1437 1363 1494 de
1402 1435 1655 1493 masculis
1691 1436 1746 1491 in

187 1535 414 1592 maswlos
440 1533 829 1605 turpitudinem
858 1531 1220 1602 operantibus,
1248 1530 1434 1586 relicto
1459 1542 1560 1584 usu
1588 1526 1744 1584 femi-

187 1643 265 1685 neo
289 1626 539 1682 naturali.
570 1625 686 1680 Non
712 1639 839 1695 ergo
863 1624 967 1680 isto
992 1623 1229 1690 nomine,
1261 1621 1314 1677 id
1339 1628 1418 1678 est
1436 1662 1452 1687 ,
1483 1637 1579 1674 usu
1606 1627 1747 1674 natu.

187 1720 288 1786 rati,
317 1718 619 1788 coniugalis
656 1723 742 1772 est
773 1714 984 1770 laudata
1010 1713 1350 1776 commixtio,
1393 1711 1489 1767 sed
1517 1711 1747 1765 immun-

186 1811 304 1866 diora
341 1819 396 1865 et
435 1806 786 1864 sceleratiora
815 1804 1014 1876 ﬂagitia
1049 1804 1300 1859 denotata
1325 1811 1483 1869 sunt,
1512 1817 1671 1873 quam
1702 1802 1747 1856 si

186 1903 333 1958 iIlicite
355 1910 411 1957 et
437 1899 693 1968 feminis,
718 1897 815 1954 sed
838 1907 1016 1953 tamen
1040 1895 1356 1952 naturaliter
1382 1901 1685 1951 uterentur.

236 1993 448 2068 CAPUT
489 1991 640 2048 XXI.
667 2021 742 2034 —
768 1990 860 2049 36.
890 1990 1088 2046 Panem
1111 2003 1242 2044 vero
1261 1994 1319 2044 et
1337 1987 1517 2042 vinum
1543 1987 1620 2042 sic
1641 2001 1746 2041 non

186 2085 605 2159 reprehendimus
634 2092 854 2156 propter
878 2081 1180 2138 luxuriosos
1202 2087 1260 2136 et
1287 2079 1530 2136 ebriosos
1549 2121 1565 2146 ,
1610 2093 1748 2150 quo-

185 2179 312 2237 modo
338 2193 439 2235 nec
458 2193 660 2234 aurum
690 2184 909 2248 propter
927 2173 1150 2246 cupidos
1174 2181 1230 2230 et
1251 2186 1466 2228 avaros.
1487 2171 1750 2241 Quocirca

183 2270 594 2328 commixtionem
639 2282 852 2340 quoque
883 2266 1162 2322 honestam
1202 2264 1486 2336 coniugum
1520 2276 1751 2319 nonre-

183 2361 544 2434 prchendimus
571 2369 794 2432 propter
822 2357 1124 2430 pudendam
1142 2372 1430 2428 corporum
1449 2352 1746 2412 libidinem.

181 2453 256 2511 Illa
276 2454 412 2511 enim
440 2462 636 2525 posset
663 2467 786 2509 esse
810 2450 954 2507 nulla
977 2450 1319 2522 prtecedente
1355 2449 1752 2521 perpetratione

180 2545 376 2615 peccati,
407 2545 480 2600 de
509 2559 618 2615 qua
645 2558 755 2598 non
781 2542 1158 2600 erubescerent
1180 2541 1447 2612 coniugati
1478 2558 1493 2595 :
1518 2541 1634 2596 haec
1658 2555 1754 2594 au-

179 2647 269 2692 tem
295 2646 478 2692 exorta
508 2643 597 2690 est
622 2641 746 2706 post
768 2642 1044 2706 peccatum
1065 2675 1082 2702 ,
1110 2649 1270 2705 quam
1309 2633 1479 2689 coacti
1508 2641 1633 2687 sunt
1657 2647 1754 2688 ve-

179 2729 275 2785 lare
294 2729 503 2784 confusi
535 2727 693 2801 (Gen.
721 2743 780 2782 ιιι
799 2769 816 2795 ,
860 2727 938 2798 7).
967 2725 1121 2784 Unde
1150 2726 1408 2783 remansit
1435 2725 1754 2796 posteriori-

176 2821 265 2876 bus
284 2819 607 2890 coniugatis,
637 2817 885 2888 quamvis
909 2817 1012 2873 hoc
1036 2817 1180 2873 malo
1199 2817 1337 2874 bene
1356 2825 1412 2874 et
1430 2816 1575 2873 licite
1599 2823 1756 2872 uten-

175 2914 344 2980 tibus,
383 2913 437 2967 in
474 2911 741 2982 ejusmodi
780 2925 946 2982 opere
983 2910 1279 2966 humanum
1325 2911 1495 2966 vitare
1529 2925 1756 2981 conspe-

178 3014 320 3060 ctmn
339 3046 357 3072 ,
384 3015 540 3076 atque
577 3006 649 3061 ita
675 3005 921 3062 conﬁteri
957 3004 1098 3076 quod
1131 3004 1437 3074 pudendum
1475 3011 1592 3070 est,
1633 3019 1754 3059 cum

173 3095 376 3152 debeat
410 3097 666 3153 neminem
701 3095 904 3166 pudere
943 3096 1084 3166 quod
1117 3095 1316 3152 bonum
1356 3103 1458 3151 est.
1487 3094 1579 3151 Sic
1620 3094 1751 3151 insi-

173 3196 408 3241 nuantur
431 3187 549 3241 haec
571 3185 690 3256 duo,
719 3195 777 3242 et
799 3186 995 3242 bonum
1025 3185 1303 3242 laudanda
1326 3185 1719 3258 coniunctionis
1733 3225 1753 3254 ,

173 3276 305 3332 unde
331 3276 424 3330 lilii
465 3284 788 3348 generentur
807 3319 823 3343 ,
854 3285 910 3334 et
937 3277 1136 3333 malum
1171 3277 1436 3349 pudenda:
1476 3277 1714 3334 libidinis
1735 3319 1752 3347 ,

172 3367 307 3424 unde
329 3368 420 3438 qui
457 3378 820 3440 generantur,
847 3369 1199 3440 regenerandi
1237 3379 1362 3425 sunt
1396 3385 1464 3426 ne
1491 3369 1755 3426 damnen-

171 3468 269 3514 tur.
298 3460 534 3516 Proinde
562 3459 810 3531 pudenda
840 3460 1064 3517 libidine
1095 3460 1190 3532 qui
1231 3461 1376 3516 Iicite
1411 3461 1717 3518 concumbit
1737 3502 1754 3530 ,

171 3553 305 3608 man
340 3553 483 3609 bene
511 3554 680 3609 utitur
711 3571 723 3606 :
754 3553 845 3624 qui
871 3562 1049 3609 autem
1077 3553 1282 3620 illicite,
1312 3553 1454 3609 malo
1481 3553 1619 3610 male
1648 3555 1757 3609 uti-

173 3653 270 3700 tur.
297 3646 521 3702 Rectius
559 3645 706 3702 enim
737 3647 929 3716 accipit
954 3648 974 3680 ¹
1006 3662 1202 3704 nomen
1238 3647 1364 3702 mali
1391 3662 1551 3718 quam
1591 3647 1752 3715 boni,

169 3737 303 3793 unde
337 3737 670 3794 erubescunt
706 3745 764 3792 et
800 3737 924 3793 mali
952 3746 1006 3792 et
1043 3739 1168 3794 boni
1199 3755 1213 3792 :
1240 3739 1540 3810 meliusque
1578 3738 1756 3795 credi-

168 3844 278 3884 mus
299 3829 356 3885 εἰ
376 3829 473 3900 qui
500 3829 666 3896 dicit,
696 3827 823 3885 Scio
847 3830 966 3900 quia
993 3845 1095 3884 non
1123 3830 1315 3885 habitat
1343 3831 1398 3884 in
1423 3847 1528 3897 me,
1563 3831 1658 3884 hoc
1687 3839 1758 3886 est

165 3920 214 3974 ἱιι
233 3937 388 3976 came
411 3937 566 3988 mea,
599 3922 786 3975 bonum
815 3920 987 3991 (Rom.
1028 3937 1130 3989 vn,
1170 3922 1295 3993 l8);
1322 3937 1480 3993 quam
1507 3921 1631 3978 huic
1667 3923 1758 3993 qui

163 4009 286 4066 dicit
313 4012 424 4068 hoc
451 4012 680 4078 bonum,
712 4011 853 4068 unde
877 4012 923 4067 si
952 4013 1316 4080 confunditur,
1338 4013 1623 4069 confitetur
1647 4029 1760 4069 ma-

162 4102 301 4170 lum;
334 4107 384 4160 si
410 4115 597 4161 autem
624 4119 732 4160 non
757 4103 1124 4172 confunditur,
1154 4105 1302 4161 addit
1329 4104 1714 4178 impudentiam
1738 4148 1756 4175 ,

162 4195 308 4266 peius
335 4198 567 4254 malum.
601 4197 769 4253 Recte
811 4197 969 4268 igitur
993 4197 1260 4264 diximus,
1295 4216 1314 4251 ι
1349 4197 1427 4253 Ita
1455 4199 1758 4270 nuptiarum

163 4285 360 4343 bonum
390 4291 540 4346 malo
563 4290 812 4362 originali
839 4332 854 4358 ,
895 4289 1038 4360 quod
1067 4289 1192 4347 inde
1217 4289 1447 4346 trahitur
1469 4331 1485 4356 ,
1518 4307 1625 4347 non
1663 4307 1760 4364 po-

166 4385 263 4432 test
289 4381 576 4445 accusari;
603 4381 744 4436 sicut
771 4381 1157 4437 adulteriorum
1190 4382 1391 4438 malum
1416 4381 1561 4438 bono
1600 4391 1758 4438 natu-

163 4471 276 4538 rali,
307 4472 456 4542 quod
484 4471 615 4528 inde
642 4474 896 4538 nascitur,
926 4487 1033 4531 non
1055 4481 1232 4544 potest
1254 4474 1497 4530 excusari
1527 4492 1541 4529 :
1578 4493 1598 4527 ι
1627 4489 1764 4546 quo-

165 4562 302 4618 niam
345 4574 547 4621 natura
576 4564 810 4620 humana
844 4581 964 4636 qua:
993 4566 1228 4622 nascitur
1264 4566 1347 4622 vel
1386 4565 1453 4622 de
1479 4565 1756 4637 coniugio,

163 4657 245 4712 vel
264 4658 333 4715 de
363 4659 661 4726 adulterio,
694 4660 790 4715 Dei
819 4673 956 4730 opus
983 4668 1085 4716 est.
1119 4659 1249 4729 Quae
1273 4659 1320 4716 si
1345 4659 1546 4715 malum
1575 4669 1758 4727 esset,

163 4763 263 4803 non
288 4760 442 4806 esset
467 4751 814 4822 generanda;
840 4751 886 4808 si
911 4751 1110 4807 malum
1131 4767 1240 4807 non
1265 4750 1508 4819 haberet,
1539 4766 1646 4808 non
1673 4765 1762 4807 es-

163 4847 242 4895 set
265 4841 652 4912 regeneranda
685 4860 699 4896 :
731 4850 890 4912 atque
925 4851 983 4897 ut
1017 4842 1086 4898 ad
1117 4858 1276 4898 unum
1307 4843 1528 4899 verbum
1559 4854 1764 4900 utrum-

161 4948 262 5001 que
285 4935 643 5000 concludam,
670 4944 860 4990 natura
889 4935 1120 4990 humana
1145 4935 1190 4990 si
1220 4935 1416 4991 malum
1442 4945 1619 5003 esset,
1653 4937 1762 4992 sal-

159 5026 332 5080 nuda
359 5042 476 5081 non
508 5035 693 5090 esset;
740 5027 784 5081 si
814 5026 866 5081 ei
907 5027 1031 5082 mali
1070 5025 1201 5082 nihil
1229 5027 1466 5093 inesset,
1513 5029 1763 5084 salvandn

159 5128 264 5168 non
287 5126 470 5174 esset.
519 5116 622 5184 Qui
656 5131 786 5188 ergo
816 5116 946 5172 dicit
969 5132 1089 5174 eam
1117 5119 1313 5174 bonum
1351 5135 1456 5175 non
1483 5136 1602 5177 esse
1622 5162 1636 5185 ,
1671 5121 1759 5175 bo-

157 5222 285 5261 num
313 5220 483 5282 negat
512 5210 744 5266 condita;
773 5218 1070 5266 creatorem
1099 5229 1112 5266 :
1134 5211 1224 5282 qui
1251 5227 1379 5268 vero
1405 5222 1561 5284 negat
1583 5214 1632 5269 ei
1654 5229 1767 5270 ma-

155 5295 268 5352 tum
298 5301 511 5368 inesse,
545 5300 951 5356 misericordem
973 5302 1166 5356 vitiatae
1194 5302 1394 5358 invidet
1418 5304 1762 5362 salvatorem.

155 5386 509 5462 Quapropter
546 5393 599 5447 in
644 5393 952 5448 hominibus
999 5396 1341 5452 nascentibus
1383 5412 1554 5468 neque
1599 5413 1764 5453 excu-

159 5481 326 5535 sanda
374 5495 504 5539 sunt
544 5485 808 5540 adulteria
839 5500 934 5554 per
965 5487 1160 5541 bonum
1187 5488 1329 5558 quod
1371 5489 1494 5545 inde
1519 5505 1547 5543 a
1575 5491 1763 5546 condi-

164 5583 280 5629 tore
306 5575 458 5630 bono
485 5585 733 5631 creatum
765 5585 884 5642 est,
930 5591 1027 5631 nec
1057 5579 1354 5633 accusanda
1385 5581 1631 5651 coniugia
1673 5598 1767 5652 per

165 5665 370 5721 malum
418 5666 559 5737 quod
600 5665 675 5720 ibi
716 5681 748 5721 a
793 5667 1137 5724 misericorde
1170 5669 1432 5725 salvatore
1471 5675 1764 5730 sanandum

168 5764 271 5811 εει.

235 5889 258 5922 ⁸
288 5893 426 5960 uiti,
440 5898 645 5963 accepit.
672 5906 807 5958 Mss,
839 5895 1027 5961 accipit.

527 5982 774 6048 SANCT.
827 5982 1096 6046 Aucvsr.
1139 5982 1225 6046 Χ.

3321 409 3427 468 458

1917 514 2144 571 CAPUT
2182 515 2350 572 XXII.
2381 547 2453 559 —
2479 519 2568 576 37.
2607 539 2626 574 ι
2663 521 2927 593 Ostende,
2969 543 2988 578 ι
3023 525 3221 597 inquit,
3261 542 3280 580 ι
3315 527 3435 584 sine

1845 606 2224 664 commixtione
2249 610 2458 679 nuptias
2496 613 2824 682 corporales.
2864 635 2883 668 ι
2927 613 3044 672 Non
3086 617 3312 674 ostendo
3334 632 3436 689 ego

1847 697 2056 766 nuptias
2093 700 2400 768 corporales
2439 702 2557 757 sine
2590 707 3007 775 commixtione;
3048 709 3142 766 sed
3187 725 3288 768 nec
3318 712 3436 782 ipse

1845 788 2078 844 ostendit
2111 789 2820 872 eamdemcommixtionem
2847 798 2963 855 sine
2991 801 3325 859 confusione.
3367 804 3425 860 In

1847 880 2094 952 paradiso
2119 891 2298 938 autem
2336 883 2382 938 si
2417 893 2697 954 peccatum
2732 902 2840 944 non
2877 895 3276 962 praecessisset,
3321 912 3429 953 non

1848 980 1994 1028 esset
2011 971 2225 1043 quidem
2251 973 2369 1031 sine
2389 974 2666 1047 utriusque
2686 992 2846 1034 sexus
2867 983 3246 1040 commixtione
3269 1001 3437 1056 gene-

1848 1065 2022 1129 ratio,
2071 1064 2166 1120 sed
2202 1074 2348 1121 esset
2386 1067 2504 1122 sine
2544 1067 2856 1125 confusione
2895 1074 3227 1129 commixtio.
3275 1077 3436 1133 Esset

1850 1154 2045 1225 quippe
2067 1153 2121 1208 in
2149 1155 2393 1212 coeundo
2412 1159 2696 1229 tranquilla
2720 1160 3080 1216 membrorum
3107 1165 3432 1233 obedientia,

1851 1259 1960 1301 non
2003 1246 2250 1317 pudenda
2278 1249 2456 1306 carnis
2484 1253 2938 1323 concupiscentia.
2984 1255 3217 1312 Proinde
3243 1260 3432 1328 coniu-

1853 1340 1998 1412 gium
2024 1340 2222 1397 bonum
2245 1351 2364 1410 est,
2403 1344 2546 1401 unde
2584 1346 2828 1402 ordinate
2865 1349 3158 1404 seminatus
3198 1353 3436 1408 nascitur

1853 1432 2047 1500 homo;
2074 1444 2128 1491 et
2157 1435 2364 1492 fructus
2397 1438 2629 1510 coniugii
2656 1439 2829 1495 bonus
2854 1482 2869 1507 ,
2911 1442 3054 1512 quod
3080 1452 3164 1498 est
3204 1444 3318 1513 ipse
3346 1445 3438 1514 qui

1853 1525 1924 1581 ita
1968 1527 2202 1583 nascitur
2237 1528 2397 1584 homo
2429 1547 2442 1584 :
2472 1530 2569 1586 sed
2598 1542 2872 1601 peccatum
2915 1533 3111 1589 malmn
3152 1544 3274 1602 est,
3315 1551 3440 1592 cum

1852 1632 1961 1688 quo
1984 1617 2233 1673 nascitur
2260 1620 2436 1674 omnis
2464 1619 2644 1674 homo.
2677 1621 2817 1677 Deus
2853 1623 3048 1694 quippe
3074 1624 3200 1680 fecit
3227 1635 3279 1681 et
3315 1625 3443 1682 facit

1855 1710 2125 1767 hominem
2158 1728 2174 1766 :
2205 1711 2300 1766 sed
2341 1729 2430 1781 per
2467 1729 2627 1766 unum
2655 1714 2908 1770 hominem
2943 1727 3204 1786 peccatum
3237 1720 3442 1775 intravit

1853 1802 1908 1856 in
1936 1803 2202 1868 mundum,
2228 1813 2278 1858 et
2302 1821 2390 1874 per
2413 1815 2673 1876 peccatum
2701 1824 2871 1874 mors;
2905 1819 2953 1864 et
2979 1811 3053 1864 ita
3076 1811 3128 1866 in
3159 1829 3330 1868 omnes
3351 1814 3443 1867 Ito-

1855 1895 2016 1950 mines
2053 1896 2343 1966 pertransiit
2367 1937 2383 1963 ,
2430 1896 2484 1950 in
2518 1913 2618 1968 quo
2660 1915 2832 1954 omnes
2881 1914 3213 1970 peccaverunt
3263 1903 3441 1974 (Rom.

1853 2001 1888 2041 v
1909 2027 1923 2052 ,
1954 1985 2066 2055 12).

1927 2075 2152 2134 CAPUT
2190 2075 2380 2133 XXIII.
2411 2109 2484 2120 --
2510 2079 2598 2135 58.
2636 2098 2655 2132 t
2687 2080 2858 2150 Novo,
2897 2103 2916 2137 ›
2951 2085 3161 2156 inquit,
3200 2105 3220 2140 ι
3249 2103 3446 2158 genere

1855 2167 2158 2225 disserendi
2184 2209 2198 2231 ,
2245 2178 2300 2225 et
2329 2170 2647 2228 catholicum
2678 2174 2946 2244 profiteris
2976 2179 3024 2242 ί,
3071 2189 3126 2234 et
3151 2179 3445 2236 Manichaee

1855 2259 2228 2328 patrocinaris,
2258 2260 2486 2317 dicendo
2514 2263 2725 2333 nuptias
2748 2274 2804 2320 et
2841 2282 3089 2336 magnum
3120 2268 3318 2325 bonum
3346 2312 3360 2335 ,
3391 2282 3447 2326 et

1859 2364 2110 2420 magnum
2155 2350 2376 2406 malum.
2412 2370 2432 2405 ι
2466 2353 2692 2410 Prorsus
2714 2356 2840 2425 quid
2867 2357 3116 2428 loquatur
3139 2402 3154 2427 ,
3199 2361 3443 2430 ignorat,

1859 2443 1974 2500 sive
1999 2444 2248 2515 ignorare
2274 2460 2334 2500 se
2362 2446 2596 2501 simulat.
2625 2448 2732 2502 Aut
2754 2449 2897 2504 enim
2925 2465 3031 2505 non
3064 2451 3330 2523 intelligit,
3354 2462 3448 2508 aut

1859 2551 1966 2592 non
1999 2537 2112 2590 vult
2140 2536 2364 2607 intelligi
2384 2538 2405 2569 ³
2431 2537 2558 2608 quid
2593 2538 2854 2594 dicamus.
2884 2540 2989 2596 Sed
3030 2542 3074 2597 si
3114 2557 3220 2598 non
3252 2545 3448 2600 intelli-

1858 2631 1956 2702 git,
1984 2633 2450 2701 prteoccupatione
2477 2632 2766 2702 impeditur
2791 2635 2990 2689 erroris
3022 2653 3035 2689 :
3066 2637 3111 2690 si
3139 2648 3316 2692 autem
3339 2654 3446 2693 non

1858 2723 1972 2778 vult
2009 2723 2137 2793 quid
2173 2723 2412 2778 dicamus
2446 2724 2704 2796 intelligi,
2749 2728 3060 2796 pervicacius
3101 2730 3287 2784 vitium
3325 2741 3406 2786 est
3429 2774 3446 2797 ,

1859 2829 1967 2885 quo
2001 2828 2156 2869 suum
2184 2815 2420 2870 defendit
2449 2830 2706 2872 errorem.
2739 2818 2806 2872 Et
2829 2818 3163 2890 Iovinianus,
3193 2823 3284 2894 qui
3313 2839 3447 2894 pau-

1859 2921 1954 2962 cos
1978 2914 2103 2962 ante
2131 2921 2300 2962 annos
2336 2907 2599 2962 novellam
2639 2921 2860 2966 conatus
2900 2923 2982 2967 est
3025 2912 3272 2970 haeresim
3313 2930 3446 2970 eon—

1860 2995 2010 3066 dere,
2034 2996 2338 3052 Manichteis
2360 2998 2684 3068 patrocinari
2711 2999 2922 3056 dicebat
2949 3002 3276 3074 Catholicos,
3303 3008 3446 3077 quod

1861 3086 2121 3142 adversus
2149 3103 2273 3143 eum
2301 3098 2543 3144 sanctam
2568 3090 2928 3161 virginitatem
2957 3095 3156 3162 nuptiis
3193 3095 3448 3166 praefere-

1860 3181 2009 3239 bant.
2049 3182 2154 3239 Sed
2181 3196 2534 3252 responsurus
2563 3194 2646 3240 est
2674 3184 2796 3251 iste,
2829 3200 2934 3240 non
2966 3202 3025 3242 se
3049 3189 3189 3257 quod
3216 3189 3450 3244 Iovinia-

1862 3292 1964 3332 nus
1991 3276 2058 3332 de
2098 3275 2456 3333 indifferentia
2483 3277 2788 3347 nuptiarum
2827 3279 3194 3351 virginumque
3228 3282 3449 3337 sentire.

1861 3366 1972 3423 Nec
2007 3383 2106 3438 ego
2141 3367 2261 3423 dico
2302 3367 2444 3438 quod
2490 3367 2580 3422 isti
2622 3367 2723 3424 hoc
2759 3371 2992 3425 sentiant
3023 3390 3035 3425 :
3080 3382 3450 3428 verumtamen

1862 3474 1958 3530 per
1993 3459 2332 3515 Iovinianum
2368 3459 2660 3516 Catholieis
2706 3461 3026 3518 Manichzeos
3064 3465 3447 3536 obiicientem,

1862 3565 1969 3606 non
2014 3565 2134 3606 esse
2176 3551 2278 3607 huc
2318 3566 2516 3607 novum
2541 3593 2558 3619 ,
2597 3554 2720 3607 novi
2759 3552 2999 3610 htcretiei
3043 3567 3449 3627 recognoscant.

1862 3642 1972 3698 Nos
1999 3643 2178 3713 itaque
2201 3643 2417 3714 nuptias
2444 3643 2642 3698 bonum
2670 3644 2895 3702 dicimus
2919 3663 3062 3714 esse,
3092 3665 3198 3704 non
3227 3652 3450 3708 malum.

1863 3733 1972 3791 Sed
2009 3734 2164 3790 sicuti
2193 3735 2374 3789 Ariani
2405 3734 2736 3793 Sabellianos
2763 3754 2860 3793 nos
2906 3754 3027 3795 esse
3063 3741 3450 3809 criminantur,

1864 3825 2105 3896 quamvis
2133 3839 2241 3880 non
2269 3825 2508 3882 dicamus
2534 3843 2696 3882 unum
2719 3828 3072 3900 eumdemque
3093 3846 3214 3887 esse
3240 3833 3453 3890 Patrem
3559 3826 3568 3831 ’

1863 3927 1919 3996 et
1945 3917 2138 3973 Filium
2178 3929 2232 3975 et
2255 3919 2512 3991 Spiritum
2539 3930 2819 3986 sanctum,
2865 3923 3007 3991 quod
3051 3922 3344 3982 Sabelliani
3370 3927 3448 3982 dio

1863 4019 2026 4075 cunt;
2073 4010 2168 4066 sed
2212 4011 2452 4066 dicamus
2481 4027 2642 4067 unam
2669 4012 3019 4084 eamdemque
3046 4029 3167 4072 esse
3208 4028 3453 4073 naturam

1864 4100 2039 4157 Patris
2068 4111 2121 4157 et
2157 4102 2277 4157 Filii
2317 4113 2370 4159 et
2399 4103 2628 4174 Spiritus
2653 4107 2861 4174 sancti,
2909 4108 3050 4178 quod
3084 4107 3346 4167 Catholici
3374 4112 3456 4168 di-

1865 4202 1993 4250 cunt
2024 4215 2038 4251 :
2068 4195 2138 4250 ita
2161 4196 2428 4266 Pelagiani
2452 4198 2605 4254 nobis
2626 4198 2945 4256 Manichzeos
2964 4201 3241 4272 obiiciunt,
3263 4220 3454 4275 quam-

1865 4287 1947 4340 vis
1988 4301 2096 4342 non
2124 4286 2365 4342 dicamus
2402 4303 2522 4343 esse
2565 4290 2764 4345 malum
2803 4293 3014 4363 nuptias
3038 4336 3054 4360 ,
3091 4296 3233 4366 quod
3272 4297 3458 4355 dicunt

1865 4378 2177 4445 Manichaei;
2210 4380 2303 4436 sed
2328 4380 2568 4437 dicamus
2595 4383 2792 4438 malum
2821 4386 3005 4454 primis
3037 4387 3362 4456 hominibus,
3400 4393 3455 4447 id

1866 4478 1971 4536 est,
2003 4470 2191 4539 primis
2225 4471 2540 4541 coniugibus
2565 4474 2822 4530 accidisse
2851 4475 2906 4543 ³,
2948 4487 3002 4532 et
3033 4479 3156 4534 inde
3184 4481 3234 4534 in
3266 4498 3456 4540 omnes

1869 4561 2116 4616 homines
2139 4562 2516 4630 pertransisse,
2538 4565 2676 4634 quod
2704 4565 2888 4621 dicunt
2917 4567 3197 4625 Catholici.
3220 4571 3324 4628 Sed
3348 4576 3455 4632 sic-

1869 4659 1928 4707 ut
1949 4651 2133 4706 Ariani
2155 4652 2282 4708 dum
2309 4653 2642 4712 Sabellianos
2683 4657 2922 4728 fugiunt,
2963 4661 3016 4715 in
3058 4664 3210 4732 pejus
3253 4667 3454 4737 aliquid

1870 4745 2207 4812 inciderunt;
2253 4747 2374 4816 quia
2405 4747 2682 4805 Trinitatis
2720 4751 2835 4806 ausi
2876 4761 3002 4807 sunt
3040 4769 3146 4810 non
3194 4771 3455 4828 personas

1868 4837 2194 4903 discernere,
2214 4837 2310 4894 sed
2332 4847 2550 4894 naturas
2575 4857 2588 4894 :
2614 4840 2685 4915 ita
2707 4839 2968 4912 Pelagiani
2989 4843 3114 4900 dum
3138 4846 3460 4906 Manichaeo-

1870 4945 1987 4984 rum
2016 4938 2220 5000 pestem
2241 4930 2294 4985 in
2320 4946 2634 5002 perversum
2655 4932 2824 4989 vitare
2844 4946 3124 5005 conantur,
3152 4940 3220 4997 de
3246 4945 3458 5014 nuptia-

1869 5037 1990 5077 rum
2037 5021 2212 5077 fructu
2257 5022 2386 5090 ipsis
2415 5023 2719 5079 Illanichreis
2753 5026 3142 5083 convincuntur
3187 5033 3458 5100 pernicio-

1871 5112 2013 5168 siora
2040 5113 2261 5182 sentire,
2293 5114 2561 5170 credendo
2591 5117 2842 5186 parvulos
2867 5117 3079 5174 Christo
3106 5122 3317 5179 medico
3345 5141 3452 5181 non

1872 5219 2046 5274 egere.

1943 5297 2169 5354 CAPUT
2207 5298 2399 5353 XXIV.
2427 5331 2498 5340 -—
2525 5300 2614 5357 '59.
2653 5319 2672 5352 ι
2705 5301 2940 5370 Definis,
2983 5322 3000 5354 ι
3046 5304 3248 5374 inquit,
3298 5326 3319 5360 ι
3357 5308 3460 5363 ho-

1874 5389 2094 5454 minem,
2122 5390 2166 5444 si
2198 5391 2262 5444 de
2289 5389 2636 5446 fornicatione
2667 5401 2917 5448 nascatur
2939 5434 2954 5459 ,
2983 5409 3133 5450 reum
3161 5411 3265 5450 non
3297 5411 3454 5464 esse;

1874 5481 1917 5536 si
1943 5481 2009 5536 de
2035 5481 2279 5552 coniugio
2303 5522 2318 5549 ,
2354 5483 2689 5540 innocentem
2717 5500 2822 5541 non
2859 5500 2998 5542 esse.
3030 5488 3140 5541 Huc
3166 5487 3307 5543 enim
3338 5503 3460 5559 per-

1936 5657 1955 5726 ξ
1989 5658 2070 5706 Hic
2095 5658 2141 5726 in
2163 5659 2307 5709 editis
2322 5659 2525 5726 additur,
2550 5668 2610 5726 to.
2643 5663 2814 5726 abest,
2838 5666 2884 5712 te
2899 5697 2914 5722 ,
2935 5673 2963 5710 a
2986 5664 3340 5726 manuscriptls.

1935 5720 1956 5750 ³
1991 5720 2272 5790 ῥῃιιίξιιιονη
2297 5735 2389 5772 non
2418 5723 2514 5773 vult
2543 5720 2825 5789 intelligere.
2852 5720 2972 5774 Item
3003 5722 3143 5783 infra,
3183 5720 3302 5790 quid
3324 5726 3457 5779 dwa-

1874 5792 1980 5845 tmts
2002 5781 2284 5845 intelligere.

1995 5850 2099 5918 nm.
2226 5851 2276 5894 et
2299 5859 2469 5918 omnes
2493 5855 2617 5906 Mss,
2640 5844 2821 5897 malum
2843 5845 3052 5911 primum
3075 5848 3318 5903 hominum
3353 5865 3456 5918 prt-

1877 5905 1970 5956 tttis
1990 5905 2270 5970 conjugibus
2291 5906 2541 5957 accidisse.

2885 5991 3220 6074 (Quin/ae.)
