  <div class='ocr_page' id='page_1' title='image "/cluster/home/n/w/nwhite01/storage/ocr_20150623/44-45/uva.x000217727/233.png"; bbox 0 0 3938 6520; ppageno 0'>
   <div class='ocr_carea' id='block_1_1' title="bbox 386 414 493 475">
    <p class='ocr_par' dir='ltr' id='par_1_1' title="bbox 386 414 493 475">
     <span class='ocr_line' id='line_1_1' title="bbox 386 414 493 475; baseline 0 0"><span class='ocrx_word' id='word_1_1' title='bbox 386 414 493 475; x_wconf 72' lang='grc'><strong>459</strong></span> 
     </span>
    </p>
   </div>
   <div class='ocr_carea' id='block_1_2' title="bbox 391 504 1981 604">
    <p class='ocr_par' dir='ltr' id='par_1_2' title="bbox 391 504 1981 604">
     <span class='ocr_line' id='line_1_2' title="bbox 391 504 1981 604; baseline -0.022 -13"><span class='ocrx_word' id='word_1_2' title='bbox 391 532 538 591; x_wconf 88' lang='lat' dir='ltr'><strong>venit</strong></span> <span class='ocrx_word' id='word_1_3' title='bbox 560 528 701 604; x_wconf 89' lang='lat' dir='ltr'><strong>quod</strong></span> <span class='ocrx_word' id='word_1_4' title='bbox 723 520 926 592; x_wconf 87' lang='lat' dir='ltr'><strong>dixisti,</strong></span> <span class='ocrx_word' id='word_1_5' title='bbox 950 520 1151 577; x_wconf 86' lang='lat' dir='ltr'><strong>bonum</strong></span> <span class='ocrx_word' id='word_1_6' title='bbox 1174 513 1413 570; x_wconf 80' lang='lat' dir='ltr'><strong>naturale</strong></span> <span class='ocrx_word' id='word_1_7' title='bbox 1426 511 1503 604; x_wconf 82' lang='lat' dir='ltr'><strong>de</strong></span> <span class='ocrx_word' id='word_1_8' title='bbox 1524 504 1802 604; x_wconf 77' lang='lat' dir='ltr'><strong>adulteriis</strong></span> <span class='ocrx_word' id='word_1_9' title='bbox 1820 516 1981 604; x_wconf 68' lang='lat' dir='ltr'><strong>posse</strong></span> 
     </span>
    </p>
   </div>
   <div class='ocr_carea' id='block_1_3' title="bbox 395 595 1972 689">
    <p class='ocr_par' dir='ltr' id='par_1_3' title="bbox 395 595 1972 689">
     <span class='ocr_line' id='line_1_3' title="bbox 395 595 1972 689; baseline -0.022 -7"><span class='ocrx_word' id='word_1_10' title='bbox 395 595 709 689; x_wconf 63' lang='lat' dir='ltr'><strong>subsisiere,</strong></span> <span class='ocrx_word' id='word_1_11' title='bbox 730 618 929 675; x_wconf 85' lang='lat' dir='ltr'><strong>malum</strong></span> <span class='ocrx_word' id='word_1_12' title='bbox 947 607 1205 681; x_wconf 80' lang='lat' dir='ltr'><strong>originale</strong></span> <span class='ocrx_word' id='word_1_13' title='bbox 1229 606 1388 663; x_wconf 87' lang='lat' dir='ltr'><strong>etiam</strong></span> <span class='ocrx_word' id='word_1_14' title='bbox 1410 602 1478 658; x_wconf 90' lang='lat' dir='ltr'><strong>de</strong></span> <span class='ocrx_word' id='word_1_15' title='bbox 1495 597 1745 673; x_wconf 78' lang='lat' dir='ltr'><strong>conjugio</strong></span> <span class='ocrx_word' id='word_1_16' title='bbox 1767 595 1925 653; x_wconf 97' lang='lat' dir='ltr'><strong>trahi.</strong></span> <span class='ocrx_word' id='word_1_17' title='bbox 1952 611 1972 647; x_wconf 71' lang='grc' dir='ltr'><strong>ι</strong></span> 
     </span>
    </p>
   </div>
   <div class='ocr_carea' id='block_1_4' title="bbox 396 692 1977 775">
    <p class='ocr_par' dir='ltr' id='par_1_4' title="bbox 396 692 1977 775">
     <span class='ocr_line' id='line_1_4' title="bbox 396 692 1977 775; baseline -0.022 0"><span class='ocrx_word' id='word_1_18' title='bbox 396 716 615 775; x_wconf 70' lang='lat' dir='ltr'><strong>Frustra</strong></span> <span class='ocrx_word' id='word_1_19' title='bbox 641 710 856 768; x_wconf 84' lang='lat' dir='ltr'><strong>omnino</strong></span> <span class='ocrx_word' id='word_1_20' title='bbox 876 712 1099 762; x_wconf 90' lang='lat' dir='ltr'><strong>conatur</strong></span> <span class='ocrx_word' id='word_1_21' title='bbox 1126 698 1267 772; x_wconf 86' lang='lat' dir='ltr'><strong>apud</strong></span> <span class='ocrx_word' id='word_1_22' title='bbox 1293 696 1679 767; x_wconf 86' lang='lat' dir='ltr'><strong>intelligentem</strong></span> <span class='ocrx_word' id='word_1_23' title='bbox 1699 692 1977 756; x_wconf 88' lang='lat' dir='ltr'><strong>lectorem,</strong></span> 
     </span>
    </p>
   </div>
   <div class='ocr_carea' id='block_1_5' title="bbox 394 783 1977 880">
    <p class='ocr_par' dir='ltr' id='par_1_5' title="bbox 394 783 1977 880">
     <span class='ocr_line' id='line_1_5' title="bbox 394 783 1977 880; baseline -0.02 -14"><span class='ocrx_word' id='word_1_24' title='bbox 394 824 516 880; x_wconf 67' lang='lat' dir='ltr'><strong>(nia:</strong></span> <span class='ocrx_word' id='word_1_25' title='bbox 541 812 666 861; x_wconf 91' lang='lat' dir='ltr'><strong>sunt</strong></span> <span class='ocrx_word' id='word_1_26' title='bbox 691 809 835 859; x_wconf 90' lang='lat' dir='ltr'><strong>recta</strong></span> <span class='ocrx_word' id='word_1_27' title='bbox 866 803 1189 869; x_wconf 72' lang='lat' dir='ltr'><strong>pervertere.</strong></span> <span class='ocrx_word' id='word_1_28' title='bbox 1231 789 1384 847; x_wconf 84' lang='lat' dir='ltr'><strong>Absit</strong></span> <span class='ocrx_word' id='word_1_29' title='bbox 1420 788 1565 845; x_wconf 89' lang='lat' dir='ltr'><strong>enim</strong></span> <span class='ocrx_word' id='word_1_30' title='bbox 1602 791 1662 841; x_wconf 90' lang='lat' dir='ltr'><strong>ut</strong></span> <span class='ocrx_word' id='word_1_31' title='bbox 1700 783 1977 848; x_wconf 83' lang='lat' dir='ltr'><strong>dicamus,</strong></span> 
     </span>
    </p>
   </div>
   <div class='ocr_carea' id='block_1_6' title="bbox 396 885 1979 961">
    <p class='ocr_par' dir='ltr' id='par_1_6' title="bbox 396 885 1979 961">
     <span class='ocr_line' id='line_1_6' title="bbox 396 885 1979 961; baseline -0.017 -7"><span class='ocrx_word' id='word_1_32' title='bbox 396 898 692 961; x_wconf 79' lang='lat' dir='ltr'><strong>hominem,</strong></span> <span class='ocrx_word' id='word_1_33' title='bbox 717 893 760 948; x_wconf 91' lang='lat' dir='ltr'><strong>si</strong></span> <span class='ocrx_word' id='word_1_34' title='bbox 787 891 854 946; x_wconf 92' lang='lat' dir='ltr'><strong>de</strong></span> <span class='ocrx_word' id='word_1_35' title='bbox 874 885 1227 945; x_wconf 78' lang='lat' dir='ltr'><strong>fornicatione</strong></span> <span class='ocrx_word' id='word_1_36' title='bbox 1244 887 1514 947; x_wconf 82' lang='lat' dir='ltr'><strong>nascatur,</strong></span> <span class='ocrx_word' id='word_1_37' title='bbox 1537 891 1689 935; x_wconf 88' lang='lat' dir='ltr'><strong>reum</strong></span> <span class='ocrx_word' id='word_1_38' title='bbox 1711 890 1818 930; x_wconf 92' lang='lat' dir='ltr'><strong>non</strong></span> <span class='ocrx_word' id='word_1_39' title='bbox 1839 887 1979 929; x_wconf 91' lang='lat' dir='ltr'><strong>esse.</strong></span> 
     </span>
    </p>
   </div>
   <div class='ocr_carea' id='block_1_7' title="bbox 389 966 1980 1052">
    <p class='ocr_par' dir='ltr' id='par_1_7' title="bbox 389 966 1980 1052">
     <span class='ocr_line' id='line_1_7' title="bbox 389 966 1980 1052; baseline -0.017 -5"><span class='ocrx_word' id='word_1_40' title='bbox 389 987 498 1048; x_wconf 76' lang='lat' dir='ltr'><strong>Sed</strong></span> <span class='ocrx_word' id='word_1_41' title='bbox 526 985 774 1052; x_wconf 83' lang='lat' dir='ltr'><strong>dicimus,</strong></span> <span class='ocrx_word' id='word_1_42' title='bbox 798 981 1091 1044; x_wconf 83' lang='lat' dir='ltr'><strong>hominem,</strong></span> <span class='ocrx_word' id='word_1_43' title='bbox 1114 977 1228 1034; x_wconf 85' lang='lat' dir='ltr'><strong>sive</strong></span> <span class='ocrx_word' id='word_1_44' title='bbox 1251 975 1319 1033; x_wconf 87' lang='lat' dir='ltr'><strong>de</strong></span> <span class='ocrx_word' id='word_1_45' title='bbox 1338 970 1613 1047; x_wconf 73' lang='lat' dir='ltr'><strong>coniugio,</strong></span> <span class='ocrx_word' id='word_1_46' title='bbox 1638 969 1751 1025; x_wconf 83' lang='lat' dir='ltr'><strong>sive</strong></span> <span class='ocrx_word' id='word_1_47' title='bbox 1776 967 1845 1023; x_wconf 91' lang='lat' dir='ltr'><strong>de</strong></span> <span class='ocrx_word' id='word_1_48' title='bbox 1874 966 1980 1023; x_wconf 76' lang='lat' dir='ltr'><strong>for-</strong></span> 
     </span>
    </p>
   </div>
   <div class='ocr_carea' id='block_1_8' title="bbox 390 1064 1983 1140">
    <p class='ocr_par' dir='ltr' id='par_1_8' title="bbox 390 1064 1983 1140">
     <span class='ocr_line' id='line_1_8' title="bbox 390 1064 1983 1140; baseline -0.016 -2"><span class='ocrx_word' id='word_1_49' title='bbox 390 1078 659 1138; x_wconf 78' lang='lat' dir='ltr'><strong>ricatione</strong></span> <span class='ocrx_word' id='word_1_50' title='bbox 684 1082 954 1140; x_wconf 90' lang='lat' dir='ltr'><strong>nascatur,</strong></span> <span class='ocrx_word' id='word_1_51' title='bbox 982 1071 1183 1126; x_wconf 88' lang='lat' dir='ltr'><strong>bonum</strong></span> <span class='ocrx_word' id='word_1_52' title='bbox 1212 1064 1415 1139; x_wconf 88' lang='lat' dir='ltr'><strong>aliquid</strong></span> <span class='ocrx_word' id='word_1_53' title='bbox 1444 1078 1601 1130; x_wconf 87' lang='lat' dir='ltr'><strong>esse,</strong></span> <span class='ocrx_word' id='word_1_54' title='bbox 1640 1068 1859 1132; x_wconf 87' lang='lat' dir='ltr'><strong>propter</strong></span> <span class='ocrx_word' id='word_1_55' title='bbox 1889 1071 1983 1114; x_wconf 89' lang='lat' dir='ltr'><strong>au-</strong></span> 
     </span>
    </p>
   </div>
   <div class='ocr_carea' id='block_1_9' title="bbox 403 1154 1980 1229">
    <p class='ocr_par' dir='ltr' id='par_1_9' title="bbox 403 1154 1980 1229">
     <span class='ocr_line' id='line_1_9' title="bbox 403 1154 1980 1229; baseline -0.011 -3"><span class='ocrx_word' id='word_1_56' title='bbox 403 1180 601 1227; x_wconf 64' lang='lat' dir='ltr'><strong>ittorem</strong></span> <span class='ocrx_word' id='word_1_57' title='bbox 634 1177 837 1227; x_wconf 67' lang='lat' dir='ltr'><strong>natura:</strong></span> <span class='ocrx_word' id='word_1_58' title='bbox 868 1166 1076 1229; x_wconf 89' lang='lat' dir='ltr'><strong>Deum;</strong></span> <span class='ocrx_word' id='word_1_59' title='bbox 1105 1161 1307 1217; x_wconf 88' lang='lat' dir='ltr'><strong>malum</strong></span> <span class='ocrx_word' id='word_1_60' title='bbox 1339 1155 1541 1228; x_wconf 85' lang='lat' dir='ltr'><strong>aliquid</strong></span> <span class='ocrx_word' id='word_1_61' title='bbox 1566 1154 1811 1218; x_wconf 82' lang='lat' dir='ltr'><strong>trahere,</strong></span> <span class='ocrx_word' id='word_1_62' title='bbox 1854 1163 1980 1222; x_wconf 80' lang='lat' dir='ltr'><strong>pro-</strong></span> 
     </span>
    </p>
   </div>
   <div class='ocr_carea' id='block_1_10' title="bbox 394 1246 1983 1337">
    <p class='ocr_par' dir='ltr' id='par_1_10' title="bbox 394 1246 1983 1337">
     <span class='ocr_line' id='line_1_10' title="bbox 394 1246 1983 1337; baseline -0.011 -16"><span class='ocrx_word' id='word_1_63' title='bbox 394 1273 513 1337; x_wconf 85' lang='lat' dir='ltr'><strong>pter</strong></span> <span class='ocrx_word' id='word_1_64' title='bbox 532 1261 789 1335; x_wconf 79' lang='lat' dir='ltr'><strong>originale</strong></span> <span class='ocrx_word' id='word_1_65' title='bbox 808 1268 1104 1331; x_wconf 86' lang='lat' dir='ltr'><strong>peccatum.</strong></span> <span class='ocrx_word' id='word_1_66' title='bbox 1132 1254 1284 1329; x_wconf 89' lang='lat' dir='ltr'><strong>Quod</strong></span> <span class='ocrx_word' id='word_1_67' title='bbox 1308 1266 1434 1327; x_wconf 83' lang='lat' dir='ltr'><strong>ergo</strong></span> <span class='ocrx_word' id='word_1_68' title='bbox 1458 1250 1706 1318; x_wconf 85' lang='lat' dir='ltr'><strong>dicimus,</strong></span> <span class='ocrx_word' id='word_1_69' title='bbox 1734 1265 1753 1300; x_wconf 78' lang='grc' dir='ltr'><strong>ι</strong></span> <span class='ocrx_word' id='word_1_70' title='bbox 1782 1246 1983 1307; x_wconf 80' lang='lat' dir='ltr'><strong>bonum</strong></span> 
     </span>
    </p>
   </div>
   <div class='ocr_carea' id='block_1_11' title="bbox 395 1340 1982 1418">
    <p class='ocr_par' dir='ltr' id='par_1_11' title="bbox 395 1340 1982 1418">
     <span class='ocr_line' id='line_1_11' title="bbox 395 1340 1982 1418; baseline -0.012 -6"><span class='ocrx_word' id='word_1_71' title='bbox 395 1357 638 1412; x_wconf 82' lang='lat' dir='ltr'><strong>naturale</strong></span> <span class='ocrx_word' id='word_1_72' title='bbox 663 1355 824 1410; x_wconf 90' lang='lat' dir='ltr'><strong>etiam</strong></span> <span class='ocrx_word' id='word_1_73' title='bbox 853 1352 920 1408; x_wconf 90' lang='lat' dir='ltr'><strong>de</strong></span> <span class='ocrx_word' id='word_1_74' title='bbox 949 1350 1224 1408; x_wconf 84' lang='lat' dir='ltr'><strong>adulteriis</strong></span> <span class='ocrx_word' id='word_1_75' title='bbox 1253 1361 1413 1418; x_wconf 86' lang='lat' dir='ltr'><strong>posse</strong></span> <span class='ocrx_word' id='word_1_76' title='bbox 1439 1345 1756 1408; x_wconf 82' lang='lat' dir='ltr'><strong>subsistere,</strong></span> <span class='ocrx_word' id='word_1_77' title='bbox 1785 1340 1982 1399; x_wconf 85' lang='lat' dir='ltr'><strong>malum</strong></span> 
     </span>
    </p>
   </div>
   <div class='ocr_carea' id='block_1_12' title="bbox 392 1430 1983 1518">
    <p class='ocr_par' dir='ltr' id='par_1_12' title="bbox 392 1430 1983 1518">
     <span class='ocr_line' id='line_1_12' title="bbox 392 1430 1983 1518; baseline -0.011 -14"><span class='ocrx_word' id='word_1_78' title='bbox 392 1459 573 1513; x_wconf 86' lang='lat' dir='ltr'><strong>autem</strong></span> <span class='ocrx_word' id='word_1_79' title='bbox 599 1445 859 1518; x_wconf 80' lang='lat' dir='ltr'><strong>originale</strong></span> <span class='ocrx_word' id='word_1_80' title='bbox 887 1443 1047 1501; x_wconf 88' lang='lat' dir='ltr'><strong>etiam</strong></span> <span class='ocrx_word' id='word_1_81' title='bbox 1078 1440 1147 1498; x_wconf 91' lang='lat' dir='ltr'><strong>de</strong></span> <span class='ocrx_word' id='word_1_82' title='bbox 1183 1438 1430 1513; x_wconf 79' lang='lat' dir='ltr'><strong>coniugio</strong></span> <span class='ocrx_word' id='word_1_83' title='bbox 1466 1434 1641 1502; x_wconf 88' lang='lat' dir='ltr'><strong>trahi,</strong></span> <span class='ocrx_word' id='word_1_84' title='bbox 1667 1451 1690 1489; x_wconf 76' lang='grc' dir='ltr'><strong>ι</strong></span> <span class='ocrx_word' id='word_1_85' title='bbox 1730 1446 1842 1491; x_wconf 84' lang='grc' dir='ltr'>ηοιι</span> <span class='ocrx_word' id='word_1_86' title='bbox 1878 1430 1983 1487; x_wconf 87' lang='lat' dir='ltr'><strong>huc</strong></span> 
     </span>
    </p>
   </div>
   <div class='ocr_carea' id='block_1_13' title="bbox 392 1523 1983 1612">
    <p class='ocr_par' dir='ltr' id='par_1_13' title="bbox 392 1523 1983 1612">
     <span class='ocr_line' id='line_1_13' title="bbox 392 1523 1983 1612; baseline -0.011 -14"><span class='ocrx_word' id='word_1_87' title='bbox 392 1539 659 1612; x_wconf 85' lang='lat' dir='ltr'><strong>pervenit,</strong></span> <span class='ocrx_word' id='word_1_88' title='bbox 691 1552 795 1609; x_wconf 86' lang='lat' dir='ltr'><strong>quo</strong></span> <span class='ocrx_word' id='word_1_89' title='bbox 826 1535 914 1591; x_wconf 91' lang='lat' dir='ltr'><strong>ille</strong></span> <span class='ocrx_word' id='word_1_90' title='bbox 944 1542 1168 1590; x_wconf 88' lang='lat' dir='ltr'><strong>conatur</strong></span> <span class='ocrx_word' id='word_1_91' title='bbox 1196 1528 1485 1595; x_wconf 88' lang='lat' dir='ltr'><strong>adducere,</strong></span> <span class='ocrx_word' id='word_1_92' title='bbox 1519 1541 1627 1583; x_wconf 90' lang='lat' dir='ltr'><strong>non</strong></span> <span class='ocrx_word' id='word_1_93' title='bbox 1655 1523 1804 1583; x_wconf 87' lang='lat' dir='ltr'><strong>nasci</strong></span> <span class='ocrx_word' id='word_1_94' title='bbox 1827 1536 1983 1581; x_wconf 86' lang='lat' dir='ltr'><strong>reum</strong></span> 
     </span>
    </p>
   </div>
   <div class='ocr_carea' id='block_1_14' title="bbox 395 1613 1984 1694">
    <p class='ocr_par' dir='ltr' id='par_1_14' title="bbox 395 1613 1984 1694">
     <span class='ocr_line' id='line_1_14' title="bbox 395 1613 1984 1694; baseline -0.011 -6"><span class='ocrx_word' id='word_1_95' title='bbox 395 1632 467 1691; x_wconf 91' lang='lat' dir='ltr'><strong>de</strong></span> <span class='ocrx_word' id='word_1_96' title='bbox 507 1628 825 1694; x_wconf 88' lang='lat' dir='ltr'><strong>adulteriis,</strong></span> <span class='ocrx_word' id='word_1_97' title='bbox 867 1640 969 1683; x_wconf 91' lang='lat' dir='ltr'><strong>nec</strong></span> <span class='ocrx_word' id='word_1_98' title='bbox 1011 1625 1349 1680; x_wconf 90' lang='lat' dir='ltr'><strong>innocentem</strong></span> <span class='ocrx_word' id='word_1_99' title='bbox 1387 1618 1457 1676; x_wconf 91' lang='lat' dir='ltr'><strong>de</strong></span> <span class='ocrx_word' id='word_1_100' title='bbox 1502 1616 1744 1689; x_wconf 85' lang='lat' dir='ltr'><strong>nuptiis:</strong></span> <span class='ocrx_word' id='word_1_101' title='bbox 1775 1613 1869 1671; x_wconf 89' lang='lat' dir='ltr'><strong>sed</strong></span> <span class='ocrx_word' id='word_1_102' title='bbox 1915 1627 1984 1671; x_wconf 80' lang='lat' dir='ltr'><strong>ex</strong></span> 
     </span>
    </p>
   </div>
   <div class='ocr_carea' id='block_1_15' title="bbox 397 1704 1981 1793">
    <p class='ocr_par' dir='ltr' id='par_1_15' title="bbox 397 1704 1981 1793">
     <span class='ocr_line' id='line_1_15' title="bbox 397 1704 1981 1793; baseline -0.011 -14"><span class='ocrx_word' id='word_1_103' title='bbox 397 1732 630 1793; x_wconf 90' lang='lat' dir='ltr'><strong>utroque</strong></span> <span class='ocrx_word' id='word_1_104' title='bbox 657 1734 810 1777; x_wconf 92' lang='lat' dir='ltr'><strong>reum</strong></span> <span class='ocrx_word' id='word_1_105' title='bbox 835 1716 1181 1791; x_wconf 75' lang='lat' dir='ltr'><strong>generatione</strong></span> <span class='ocrx_word' id='word_1_106' title='bbox 1214 1712 1410 1769; x_wconf 82' lang='lat' dir='ltr'><strong>factum</strong></span> <span class='ocrx_word' id='word_1_107' title='bbox 1436 1751 1454 1777; x_wconf 92' lang='lat'><strong>,</strong></span> <span class='ocrx_word' id='word_1_108' title='bbox 1479 1717 1698 1783; x_wconf 83' lang='lat' dir='ltr'><strong>propter</strong></span> <span class='ocrx_word' id='word_1_109' title='bbox 1722 1704 1981 1778; x_wconf 79' lang='lat' dir='ltr'><strong>originale</strong></span> 
     </span>
    </p>
   </div>
   <div class='ocr_carea' id='block_1_16' title="bbox 395 1797 1982 1878">
    <p class='ocr_par' dir='ltr' id='par_1_16' title="bbox 395 1797 1982 1878">
     <span class='ocr_line' id='line_1_16' title="bbox 395 1797 1982 1878; baseline -0.009 -10"><span class='ocrx_word' id='word_1_110' title='bbox 395 1812 649 1870; x_wconf 89' lang='lat' dir='ltr'><strong>delictum</strong></span> <span class='ocrx_word' id='word_1_111' title='bbox 675 1827 690 1878; x_wconf 91' lang='lat'><strong>;</strong></span> <span class='ocrx_word' id='word_1_112' title='bbox 718 1819 773 1866; x_wconf 88' lang='lat' dir='ltr'><strong>et</strong></span> <span class='ocrx_word' id='word_1_113' title='bbox 794 1818 1077 1878; x_wconf 88' lang='lat' dir='ltr'><strong>utrumque</strong></span> <span class='ocrx_word' id='word_1_114' title='bbox 1109 1801 1513 1877; x_wconf 89' lang='lat' dir='ltr'><strong>regeneratione</strong></span> <span class='ocrx_word' id='word_1_115' title='bbox 1550 1797 1938 1857; x_wconf 79' lang='lat' dir='ltr'><strong>absolvendum</strong></span> <span class='ocrx_word' id='word_1_116' title='bbox 1963 1836 1982 1865; x_wconf 89' lang='lat'><strong>,</strong></span> 
     </span>
    </p>
   </div>
   <div class='ocr_carea' id='block_1_17' title="bbox 396 1901 1091 1977">
    <p class='ocr_par' dir='ltr' id='par_1_17' title="bbox 396 1901 1091 1977">
     <span class='ocr_line' id='line_1_17' title="bbox 396 1901 1091 1977; baseline -0.012 -16"><span class='ocrx_word' id='word_1_117' title='bbox 396 1912 615 1977; x_wconf 91' lang='lat' dir='ltr'><strong>propter</strong></span> <span class='ocrx_word' id='word_1_118' title='bbox 642 1912 844 1967; x_wconf 65' lang='lat' dir='ltr'><strong>naturae</strong></span> <span class='ocrx_word' id='word_1_119' title='bbox 871 1901 1091 1958; x_wconf 88' lang='lat' dir='ltr'><strong>bonum.</strong></span> 
     </span>
    </p>
   </div>
   <div class='ocr_carea' id='block_1_18' title="bbox 469 1985 1986 2058">
    <p class='ocr_par' dir='ltr' id='par_1_18' title="bbox 469 1985 1986 2058">
     <span class='ocr_line' id='line_1_18' title="bbox 469 1985 1986 2058; baseline -0.009 -4"><span class='ocrx_word' id='word_1_120' title='bbox 469 1997 694 2054; x_wconf 82' lang='lat' dir='ltr'><strong>CAPUT</strong></span> <span class='ocrx_word' id='word_1_121' title='bbox 732 1995 899 2052; x_wconf 77' lang='lat' dir='ltr'><strong>XXV.</strong></span> <span class='ocrx_word' id='word_1_122' title='bbox 941 2024 1015 2035; x_wconf 90' lang='lat'>—</span> <span class='ocrx_word' id='word_1_123' title='bbox 1049 1991 1138 2049; x_wconf 70' lang='lat'><strong>40.</strong></span> <span class='ocrx_word' id='word_1_124' title='bbox 1176 2009 1196 2044; x_wconf 79' lang='grc' dir='ltr'><strong>ι</strong></span> <span class='ocrx_word' id='word_1_125' title='bbox 1233 1990 1410 2047; x_wconf 90' lang='lat' dir='ltr'><strong>Unum</strong></span> <span class='ocrx_word' id='word_1_126' title='bbox 1452 2003 1518 2045; x_wconf 81' lang='lat' dir='ltr'><strong>ex</strong></span> <span class='ocrx_word' id='word_1_127' title='bbox 1556 1986 1678 2055; x_wconf 88' lang='lat' dir='ltr'><strong>his,</strong></span> <span class='ocrx_word' id='word_1_128' title='bbox 1723 2004 1744 2039; x_wconf 75' lang='grc' dir='ltr'><strong>ι</strong></span> <span class='ocrx_word' id='word_1_129' title='bbox 1779 1985 1986 2058; x_wconf 88' lang='lat' dir='ltr'><strong>inquit,</strong></span> 
     </span>
    </p>
   </div>
   <div class='ocr_carea' id='block_1_19' title="bbox 404 2080 1986 2157">
    <p class='ocr_par' dir='ltr' id='par_1_19' title="bbox 404 2080 1986 2157">
     <span class='ocr_line' id='line_1_19' title="bbox 404 2080 1986 2157; baseline -0.007 -11"><span class='ocrx_word' id='word_1_130' title='bbox 404 2112 424 2146; x_wconf 77' lang='grc' dir='ltr'><strong>ι</strong></span> <span class='ocrx_word' id='word_1_131' title='bbox 461 2107 645 2149; x_wconf 89' lang='lat' dir='ltr'><strong>verum</strong></span> <span class='ocrx_word' id='word_1_132' title='bbox 673 2098 790 2157; x_wconf 87' lang='lat' dir='ltr'><strong>est,</strong></span> <span class='ocrx_word' id='word_1_133' title='bbox 829 2089 1059 2145; x_wconf 90' lang='lat' dir='ltr'><strong>alterum</strong></span> <span class='ocrx_word' id='word_1_134' title='bbox 1100 2085 1310 2143; x_wconf 84' lang='lat' dir='ltr'><strong>falsum.</strong></span> <span class='ocrx_word' id='word_1_135' title='bbox 1349 2104 1370 2137; x_wconf 74' lang='grc' dir='ltr'><strong>ι</strong></span> <span class='ocrx_word' id='word_1_136' title='bbox 1415 2081 1557 2139; x_wconf 85' lang='lat' dir='ltr'><strong>Huic</strong></span> <span class='ocrx_word' id='word_1_137' title='bbox 1574 2080 1765 2139; x_wconf 83' lang='lat' dir='ltr'><strong>eadem</strong></span> <span class='ocrx_word' id='word_1_138' title='bbox 1804 2080 1986 2137; x_wconf 85' lang='lat' dir='ltr'><strong>brevi-</strong></span> 
     </span>
    </p>
   </div>
   <div class='ocr_carea' id='block_1_20' title="bbox 405 2181 1988 2255">
    <p class='ocr_par' dir='ltr' id='par_1_20' title="bbox 405 2181 1988 2255">
     <span class='ocr_line' id='line_1_20' title="bbox 405 2181 1988 2255; baseline -0.006 -14"><span class='ocrx_word' id='word_1_139' title='bbox 405 2195 515 2241; x_wconf 90' lang='lat' dir='ltr'><strong>tate</strong></span> <span class='ocrx_word' id='word_1_140' title='bbox 543 2182 843 2255; x_wconf 90' lang='lat' dir='ltr'><strong>respondeo</strong></span> <span class='ocrx_word' id='word_1_141' title='bbox 872 2199 885 2236; x_wconf 89' lang='lat'><strong>:</strong></span> <span class='ocrx_word' id='word_1_142' title='bbox 918 2181 1030 2236; x_wconf 90' lang='lat' dir='ltr'><strong>imo</strong></span> <span class='ocrx_word' id='word_1_143' title='bbox 1054 2187 1340 2250; x_wconf 89' lang='lat' dir='ltr'><strong>utrumque</strong></span> <span class='ocrx_word' id='word_1_144' title='bbox 1366 2190 1552 2234; x_wconf 85' lang='lat' dir='ltr'><strong>verum</strong></span> <span class='ocrx_word' id='word_1_145' title='bbox 1578 2182 1662 2233; x_wconf 88' lang='lat' dir='ltr'><strong>est</strong></span> <span class='ocrx_word' id='word_1_146' title='bbox 1683 2216 1698 2241; x_wconf 87' lang='lat'><strong>,</strong></span> <span class='ocrx_word' id='word_1_147' title='bbox 1740 2184 1988 2231; x_wconf 80' lang='lat' dir='ltr'><strong>neutrum</strong></span> 
     </span>
    </p>
   </div>
   <div class='ocr_carea' id='block_1_21' title="bbox 401 2268 1989 2343">
    <p class='ocr_par' dir='ltr' id='par_1_21' title="bbox 401 2268 1989 2343">
     <span class='ocr_line' id='line_1_21' title="bbox 401 2268 1989 2343; baseline -0.007 -8"><span class='ocrx_word' id='word_1_148' title='bbox 401 2279 617 2336; x_wconf 84' lang='lat' dir='ltr'><strong>falsum.</strong></span> <span class='ocrx_word' id='word_1_149' title='bbox 655 2295 674 2331; x_wconf 76' lang='grc' dir='ltr'><strong>ι</strong></span> <span class='ocrx_word' id='word_1_150' title='bbox 707 2275 905 2332; x_wconf 81' lang='lat' dir='ltr'><strong>Verum</strong></span> <span class='ocrx_word' id='word_1_151' title='bbox 930 2282 1045 2341; x_wconf 89' lang='lat' dir='ltr'><strong>est,</strong></span> <span class='ocrx_word' id='word_1_152' title='bbox 1080 2291 1101 2326; x_wconf 76' lang='grc' dir='ltr'><strong>ι</strong></span> <span class='ocrx_word' id='word_1_153' title='bbox 1134 2272 1310 2343; x_wconf 88' lang='lat' dir='ltr'><strong>inquit</strong></span> <span class='ocrx_word' id='word_1_154' title='bbox 1331 2312 1348 2340; x_wconf 90' lang='lat'><strong>,</strong></span> <span class='ocrx_word' id='word_1_155' title='bbox 1383 2289 1403 2324; x_wconf 77' lang='grc' dir='ltr'><strong>ι</strong></span> <span class='ocrx_word' id='word_1_156' title='bbox 1438 2269 1582 2342; x_wconf 88' lang='lat' dir='ltr'><strong>quod</strong></span> <span class='ocrx_word' id='word_1_157' title='bbox 1604 2268 1989 2327; x_wconf 70' lang='lat' dir='ltr'><strong>adulteriorum</strong></span> 
     </span>
    </p>
   </div>
   <div class='ocr_carea' id='block_1_22' title="bbox 403 2362 1990 2441">
    <p class='ocr_par' dir='ltr' id='par_1_22' title="bbox 403 2362 1990 2441">
     <span class='ocr_line' id='line_1_22' title="bbox 403 2362 1990 2441; baseline -0.008 -15"><span class='ocrx_word' id='word_1_158' title='bbox 403 2373 615 2441; x_wconf 89' lang='lat' dir='ltr'><strong>culpam</strong></span> <span class='ocrx_word' id='word_1_159' title='bbox 642 2368 807 2424; x_wconf 88' lang='lat' dir='ltr'><strong>homo</strong></span> <span class='ocrx_word' id='word_1_160' title='bbox 842 2366 937 2438; x_wconf 87' lang='lat' dir='ltr'><strong>qui</strong></span> <span class='ocrx_word' id='word_1_161' title='bbox 980 2364 1105 2423; x_wconf 88' lang='lat' dir='ltr'><strong>inde</strong></span> <span class='ocrx_word' id='word_1_162' title='bbox 1142 2362 1375 2421; x_wconf 88' lang='lat' dir='ltr'><strong>nascitur</strong></span> <span class='ocrx_word' id='word_1_163' title='bbox 1398 2403 1415 2430; x_wconf 91' lang='lat'><strong>,</strong></span> <span class='ocrx_word' id='word_1_164' title='bbox 1456 2376 1565 2419; x_wconf 90' lang='lat' dir='ltr'><strong>non</strong></span> <span class='ocrx_word' id='word_1_165' title='bbox 1603 2368 1785 2431; x_wconf 83' lang='lat' dir='ltr'><strong>poteSt</strong></span> <span class='ocrx_word' id='word_1_166' title='bbox 1823 2373 1990 2417; x_wconf 80' lang='lat' dir='ltr'><strong>excu-</strong></span> 
     </span>
    </p>
   </div>
   <div class='ocr_carea' id='block_1_23' title="bbox 402 2451 1993 2533">
    <p class='ocr_par' dir='ltr' id='par_1_23' title="bbox 402 2451 1993 2533">
     <span class='ocr_line' id='line_1_23' title="bbox 402 2451 1993 2533; baseline -0.008 -15"><span class='ocrx_word' id='word_1_167' title='bbox 402 2478 525 2520; x_wconf 91' lang='lat' dir='ltr'><strong>sare</strong></span> <span class='ocrx_word' id='word_1_168' title='bbox 556 2481 572 2518; x_wconf 88' lang='lat'><strong>:</strong></span> <span class='ocrx_word' id='word_1_169' title='bbox 600 2461 724 2533; x_wconf 89' lang='lat' dir='ltr'><strong>quia</strong></span> <span class='ocrx_word' id='word_1_170' title='bbox 749 2458 892 2533; x_wconf 93' lang='lat' dir='ltr'><strong>quod</strong></span> <span class='ocrx_word' id='word_1_171' title='bbox 914 2457 1142 2514; x_wconf 89' lang='lat' dir='ltr'><strong>adulteri</strong></span> <span class='ocrx_word' id='word_1_172' title='bbox 1172 2456 1433 2521; x_wconf 81' lang='lat' dir='ltr'><strong>iecerunt,</strong></span> <span class='ocrx_word' id='word_1_173' title='bbox 1460 2453 1529 2510; x_wconf 88' lang='lat' dir='ltr'><strong>ad</strong></span> <span class='ocrx_word' id='word_1_174' title='bbox 1550 2453 1733 2509; x_wconf 83' lang='lat' dir='ltr'><strong>vitium</strong></span> <span class='ocrx_word' id='word_1_175' title='bbox 1760 2451 1993 2523; x_wconf 84' lang='lat' dir='ltr'><strong>pertinet</strong></span> 
     </span>
    </p>
   </div>
   <div class='ocr_carea' id='block_1_24' title="bbox 404 2544 1990 2622">
    <p class='ocr_par' dir='ltr' id='par_1_24' title="bbox 404 2544 1990 2622">
     <span class='ocr_line' id='line_1_24' title="bbox 404 2544 1990 2622; baseline -0.005 -14"><span class='ocrx_word' id='word_1_176' title='bbox 404 2552 732 2619; x_wconf 86' lang='lat' dir='ltr'><strong>voluntatis;</strong></span> <span class='ocrx_word' id='word_1_177' title='bbox 761 2549 905 2622; x_wconf 90' lang='lat' dir='ltr'><strong>quod</strong></span> <span class='ocrx_word' id='word_1_178' title='bbox 941 2557 1119 2605; x_wconf 89' lang='lat' dir='ltr'><strong>autem</strong></span> <span class='ocrx_word' id='word_1_179' title='bbox 1157 2554 1499 2620; x_wconf 84' lang='lat' dir='ltr'><strong>genuerunt,</strong></span> <span class='ocrx_word' id='word_1_180' title='bbox 1528 2544 1595 2601; x_wconf 91' lang='lat' dir='ltr'><strong>ad</strong></span> <span class='ocrx_word' id='word_1_181' title='bbox 1623 2544 1835 2600; x_wconf 87' lang='lat' dir='ltr'><strong>laudem</strong></span> <span class='ocrx_word' id='word_1_182' title='bbox 1863 2558 1990 2615; x_wconf 87' lang='lat' dir='ltr'><strong>spe-</strong></span> 
     </span>
    </p>
   </div>
   <div class='ocr_carea' id='block_1_25' title="bbox 401 2636 1991 2712">
    <p class='ocr_par' dir='ltr' id='par_1_25' title="bbox 401 2636 1991 2712">
     <span class='ocr_line' id='line_1_25' title="bbox 401 2636 1991 2712; baseline -0.008 -10"><span class='ocrx_word' id='word_1_183' title='bbox 401 2653 510 2701; x_wconf 90' lang='lat' dir='ltr'><strong>ctat</strong></span> <span class='ocrx_word' id='word_1_184' title='bbox 537 2641 876 2701; x_wconf 84' lang='lat' dir='ltr'><strong>fecunditatis</strong></span> <span class='ocrx_word' id='word_1_185' title='bbox 904 2658 919 2697; x_wconf 89' lang='lat'><strong>:</strong></span> <span class='ocrx_word' id='word_1_186' title='bbox 948 2640 1072 2712; x_wconf 87' lang='lat' dir='ltr'><strong>quia</strong></span> <span class='ocrx_word' id='word_1_187' title='bbox 1112 2640 1157 2695; x_wconf 90' lang='lat' dir='ltr'><strong>si</strong></span> <span class='ocrx_word' id='word_1_188' title='bbox 1191 2639 1311 2710; x_wconf 87' lang='lat' dir='ltr'><strong>quis</strong></span> <span class='ocrx_word' id='word_1_189' title='bbox 1350 2636 1604 2693; x_wconf 86' lang='lat' dir='ltr'><strong>furtivum</strong></span> <span class='ocrx_word' id='word_1_190' title='bbox 1640 2636 1872 2692; x_wconf 86' lang='lat' dir='ltr'><strong>triticum</strong></span> <span class='ocrx_word' id='word_1_191' title='bbox 1900 2648 1991 2690; x_wconf 86' lang='lat' dir='ltr'><strong>se-</strong></span> 
     </span>
    </p>
   </div>
   <div class='ocr_carea' id='block_1_26' title="bbox 408 2726 1989 2805">
    <p class='ocr_par' dir='ltr' id='par_1_26' title="bbox 408 2726 1989 2805">
     <span class='ocr_line' id='line_1_26' title="bbox 408 2726 1989 2805; baseline -0.008 -12"><span class='ocrx_word' id='word_1_192' title='bbox 408 2748 515 2805; x_wconf 90' lang='lat' dir='ltr'><strong>rat,</strong></span> <span class='ocrx_word' id='word_1_193' title='bbox 543 2751 653 2791; x_wconf 88' lang='lat' dir='ltr'><strong>non</strong></span> <span class='ocrx_word' id='word_1_194' title='bbox 679 2733 917 2792; x_wconf 89' lang='lat' dir='ltr'><strong>nascitur</strong></span> <span class='ocrx_word' id='word_1_195' title='bbox 940 2731 1133 2787; x_wconf 90' lang='lat' dir='ltr'><strong>messis</strong></span> <span class='ocrx_word' id='word_1_196' title='bbox 1158 2728 1413 2785; x_wconf 86' lang='lat' dir='ltr'><strong>obnoxia.</strong></span> <span class='ocrx_word' id='word_1_197' title='bbox 1442 2727 1699 2798; x_wconf 90' lang='lat' dir='ltr'><strong>Vitupero</strong></span> <span class='ocrx_word' id='word_1_198' title='bbox 1724 2726 1901 2797; x_wconf 86' lang='lat' dir='ltr'><strong>itaque</strong></span> <span class='ocrx_word' id='word_1_199' title='bbox 1922 2764 1941 2795; x_wconf 91' lang='lat'><strong>,</strong></span> <span class='ocrx_word' id='word_1_200' title='bbox 1960 2743 1989 2780; x_wconf 65' lang='grc' dir='ltr'><strong><em>ο</em></strong></span> 
     </span>
    </p>
   </div>
   <div class='ocr_carea' id='block_1_27' title="bbox 402 2821 1993 2902">
    <p class='ocr_par' dir='ltr' id='par_1_27' title="bbox 402 2821 1993 2902">
     <span class='ocr_line' id='line_1_27' title="bbox 402 2821 1993 2902; baseline -0.008 -15"><span class='ocrx_word' id='word_1_201' title='bbox 402 2830 598 2902; x_wconf 90' lang='lat' dir='ltr'><strong>inquit,</strong></span> <span class='ocrx_word' id='word_1_202' title='bbox 627 2846 647 2882; x_wconf 74' lang='grc' dir='ltr'><strong>ι</strong></span> <span class='ocrx_word' id='word_1_203' title='bbox 684 2826 877 2893; x_wconf 85' lang='lat' dir='ltr'><strong>furem,</strong></span> <span class='ocrx_word' id='word_1_204' title='bbox 905 2824 998 2881; x_wconf 91' lang='lat' dir='ltr'><strong>sed</strong></span> <span class='ocrx_word' id='word_1_205' title='bbox 1020 2822 1178 2881; x_wconf 86' lang='lat' dir='ltr'><strong>laudo</strong></span> <span class='ocrx_word' id='word_1_206' title='bbox 1203 2831 1459 2894; x_wconf 78' lang='lat' dir='ltr'><strong>segetem.</strong></span> <span class='ocrx_word' id='word_1_207' title='bbox 1492 2821 1839 2881; x_wconf 86' lang='lat' dir='ltr'><strong>innocentem</strong></span> <span class='ocrx_word' id='word_1_208' title='bbox 1864 2835 1993 2891; x_wconf 88' lang='lat' dir='ltr'><strong>pro-</strong></span> 
     </span>
    </p>
   </div>
   <div class='ocr_carea' id='block_1_28' title="bbox 407 2915 1997 2993">
    <p class='ocr_par' dir='ltr' id='par_1_28' title="bbox 407 2915 1997 2993">
     <span class='ocr_line' id='line_1_28' title="bbox 407 2915 1997 2993; baseline -0.005 -14"><span class='ocrx_word' id='word_1_209' title='bbox 407 2923 598 2980; x_wconf 88' lang='lat' dir='ltr'><strong>nuntio</strong></span> <span class='ocrx_word' id='word_1_210' title='bbox 622 2922 713 2993; x_wconf 90' lang='lat' dir='ltr'><strong>qui</strong></span> <span class='ocrx_word' id='word_1_211' title='bbox 742 2919 977 2977; x_wconf 84' lang='lat' dir='ltr'><strong>nascitur</strong></span> <span class='ocrx_word' id='word_1_212' title='bbox 997 2935 1065 2974; x_wconf 90' lang='lat' dir='ltr'><strong>ex</strong></span> <span class='ocrx_word' id='word_1_213' title='bbox 1090 2919 1447 2990; x_wconf 74' lang='lat' dir='ltr'><strong>generositate</strong></span> <span class='ocrx_word' id='word_1_214' title='bbox 1472 2916 1761 2983; x_wconf 87' lang='lat' dir='ltr'><strong>seminum,</strong></span> <span class='ocrx_word' id='word_1_215' title='bbox 1782 2915 1997 2972; x_wconf 76' lang='lat' dir='ltr'><strong>dicente</strong></span> 
     </span>
    </p>
   </div>
   <div class='ocr_carea' id='block_1_29' title="bbox 406 3007 1996 3086">
    <p class='ocr_par' dir='ltr' id='par_1_29' title="bbox 406 3007 1996 3086">
     <span class='ocr_line' id='line_1_29' title="bbox 406 3007 1996 3086; baseline -0.006 -16"><span class='ocrx_word' id='word_1_216' title='bbox 406 3012 667 3086; x_wconf 83' lang='lat' dir='ltr'><strong>Apostolo</strong></span> <span class='ocrx_word' id='word_1_217' title='bbox 687 3053 702 3078; x_wconf 93' lang='lat'><strong>,</strong></span> <span class='ocrx_word' id='word_1_218' title='bbox 730 3010 870 3067; x_wconf 80' lang='lat' dir='ltr'><strong>Deus</strong></span> <span class='ocrx_word' id='word_1_219' title='bbox 898 3010 975 3064; x_wconf 78' lang='lat' dir='ltr'><strong>illi</strong></span> <span class='ocrx_word' id='word_1_220' title='bbox 1002 3010 1089 3064; x_wconf 86' lang='lat' dir='ltr'><strong>dat</strong></span> <span class='ocrx_word' id='word_1_221' title='bbox 1118 3026 1302 3080; x_wconf 82' lang='lat' dir='ltr'><strong>corpus</strong></span> <span class='ocrx_word' id='word_1_222' title='bbox 1331 3016 1479 3079; x_wconf 82' lang='lat' dir='ltr'><strong>prout</strong></span> <span class='ocrx_word' id='word_1_223' title='bbox 1502 3008 1628 3072; x_wconf 83' lang='lat' dir='ltr'><strong>uult,</strong></span> <span class='ocrx_word' id='word_1_224' title='bbox 1656 3016 1703 3061; x_wconf 82' lang='lat' dir='ltr'><strong>et</strong></span> <span class='ocrx_word' id='word_1_225' title='bbox 1728 3007 1996 3078; x_wconf 77' lang='lat' dir='ltr'><strong>unicuique</strong></span> 
     </span>
    </p>
   </div>
   <div class='ocr_carea' id='block_1_30' title="bbox 411 3100 1998 3178">
    <p class='ocr_par' dir='ltr' id='par_1_30' title="bbox 411 3100 1998 3178">
     <span class='ocr_line' id='line_1_30' title="bbox 411 3100 1998 3178; baseline -0.004 -15"><span class='ocrx_word' id='word_1_226' title='bbox 411 3108 659 3163; x_wconf 84' lang='lat' dir='ltr'><strong>seminum</strong></span> <span class='ocrx_word' id='word_1_227' title='bbox 688 3106 950 3178; x_wconf 82' lang='lat' dir='ltr'><strong>praprium</strong></span> <span class='ocrx_word' id='word_1_228' title='bbox 975 3119 1155 3175; x_wconf 81' lang='lat' dir='ltr'><strong>corpus</strong></span> <span class='ocrx_word' id='word_1_229' title='bbox 1174 3120 1193 3156; x_wconf 83' lang='grc'><strong>›</strong></span> <span class='ocrx_word' id='word_1_230' title='bbox 1218 3102 1261 3173; x_wconf 67' lang='grc'>(1</span> <span class='ocrx_word' id='word_1_231' title='bbox 1276 3101 1395 3156; x_wconf 83' lang='lat' dir='ltr'><strong>Cor.</strong></span> <span class='ocrx_word' id='word_1_232' title='bbox 1409 3116 1506 3169; x_wconf 80' lang='lat' dir='ltr'><strong>xv,</strong></span> <span class='ocrx_word' id='word_1_233' title='bbox 1517 3100 1607 3171; x_wconf 76' lang='lat'><strong>58)</strong></span> <span class='ocrx_word' id='word_1_234' title='bbox 1624 3118 1638 3156; x_wconf 91' lang='lat'><strong>:</strong></span> <span class='ocrx_word' id='word_1_235' title='bbox 1658 3118 1678 3154; x_wconf 85' lang='grc'><em>‹</em></span> <span class='ocrx_word' id='word_1_236' title='bbox 1698 3101 1998 3158; x_wconf 82' lang='lat' dir='ltr'><strong>condemno</strong></span> 
     </span>
    </p>
   </div>
   <div class='ocr_carea' id='block_1_31' title="bbox 406 3194 1998 3271">
    <p class='ocr_par' dir='ltr' id='par_1_31' title="bbox 406 3194 1998 3271">
     <span class='ocr_line' id='line_1_31' title="bbox 406 3194 1998 3271; baseline -0.004 -13"><span class='ocrx_word' id='word_1_237' title='bbox 406 3216 538 3258; x_wconf 88' lang='lat' dir='ltr'><strong>vero</strong></span> <span class='ocrx_word' id='word_1_238' title='bbox 565 3200 919 3271; x_wconf 83' lang='lat' dir='ltr'><strong>ﬂagitiosum,</strong></span> <span class='ocrx_word' id='word_1_239' title='bbox 951 3198 1045 3269; x_wconf 88' lang='lat' dir='ltr'><strong>qui</strong></span> <span class='ocrx_word' id='word_1_240' title='bbox 1085 3211 1156 3252; x_wconf 86' lang='lat' dir='ltr'><strong>ex</strong></span> <span class='ocrx_word' id='word_1_241' title='bbox 1193 3195 1453 3266; x_wconf 89' lang='lat' dir='ltr'><strong>propositi</strong></span> <span class='ocrx_word' id='word_1_242' title='bbox 1491 3194 1843 3265; x_wconf 75' lang='lat' dir='ltr'><strong>perversitate</strong></span> <span class='ocrx_word' id='word_1_243' title='bbox 1866 3208 1998 3266; x_wconf 82' lang='lat' dir='ltr'><strong>pec-</strong></span> 
     </span>
    </p>
   </div>
   <div class='ocr_carea' id='block_1_32' title="bbox 409 3293 626 3350">
    <p class='ocr_par' dir='ltr' id='par_1_32' title="bbox 409 3293 626 3350">
     <span class='ocr_line' id='line_1_32' title="bbox 409 3293 626 3350; baseline -0.023 -1"><span class='ocrx_word' id='word_1_244' title='bbox 409 3293 567 3350; x_wconf 89' lang='lat' dir='ltr'><strong>cavit.</strong></span> <span class='ocrx_word' id='word_1_245' title='bbox 606 3309 626 3344; x_wconf 74' lang='grc' dir='ltr'><strong>ι</strong></span> 
     </span>
    </p>
   </div>
   <div class='ocr_carea' id='block_1_33' title="bbox 481 3374 1996 3447">
    <p class='ocr_par' dir='ltr' id='par_1_33' title="bbox 481 3374 1996 3447">
     <span class='ocr_line' id='line_1_33' title="bbox 481 3374 1996 3447; baseline -0.004 -9"><span class='ocrx_word' id='word_1_246' title='bbox 481 3378 709 3439; x_wconf 83' lang='lat' dir='ltr'><strong>CAPUT</strong></span> <span class='ocrx_word' id='word_1_247' title='bbox 746 3377 941 3435; x_wconf 82' lang='lat' dir='ltr'><strong>XXVI.</strong></span> <span class='ocrx_word' id='word_1_248' title='bbox 966 3406 1041 3419; x_wconf 92' lang='lat'><strong>—</strong></span> <span class='ocrx_word' id='word_1_249' title='bbox 1065 3376 1156 3433; x_wconf 73' lang='lat' dir='ltr'><strong>ii.</strong></span> <span class='ocrx_word' id='word_1_250' title='bbox 1185 3375 1268 3431; x_wconf 83' lang='lat' dir='ltr'><strong>Ad</strong></span> <span class='ocrx_word' id='word_1_251' title='bbox 1299 3375 1415 3433; x_wconf 59' lang='lat' dir='ltr'><strong>haec</strong></span> <span class='ocrx_word' id='word_1_252' title='bbox 1442 3374 1701 3447; x_wconf 71' lang='lat' dir='ltr'><strong>adiungit,</strong></span> <span class='ocrx_word' id='word_1_253' title='bbox 1737 3381 1796 3433; x_wconf 91' lang='lat' dir='ltr'><strong>et</strong></span> <span class='ocrx_word' id='word_1_254' title='bbox 1819 3374 1996 3432; x_wconf 85' lang='lat' dir='ltr'><strong>dicit:</strong></span> 
     </span>
    </p>
   </div>
   <div class='ocr_carea' id='block_1_34' title="bbox 414 3466 1988 3539">
    <p class='ocr_par' dir='ltr' id='par_1_34' title="bbox 414 3466 1988 3539">
     <span class='ocr_line' id='line_1_34' title="bbox 414 3466 1988 3539; baseline -0.002 -8"><span class='ocrx_word' id='word_1_255' title='bbox 414 3496 436 3531; x_wconf 76' lang='grc' dir='ltr'><strong>ι</strong></span> <span class='ocrx_word' id='word_1_256' title='bbox 470 3477 703 3533; x_wconf 90' lang='lat' dir='ltr'><strong>Prorsus</strong></span> <span class='ocrx_word' id='word_1_257' title='bbox 738 3482 915 3529; x_wconf 90' lang='lat' dir='ltr'><strong>autem</strong></span> <span class='ocrx_word' id='word_1_258' title='bbox 944 3471 989 3528; x_wconf 91' lang='lat' dir='ltr'><strong>si</strong></span> <span class='ocrx_word' id='word_1_259' title='bbox 1019 3472 1217 3527; x_wconf 87' lang='lat' dir='ltr'><strong>malum</strong></span> <span class='ocrx_word' id='word_1_260' title='bbox 1247 3470 1319 3526; x_wconf 87' lang='lat' dir='ltr'><strong>de</strong></span> <span class='ocrx_word' id='word_1_261' title='bbox 1356 3472 1559 3539; x_wconf 82' lang='lat' dir='ltr'><strong>nuptiis</strong></span> <span class='ocrx_word' id='word_1_262' title='bbox 1581 3466 1853 3539; x_wconf 75' lang='lat' dir='ltr'><strong>trahitur,</strong></span> <span class='ocrx_word' id='word_1_263' title='bbox 1891 3487 1988 3529; x_wconf 88' lang='lat' dir='ltr'><strong>ac-</strong></span> 
     </span>
    </p>
   </div>
   <div class='ocr_carea' id='block_1_35' title="bbox 410 3564 2001 3639">
    <p class='ocr_par' dir='ltr' id='par_1_35' title="bbox 410 3564 2001 3639">
     <span class='ocr_line' id='line_1_35' title="bbox 410 3564 2001 3639; baseline -0.004 -13"><span class='ocrx_word' id='word_1_264' title='bbox 410 3568 588 3627; x_wconf 87' lang='lat' dir='ltr'><strong>cusari</strong></span> <span class='ocrx_word' id='word_1_265' title='bbox 626 3574 883 3639; x_wconf 89' lang='lat' dir='ltr'><strong>possunt,</strong></span> <span class='ocrx_word' id='word_1_266' title='bbox 924 3564 1169 3621; x_wconf 90' lang='lat' dir='ltr'><strong>excusari</strong></span> <span class='ocrx_word' id='word_1_267' title='bbox 1208 3578 1314 3619; x_wconf 88' lang='lat' dir='ltr'><strong>non</strong></span> <span class='ocrx_word' id='word_1_268' title='bbox 1355 3573 1608 3633; x_wconf 71' lang='lat' dir='ltr'><strong>possunt;</strong></span> <span class='ocrx_word' id='word_1_269' title='bbox 1636 3576 1692 3621; x_wconf 81' lang='lat' dir='ltr'><strong>et</strong></span> <span class='ocrx_word' id='word_1_270' title='bbox 1719 3566 1779 3623; x_wconf 83' lang='lat' dir='ltr'><strong>in</strong></span> <span class='ocrx_word' id='word_1_271' title='bbox 1803 3564 2001 3622; x_wconf 81' lang='lat' dir='ltr'><strong>diaboli</strong></span> 
     </span>
    </p>
   </div>
   <div class='ocr_carea' id='block_1_36' title="bbox 408 3656 2006 3735">
    <p class='ocr_par' dir='ltr' id='par_1_36' title="bbox 408 3656 2006 3735">
     <span class='ocr_line' id='line_1_36' title="bbox 408 3656 2006 3735; baseline -0.003 -16"><span class='ocrx_word' id='word_1_272' title='bbox 408 3664 529 3735; x_wconf 88' lang='lat' dir='ltr'><strong>jure</strong></span> <span class='ocrx_word' id='word_1_273' title='bbox 569 3675 702 3732; x_wconf 92' lang='lat' dir='ltr'><strong>opus</strong></span> <span class='ocrx_word' id='word_1_274' title='bbox 739 3672 922 3713; x_wconf 90' lang='lat' dir='ltr'><strong>earum</strong></span> <span class='ocrx_word' id='word_1_275' title='bbox 960 3656 1296 3726; x_wconf 85' lang='lat' dir='ltr'><strong>fructumque</strong></span> <span class='ocrx_word' id='word_1_276' title='bbox 1322 3664 1604 3716; x_wconf 68' lang='lat' dir='ltr'><strong>constituis</strong></span> <span class='ocrx_word' id='word_1_277' title='bbox 1629 3670 1645 3715; x_wconf 83' lang='lat' dir='ltr'><strong>t</strong></span> <span class='ocrx_word' id='word_1_278' title='bbox 1675 3657 1812 3734; x_wconf 76' lang='lat' dir='ltr'><strong>quia</strong></span> <span class='ocrx_word' id='word_1_279' title='bbox 1826 3657 2006 3714; x_wconf 85' lang='lat' dir='ltr'><strong>omnis</strong></span> 
     </span>
    </p>
   </div>
   <div class='ocr_carea' id='block_1_37' title="bbox 412 3747 1998 3823">
    <p class='ocr_par' dir='ltr' id='par_1_37' title="bbox 412 3747 1998 3823">
     <span class='ocr_line' id='line_1_37' title="bbox 412 3747 1998 3823; baseline -0.004 -11"><span class='ocrx_word' id='word_1_280' title='bbox 412 3768 574 3811; x_wconf 86' lang='lat' dir='ltr'><strong>causa</strong></span> <span class='ocrx_word' id='word_1_281' title='bbox 601 3750 748 3817; x_wconf 90' lang='lat' dir='ltr'><strong>mali,</strong></span> <span class='ocrx_word' id='word_1_282' title='bbox 779 3764 971 3820; x_wconf 79' lang='lat' dir='ltr'><strong>expers</strong></span> <span class='ocrx_word' id='word_1_283' title='bbox 997 3749 1122 3805; x_wconf 92' lang='lat' dir='ltr'><strong>boni</strong></span> <span class='ocrx_word' id='word_1_284' title='bbox 1152 3756 1253 3807; x_wconf 90' lang='lat' dir='ltr'><strong>est.</strong></span> <span class='ocrx_word' id='word_1_285' title='bbox 1283 3747 1456 3804; x_wconf 86' lang='lat' dir='ltr'><strong>Homo</strong></span> <span class='ocrx_word' id='word_1_286' title='bbox 1479 3756 1659 3807; x_wconf 83' lang='lat' dir='ltr'><strong>autem</strong></span> <span class='ocrx_word' id='word_1_287' title='bbox 1679 3787 1701 3819; x_wconf 88' lang='lat'><strong>,</strong></span> <span class='ocrx_word' id='word_1_288' title='bbox 1738 3764 1764 3806; x_wconf 64' lang='grc' dir='ltr'><em>θ</em></span> <span class='ocrx_word' id='word_1_289' title='bbox 1790 3748 1998 3823; x_wconf 79' lang='lat' dir='ltr'><strong>inquit,</strong></span> 
     </span>
    </p>
   </div>
   <div class='ocr_carea' id='block_1_38' title="bbox 419 3838 2003 3916">
    <p class='ocr_par' dir='ltr' id='par_1_38' title="bbox 419 3838 2003 3916">
     <span class='ocr_line' id='line_1_38' title="bbox 419 3838 2003 3916; baseline -0.004 -19"><span class='ocrx_word' id='word_1_290' title='bbox 419 3862 440 3897; x_wconf 78' lang='grc' dir='ltr'><strong>ι</strong></span> <span class='ocrx_word' id='word_1_291' title='bbox 476 3844 567 3916; x_wconf 92' lang='lat' dir='ltr'><strong>qui</strong></span> <span class='ocrx_word' id='word_1_292' title='bbox 594 3844 663 3900; x_wconf 88' lang='lat' dir='ltr'><strong>de</strong></span> <span class='ocrx_word' id='word_1_293' title='bbox 688 3841 888 3913; x_wconf 91' lang='lat' dir='ltr'><strong>nuptiis</strong></span> <span class='ocrx_word' id='word_1_294' title='bbox 916 3840 1173 3908; x_wconf 88' lang='lat' dir='ltr'><strong>nascitur,</strong></span> <span class='ocrx_word' id='word_1_295' title='bbox 1202 3853 1311 3895; x_wconf 87' lang='lat' dir='ltr'><strong>non</strong></span> <span class='ocrx_word' id='word_1_296' title='bbox 1336 3838 1651 3896; x_wconf 87' lang='lat' dir='ltr'><strong>criminibus</strong></span> <span class='ocrx_word' id='word_1_297' title='bbox 1668 3881 1687 3910; x_wconf 93' lang='lat'><strong>,</strong></span> <span class='ocrx_word' id='word_1_298' title='bbox 1714 3840 1813 3899; x_wconf 87' lang='lat' dir='ltr'><strong>sed</strong></span> <span class='ocrx_word' id='word_1_299' title='bbox 1836 3842 2003 3898; x_wconf 86' lang='lat' dir='ltr'><strong>semi.</strong></span> 
     </span>
    </p>
   </div>
   <div class='ocr_carea' id='block_1_39' title="bbox 411 3931 2006 4010">
    <p class='ocr_par' dir='ltr' id='par_1_39' title="bbox 411 3931 2006 4010">
     <span class='ocr_line' id='line_1_39' title="bbox 411 3931 2006 4010; baseline -0.002 -15"><span class='ocrx_word' id='word_1_300' title='bbox 411 3937 571 3996; x_wconf 88' lang='lat' dir='ltr'><strong>nibus</strong></span> <span class='ocrx_word' id='word_1_301' title='bbox 604 3937 912 4010; x_wconf 85' lang='lat' dir='ltr'><strong>imputatur.</strong></span> <span class='ocrx_word' id='word_1_302' title='bbox 940 3932 1217 3990; x_wconf 89' lang='lat' dir='ltr'><strong>Seminum</strong></span> <span class='ocrx_word' id='word_1_303' title='bbox 1244 3946 1374 3988; x_wconf 90' lang='lat' dir='ltr'><strong>vero</strong></span> <span class='ocrx_word' id='word_1_304' title='bbox 1411 3946 1573 3989; x_wconf 80' lang='lat' dir='ltr'><strong>causa</strong></span> <span class='ocrx_word' id='word_1_305' title='bbox 1611 3931 1669 3989; x_wconf 85' lang='lat' dir='ltr'><strong>in</strong></span> <span class='ocrx_word' id='word_1_306' title='bbox 1698 3934 2006 3992; x_wconf 78' lang='lat' dir='ltr'><strong>conditione</strong></span> 
     </span>
    </p>
   </div>
   <div class='ocr_carea' id='block_1_40' title="bbox 414 4023 2003 4103">
    <p class='ocr_par' dir='ltr' id='par_1_40' title="bbox 414 4023 2003 4103">
     <span class='ocr_line' id='line_1_40' title="bbox 414 4023 2003 4103; baseline -0.004 -16"><span class='ocrx_word' id='word_1_307' title='bbox 414 4043 703 4103; x_wconf 89' lang='lat' dir='ltr'><strong>corporum</strong></span> <span class='ocrx_word' id='word_1_308' title='bbox 748 4034 835 4084; x_wconf 89' lang='lat' dir='ltr'><strong>est</strong></span> <span class='ocrx_word' id='word_1_309' title='bbox 861 4043 874 4080; x_wconf 90' lang='lat'><strong>:</strong></span> <span class='ocrx_word' id='word_1_310' title='bbox 905 4024 1100 4097; x_wconf 88' lang='lat' dir='ltr'><strong>quibus</strong></span> <span class='ocrx_word' id='word_1_311' title='bbox 1135 4023 1447 4093; x_wconf 90' lang='lat' dir='ltr'><strong>corporibus</strong></span> <span class='ocrx_word' id='word_1_312' title='bbox 1485 4023 1575 4094; x_wconf 90' lang='lat' dir='ltr'><strong>qui</strong></span> <span class='ocrx_word' id='word_1_313' title='bbox 1621 4025 1762 4082; x_wconf 82' lang='lat' dir='ltr'><strong>male</strong></span> <span class='ocrx_word' id='word_1_314' title='bbox 1800 4026 2003 4095; x_wconf 74' lang='lat' dir='ltr'><strong>utitur,</strong></span> 
     </span>
    </p>
   </div>
   <div class='ocr_carea' id='block_1_41' title="bbox 413 4113 2000 4191">
    <p class='ocr_par' dir='ltr' id='par_1_41' title="bbox 413 4113 2000 4191">
     <span class='ocr_line' id='line_1_41' title="bbox 413 4113 2000 4191; baseline -0.003 -13"><span class='ocrx_word' id='word_1_315' title='bbox 413 4121 540 4179; x_wconf 82' lang='lat' dir='ltr'><strong>boni</strong></span> <span class='ocrx_word' id='word_1_316' title='bbox 580 4120 827 4177; x_wconf 90' lang='lat' dir='ltr'><strong>meritum</strong></span> <span class='ocrx_word' id='word_1_317' title='bbox 851 4159 869 4186; x_wconf 97' lang='lat'><strong>,</strong></span> <span class='ocrx_word' id='word_1_318' title='bbox 898 4132 1005 4173; x_wconf 91' lang='lat' dir='ltr'><strong>non</strong></span> <span class='ocrx_word' id='word_1_319' title='bbox 1028 4129 1196 4191; x_wconf 83' lang='lat' dir='ltr'><strong>genus</strong></span> <span class='ocrx_word' id='word_1_320' title='bbox 1221 4114 1444 4171; x_wconf 79' lang='lat' dir='ltr'><strong>sauciat.</strong></span> <span class='ocrx_word' id='word_1_321' title='bbox 1487 4113 1715 4186; x_wconf 89' lang='lat' dir='ltr'><strong>Liquido</strong></span> <span class='ocrx_word' id='word_1_322' title='bbox 1744 4116 1942 4188; x_wconf 79' lang='lat' dir='ltr'><strong>igitur,</strong></span> <span class='ocrx_word' id='word_1_323' title='bbox 1979 4137 2000 4172; x_wconf 78' lang='grc' dir='ltr'><strong>ι</strong></span> 
     </span>
    </p>
   </div>
   <div class='ocr_carea' id='block_1_42' title="bbox 410 4212 2007 4288">
    <p class='ocr_par' dir='ltr' id='par_1_42' title="bbox 410 4212 2007 4288">
     <span class='ocr_line' id='line_1_42' title="bbox 410 4212 2007 4288; baseline -0.003 -14"><span class='ocrx_word' id='word_1_324' title='bbox 410 4214 619 4288; x_wconf 68' lang='lat' dir='ltr'><strong>inquit,</strong></span> <span class='ocrx_word' id='word_1_325' title='bbox 652 4233 672 4267; x_wconf 77' lang='grc' dir='ltr'><strong>ι</strong></span> <span class='ocrx_word' id='word_1_326' title='bbox 709 4214 909 4282; x_wconf 90' lang='lat' dir='ltr'><strong>claret,</strong></span> <span class='ocrx_word' id='word_1_327' title='bbox 937 4212 1139 4269; x_wconf 89' lang='lat' dir='ltr'><strong>bonum</strong></span> <span class='ocrx_word' id='word_1_328' title='bbox 1169 4213 1185 4244; x_wconf 81' lang='grc'>¹</span> <span class='ocrx_word' id='word_1_329' title='bbox 1215 4225 1324 4268; x_wconf 89' lang='lat' dir='ltr'><strong>non</strong></span> <span class='ocrx_word' id='word_1_330' title='bbox 1366 4225 1490 4268; x_wconf 88' lang='lat' dir='ltr'><strong>esse</strong></span> <span class='ocrx_word' id='word_1_331' title='bbox 1515 4226 1730 4268; x_wconf 80' lang='lat' dir='ltr'><strong>causam</strong></span> <span class='ocrx_word' id='word_1_332' title='bbox 1757 4213 1903 4268; x_wconf 90' lang='lat' dir='ltr'><strong>mali.</strong></span> <span class='ocrx_word' id='word_1_333' title='bbox 1946 4212 2007 4269; x_wconf 76' lang='lat' dir='ltr'><strong>Si</strong></span> 
     </span>
    </p>
   </div>
   <div class='ocr_carea' id='block_1_43' title="bbox 416 4302 2008 4382">
    <p class='ocr_par' dir='ltr' id='par_1_43' title="bbox 416 4302 2008 4382">
     <span class='ocr_line' id='line_1_43' title="bbox 416 4302 2008 4382; baseline -0.004 -15"><span class='ocrx_word' id='word_1_334' title='bbox 416 4324 566 4382; x_wconf 86' lang='lat' dir='ltr'><strong>ergo,</strong></span> <span class='ocrx_word' id='word_1_335' title='bbox 607 4326 625 4362; x_wconf 76' lang='grc' dir='ltr'><strong>ι</strong></span> <span class='ocrx_word' id='word_1_336' title='bbox 658 4307 863 4378; x_wconf 90' lang='lat' dir='ltr'><strong>inquit,</strong></span> <span class='ocrx_word' id='word_1_337' title='bbox 900 4323 921 4359; x_wconf 73' lang='grc' dir='ltr'><strong>ι</strong></span> <span class='ocrx_word' id='word_1_338' title='bbox 954 4305 1181 4361; x_wconf 81' lang='lat' dir='ltr'><strong>trahitur</strong></span> <span class='ocrx_word' id='word_1_339' title='bbox 1207 4311 1263 4361; x_wconf 84' lang='lat' dir='ltr'><strong>et</strong></span> <span class='ocrx_word' id='word_1_340' title='bbox 1288 4302 1358 4360; x_wconf 87' lang='lat' dir='ltr'><strong>de</strong></span> <span class='ocrx_word' id='word_1_341' title='bbox 1386 4304 1587 4375; x_wconf 87' lang='lat' dir='ltr'><strong>nuptiis</strong></span> <span class='ocrx_word' id='word_1_342' title='bbox 1611 4303 1870 4375; x_wconf 82' lang='lat' dir='ltr'><strong>originale</strong></span> <span class='ocrx_word' id='word_1_343' title='bbox 1895 4320 2008 4360; x_wconf 79' lang='lat' dir='ltr'><strong>ma-</strong></span> 
     </span>
    </p>
   </div>
   <div class='ocr_carea' id='block_1_44' title="bbox 320 4394 2012 4467">
    <p class='ocr_par' dir='ltr' id='par_1_44' title="bbox 320 4394 2012 4467">
     <span class='ocr_line' id='line_1_44' title="bbox 320 4394 2012 4467; baseline -0.003 -9"><span class='ocrx_word' id='word_1_344' title='bbox 320 4412 323 4415; x_wconf 86' lang='lat'>&#39;</span> <span class='ocrx_word' id='word_1_345' title='bbox 417 4402 552 4467; x_wconf 88' lang='lat' dir='ltr'><strong>lum,</strong></span> <span class='ocrx_word' id='word_1_346' title='bbox 578 4413 740 4456; x_wconf 87' lang='lat' dir='ltr'><strong>causa</strong></span> <span class='ocrx_word' id='word_1_347' title='bbox 768 4396 895 4454; x_wconf 85' lang='lat' dir='ltr'><strong>mali</strong></span> <span class='ocrx_word' id='word_1_348' title='bbox 920 4404 1005 4453; x_wconf 88' lang='lat' dir='ltr'><strong>est</strong></span> <span class='ocrx_word' id='word_1_349' title='bbox 1030 4398 1314 4453; x_wconf 88' lang='lat' dir='ltr'><strong>conventio</strong></span> <span class='ocrx_word' id='word_1_350' title='bbox 1336 4394 1680 4465; x_wconf 85' lang='lat' dir='ltr'><strong>nuptiarum:</strong></span> <span class='ocrx_word' id='word_1_351' title='bbox 1706 4404 1761 4451; x_wconf 93' lang='lat' dir='ltr'><strong>et</strong></span> <span class='ocrx_word' id='word_1_352' title='bbox 1777 4401 2012 4453; x_wconf 83' lang='lat' dir='ltr'><strong>necesse</strong></span> 
     </span>
    </p>
   </div>
   <div class='ocr_carea' id='block_1_45' title="bbox 416 4487 2010 4562">
    <p class='ocr_par' dir='ltr' id='par_1_45' title="bbox 416 4487 2010 4562">
     <span class='ocr_line' id='line_1_45' title="bbox 416 4487 2010 4562; baseline -0.006 -10"><span class='ocrx_word' id='word_1_353' title='bbox 416 4503 502 4553; x_wconf 89' lang='lat' dir='ltr'><strong>est</strong></span> <span class='ocrx_word' id='word_1_354' title='bbox 524 4493 723 4549; x_wconf 87' lang='lat' dir='ltr'><strong>malum</strong></span> <span class='ocrx_word' id='word_1_355' title='bbox 750 4504 905 4556; x_wconf 89' lang='lat' dir='ltr'><strong>esse,</strong></span> <span class='ocrx_word' id='word_1_356' title='bbox 944 4505 1043 4562; x_wconf 89' lang='lat' dir='ltr'><strong>per</strong></span> <span class='ocrx_word' id='word_1_357' title='bbox 1075 4487 1218 4560; x_wconf 88' lang='lat' dir='ltr'><strong>quod</strong></span> <span class='ocrx_word' id='word_1_358' title='bbox 1256 4495 1313 4545; x_wconf 87' lang='lat' dir='ltr'><strong>et</strong></span> <span class='ocrx_word' id='word_1_359' title='bbox 1341 4502 1407 4543; x_wconf 90' lang='lat' dir='ltr'><strong>ex</strong></span> <span class='ocrx_word' id='word_1_360' title='bbox 1436 4502 1543 4558; x_wconf 88' lang='lat' dir='ltr'><strong>quo</strong></span> <span class='ocrx_word' id='word_1_361' title='bbox 1580 4487 1757 4544; x_wconf 83' lang='lat' dir='ltr'><strong>malus</strong></span> <span class='ocrx_word' id='word_1_362' title='bbox 1798 4487 2010 4544; x_wconf 81' lang='lat' dir='ltr'><strong>fructus</strong></span> 
     </span>
    </p>
   </div>
   <div class='ocr_carea' id='block_1_46' title="bbox 418 4580 2007 4660">
    <p class='ocr_par' dir='ltr' id='par_1_46' title="bbox 418 4580 2007 4660">
     <span class='ocr_line' id='line_1_46' title="bbox 418 4580 2007 4660; baseline -0.004 -16"><span class='ocrx_word' id='word_1_363' title='bbox 418 4586 698 4660; x_wconf 88' lang='lat' dir='ltr'><strong>apparuit,</strong></span> <span class='ocrx_word' id='word_1_364' title='bbox 729 4584 939 4640; x_wconf 88' lang='lat' dir='ltr'><strong>dicente</strong></span> <span class='ocrx_word' id='word_1_365' title='bbox 963 4581 1192 4639; x_wconf 87' lang='lat' dir='ltr'><strong>Domino</strong></span> <span class='ocrx_word' id='word_1_366' title='bbox 1219 4582 1271 4638; x_wconf 90' lang='lat' dir='ltr'><strong>in</strong></span> <span class='ocrx_word' id='word_1_367' title='bbox 1295 4580 1624 4652; x_wconf 83' lang='lat' dir='ltr'><strong>Evangelio,</strong></span> <span class='ocrx_word' id='word_1_368' title='bbox 1650 4581 1736 4637; x_wconf 69' lang='lat' dir='ltr'><strong>Es</strong></span> <span class='ocrx_word' id='word_1_369' title='bbox 1761 4582 2007 4653; x_wconf 63' lang='lat' dir='ltr'><strong>fructibus</strong></span> 
     </span>
    </p>
   </div>
   <div class='ocr_carea' id='block_1_47' title="bbox 418 4673 2006 4749">
    <p class='ocr_par' dir='ltr' id='par_1_47' title="bbox 418 4673 2006 4749">
     <span class='ocr_line' id='line_1_47' title="bbox 418 4673 2006 4749; baseline -0.004 -13"><span class='ocrx_word' id='word_1_370' title='bbox 418 4678 1015 4749; x_wconf 74' lang='lat' dir='ltr'><strong>suisarborognoscituri</strong></span> <span class='ocrx_word' id='word_1_371' title='bbox 1040 4673 1487 4748; x_wconf 76' lang='lat' dir='ltr'><strong>(Hattlt.vu,i6).</strong></span> <span class='ocrx_word' id='word_1_372' title='bbox 1510 4692 1530 4727; x_wconf 74' lang='grc' dir='ltr'><strong>ι</strong></span> <span class='ocrx_word' id='word_1_373' title='bbox 1553 4673 1834 4743; x_wconf 82' lang='lat' dir='ltr'><strong>Quomodo</strong></span> <span class='ocrx_word' id='word_1_374' title='bbox 1866 4693 1887 4728; x_wconf 73' lang='grc' dir='ltr'><strong>ι</strong></span> <span class='ocrx_word' id='word_1_375' title='bbox 1920 4675 2006 4730; x_wconf 86' lang='lat' dir='ltr'><strong>in-</strong></span> 
     </span>
    </p>
   </div>
   <div class='ocr_carea' id='block_1_48' title="bbox 420 4765 2017 4845">
    <p class='ocr_par' dir='ltr' id='par_1_48' title="bbox 420 4765 2017 4845">
     <span class='ocr_line' id='line_1_48' title="bbox 420 4765 2017 4845; baseline -0.003 -16"><span class='ocrx_word' id='word_1_376' title='bbox 420 4770 571 4845; x_wconf 87' lang='lat' dir='ltr'><strong>quit,</strong></span> <span class='ocrx_word' id='word_1_377' title='bbox 611 4787 632 4822; x_wconf 78' lang='grc' dir='ltr'><strong>ι</strong></span> <span class='ocrx_word' id='word_1_378' title='bbox 665 4776 723 4825; x_wconf 84' lang='grc' dir='ltr'><strong>ιιι</strong></span> <span class='ocrx_word' id='word_1_379' title='bbox 746 4767 1041 4825; x_wconf 89' lang='lat' dir='ltr'><strong>audiendus</strong></span> <span class='ocrx_word' id='word_1_380' title='bbox 1066 4766 1271 4837; x_wconf 89' lang='lat' dir='ltr'><strong>putaris</strong></span> <span class='ocrx_word' id='word_1_381' title='bbox 1294 4805 1312 4834; x_wconf 93' lang='lat'><strong>,</strong></span> <span class='ocrx_word' id='word_1_382' title='bbox 1353 4767 1445 4837; x_wconf 85' lang='lat' dir='ltr'><strong>qui</strong></span> <span class='ocrx_word' id='word_1_383' title='bbox 1483 4765 1621 4822; x_wconf 87' lang='lat' dir='ltr'><strong>dicis</strong></span> <span class='ocrx_word' id='word_1_384' title='bbox 1644 4765 1846 4823; x_wconf 74' lang='lat' dir='ltr'><strong>bonum</strong></span> <span class='ocrx_word' id='word_1_385' title='bbox 1882 4782 2017 4824; x_wconf 61' lang='lat' dir='ltr'><strong>esse.</strong></span> 
     </span>
    </p>
   </div>
   <div class='ocr_carea' id='block_1_49' title="bbox 420 4856 2008 4936">
    <p class='ocr_par' dir='ltr' id='par_1_49' title="bbox 420 4856 2008 4936">
     <span class='ocr_line' id='line_1_49' title="bbox 420 4856 2008 4936; baseline -0.003 -17"><span class='ocrx_word' id='word_1_386' title='bbox 420 4861 726 4936; x_wconf 76' lang='lat' dir='ltr'><strong>coniugium</strong></span> <span class='ocrx_word' id='word_1_387' title='bbox 749 4901 766 4929; x_wconf 94' lang='lat'><strong>,</strong></span> <span class='ocrx_word' id='word_1_388' title='bbox 796 4859 862 4916; x_wconf 86' lang='lat' dir='ltr'><strong>de</strong></span> <span class='ocrx_word' id='word_1_389' title='bbox 902 4872 1013 4930; x_wconf 89' lang='lat' dir='ltr'><strong>quo</strong></span> <span class='ocrx_word' id='word_1_390' title='bbox 1047 4856 1180 4913; x_wconf 86' lang='lat' dir='ltr'><strong>nihil</strong></span> <span class='ocrx_word' id='word_1_391' title='bbox 1214 4856 1354 4913; x_wconf 86' lang='lat' dir='ltr'><strong>aliud</strong></span> <span class='ocrx_word' id='word_1_392' title='bbox 1381 4873 1541 4928; x_wconf 83' lang='lat' dir='ltr'><strong>quam</strong></span> <span class='ocrx_word' id='word_1_393' title='bbox 1565 4858 1769 4914; x_wconf 81' lang='lat' dir='ltr'><strong>malum</strong></span> <span class='ocrx_word' id='word_1_394' title='bbox 1789 4858 2008 4929; x_wconf 80' lang='lat' dir='ltr'><strong>prodire</strong></span> 
     </span>
    </p>
   </div>
   <div class='ocr_carea' id='block_1_50' title="bbox 328 4950 2011 5025">
    <p class='ocr_par' dir='ltr' id='par_1_50' title="bbox 328 4950 2011 5025">
     <span class='ocr_line' id='line_1_50' title="bbox 328 4950 2011 5025; baseline -0.004 -12"><span class='ocrx_word' id='word_1_395' title='bbox 328 4950 337 4986; x_wconf 67' lang='grc' dir='ltr'>έ</span> <span class='ocrx_word' id='word_1_396' title='bbox 424 4954 664 5015; x_wconf 74' lang='lat' dir='ltr'><strong>deiinisi</strong></span> <span class='ocrx_word' id='word_1_397' title='bbox 688 4952 916 5010; x_wconf 85' lang='lat' dir='ltr'><strong>Constat</strong></span> <span class='ocrx_word' id='word_1_398' title='bbox 946 4950 1105 5025; x_wconf 81' lang='lat' dir='ltr'><strong>igitur</strong></span> <span class='ocrx_word' id='word_1_399' title='bbox 1129 4964 1223 5005; x_wconf 83' lang='lat' dir='ltr'><strong>rea</strong></span> <span class='ocrx_word' id='word_1_400' title='bbox 1249 4951 1271 4982; x_wconf 85' lang='grc'>³</span> <span class='ocrx_word' id='word_1_401' title='bbox 1296 4964 1419 5005; x_wconf 88' lang='lat' dir='ltr'><strong>esse</strong></span> <span class='ocrx_word' id='word_1_402' title='bbox 1443 4950 1717 5021; x_wconf 73' lang='lat' dir='ltr'><strong>coniugia,</strong></span> <span class='ocrx_word' id='word_1_403' title='bbox 1748 4950 1797 5005; x_wconf 84' lang='lat' dir='ltr'><strong>si</strong></span> <span class='ocrx_word' id='word_1_404' title='bbox 1820 4965 2011 5022; x_wconf 76' lang='lat' dir='ltr'><strong>pecca—</strong></span> 
     </span>
    </p>
   </div>
   <div class='ocr_carea' id='block_1_51' title="bbox 425 5041 2010 5116">
    <p class='ocr_par' dir='ltr' id='par_1_51' title="bbox 425 5041 2010 5116">
     <span class='ocr_line' id='line_1_51' title="bbox 425 5041 2010 5116; baseline -0.003 -10"><span class='ocrx_word' id='word_1_405' title='bbox 425 5058 543 5107; x_wconf 85' lang='lat' dir='ltr'><strong>tum</strong></span> <span class='ocrx_word' id='word_1_406' title='bbox 569 5046 697 5103; x_wconf 85' lang='lat' dir='ltr'><strong>inde</strong></span> <span class='ocrx_word' id='word_1_407' title='bbox 718 5043 981 5116; x_wconf 78' lang='lat' dir='ltr'><strong>originale</strong></span> <span class='ocrx_word' id='word_1_408' title='bbox 1001 5041 1314 5107; x_wconf 86' lang='lat' dir='ltr'><strong>deducitur;</strong></span> <span class='ocrx_word' id='word_1_409' title='bbox 1339 5056 1439 5097; x_wconf 87' lang='lat' dir='ltr'><strong>nec</strong></span> <span class='ocrx_word' id='word_1_410' title='bbox 1460 5056 1619 5112; x_wconf 85' lang='lat' dir='ltr'><strong>posse</strong></span> <span class='ocrx_word' id='word_1_411' title='bbox 1637 5043 1876 5114; x_wconf 80' lang='lat' dir='ltr'><strong>defendi,</strong></span> <span class='ocrx_word' id='word_1_412' title='bbox 1905 5044 2010 5101; x_wconf 83' lang='lat' dir='ltr'><strong>nisi</strong></span> 
     </span>
    </p>
   </div>
   <div class='ocr_carea' id='block_1_52' title="bbox 423 5134 2011 5204">
    <p class='ocr_par' dir='ltr' id='par_1_52' title="bbox 423 5134 2011 5204">
     <span class='ocr_line' id='line_1_52' title="bbox 423 5134 2011 5204; baseline -0.002 -5"><span class='ocrx_word' id='word_1_413' title='bbox 423 5141 630 5199; x_wconf 82' lang='lat' dir='ltr'><strong>fructus</strong></span> <span class='ocrx_word' id='word_1_414' title='bbox 654 5153 844 5196; x_wconf 88' lang='lat' dir='ltr'><strong>eorum</strong></span> <span class='ocrx_word' id='word_1_415' title='bbox 872 5137 1129 5195; x_wconf 81' lang='lat' dir='ltr'><strong>innocens</strong></span> <span class='ocrx_word' id='word_1_416' title='bbox 1152 5134 1496 5204; x_wconf 85' lang='lat' dir='ltr'><strong>approbetur.</strong></span> <span class='ocrx_word' id='word_1_417' title='bbox 1525 5135 1890 5195; x_wconf 82' lang='lat' dir='ltr'><strong>Defenduntur</strong></span> <span class='ocrx_word' id='word_1_418' title='bbox 1913 5154 2011 5196; x_wconf 81' lang='lat' dir='ltr'><strong>au-</strong></span> 
     </span>
    </p>
   </div>
   <div class='ocr_carea' id='block_1_53' title="bbox 421 5226 2007 5302">
    <p class='ocr_par' dir='ltr' id='par_1_53' title="bbox 421 5226 2007 5302">
     <span class='ocr_line' id='line_1_53' title="bbox 421 5226 2007 5302; baseline -0.01 -11"><span class='ocrx_word' id='word_1_419' title='bbox 421 5241 533 5291; x_wconf 87' lang='lat' dir='ltr'><strong>tem</strong></span> <span class='ocrx_word' id='word_1_420' title='bbox 552 5274 570 5302; x_wconf 91' lang='lat'><strong>,</strong></span> <span class='ocrx_word' id='word_1_421' title='bbox 605 5239 661 5288; x_wconf 90' lang='lat' dir='ltr'><strong>et</strong></span> <span class='ocrx_word' id='word_1_422' title='bbox 686 5231 824 5286; x_wconf 89' lang='lat' dir='ltr'><strong>bona</strong></span> <span class='ocrx_word' id='word_1_423' title='bbox 851 5227 1265 5301; x_wconf 90' lang='lat' dir='ltr'><strong>pronuntiantur</strong></span> <span class='ocrx_word' id='word_1_424' title='bbox 1295 5244 1309 5281; x_wconf 89' lang='lat'><strong>:</strong></span> <span class='ocrx_word' id='word_1_425' title='bbox 1340 5226 1544 5284; x_wconf 87' lang='lat' dir='ltr'><strong>fructus</strong></span> <span class='ocrx_word' id='word_1_426' title='bbox 1571 5243 1698 5302; x_wconf 86' lang='lat' dir='ltr'><strong>ergo</strong></span> <span class='ocrx_word' id='word_1_427' title='bbox 1739 5233 2007 5302; x_wconf 80' lang='lat' dir='ltr'><strong>approba-</strong></span> 
     </span>
    </p>
   </div>
   <div class='ocr_carea' id='block_1_54' title="bbox 418 5327 875 5385">
    <p class='ocr_par' dir='ltr' id='par_1_54' title="bbox 418 5327 875 5385">
     <span class='ocr_line' id='line_1_54' title="bbox 418 5327 875 5385; baseline -0.018 0"><span class='ocrx_word' id='word_1_428' title='bbox 418 5336 512 5385; x_wconf 87' lang='lat' dir='ltr'><strong>tur</strong></span> <span class='ocrx_word' id='word_1_429' title='bbox 538 5327 819 5382; x_wconf 88' lang='lat' dir='ltr'><strong>innocuus.</strong></span> <span class='ocrx_word' id='word_1_430' title='bbox 850 5339 875 5376; x_wconf 80' lang='grc' dir='ltr'><strong>ι</strong></span> 
     </span>
    </p>
   </div>
   <div class='ocr_carea' id='block_1_55' title="bbox 495 5411 2007 5485">
    <p class='ocr_par' dir='ltr' id='par_1_55' title="bbox 495 5411 2007 5485">
     <span class='ocr_line' id='line_1_55' title="bbox 495 5411 2007 5485; baseline 0 -11"><span class='ocrx_word' id='word_1_431' title='bbox 495 5416 589 5475; x_wconf 62' lang='grc' dir='ltr'><strong>ιε.</strong></span> <span class='ocrx_word' id='word_1_432' title='bbox 617 5414 703 5472; x_wconf 79' lang='lat' dir='ltr'><strong>Ad</strong></span> <span class='ocrx_word' id='word_1_433' title='bbox 726 5415 841 5471; x_wconf 64' lang='lat' dir='ltr'><strong>hac</strong></span> <span class='ocrx_word' id='word_1_434' title='bbox 867 5426 1241 5485; x_wconf 75' lang='lat' dir='ltr'><strong>responsurus,</strong></span> <span class='ocrx_word' id='word_1_435' title='bbox 1262 5411 1410 5482; x_wconf 89' lang='lat' dir='ltr'><strong>prius</strong></span> <span class='ocrx_word' id='word_1_436' title='bbox 1433 5412 1557 5469; x_wconf 81' lang='lat' dir='ltr'><strong>volo</strong></span> <span class='ocrx_word' id='word_1_437' title='bbox 1587 5426 1707 5470; x_wconf 85' lang='lat' dir='ltr'><strong>esse</strong></span> <span class='ocrx_word' id='word_1_438' title='bbox 1745 5414 2007 5474; x_wconf 80' lang='lat' dir='ltr'><strong>intentum</strong></span> 
     </span>
    </p>
   </div>
   <div class='ocr_carea' id='block_1_56' title="bbox 426 5506 2008 5579">
    <p class='ocr_par' dir='ltr' id='par_1_56' title="bbox 426 5506 2008 5579">
     <span class='ocr_line' id='line_1_56' title="bbox 426 5506 2008 5579; baseline -0.001 -11"><span class='ocrx_word' id='word_1_439' title='bbox 426 5512 685 5568; x_wconf 84' lang='lat' dir='ltr'><strong>lectorem</strong></span> <span class='ocrx_word' id='word_1_440' title='bbox 703 5549 722 5577; x_wconf 90' lang='lat'><strong>,</strong></span> <span class='ocrx_word' id='word_1_441' title='bbox 750 5507 884 5565; x_wconf 82' lang='lat' dir='ltr'><strong>nihil</strong></span> <span class='ocrx_word' id='word_1_442' title='bbox 911 5522 1072 5579; x_wconf 76' lang='lat' dir='ltr'><strong>agere</strong></span> <span class='ocrx_word' id='word_1_443' title='bbox 1109 5507 1271 5575; x_wconf 89' lang='lat' dir='ltr'><strong>istos,</strong></span> <span class='ocrx_word' id='word_1_444' title='bbox 1301 5506 1404 5561; x_wconf 83' lang='lat' dir='ltr'><strong>nisi</strong></span> <span class='ocrx_word' id='word_1_445' title='bbox 1447 5514 1509 5562; x_wconf 91' lang='lat' dir='ltr'><strong>ut</strong></span> <span class='ocrx_word' id='word_1_446' title='bbox 1545 5508 1776 5565; x_wconf 84' lang='lat' dir='ltr'><strong>salvator</strong></span> <span class='ocrx_word' id='word_1_447' title='bbox 1801 5520 1911 5565; x_wconf 80' lang='lat' dir='ltr'><strong>non</strong></span> <span class='ocrx_word' id='word_1_448' title='bbox 1937 5511 2008 5567; x_wconf 87' lang='lat' dir='ltr'><strong>sit</strong></span> 
     </span>
    </p>
   </div>
   <div class='ocr_carea' id='block_1_57' title="bbox 427 5596 2008 5675">
    <p class='ocr_par' dir='ltr' id='par_1_57' title="bbox 427 5596 2008 5675">
     <span class='ocr_line' id='line_1_57' title="bbox 427 5596 2008 5675; baseline 0 -17"><span class='ocrx_word' id='word_1_449' title='bbox 427 5596 662 5675; x_wconf 83' lang='lat' dir='ltr'><strong>parvulis</strong></span> <span class='ocrx_word' id='word_1_450' title='bbox 688 5600 1021 5659; x_wconf 90' lang='lat' dir='ltr'><strong>necessarius</strong></span> <span class='ocrx_word' id='word_1_451' title='bbox 1043 5640 1059 5668; x_wconf 96' lang='lat'><strong>,</strong></span> <span class='ocrx_word' id='word_1_452' title='bbox 1090 5612 1225 5671; x_wconf 92' lang='lat' dir='ltr'><strong>quos</strong></span> <span class='ocrx_word' id='word_1_453' title='bbox 1265 5606 1480 5671; x_wconf 87' lang='lat' dir='ltr'><strong>peccata</strong></span> <span class='ocrx_word' id='word_1_454' title='bbox 1513 5614 1731 5671; x_wconf 90' lang='lat' dir='ltr'><strong>prorsus</strong></span> <span class='ocrx_word' id='word_1_455' title='bbox 1756 5615 1788 5656; x_wconf 90' lang='lat' dir='ltr'><strong>a</strong></span> <span class='ocrx_word' id='word_1_456' title='bbox 1816 5601 2008 5673; x_wconf 84' lang='lat' dir='ltr'><strong>quibus</strong></span> 
     </span>
    </p>
   </div>
   <div class='ocr_carea' id='block_1_58' title="bbox 489 5755 1078 5815">
    <p class='ocr_par' dir='ltr' id='par_1_58' title="bbox 489 5755 1078 5815">
     <span class='ocr_line' id='line_1_58' title="bbox 489 5755 1078 5815; baseline 0.003 -9"><span class='ocrx_word' id='word_1_457' title='bbox 489 5758 510 5790; x_wconf 73' lang='grc'>³</span> <span class='ocrx_word' id='word_1_458' title='bbox 542 5755 711 5806; x_wconf 83' lang='lat' dir='ltr'><strong>Plures</strong></span> <span class='ocrx_word' id='word_1_459' title='bbox 731 5764 866 5815; x_wconf 61' lang='lat' dir='ltr'><strong>Mss,</strong></span> <span class='ocrx_word' id='word_1_460' title='bbox 892 5756 1078 5807; x_wconf 73' lang='lat' dir='ltr'><strong>bonum.</strong></span> 
     </span>
    </p>
   </div>
   <div class='ocr_carea' id='block_1_59' title="bbox 489 5815 2011 5931">
    <p class='ocr_par' dir='ltr' id='par_1_59' title="bbox 489 5815 2011 5931">
     <span class='ocr_line' id='line_1_59' title="bbox 489 5815 2011 5931; baseline -0.002 -63"><span class='ocrx_word' id='word_1_461' title='bbox 489 5819 513 5850; x_wconf 78' lang='grc'>³</span> <span class='ocrx_word' id='word_1_462' title='bbox 526 5820 614 5891; x_wconf 45' lang='lat' dir='ltr'><strong>.sic</strong></span> <span class='ocrx_word' id='word_1_463' title='bbox 958 5852 974 5879; x_wconf 90' lang='lat'><strong>,</strong></span> <span class='ocrx_word' id='word_1_464' title='bbox 1009 5818 1091 5869; x_wconf 87' lang='lat' dir='ltr'><strong>hic</strong></span> <span class='ocrx_word' id='word_1_465' title='bbox 1112 5824 1165 5868; x_wconf 91' lang='lat' dir='ltr'><strong>et</strong></span> <span class='ocrx_word' id='word_1_466' title='bbox 1200 5818 1252 5868; x_wconf 88' lang='lat' dir='ltr'><strong>in</strong></span> <span class='ocrx_word' id='word_1_467' title='bbox 1275 5815 1402 5870; x_wconf 80' lang='lat' dir='ltr'><strong>libro</strong></span> <span class='ocrx_word' id='word_1_468' title='bbox 1420 5820 1591 5885; x_wconf 85' lang='lat' dir='ltr'><strong>quinto</strong></span> <span class='ocrx_word' id='word_1_469' title='bbox 1612 5821 1784 5884; x_wconf 85' lang='lat' dir='ltr'><strong>Operis</strong></span> <span class='ocrx_word' id='word_1_470' title='bbox 1828 5829 2011 5889; x_wconf 63' lang='lat' dir='ltr'><strong>tmper.</strong></span> 
     </span>
     <span class='ocr_line' id='line_1_60' title="bbox 489 5879 1987 5931; baseline -0.003 0"><span class='ocrx_word' id='word_1_471' title='bbox 489 5880 809 5931; x_wconf 51' lang='lat' dir='ltr'><strong>unum?!»</strong></span> <span class='ocrx_word' id='word_1_472' title='bbox 914 5879 1280 5931; x_wconf 78' lang='lat' dir='ltr'><strong>ttvero.mala.</strong></span> <span class='ocrx_word' id='word_1_473' title='bbox 1980 5919 1987 5926; x_wconf 93' lang='lat'><strong>.</strong></span> 
     </span>
    </p>
   </div>
   <div class='ocr_carea' id='block_1_60' title="bbox 425 5878 1987 5943">
    <p class='ocr_par' dir='ltr' id='par_1_60' title="bbox 425 5878 1987 5943">
     <span class='ocr_line' id='line_1_61' title="bbox 425 5878 1987 5943; baseline -0.002 -14"><span class='ocrx_word' id='word_1_474' title='bbox 425 5878 573 5942; x_wconf 75' lang='lat' dir='ltr'><strong>tecti,</strong></span> <span class='ocrx_word' id='word_1_475' title='bbox 594 5892 698 5943; x_wconf 82' lang='lat' dir='ltr'><strong>cap.</strong></span> <span class='ocrx_word' id='word_1_476' title='bbox 730 5880 809 5931; x_wconf 71' lang='grc'><strong>25.</strong></span> <span class='ocrx_word' id='word_1_477' title='bbox 830 5878 1109 5943; x_wconf 79' lang='lat' dir='ltr'><strong>Editivero,</strong></span> <span class='ocrx_word' id='word_1_478' title='bbox 1131 5879 1280 5932; x_wconf 78' lang='lat' dir='ltr'><strong>mala.</strong></span> <span class='ocrx_word' id='word_1_479' title='bbox 1438 5878 1457 5885; x_wconf 82' lang='grc'><strong>’</strong></span> <span class='ocrx_word' id='word_1_480' title='bbox 1649 5878 1666 5884; x_wconf 91' lang='grc'><strong><em>“</em></strong></span> <span class='ocrx_word' id='word_1_481' title='bbox 1895 5878 1913 5889; x_wconf 82' lang='grc'><strong>⁸</strong></span> <span class='ocrx_word' id='word_1_482' title='bbox 1980 5919 1987 5926; x_wconf 93' lang='grc'><em>.</em></span> 
     </span>
    </p>
   </div>
   <div class='ocr_carea' id='block_1_61' title="bbox 1205 381 2872 455">
    <p class='ocr_par' dir='ltr' id='par_1_61' title="bbox 1205 381 2872 455">
     <span class='ocr_line' id='line_1_62' title="bbox 1205 381 2872 455; baseline -0.007 1"><span class='ocrx_word' id='word_1_483' title='bbox 1205 397 1294 455; x_wconf 89' lang='lat' dir='ltr'><strong>DE</strong></span> <span class='ocrx_word' id='word_1_484' title='bbox 1328 390 1601 453; x_wconf 82' lang='lat' dir='ltr'><strong>NUP’liiS</strong></span> <span class='ocrx_word' id='word_1_485' title='bbox 1637 388 1728 446; x_wconf 86' lang='lat' dir='ltr'><strong>ET</strong></span> <span class='ocrx_word' id='word_1_486' title='bbox 1764 381 2368 455; x_wconf 73' lang='lat' dir='ltr'><strong>CONCUPISCENTIA,</strong></span> <span class='ocrx_word' id='word_1_487' title='bbox 2406 385 2465 445; x_wconf 90' lang='lat' dir='ltr'><strong>S.</strong></span> <span class='ocrx_word' id='word_1_488' title='bbox 2505 384 2872 445; x_wconf 84' lang='lat' dir='ltr'><strong>AUGUSTINI</strong></span> 
     </span>
    </p>
   </div>
   <div class='ocr_carea' id='block_1_62' title="bbox 2090 488 3681 577">
    <p class='ocr_par' dir='ltr' id='par_1_62' title="bbox 2090 488 3681 577">
     <span class='ocr_line' id='line_1_63' title="bbox 2090 488 3681 577; baseline 0.004 -22"><span class='ocrx_word' id='word_1_489' title='bbox 2090 498 2365 559; x_wconf 89' lang='lat' dir='ltr'><strong>salventur</strong></span> <span class='ocrx_word' id='word_1_490' title='bbox 2408 512 2601 577; x_wconf 85' lang='lat' dir='ltr'><strong>negant</strong></span> <span class='ocrx_word' id='word_1_491' title='bbox 2648 503 2866 562; x_wconf 88' lang='lat' dir='ltr'><strong>habere.</strong></span> <span class='ocrx_word' id='word_1_492' title='bbox 2895 488 3025 561; x_wconf 76' lang='lat' dir='ltr'><strong>Haec</strong></span> <span class='ocrx_word' id='word_1_493' title='bbox 3058 509 3205 561; x_wconf 83' lang='lat' dir='ltr'><strong>tanta</strong></span> <span class='ocrx_word' id='word_1_494' title='bbox 3244 503 3571 576; x_wconf 79' lang='lat' dir='ltr'><strong>perversitas</strong></span> <span class='ocrx_word' id='word_1_495' title='bbox 3620 512 3681 562; x_wconf 86' lang='lat' dir='ltr'><strong>et</strong></span> 
     </span>
    </p>
   </div>
   <div class='ocr_carea' id='block_1_63' title="bbox 2089 595 3677 670">
    <p class='ocr_par' dir='ltr' id='par_1_63' title="bbox 2089 595 3677 670">
     <span class='ocr_line' id='line_1_64' title="bbox 2089 595 3677 670; baseline 0.004 -21"><span class='ocrx_word' id='word_1_496' title='bbox 2089 601 2249 650; x_wconf 80' lang='lat' dir='ltr'><strong>tantae</strong></span> <span class='ocrx_word' id='word_1_497' title='bbox 2287 595 2502 651; x_wconf 87' lang='lat' dir='ltr'><strong>inimica</strong></span> <span class='ocrx_word' id='word_1_498' title='bbox 2541 598 2726 669; x_wconf 71' lang='lat' dir='ltr'><strong>gratia:</strong></span> <span class='ocrx_word' id='word_1_499' title='bbox 2756 597 2877 665; x_wconf 88' lang='lat' dir='ltr'><strong>Dei,</strong></span> <span class='ocrx_word' id='word_1_500' title='bbox 2924 612 3045 670; x_wconf 73' lang='lat' dir='ltr'><strong>quae</strong></span> <span class='ocrx_word' id='word_1_501' title='bbox 3083 598 3208 658; x_wconf 90' lang='lat' dir='ltr'><strong>data</strong></span> <span class='ocrx_word' id='word_1_502' title='bbox 3246 606 3335 655; x_wconf 83' lang='lat' dir='ltr'><strong>est</strong></span> <span class='ocrx_word' id='word_1_503' title='bbox 3369 614 3466 669; x_wconf 86' lang='lat' dir='ltr'><strong>per</strong></span> <span class='ocrx_word' id='word_1_504' title='bbox 3492 599 3677 656; x_wconf 85' lang='lat' dir='ltr'><strong>Jesum</strong></span> 
     </span>
    </p>
   </div>
   <div class='ocr_carea' id='block_1_64' title="bbox 2086 688 3684 764">
    <p class='ocr_par' dir='ltr' id='par_1_64' title="bbox 2086 688 3684 764">
     <span class='ocr_line' id='line_1_65' title="bbox 2086 688 3684 764; baseline 0.005 -20"><span class='ocrx_word' id='word_1_505' title='bbox 2086 688 2356 745; x_wconf 88' lang='lat' dir='ltr'><strong>Christum</strong></span> <span class='ocrx_word' id='word_1_506' title='bbox 2390 689 2676 747; x_wconf 88' lang='lat' dir='ltr'><strong>Dominum</strong></span> <span class='ocrx_word' id='word_1_507' title='bbox 2703 699 2974 760; x_wconf 89' lang='lat' dir='ltr'><strong>nostrum,</strong></span> <span class='ocrx_word' id='word_1_508' title='bbox 3021 692 3112 762; x_wconf 88' lang='lat' dir='ltr'><strong>qui</strong></span> <span class='ocrx_word' id='word_1_509' title='bbox 3151 691 3297 748; x_wconf 84' lang='lat' dir='ltr'><strong>venit</strong></span> <span class='ocrx_word' id='word_1_510' title='bbox 3335 708 3579 764; x_wconf 65' lang='lat' dir='ltr'><strong>quaerere</strong></span> <span class='ocrx_word' id='word_1_511' title='bbox 3621 702 3684 752; x_wconf 85' lang='lat' dir='ltr'><strong>et</strong></span> 
     </span>
    </p>
   </div>
   <div class='ocr_carea' id='block_1_65' title="bbox 2086 780 3683 857">
    <p class='ocr_par' dir='ltr' id='par_1_65' title="bbox 2086 780 3683 857">
     <span class='ocr_line' id='line_1_66' title="bbox 2086 780 3683 857; baseline 0.004 -20"><span class='ocrx_word' id='word_1_512' title='bbox 2086 781 2293 837; x_wconf 88' lang='lat' dir='ltr'><strong>salvare</strong></span> <span class='ocrx_word' id='word_1_513' title='bbox 2335 780 2478 852; x_wconf 91' lang='lat' dir='ltr'><strong>quod</strong></span> <span class='ocrx_word' id='word_1_514' title='bbox 2520 780 2754 853; x_wconf 88' lang='lat' dir='ltr'><strong>perierat</strong></span> <span class='ocrx_word' id='word_1_515' title='bbox 2778 780 2943 853; x_wconf 86' lang='lat' dir='ltr'><strong>(Luc.</strong></span> <span class='ocrx_word' id='word_1_516' title='bbox 2975 798 3064 838; x_wconf 73' lang='lat' dir='ltr'><strong>xxx</strong></span> <span class='ocrx_word' id='word_1_517' title='bbox 3088 823 3107 853; x_wconf 90' lang='lat'><strong>,</strong></span> <span class='ocrx_word' id='word_1_518' title='bbox 3140 781 3244 857; x_wconf 80' lang='lat' dir='ltr'><strong>i0)</strong></span> <span class='ocrx_word' id='word_1_519' title='bbox 3267 824 3284 853; x_wconf 97' lang='lat'><strong>,</strong></span> <span class='ocrx_word' id='word_1_520' title='bbox 3315 785 3589 843; x_wconf 86' lang='lat' dir='ltr'><strong>insinuare</strong></span> <span class='ocrx_word' id='word_1_521' title='bbox 3615 800 3683 843; x_wconf 82' lang='lat' dir='ltr'><strong>se</strong></span> 
     </span>
    </p>
   </div>
   <div class='ocr_carea' id='block_1_66' title="bbox 2088 876 3677 950">
    <p class='ocr_par' dir='ltr' id='par_1_66' title="bbox 2088 876 3677 950">
     <span class='ocr_line' id='line_1_67' title="bbox 2088 876 3677 950; baseline 0.003 -20"><span class='ocrx_word' id='word_1_522' title='bbox 2088 876 2274 935; x_wconf 82' lang='lat' dir='ltr'><strong>nititur</strong></span> <span class='ocrx_word' id='word_1_523' title='bbox 2299 877 2551 935; x_wconf 90' lang='lat' dir='ltr'><strong>cordibus</strong></span> <span class='ocrx_word' id='word_1_524' title='bbox 2588 892 2774 947; x_wconf 87' lang='lat' dir='ltr'><strong>parum</strong></span> <span class='ocrx_word' id='word_1_525' title='bbox 2795 878 3198 949; x_wconf 74' lang='lat' dir='ltr'><strong>intelligendum</strong></span> <span class='ocrx_word' id='word_1_526' title='bbox 3215 919 3235 944; x_wconf 88' lang='lat'><strong>,</strong></span> <span class='ocrx_word' id='word_1_527' title='bbox 3268 878 3427 935; x_wconf 81' lang='lat' dir='ltr'><strong>laude</strong></span> <span class='ocrx_word' id='word_1_528' title='bbox 3450 894 3677 950; x_wconf 88' lang='lat' dir='ltr'><strong>operum</strong></span> 
     </span>
    </p>
   </div>
   <div class='ocr_carea' id='block_1_67' title="bbox 2086 968 3679 1039">
    <p class='ocr_par' dir='ltr' id='par_1_67' title="bbox 2086 968 3679 1039">
     <span class='ocr_line' id='line_1_68' title="bbox 2086 968 3679 1039; baseline 0.003 -15"><span class='ocrx_word' id='word_1_529' title='bbox 2086 968 2386 1026; x_wconf 87' lang='lat' dir='ltr'><strong>divinorum</strong></span> <span class='ocrx_word' id='word_1_530' title='bbox 2410 1012 2427 1036; x_wconf 92' lang='lat'><strong>,</strong></span> <span class='ocrx_word' id='word_1_531' title='bbox 2457 969 2562 1026; x_wconf 88' lang='lat' dir='ltr'><strong>hoc</strong></span> <span class='ocrx_word' id='word_1_532' title='bbox 2585 979 2706 1037; x_wconf 91' lang='lat' dir='ltr'><strong>est,</strong></span> <span class='ocrx_word' id='word_1_533' title='bbox 2754 970 2913 1027; x_wconf 88' lang='lat' dir='ltr'><strong>laude</strong></span> <span class='ocrx_word' id='word_1_534' title='bbox 2950 981 3156 1027; x_wconf 76' lang='lat' dir='ltr'><strong>naturae</strong></span> <span class='ocrx_word' id='word_1_535' title='bbox 3196 970 3477 1039; x_wconf 78' lang='lat' dir='ltr'><strong>humanae,</strong></span> <span class='ocrx_word' id='word_1_536' title='bbox 3518 973 3679 1029; x_wconf 86' lang='lat' dir='ltr'><strong>laude</strong></span> 
     </span>
    </p>
   </div>
   <div class='ocr_carea' id='block_1_68' title="bbox 2087 1061 3679 1134">
    <p class='ocr_par' dir='ltr' id='par_1_68' title="bbox 2087 1061 3679 1134">
     <span class='ocr_line' id='line_1_69' title="bbox 2087 1061 3679 1134; baseline 0.003 -18"><span class='ocrx_word' id='word_1_537' title='bbox 2087 1061 2347 1130; x_wconf 90' lang='lat' dir='ltr'><strong>seminis,</strong></span> <span class='ocrx_word' id='word_1_538' title='bbox 2396 1062 2555 1118; x_wconf 84' lang='lat' dir='ltr'><strong>laude</strong></span> <span class='ocrx_word' id='word_1_539' title='bbox 2609 1063 2951 1134; x_wconf 82' lang='lat' dir='ltr'><strong>nuptiarum,</strong></span> <span class='ocrx_word' id='word_1_540' title='bbox 2996 1063 3158 1120; x_wconf 85' lang='lat' dir='ltr'><strong>laude</strong></span> <span class='ocrx_word' id='word_1_541' title='bbox 3197 1064 3472 1134; x_wconf 80' lang='lat' dir='ltr'><strong>utriusque</strong></span> <span class='ocrx_word' id='word_1_542' title='bbox 3514 1080 3679 1121; x_wconf 70' lang='lat' dir='ltr'><strong>sexus</strong></span> 
     </span>
    </p>
   </div>
   <div class='ocr_carea' id='block_1_69' title="bbox 2087 1154 3681 1226">
    <p class='ocr_par' dir='ltr' id='par_1_69' title="bbox 2087 1154 3681 1226">
     <span class='ocr_line' id='line_1_70' title="bbox 2087 1154 3681 1226; baseline 0.002 -18"><span class='ocrx_word' id='word_1_543' title='bbox 2087 1155 2517 1222; x_wconf 82' lang='lat' dir='ltr'><strong>commixtionis,</strong></span> <span class='ocrx_word' id='word_1_544' title='bbox 2558 1154 2716 1211; x_wconf 88' lang='lat' dir='ltr'><strong>laude</strong></span> <span class='ocrx_word' id='word_1_545' title='bbox 2750 1154 3133 1211; x_wconf 85' lang='lat' dir='ltr'><strong>fecunditatis:</strong></span> <span class='ocrx_word' id='word_1_546' title='bbox 3175 1171 3297 1226; x_wconf 69' lang='lat' dir='ltr'><strong>qua:</strong></span> <span class='ocrx_word' id='word_1_547' title='bbox 3331 1156 3509 1213; x_wconf 82' lang='lat' dir='ltr'><strong>omnia</strong></span> <span class='ocrx_word' id='word_1_548' title='bbox 3536 1156 3681 1211; x_wconf 81' lang='lat' dir='ltr'><strong>bona</strong></span> 
     </span>
    </p>
   </div>
   <div class='ocr_carea' id='block_1_70' title="bbox 2087 1246 3681 1319">
    <p class='ocr_par' dir='ltr' id='par_1_70' title="bbox 2087 1246 3681 1319">
     <span class='ocr_line' id='line_1_71' title="bbox 2087 1246 3681 1319; baseline 0.004 -18"><span class='ocrx_word' id='word_1_549' title='bbox 2087 1254 2232 1303; x_wconf 90' lang='lat' dir='ltr'><strong>sunt.</strong></span> <span class='ocrx_word' id='word_1_550' title='bbox 2279 1246 2420 1304; x_wconf 84' lang='lat' dir='ltr'><strong>Nolo</strong></span> <span class='ocrx_word' id='word_1_551' title='bbox 2466 1247 2613 1305; x_wconf 87' lang='lat' dir='ltr'><strong>enim</strong></span> <span class='ocrx_word' id='word_1_552' title='bbox 2654 1247 2867 1315; x_wconf 88' lang='lat' dir='ltr'><strong>dicere,</strong></span> <span class='ocrx_word' id='word_1_553' title='bbox 2900 1247 3055 1305; x_wconf 87' lang='lat' dir='ltr'><strong>laude</strong></span> <span class='ocrx_word' id='word_1_554' title='bbox 3093 1248 3328 1307; x_wconf 86' lang='lat' dir='ltr'><strong>libidinis</strong></span> <span class='ocrx_word' id='word_1_555' title='bbox 3365 1250 3681 1319; x_wconf 75' lang='lat' dir='ltr'><strong>:quiaeallt</strong></span> 
     </span>
    </p>
   </div>
   <div class='ocr_carea' id='block_1_71' title="bbox 2088 1340 3683 1412">
    <p class='ocr_par' dir='ltr' id='par_1_71' title="bbox 2088 1340 3683 1412">
     <span class='ocr_line' id='line_1_72' title="bbox 2088 1340 3683 1412; baseline 0.002 -15"><span class='ocrx_word' id='word_1_556' title='bbox 2088 1347 2151 1397; x_wconf 87' lang='lat' dir='ltr'><strong>et</strong></span> <span class='ocrx_word' id='word_1_557' title='bbox 2181 1341 2296 1411; x_wconf 86' lang='lat' dir='ltr'><strong>ipse</strong></span> <span class='ocrx_word' id='word_1_558' title='bbox 2318 1341 2599 1397; x_wconf 87' lang='lat' dir='ltr'><strong>nominare</strong></span> <span class='ocrx_word' id='word_1_559' title='bbox 2633 1340 3013 1409; x_wconf 79' lang='lat' dir='ltr'><strong>conftmditur,</strong></span> <span class='ocrx_word' id='word_1_560' title='bbox 3042 1348 3103 1397; x_wconf 82' lang='lat' dir='ltr'><strong>ut</strong></span> <span class='ocrx_word' id='word_1_561' title='bbox 3122 1340 3266 1397; x_wconf 81' lang='lat' dir='ltr'><strong>aliud</strong></span> <span class='ocrx_word' id='word_1_562' title='bbox 3290 1340 3524 1412; x_wconf 84' lang='lat' dir='ltr'><strong>aliquid,</strong></span> <span class='ocrx_word' id='word_1_563' title='bbox 3564 1356 3683 1401; x_wconf 67' lang='lat' dir='ltr'><strong>non</strong></span> 
     </span>
    </p>
   </div>
   <div class='ocr_carea' id='block_1_72' title="bbox 2062 1432 3682 1506">
    <p class='ocr_par' dir='ltr' id='par_1_72' title="bbox 2062 1432 3682 1506">
     <span class='ocr_line' id='line_1_73' title="bbox 2062 1432 3682 1506; baseline 0.003 -18"><span class='ocrx_word' id='word_1_564' title='bbox 2062 1432 2261 1504; x_wconf 82' lang='lat' dir='ltr'><strong>ipsam</strong></span> <span class='ocrx_word' id='word_1_565' title='bbox 2288 1473 2305 1503; x_wconf 93' lang='lat'><strong>,</strong></span> <span class='ocrx_word' id='word_1_566' title='bbox 2337 1433 2555 1493; x_wconf 87' lang='lat' dir='ltr'><strong>laudare</strong></span> <span class='ocrx_word' id='word_1_567' title='bbox 2585 1432 2848 1491; x_wconf 88' lang='lat' dir='ltr'><strong>videatur.</strong></span> <span class='ocrx_word' id='word_1_568' title='bbox 2877 1434 2957 1490; x_wconf 89' lang='lat' dir='ltr'><strong>Ac</strong></span> <span class='ocrx_word' id='word_1_569' title='bbox 2992 1448 3092 1504; x_wconf 88' lang='lat' dir='ltr'><strong>per</strong></span> <span class='ocrx_word' id='word_1_570' title='bbox 3115 1433 3220 1491; x_wconf 75' lang='lat' dir='ltr'><strong>hoc</strong></span> <span class='ocrx_word' id='word_1_571' title='bbox 3257 1434 3401 1491; x_wconf 75' lang='lat' dir='ltr'><strong>maia</strong></span> <span class='ocrx_word' id='word_1_572' title='bbox 3426 1450 3551 1506; x_wconf 68' lang='lat' dir='ltr'><strong>qua</strong></span> <span class='ocrx_word' id='word_1_573' title='bbox 3584 1450 3682 1493; x_wconf 74' lang='lat' dir='ltr'><strong>Ie-</strong></span> 
     </span>
    </p>
   </div>
   <div class='ocr_carea' id='block_1_73' title="bbox 2089 1526 3689 1600">
    <p class='ocr_par' dir='ltr' id='par_1_73' title="bbox 2089 1526 3689 1600">
     <span class='ocr_line' id='line_1_74' title="bbox 2089 1526 3689 1600; baseline 0.003 -18"><span class='ocrx_word' id='word_1_574' title='bbox 2089 1526 2341 1585; x_wconf 86' lang='lat' dir='ltr'><strong>ciderunt</strong></span> <span class='ocrx_word' id='word_1_575' title='bbox 2360 1536 2566 1585; x_wconf 67' lang='lat' dir='ltr'><strong>natura:</strong></span> <span class='ocrx_word' id='word_1_576' title='bbox 2587 1568 2605 1597; x_wconf 93' lang='lat'><strong>,</strong></span> <span class='ocrx_word' id='word_1_577' title='bbox 2637 1543 2745 1583; x_wconf 91' lang='lat' dir='ltr'><strong>non</strong></span> <span class='ocrx_word' id='word_1_578' title='bbox 2772 1527 3129 1586; x_wconf 72' lang='lat' dir='ltr'><strong>discernenda</strong></span> <span class='ocrx_word' id='word_1_579' title='bbox 3150 1528 3221 1586; x_wconf 77' lang='lat' dir='ltr'><strong>ab</strong></span> <span class='ocrx_word' id='word_1_580' title='bbox 3246 1528 3414 1600; x_wconf 80' lang='lat' dir='ltr'><strong>ipsius</strong></span> <span class='ocrx_word' id='word_1_581' title='bbox 3440 1529 3689 1587; x_wconf 74' lang='lat' dir='ltr'><strong>bonitate</strong></span> 
     </span>
    </p>
   </div>
   <div class='ocr_carea' id='block_1_74' title="bbox 2089 1619 3683 1695">
    <p class='ocr_par' dir='ltr' id='par_1_74' title="bbox 2089 1619 3683 1695">
     <span class='ocr_line' id='line_1_75' title="bbox 2089 1619 3683 1695; baseline 0 -18"><span class='ocrx_word' id='word_1_582' title='bbox 2089 1631 2295 1680; x_wconf 62' lang='lat' dir='ltr'><strong>natura:</strong></span> <span class='ocrx_word' id='word_1_583' title='bbox 2318 1662 2339 1691; x_wconf 90' lang='lat'><strong>,</strong></span> <span class='ocrx_word' id='word_1_584' title='bbox 2366 1637 2472 1677; x_wconf 89' lang='lat' dir='ltr'><strong>non</strong></span> <span class='ocrx_word' id='word_1_585' title='bbox 2497 1636 2616 1678; x_wconf 89' lang='lat' dir='ltr'><strong>eam</strong></span> <span class='ocrx_word' id='word_1_586' title='bbox 2642 1622 2806 1694; x_wconf 87' lang='lat' dir='ltr'><strong>(quia</strong></span> <span class='ocrx_word' id='word_1_587' title='bbox 2830 1621 3024 1678; x_wconf 81' lang='lat' dir='ltr'><strong>falsum</strong></span> <span class='ocrx_word' id='word_1_588' title='bbox 3052 1619 3177 1695; x_wconf 87' lang='lat' dir='ltr'><strong>est)</strong></span> <span class='ocrx_word' id='word_1_589' title='bbox 3207 1622 3445 1679; x_wconf 87' lang='lat' dir='ltr'><strong>ostendit</strong></span> <span class='ocrx_word' id='word_1_590' title='bbox 3468 1636 3683 1691; x_wconf 66' lang='lat' dir='ltr'><strong>annm,</strong></span> 
     </span>
    </p>
   </div>
   <div class='ocr_carea' id='block_1_75' title="bbox 2090 1711 3685 1785">
    <p class='ocr_par' dir='ltr' id='par_1_75' title="bbox 2090 1711 3685 1785">
     <span class='ocr_line' id='line_1_76' title="bbox 2090 1711 3685 1785; baseline -0.001 -16"><span class='ocrx_word' id='word_1_591' title='bbox 2090 1712 2187 1775; x_wconf 81' lang='lat' dir='ltr'><strong>sed</strong></span> <span class='ocrx_word' id='word_1_592' title='bbox 2208 1713 2387 1771; x_wconf 84' lang='lat' dir='ltr'><strong>sanari</strong></span> <span class='ocrx_word' id='word_1_593' title='bbox 2410 1727 2517 1771; x_wconf 89' lang='lat' dir='ltr'><strong>non</strong></span> <span class='ocrx_word' id='word_1_594' title='bbox 2542 1713 2805 1785; x_wconf 85' lang='lat' dir='ltr'><strong>permittit</strong></span> <span class='ocrx_word' id='word_1_595' title='bbox 2823 1721 3102 1784; x_wconf 57' lang='lat' dir='ltr'><strong>motam.</strong></span> <span class='ocrx_word' id='word_1_596' title='bbox 3130 1713 3203 1770; x_wconf 80' lang='lat' dir='ltr'><strong>Et</strong></span> <span class='ocrx_word' id='word_1_597' title='bbox 3225 1712 3349 1771; x_wconf 84' lang='lat' dir='ltr'><strong>ideo</strong></span> <span class='ocrx_word' id='word_1_598' title='bbox 3376 1712 3509 1770; x_wconf 69' lang='lat' dir='ltr'><strong>illam</strong></span> <span class='ocrx_word' id='word_1_599' title='bbox 3533 1711 3685 1785; x_wconf 84' lang='lat' dir='ltr'><strong>quod</strong></span> 
     </span>
    </p>
   </div>
   <div class='ocr_carea' id='block_1_76' title="bbox 2091 1805 3685 1879">
    <p class='ocr_par' dir='ltr' id='par_1_76' title="bbox 2091 1805 3685 1879">
     <span class='ocr_line' id='line_1_77' title="bbox 2091 1805 3685 1879; baseline 0.001 -17"><span class='ocrx_word' id='word_1_600' title='bbox 2091 1806 2363 1877; x_wconf 76' lang='lat' dir='ltr'><strong>diximus,</strong></span> <span class='ocrx_word' id='word_1_601' title='bbox 2399 1807 2540 1878; x_wconf 91' lang='lat' dir='ltr'><strong>quod</strong></span> <span class='ocrx_word' id='word_1_602' title='bbox 2574 1826 2594 1861; x_wconf 75' lang='grc' dir='ltr'><strong>ι</strong></span> <span class='ocrx_word' id='word_1_603' title='bbox 2625 1806 3011 1864; x_wconf 74' lang='lat' dir='ltr'><strong>adulteriorum</strong></span> <span class='ocrx_word' id='word_1_604' title='bbox 3034 1806 3268 1877; x_wconf 77' lang='lat' dir='ltr'><strong>culpam,</strong></span> <span class='ocrx_word' id='word_1_605' title='bbox 3297 1807 3501 1863; x_wconf 75' lang='lat' dir='ltr'><strong>bonum</strong></span> <span class='ocrx_word' id='word_1_606' title='bbox 3535 1805 3685 1879; x_wconf 72' lang='lat' dir='ltr'><strong>quod</strong></span> 
     </span>
    </p>
   </div>
   <div class='ocr_carea' id='block_1_77' title="bbox 2091 1898 3685 1971">
    <p class='ocr_par' dir='ltr' id='par_1_77' title="bbox 2091 1898 3685 1971">
     <span class='ocr_line' id='line_1_78' title="bbox 2091 1898 3685 1971; baseline 0.003 -18"><span class='ocrx_word' id='word_1_607' title='bbox 2091 1898 2222 1956; x_wconf 88' lang='lat' dir='ltr'><strong>inde</strong></span> <span class='ocrx_word' id='word_1_608' title='bbox 2256 1900 2495 1957; x_wconf 79' lang='lat' dir='ltr'><strong>mscitur</strong></span> <span class='ocrx_word' id='word_1_609' title='bbox 2515 1940 2533 1969; x_wconf 92' lang='lat'><strong>,</strong></span> <span class='ocrx_word' id='word_1_610' title='bbox 2568 1919 2589 1953; x_wconf 74' lang='grc' dir='ltr'><strong>ι</strong></span> <span class='ocrx_word' id='word_1_611' title='bbox 2632 1899 2689 1956; x_wconf 89' lang='lat' dir='ltr'><strong>id</strong></span> <span class='ocrx_word' id='word_1_612' title='bbox 2727 1908 2840 1968; x_wconf 79' lang='lat' dir='ltr'><strong>est,</strong></span> <span class='ocrx_word' id='word_1_613' title='bbox 2870 1919 2894 1954; x_wconf 76' lang='grc' dir='ltr'><strong>ι</strong></span> <span class='ocrx_word' id='word_1_614' title='bbox 2924 1899 3097 1956; x_wconf 73' lang='lat' dir='ltr'><strong>homo.</strong></span> <span class='ocrx_word' id='word_1_615' title='bbox 3113 1915 3231 1957; x_wconf 57' lang='lat' dir='ltr'><strong>non.</strong></span> <span class='ocrx_word' id='word_1_616' title='bbox 3248 1907 3426 1971; x_wconf 85' lang='lat' dir='ltr'><strong>potest</strong></span> <span class='ocrx_word' id='word_1_617' title='bbox 3450 1915 3685 1958; x_wconf 74' lang='lat' dir='ltr'><strong>excusa-</strong></span> 
     </span>
    </p>
   </div>
   <div class='ocr_carea' id='block_1_78' title="bbox 2091 1991 3686 2061">
    <p class='ocr_par' dir='ltr' id='par_1_78' title="bbox 2091 1991 3686 2061">
     <span class='ocr_line' id='line_1_79' title="bbox 2091 1991 3686 2061; baseline 0.003 -15"><span class='ocrx_word' id='word_1_618' title='bbox 2091 2006 2154 2050; x_wconf 89' lang='lat' dir='ltr'><strong>re</strong></span> <span class='ocrx_word' id='word_1_619' title='bbox 2174 2032 2191 2060; x_wconf 97' lang='lat'><strong>,</strong></span> <span class='ocrx_word' id='word_1_620' title='bbox 2228 2010 2247 2046; x_wconf 74' lang='grc' dir='ltr'><strong>ι</strong></span> <span class='ocrx_word' id='word_1_621' title='bbox 2272 2007 2458 2048; x_wconf 87' lang='lat' dir='ltr'><strong>verum</strong></span> <span class='ocrx_word' id='word_1_622' title='bbox 2483 2004 2606 2049; x_wconf 84' lang='lat' dir='ltr'><strong>esse</strong></span> <span class='ocrx_word' id='word_1_623' title='bbox 2643 1991 2929 2049; x_wconf 81' lang='lat' dir='ltr'><strong>concedit:</strong></span> <span class='ocrx_word' id='word_1_624' title='bbox 2954 2001 3004 2049; x_wconf 87' lang='lat' dir='ltr'><strong>et</strong></span> <span class='ocrx_word' id='word_1_625' title='bbox 3036 1994 3138 2047; x_wconf 70' lang='lat' dir='ltr'><strong>hoc</strong></span> <span class='ocrx_word' id='word_1_626' title='bbox 3158 2029 3182 2061; x_wconf 63' lang='grc' dir='ltr'><strong><em>ς</em></strong></span> <span class='ocrx_word' id='word_1_627' title='bbox 3206 1992 3517 2049; x_wconf 75' lang='lat' dir='ltr'><strong>undenulla</strong></span> <span class='ocrx_word' id='word_1_628' title='bbox 3543 1993 3686 2051; x_wconf 83' lang='lat' dir='ltr'><strong>inter</strong></span> 
     </span>
    </p>
   </div>
   <div class='ocr_carea' id='block_1_79' title="bbox 2093 2083 3693 2156">
    <p class='ocr_par' dir='ltr' id='par_1_79' title="bbox 2093 2083 3693 2156">
     <span class='ocr_line' id='line_1_80' title="bbox 2093 2083 3693 2156; baseline 0.001 -15"><span class='ocrx_word' id='word_1_629' title='bbox 2093 2099 2194 2142; x_wconf 91' lang='lat' dir='ltr'><strong>nos</strong></span> <span class='ocrx_word' id='word_1_630' title='bbox 2236 2085 2462 2156; x_wconf 82' lang='lat' dir='ltr'><strong>quaestio</strong></span> <span class='ocrx_word' id='word_1_631' title='bbox 2496 2092 2581 2141; x_wconf 88' lang='lat' dir='ltr'><strong>est</strong></span> <span class='ocrx_word' id='word_1_632' title='bbox 2601 2126 2617 2151; x_wconf 90' lang='lat'><strong>,</strong></span> <span class='ocrx_word' id='word_1_633' title='bbox 2666 2084 2837 2141; x_wconf 75' lang='lat' dir='ltr'><strong>etiam</strong></span> <span class='ocrx_word' id='word_1_634' title='bbox 2868 2084 3223 2141; x_wconf 70' lang='lat' dir='ltr'><strong>similitudine</strong></span> <span class='ocrx_word' id='word_1_635' title='bbox 3252 2084 3391 2141; x_wconf 70' lang='lat' dir='ltr'><strong>furis</strong></span> <span class='ocrx_word' id='word_1_636' title='bbox 3424 2083 3693 2142; x_wconf 61' lang='lat' dir='ltr'><strong>hrum</strong></span> 
     </span>
    </p>
   </div>
   <div class='ocr_carea' id='block_1_80' title="bbox 2093 2176 3689 2248">
    <p class='ocr_par' dir='ltr' id='par_1_80' title="bbox 2093 2176 3689 2248">
     <span class='ocr_line' id='line_1_81' title="bbox 2093 2176 3689 2248; baseline 0.001 -16"><span class='ocrx_word' id='word_1_637' title='bbox 2093 2176 2329 2233; x_wconf 83' lang='lat' dir='ltr'><strong>triticum</strong></span> <span class='ocrx_word' id='word_1_638' title='bbox 2358 2177 2706 2243; x_wconf 84' lang='lat' dir='ltr'><strong>seminantis,</strong></span> <span class='ocrx_word' id='word_1_639' title='bbox 2736 2176 2806 2233; x_wconf 87' lang='lat' dir='ltr'><strong>de</strong></span> <span class='ocrx_word' id='word_1_640' title='bbox 2831 2178 2941 2248; x_wconf 82' lang='lat' dir='ltr'><strong>quo</strong></span> <span class='ocrx_word' id='word_1_641' title='bbox 2961 2177 3106 2233; x_wconf 74' lang='lat' dir='ltr'><strong>bona</strong></span> <span class='ocrx_word' id='word_1_642' title='bbox 3140 2177 3327 2248; x_wconf 69' lang='lat' dir='ltr'><strong>utique</strong></span> <span class='ocrx_word' id='word_1_643' title='bbox 3351 2177 3546 2234; x_wconf 81' lang='lat' dir='ltr'><strong>messis</strong></span> <span class='ocrx_word' id='word_1_644' title='bbox 3588 2186 3689 2233; x_wconf 73' lang='lat' dir='ltr'><strong>ns-</strong></span> 
     </span>
    </p>
   </div>
   <div class='ocr_carea' id='block_1_81' title="bbox 2094 2269 3692 2340">
    <p class='ocr_par' dir='ltr' id='par_1_81' title="bbox 2094 2269 3692 2340">
     <span class='ocr_line' id='line_1_82' title="bbox 2094 2269 3692 2340; baseline 0.003 -17"><span class='ocrx_word' id='word_1_645' title='bbox 2094 2269 2283 2337; x_wconf 88' lang='lat' dir='ltr'><strong>scitur,</strong></span> <span class='ocrx_word' id='word_1_646' title='bbox 2310 2270 2505 2327; x_wconf 82' lang='lat' dir='ltr'><strong>astruit</strong></span> <span class='ocrx_word' id='word_1_647' title='bbox 2539 2278 2595 2325; x_wconf 88' lang='lat' dir='ltr'><strong>et</strong></span> <span class='ocrx_word' id='word_1_648' title='bbox 2621 2270 2905 2327; x_wconf 76' lang='lat' dir='ltr'><strong>confirmat</strong></span> <span class='ocrx_word' id='word_1_649' title='bbox 2928 2278 2993 2326; x_wconf 87' lang='lat' dir='ltr'><strong>ut</strong></span> <span class='ocrx_word' id='word_1_650' title='bbox 3009 2278 3209 2340; x_wconf 73' lang='lat' dir='ltr'><strong>potest.</strong></span> <span class='ocrx_word' id='word_1_651' title='bbox 3239 2269 3581 2326; x_wconf 65' lang='lat' dir='ltr'><strong>&quot;ludentem</strong></span> <span class='ocrx_word' id='word_1_652' title='bbox 3607 2271 3692 2327; x_wconf 71' lang='grc' dir='ltr'><strong>οι·-</strong></span> 
     </span>
    </p>
   </div>
   <div class='ocr_carea' id='block_1_82' title="bbox 2096 2361 3691 2434">
    <p class='ocr_par' dir='ltr' id='par_1_82' title="bbox 2096 2361 3691 2434">
     <span class='ocr_line' id='line_1_83' title="bbox 2096 2361 3691 2434; baseline 0.003 -18"><span class='ocrx_word' id='word_1_653' title='bbox 2096 2370 2269 2419; x_wconf 85' lang='lat' dir='ltr'><strong>terum</strong></span> <span class='ocrx_word' id='word_1_654' title='bbox 2293 2361 2436 2434; x_wconf 87' lang='lat' dir='ltr'><strong>quod</strong></span> <span class='ocrx_word' id='word_1_655' title='bbox 2473 2361 2744 2429; x_wconf 73' lang='lat' dir='ltr'><strong>diximus,</strong></span> <span class='ocrx_word' id='word_1_656' title='bbox 2778 2380 2807 2415; x_wconf 72' lang='grc' dir='ltr'><strong>ι</strong></span> <span class='ocrx_word' id='word_1_657' title='bbox 2831 2361 3367 2433; x_wconf 69' lang='lat' dir='ltr'><strong>Nuptiarumbenum</strong></span> <span class='ocrx_word' id='word_1_658' title='bbox 3389 2361 3534 2419; x_wconf 77' lang='lat' dir='ltr'><strong>mele</strong></span> <span class='ocrx_word' id='word_1_659' title='bbox 3570 2362 3691 2419; x_wconf 69' lang='lat' dir='ltr'><strong>eri-</strong></span> 
     </span>
    </p>
   </div>
   <div class='ocr_carea' id='block_1_83' title="bbox 2094 2452 3687 2526">
    <p class='ocr_par' dir='ltr' id='par_1_83' title="bbox 2094 2452 3687 2526">
     <span class='ocr_line' id='line_1_84' title="bbox 2094 2452 3687 2526; baseline 0.003 -18"><span class='ocrx_word' id='word_1_660' title='bbox 2094 2453 2256 2526; x_wconf 86' lang='lat' dir='ltr'><strong>ginali</strong></span> <span class='ocrx_word' id='word_1_661' title='bbox 2277 2492 2297 2521; x_wconf 91' lang='lat'><strong>,</strong></span> <span class='ocrx_word' id='word_1_662' title='bbox 2321 2453 2466 2524; x_wconf 90' lang='lat' dir='ltr'><strong>quod</strong></span> <span class='ocrx_word' id='word_1_663' title='bbox 2511 2453 2636 2510; x_wconf 90' lang='lat' dir='ltr'><strong>inde</strong></span> <span class='ocrx_word' id='word_1_664' title='bbox 2653 2453 2931 2523; x_wconf 75' lang='lat' dir='ltr'><strong>trahitur,</strong></span> <span class='ocrx_word' id='word_1_665' title='bbox 2974 2468 3081 2510; x_wconf 80' lang='lat' dir='ltr'><strong>non</strong></span> <span class='ocrx_word' id='word_1_666' title='bbox 3108 2462 3305 2525; x_wconf 66' lang='lat' dir='ltr'><strong>potest</strong></span> <span class='ocrx_word' id='word_1_667' title='bbox 3338 2452 3632 2526; x_wconf 62' lang='lat' dir='ltr'><strong>eccuni,</strong></span> <span class='ocrx_word' id='word_1_668' title='bbox 3661 2470 3687 2507; x_wconf 71' lang='grc' dir='ltr'><strong>ι</strong></span> 
     </span>
    </p>
   </div>
   <div class='ocr_carea' id='block_1_84' title="bbox 2099 2525 3695 2619">
    <p class='ocr_par' dir='ltr' id='par_1_84' title="bbox 2099 2525 3695 2619">
     <span class='ocr_line' id='line_1_85' title="bbox 2099 2525 3695 2619; baseline -0.001 -16"><span class='ocrx_word' id='word_1_669' title='bbox 2099 2525 2207 2603; x_wconf 79' lang='lat' dir='ltr'><strong>non</strong></span> <span class='ocrx_word' id='word_1_670' title='bbox 2234 2547 2350 2603; x_wconf 84' lang='lat' dir='ltr'><strong>vuit</strong></span> <span class='ocrx_word' id='word_1_671' title='bbox 2376 2548 2681 2605; x_wconf 80' lang='lat' dir='ltr'><strong>consentire</strong></span> <span class='ocrx_word' id='word_1_672' title='bbox 2704 2547 2849 2619; x_wconf 80' lang='lat' dir='ltr'><strong>quod</strong></span> <span class='ocrx_word' id='word_1_673' title='bbox 2875 2559 3069 2603; x_wconf 78' lang='lat' dir='ltr'><strong>verum</strong></span> <span class='ocrx_word' id='word_1_674' title='bbox 3090 2546 3165 2602; x_wconf 86' lang='lat' dir='ltr'><strong>sit</strong></span> <span class='ocrx_word' id='word_1_675' title='bbox 3191 2563 3213 2602; x_wconf 82' lang='lat' dir='ltr'><strong>t</strong></span> <span class='ocrx_word' id='word_1_676' title='bbox 3235 2546 3360 2617; x_wconf 78' lang='lat' dir='ltr'><strong>quia</strong></span> <span class='ocrx_word' id='word_1_677' title='bbox 3381 2546 3431 2602; x_wconf 86' lang='lat' dir='ltr'><strong>si</strong></span> <span class='ocrx_word' id='word_1_678' title='bbox 3455 2525 3695 2603; x_wconf 64' lang='lat' dir='ltr'><strong>consen-</strong></span> 
     </span>
    </p>
   </div>
   <div class='ocr_carea' id='block_1_85' title="bbox 2097 2634 3701 2710">
    <p class='ocr_par' dir='ltr' id='par_1_85' title="bbox 2097 2634 3701 2710">
     <span class='ocr_line' id='line_1_86' title="bbox 2097 2634 3701 2710; baseline -0.001 -16"><span class='ocrx_word' id='word_1_679' title='bbox 2097 2639 2262 2705; x_wconf 83' lang='lat' dir='ltr'><strong>serit,</strong></span> <span class='ocrx_word' id='word_1_680' title='bbox 2308 2653 2417 2695; x_wconf 89' lang='lat' dir='ltr'><strong>non</strong></span> <span class='ocrx_word' id='word_1_681' title='bbox 2460 2638 2777 2710; x_wconf 82' lang='lat' dir='ltr'><strong>Pelagianus</strong></span> <span class='ocrx_word' id='word_1_682' title='bbox 2830 2638 3159 2707; x_wconf 66' lang='lat' dir='ltr'><strong>haereticus,</strong></span> <span class='ocrx_word' id='word_1_683' title='bbox 3207 2637 3306 2696; x_wconf 86' lang='lat' dir='ltr'><strong>sed</strong></span> <span class='ocrx_word' id='word_1_684' title='bbox 3350 2634 3701 2693; x_wconf 72' lang='lat' dir='ltr'><strong>Christianus</strong></span> 
     </span>
    </p>
   </div>
   <div class='ocr_carea' id='block_1_86' title="bbox 2096 2730 3707 2803">
    <p class='ocr_par' dir='ltr' id='par_1_86' title="bbox 2096 2730 3707 2803">
     <span class='ocr_line' id='line_1_87' title="bbox 2096 2730 3707 2803; baseline 0 -15"><span class='ocrx_word' id='word_1_685' title='bbox 2096 2732 2395 2791; x_wconf 74' lang='lat' dir='ltr'><strong>catholicus</strong></span> <span class='ocrx_word' id='word_1_686' title='bbox 2428 2731 2552 2789; x_wconf 74' lang='lat' dir='ltr'><strong>erit.</strong></span> <span class='ocrx_word' id='word_1_687' title='bbox 2591 2751 2611 2787; x_wconf 78' lang='grc' dir='ltr'><strong>ι</strong></span> <span class='ocrx_word' id='word_1_688' title='bbox 2641 2732 2907 2801; x_wconf 84' lang='lat' dir='ltr'><strong>Prorsus,</strong></span> <span class='ocrx_word' id='word_1_689' title='bbox 2938 2751 2961 2785; x_wconf 77' lang='grc' dir='ltr'><strong>ι</strong></span> <span class='ocrx_word' id='word_1_690' title='bbox 2989 2731 3198 2803; x_wconf 80' lang='lat' dir='ltr'><strong>inquit,</strong></span> <span class='ocrx_word' id='word_1_691' title='bbox 3247 2750 3269 2786; x_wconf 71' lang='grc' dir='ltr'><strong>ι</strong></span> <span class='ocrx_word' id='word_1_692' title='bbox 3304 2731 3351 2788; x_wconf 83' lang='lat' dir='ltr'><strong>si</strong></span> <span class='ocrx_word' id='word_1_693' title='bbox 3378 2731 3581 2789; x_wconf 75' lang='lat' dir='ltr'><strong>rnatum</strong></span> <span class='ocrx_word' id='word_1_694' title='bbox 3620 2730 3707 2788; x_wconf 71' lang='lat' dir='ltr'><strong>de</strong></span> 
     </span>
    </p>
   </div>
   <div class='ocr_carea' id='block_1_87' title="bbox 2097 2824 3695 2897">
    <p class='ocr_par' dir='ltr' id='par_1_87' title="bbox 2097 2824 3695 2897">
     <span class='ocr_line' id='line_1_88' title="bbox 2097 2824 3695 2897; baseline 0.001 -16"><span class='ocrx_word' id='word_1_695' title='bbox 2097 2826 2298 2896; x_wconf 71' lang='lat' dir='ltr'><strong>nuptiis</strong></span> <span class='ocrx_word' id='word_1_696' title='bbox 2326 2824 2579 2893; x_wconf 81' lang='lat' dir='ltr'><strong>trahitur,</strong></span> <span class='ocrx_word' id='word_1_697' title='bbox 2605 2826 2844 2883; x_wconf 62' lang='lat' dir='ltr'><strong>sulcari</strong></span> <span class='ocrx_word' id='word_1_698' title='bbox 2868 2834 3119 2897; x_wconf 61' lang='grc' dir='ltr'><strong>ιιοοιςιιιιι,Δ</strong></span> <span class='ocrx_word' id='word_1_699' title='bbox 3144 2826 3390 2882; x_wconf 71' lang='grc' dir='ltr'>αιωωί</span> <span class='ocrx_word' id='word_1_700' title='bbox 3417 2839 3527 2882; x_wconf 73' lang='lat' dir='ltr'><strong>uel</strong></span> <span class='ocrx_word' id='word_1_701' title='bbox 3554 2838 3695 2897; x_wconf 78' lang='lat' dir='ltr'><strong>pos-</strong></span> 
     </span>
    </p>
   </div>
   <div class='ocr_carea' id='block_1_88' title="bbox 2082 2919 3699 2991">
    <p class='ocr_par' dir='ltr' id='par_1_88' title="bbox 2082 2919 3699 2991">
     <span class='ocr_line' id='line_1_89' title="bbox 2082 2919 3699 2991; baseline -0.001 -15"><span class='ocrx_word' id='word_1_702' title='bbox 2082 2930 2224 2977; x_wconf 83' lang='lat' dir='ltr'><strong>sunt</strong></span> <span class='ocrx_word' id='word_1_703' title='bbox 2250 2937 2266 2985; x_wconf 89' lang='lat'><strong>;</strong></span> <span class='ocrx_word' id='word_1_704' title='bbox 2298 2930 2360 2977; x_wconf 87' lang='lat' dir='ltr'><strong>et</strong></span> <span class='ocrx_word' id='word_1_705' title='bbox 2378 2920 2435 2976; x_wconf 79' lang='lat' dir='ltr'><strong>in</strong></span> <span class='ocrx_word' id='word_1_706' title='bbox 2461 2919 2659 2976; x_wconf 78' lang='lat' dir='ltr'><strong>diaboii</strong></span> <span class='ocrx_word' id='word_1_707' title='bbox 2678 2919 2800 2990; x_wconf 68' lang='lat' dir='ltr'><strong>iure</strong></span> <span class='ocrx_word' id='word_1_708' title='bbox 2818 2926 2956 2991; x_wconf 83' lang='lat' dir='ltr'><strong>opus</strong></span> <span class='ocrx_word' id='word_1_709' title='bbox 2980 2934 3165 2975; x_wconf 82' lang='lat' dir='ltr'><strong>earum</strong></span> <span class='ocrx_word' id='word_1_710' title='bbox 3193 2919 3531 2990; x_wconf 77' lang='lat' dir='ltr'><strong>fructumque</strong></span> <span class='ocrx_word' id='word_1_711' title='bbox 3556 2932 3699 2975; x_wconf 78' lang='lat' dir='ltr'><strong>celt-</strong></span> 
     </span>
    </p>
   </div>
   <div class='ocr_carea' id='block_1_89' title="bbox 2100 3010 3697 3084">
    <p class='ocr_par' dir='ltr' id='par_1_89' title="bbox 2100 3010 3697 3084">
     <span class='ocr_line' id='line_1_90' title="bbox 2100 3010 3697 3084; baseline -0.001 -18"><span class='ocrx_word' id='word_1_712' title='bbox 2100 3012 2277 3069; x_wconf 85' lang='lat' dir='ltr'><strong>stituis</strong></span> <span class='ocrx_word' id='word_1_713' title='bbox 2322 3028 2336 3065; x_wconf 92' lang='lat'>:</span> <span class='ocrx_word' id='word_1_714' title='bbox 2368 3011 2489 3084; x_wconf 79' lang='lat' dir='ltr'><strong>quia</strong></span> <span class='ocrx_word' id='word_1_715' title='bbox 2518 3012 2701 3067; x_wconf 63' lang='lat' dir='ltr'><strong>annis</strong></span> <span class='ocrx_word' id='word_1_716' title='bbox 2722 3020 2883 3067; x_wconf 78' lang='lat' dir='ltr'><strong>causa</strong></span> <span class='ocrx_word' id='word_1_717' title='bbox 2923 3011 3081 3078; x_wconf 78' lang='lat' dir='ltr'><strong>moli,</strong></span> <span class='ocrx_word' id='word_1_718' title='bbox 3119 3022 3320 3083; x_wconf 64' lang='lat' dir='ltr'><strong>expers</strong></span> <span class='ocrx_word' id='word_1_719' title='bbox 3358 3010 3486 3069; x_wconf 74' lang='lat' dir='ltr'><strong>boni</strong></span> <span class='ocrx_word' id='word_1_720' title='bbox 3518 3019 3626 3067; x_wconf 68' lang='lat' dir='ltr'><strong>est.</strong></span> <span class='ocrx_word' id='word_1_721' title='bbox 3668 3029 3697 3065; x_wconf 73' lang='grc' dir='ltr'><strong>ι</strong></span> 
     </span>
    </p>
   </div>
   <div class='ocr_carea' id='block_1_90' title="bbox 2100 3103 3701 3173">
    <p class='ocr_par' dir='ltr' id='par_1_90' title="bbox 2100 3103 3701 3173">
     <span class='ocr_line' id='line_1_91' title="bbox 2100 3103 3701 3173; baseline 0.001 -14"><span class='ocrx_word' id='word_1_722' title='bbox 2100 3104 2169 3159; x_wconf 91' lang='lat' dir='ltr'><strong>Et</strong></span> <span class='ocrx_word' id='word_1_723' title='bbox 2195 3103 2267 3159; x_wconf 86' lang='lat' dir='ltr'><strong>ad</strong></span> <span class='ocrx_word' id='word_1_724' title='bbox 2291 3103 2393 3159; x_wconf 90' lang='lat' dir='ltr'><strong>hoc</strong></span> <span class='ocrx_word' id='word_1_725' title='bbox 2418 3111 2611 3159; x_wconf 59' lang='lat' dir='ltr'><strong>cetera</strong></span> <span class='ocrx_word' id='word_1_726' title='bbox 2636 3103 2823 3158; x_wconf 70' lang='lat' dir='ltr'><strong>attesit</strong></span> <span class='ocrx_word' id='word_1_727' title='bbox 2841 3138 2859 3170; x_wconf 91' lang='lat'><strong>,</strong></span> <span class='ocrx_word' id='word_1_728' title='bbox 2887 3112 2949 3158; x_wconf 81' lang='lat' dir='ltr'><strong>ut</strong></span> <span class='ocrx_word' id='word_1_729' title='bbox 2972 3104 3168 3173; x_wconf 73' lang='lat' dir='ltr'><strong>probet</strong></span> <span class='ocrx_word' id='word_1_730' title='bbox 3190 3118 3407 3159; x_wconf 72' lang='lat' dir='ltr'><strong>causam</strong></span> <span class='ocrx_word' id='word_1_731' title='bbox 3434 3104 3562 3158; x_wconf 76' lang='lat' dir='ltr'><strong>mali</strong></span> <span class='ocrx_word' id='word_1_732' title='bbox 3594 3104 3701 3160; x_wconf 74' lang='lat' dir='ltr'><strong>h0-</strong></span> 
     </span>
    </p>
   </div>
   <div class='ocr_carea' id='block_1_91' title="bbox 2102 3194 3701 3266">
    <p class='ocr_par' dir='ltr' id='par_1_91' title="bbox 2102 3194 3701 3266">
     <span class='ocr_line' id='line_1_92' title="bbox 2102 3194 3701 3266; baseline -0.001 -14"><span class='ocrx_word' id='word_1_733' title='bbox 2102 3210 2235 3252; x_wconf 77' lang='lat' dir='ltr'><strong>num</strong></span> <span class='ocrx_word' id='word_1_734' title='bbox 2262 3209 2387 3251; x_wconf 87' lang='lat' dir='ltr'><strong>esse</strong></span> <span class='ocrx_word' id='word_1_735' title='bbox 2410 3210 2518 3252; x_wconf 88' lang='lat' dir='ltr'><strong>non</strong></span> <span class='ocrx_word' id='word_1_736' title='bbox 2548 3209 2710 3266; x_wconf 81' lang='lat' dir='ltr'><strong>posse</strong></span> <span class='ocrx_word' id='word_1_737' title='bbox 2737 3196 2755 3227; x_wconf 78' lang='grc' dir='ltr'>ί</span> <span class='ocrx_word' id='word_1_738' title='bbox 2786 3211 2803 3261; x_wconf 89' lang='lat'><strong>;</strong></span> <span class='ocrx_word' id='word_1_739' title='bbox 2830 3203 2886 3251; x_wconf 69' lang='grc' dir='ltr'><strong>α</strong></span> <span class='ocrx_word' id='word_1_740' title='bbox 2914 3195 3038 3250; x_wconf 80' lang='lat' dir='ltr'><strong>ideo</strong></span> <span class='ocrx_word' id='word_1_741' title='bbox 3060 3196 3299 3265; x_wconf 74' lang='lat' dir='ltr'><strong>nuptias,</strong></span> <span class='ocrx_word' id='word_1_742' title='bbox 3329 3194 3452 3266; x_wconf 68' lang='lat' dir='ltr'><strong>quia</strong></span> <span class='ocrx_word' id='word_1_743' title='bbox 3488 3195 3701 3251; x_wconf 73' lang='lat' dir='ltr'><strong>bum</strong></span> 
     </span>
    </p>
   </div>
   <div class='ocr_carea' id='block_1_92' title="bbox 2068 3287 3709 3359">
    <p class='ocr_par' dir='ltr' id='par_1_92' title="bbox 2068 3287 3709 3359">
     <span class='ocr_line' id='line_1_93' title="bbox 2068 3287 3709 3359; baseline -0.002 -14"><span class='ocrx_word' id='word_1_744' title='bbox 2068 3320 2073 3325; x_wconf 59' lang='grc' dir='ltr'><strong>η</strong></span> <span class='ocrx_word' id='word_1_745' title='bbox 2104 3296 2249 3355; x_wconf 84' lang='lat' dir='ltr'><strong>sunt,</strong></span> <span class='ocrx_word' id='word_1_746' title='bbox 2281 3300 2497 3345; x_wconf 79' lang='lat' dir='ltr'><strong>causam</strong></span> <span class='ocrx_word' id='word_1_747' title='bbox 2525 3288 2653 3343; x_wconf 77' lang='lat' dir='ltr'><strong>mali</strong></span> <span class='ocrx_word' id='word_1_748' title='bbox 2676 3303 2785 3342; x_wconf 68' lang='lat' dir='ltr'><strong>non</strong></span> <span class='ocrx_word' id='word_1_749' title='bbox 2809 3300 2931 3343; x_wconf 80' lang='lat' dir='ltr'><strong>esse</strong></span> <span class='ocrx_word' id='word_1_750' title='bbox 2958 3303 2974 3353; x_wconf 91' lang='lat'><strong>;</strong></span> <span class='ocrx_word' id='word_1_751' title='bbox 3002 3303 3065 3342; x_wconf 77' lang='lat' dir='ltr'><strong>ac</strong></span> <span class='ocrx_word' id='word_1_752' title='bbox 3090 3298 3190 3359; x_wconf 82' lang='lat' dir='ltr'><strong>per</strong></span> <span class='ocrx_word' id='word_1_753' title='bbox 3215 3288 3319 3342; x_wconf 81' lang='lat' dir='ltr'><strong>hoc</strong></span> <span class='ocrx_word' id='word_1_754' title='bbox 3343 3287 3413 3343; x_wconf 83' lang='lat' dir='ltr'><strong>de</strong></span> <span class='ocrx_word' id='word_1_755' title='bbox 3434 3287 3540 3343; x_wconf 89' lang='lat' dir='ltr'><strong>illis</strong></span> <span class='ocrx_word' id='word_1_756' title='bbox 3564 3301 3709 3357; x_wconf 52' lang='lat' dir='ltr'><strong>pec.</strong></span> 
     </span>
    </p>
   </div>
   <div class='ocr_carea' id='block_1_93' title="bbox 2103 3378 3707 3453">
    <p class='ocr_par' dir='ltr' id='par_1_93' title="bbox 2103 3378 3707 3453">
     <span class='ocr_line' id='line_1_94' title="bbox 2103 3378 3707 3453; baseline -0.002 -15"><span class='ocrx_word' id='word_1_757' title='bbox 2103 3390 2340 3438; x_wconf 80' lang='lat' dir='ltr'><strong>catorem</strong></span> <span class='ocrx_word' id='word_1_758' title='bbox 2359 3421 2379 3447; x_wconf 83' lang='lat'><strong>,</strong></span> <span class='ocrx_word' id='word_1_759' title='bbox 2422 3381 2512 3453; x_wconf 77' lang='lat' dir='ltr'><strong>qui</strong></span> <span class='ocrx_word' id='word_1_760' title='bbox 2562 3381 2923 3436; x_wconf 81' lang='lat' dir='ltr'><strong>necessarium</strong></span> <span class='ocrx_word' id='word_1_761' title='bbox 2952 3379 3151 3435; x_wconf 75' lang='lat' dir='ltr'><strong>habeat</strong></span> <span class='ocrx_word' id='word_1_762' title='bbox 3173 3380 3511 3445; x_wconf 75' lang='lat' dir='ltr'><strong>sstvaterun,</strong></span> <span class='ocrx_word' id='word_1_763' title='bbox 3542 3378 3707 3435; x_wconf 72' lang='lat' dir='ltr'><strong>nasci</strong></span> 
     </span>
    </p>
   </div>
   <div class='ocr_carea' id='block_1_94' title="bbox 2105 3470 3705 3544">
    <p class='ocr_par' dir='ltr' id='par_1_94' title="bbox 2105 3470 3705 3544">
     <span class='ocr_line' id='line_1_95' title="bbox 2105 3470 3705 3544; baseline -0.001 -13"><span class='ocrx_word' id='word_1_764' title='bbox 2105 3475 2329 3531; x_wconf 69' lang='lat' dir='ltr'><strong>omnino</strong></span> <span class='ocrx_word' id='word_1_765' title='bbox 2363 3488 2471 3529; x_wconf 78' lang='lat' dir='ltr'><strong>non</strong></span> <span class='ocrx_word' id='word_1_766' title='bbox 2501 3480 2700 3544; x_wconf 76' lang='lat' dir='ltr'><strong>posse:</strong></span> <span class='ocrx_word' id='word_1_767' title='bbox 2732 3473 2885 3543; x_wconf 81' lang='lat' dir='ltr'><strong>quasi</strong></span> <span class='ocrx_word' id='word_1_768' title='bbox 2929 3486 3034 3527; x_wconf 84' lang='lat' dir='ltr'><strong>nos</strong></span> <span class='ocrx_word' id='word_1_769' title='bbox 3059 3473 3275 3544; x_wconf 74' lang='lat' dir='ltr'><strong>nuptias</strong></span> <span class='ocrx_word' id='word_1_770' title='bbox 3296 3482 3515 3529; x_wconf 67' lang='lat' dir='ltr'><strong>(nam</strong></span> <span class='ocrx_word' id='word_1_771' title='bbox 3539 3470 3705 3529; x_wconf 78' lang='lat' dir='ltr'><strong>dice—</strong></span> 
     </span>
    </p>
   </div>
   <div class='ocr_carea' id='block_1_95' title="bbox 2096 3563 3705 3641">
    <p class='ocr_par' dir='ltr' id='par_1_95' title="bbox 2096 3563 3705 3641">
     <span class='ocr_line' id='line_1_96' title="bbox 2096 3563 3705 3641; baseline -0.002 -17"><span class='ocrx_word' id='word_1_772' title='bbox 2096 3582 2229 3641; x_wconf 39' lang='lat' dir='ltr'><strong>:mus</strong></span> <span class='ocrx_word' id='word_1_773' title='bbox 2252 3579 2377 3624; x_wconf 77' lang='lat' dir='ltr'><strong>esse</strong></span> <span class='ocrx_word' id='word_1_774' title='bbox 2411 3566 2615 3638; x_wconf 78' lang='lat' dir='ltr'><strong>peccati</strong></span> <span class='ocrx_word' id='word_1_775' title='bbox 2643 3582 2660 3633; x_wconf 91' lang='lat'><strong>;</strong></span> <span class='ocrx_word' id='word_1_776' title='bbox 2687 3566 2932 3637; x_wconf 74' lang='lat' dir='ltr'><strong>quamvis</strong></span> <span class='ocrx_word' id='word_1_777' title='bbox 2959 3565 3126 3625; x_wconf 79' lang='lat' dir='ltr'><strong>homo</strong></span> <span class='ocrx_word' id='word_1_778' title='bbox 3150 3567 3241 3637; x_wconf 84' lang='lat' dir='ltr'><strong>qui</strong></span> <span class='ocrx_word' id='word_1_779' title='bbox 3267 3577 3335 3621; x_wconf 72' lang='lat' dir='ltr'><strong>ex</strong></span> <span class='ocrx_word' id='word_1_780' title='bbox 3365 3566 3475 3622; x_wconf 80' lang='lat' dir='ltr'><strong>iliis</strong></span> <span class='ocrx_word' id='word_1_781' title='bbox 3510 3563 3705 3621; x_wconf 63' lang='lat' dir='ltr'><strong>nasci-</strong></span> 
     </span>
    </p>
   </div>
   <div class='ocr_carea' id='block_1_96' title="bbox 2098 3659 3711 3730">
    <p class='ocr_par' dir='ltr' id='par_1_96' title="bbox 2098 3659 3711 3730">
     <span class='ocr_line' id='line_1_97' title="bbox 2098 3659 3711 3730; baseline -0.001 -14"><span class='ocrx_word' id='word_1_782' title='bbox 2098 3670 2216 3726; x_wconf 83' lang='lat' dir='ltr'><strong>tur,</strong></span> <span class='ocrx_word' id='word_1_783' title='bbox 2268 3674 2379 3715; x_wconf 80' lang='lat' dir='ltr'><strong>non</strong></span> <span class='ocrx_word' id='word_1_784' title='bbox 2424 3664 2675 3715; x_wconf 68' lang='lat' dir='ltr'><strong>nascatur</strong></span> <span class='ocrx_word' id='word_1_785' title='bbox 2720 3660 2839 3716; x_wconf 87' lang='lat' dir='ltr'><strong>sine</strong></span> <span class='ocrx_word' id='word_1_786' title='bbox 2885 3666 3127 3730; x_wconf 81' lang='lat' dir='ltr'><strong>peccato.</strong></span> <span class='ocrx_word' id='word_1_787' title='bbox 3180 3659 3395 3729; x_wconf 72' lang='lat' dir='ltr'><strong>Nuptize</strong></span> <span class='ocrx_word' id='word_1_788' title='bbox 3435 3659 3711 3716; x_wconf 63' lang='lat' dir='ltr'><strong>instituta</strong></span> 
     </span>
    </p>
   </div>
   <div class='ocr_carea' id='block_1_97' title="bbox 2106 3750 3708 3823">
    <p class='ocr_par' dir='ltr' id='par_1_97' title="bbox 2106 3750 3708 3823">
     <span class='ocr_line' id='line_1_98' title="bbox 2106 3750 3708 3823; baseline 0.001 -16"><span class='ocrx_word' id='word_1_789' title='bbox 2106 3760 2232 3809; x_wconf 87' lang='lat' dir='ltr'><strong>sunt</strong></span> <span class='ocrx_word' id='word_1_790' title='bbox 2273 3766 2433 3807; x_wconf 83' lang='lat' dir='ltr'><strong>causa</strong></span> <span class='ocrx_word' id='word_1_791' title='bbox 2459 3750 2788 3822; x_wconf 70' lang='lat' dir='ltr'><strong>generandi,</strong></span> <span class='ocrx_word' id='word_1_792' title='bbox 2829 3765 2941 3807; x_wconf 80' lang='lat' dir='ltr'><strong>non</strong></span> <span class='ocrx_word' id='word_1_793' title='bbox 2964 3751 3219 3822; x_wconf 75' lang='lat' dir='ltr'><strong>peccandi</strong></span> <span class='ocrx_word' id='word_1_794' title='bbox 3244 3768 3263 3806; x_wconf 46' lang='grc' dir='ltr'><strong>εκ</strong></span> <span class='ocrx_word' id='word_1_795' title='bbox 3285 3757 3511 3823; x_wconf 62' lang='grc' dir='ltr'>νημαι</span> <span class='ocrx_word' id='word_1_796' title='bbox 3549 3751 3708 3822; x_wconf 85' lang='lat' dir='ltr'><strong>quod</strong></span> 
     </span>
    </p>
   </div>
   <div class='ocr_carea' id='block_1_98' title="bbox 2107 3842 3713 3915">
    <p class='ocr_par' dir='ltr' id='par_1_98' title="bbox 2107 3842 3713 3915">
     <span class='ocr_line' id='line_1_99' title="bbox 2107 3842 3713 3915; baseline 0.001 -16"><span class='ocrx_word' id='word_1_797' title='bbox 2107 3843 2199 3900; x_wconf 89' lang='lat' dir='ltr'><strong>illa</strong></span> <span class='ocrx_word' id='word_1_798' title='bbox 2226 3850 2309 3900; x_wconf 84' lang='lat' dir='ltr'><strong>est</strong></span> <span class='ocrx_word' id='word_1_799' title='bbox 2340 3859 2372 3898; x_wconf 93' lang='lat' dir='ltr'><strong>a</strong></span> <span class='ocrx_word' id='word_1_800' title='bbox 2403 3844 2635 3901; x_wconf 81' lang='lat' dir='ltr'><strong>Domino</strong></span> <span class='ocrx_word' id='word_1_801' title='bbox 2660 3844 2963 3900; x_wconf 70' lang='lat' dir='ltr'><strong>benedictio</strong></span> <span class='ocrx_word' id='word_1_802' title='bbox 2989 3845 3327 3915; x_wconf 75' lang='lat' dir='ltr'><strong>nuptiamm,</strong></span> <span class='ocrx_word' id='word_1_803' title='bbox 3359 3842 3609 3912; x_wconf 70' lang='lat' dir='ltr'><strong>Crescite,</strong></span> <span class='ocrx_word' id='word_1_804' title='bbox 3652 3851 3713 3900; x_wconf 73' lang='lat' dir='ltr'><strong>et</strong></span> 
     </span>
    </p>
   </div>
   <div class='ocr_carea' id='block_1_99' title="bbox 2108 3935 3711 4009">
    <p class='ocr_par' dir='ltr' id='par_1_99' title="bbox 2108 3935 3711 4009">
     <span class='ocr_line' id='line_1_100' title="bbox 2108 3935 3711 4009; baseline 0 -17"><span class='ocrx_word' id='word_1_805' title='bbox 2108 3935 2533 4009; x_wconf 69' lang='lat' dir='ltr'><strong>mltiplieantini,</strong></span> <span class='ocrx_word' id='word_1_806' title='bbox 2562 3946 2609 3991; x_wconf 78' lang='lat' dir='ltr'><strong>et</strong></span> <span class='ocrx_word' id='word_1_807' title='bbox 2640 3936 2836 4007; x_wconf 73' lang='lat' dir='ltr'><strong>replete</strong></span> <span class='ocrx_word' id='word_1_808' title='bbox 2858 3945 3044 3991; x_wconf 69' lang='lat' dir='ltr'><strong>term</strong></span> <span class='ocrx_word' id='word_1_809' title='bbox 3073 3938 3091 4007; x_wconf 86' lang='lat'><strong>(</strong></span> <span class='ocrx_word' id='word_1_810' title='bbox 3115 3936 3244 3997; x_wconf 74' lang='lat' dir='ltr'><strong>Gen.</strong></span> <span class='ocrx_word' id='word_1_811' title='bbox 3270 3950 3310 4004; x_wconf 78' lang='grc' dir='ltr'>ι,</span> <span class='ocrx_word' id='word_1_812' title='bbox 3337 3936 3470 4009; x_wconf 73' lang='lat'><strong>28).</strong></span> <span class='ocrx_word' id='word_1_813' title='bbox 3502 3936 3711 3993; x_wconf 61' lang='lat' dir='ltr'><strong>Peeea¢</strong></span> 
     </span>
    </p>
   </div>
   <div class='ocr_carea' id='block_1_100' title="bbox 2110 4026 3721 4098">
    <p class='ocr_par' dir='ltr' id='par_1_100' title="bbox 2110 4026 3721 4098">
     <span class='ocr_line' id='line_1_101' title="bbox 2110 4026 3721 4098; baseline 0.001 -16"><span class='ocrx_word' id='word_1_814' title='bbox 2110 4036 2221 4082; x_wconf 81' lang='lat' dir='ltr'><strong>tum</strong></span> <span class='ocrx_word' id='word_1_815' title='bbox 2260 4037 2441 4083; x_wconf 86' lang='lat' dir='ltr'><strong>autem</strong></span> <span class='ocrx_word' id='word_1_816' title='bbox 2467 4027 2609 4098; x_wconf 92' lang='lat' dir='ltr'><strong>quod</strong></span> <span class='ocrx_word' id='word_1_817' title='bbox 2637 4027 2765 4083; x_wconf 78' lang='lat' dir='ltr'><strong>inde</strong></span> <span class='ocrx_word' id='word_1_818' title='bbox 2789 4041 2823 4083; x_wconf 65' lang='grc' dir='ltr'><strong><em>α</em></strong></span> <span class='ocrx_word' id='word_1_819' title='bbox 2848 4027 3191 4084; x_wconf 86' lang='lat' dir='ltr'><strong>nascentibus</strong></span> <span class='ocrx_word' id='word_1_820' title='bbox 3220 4028 3465 4095; x_wconf 78' lang='lat' dir='ltr'><strong>trahitur,</strong></span> <span class='ocrx_word' id='word_1_821' title='bbox 3494 4041 3604 4084; x_wconf 79' lang='lat' dir='ltr'><strong>non</strong></span> <span class='ocrx_word' id='word_1_822' title='bbox 3632 4026 3721 4085; x_wconf 68' lang='lat' dir='ltr'><strong>ad</strong></span> 
     </span>
    </p>
   </div>
   <div class='ocr_carea' id='block_1_101' title="bbox 2110 4120 3713 4192">
    <p class='ocr_par' dir='ltr' id='par_1_101' title="bbox 2110 4120 3713 4192">
     <span class='ocr_line' id='line_1_102' title="bbox 2110 4120 3713 4192; baseline 0.002 -18"><span class='ocrx_word' id='word_1_823' title='bbox 2110 4121 2323 4190; x_wconf 73' lang='lat' dir='ltr'><strong>nuptias</strong></span> <span class='ocrx_word' id='word_1_824' title='bbox 2341 4120 2576 4190; x_wconf 85' lang='lat' dir='ltr'><strong>pertinet</strong></span> <span class='ocrx_word' id='word_1_825' title='bbox 2593 4161 2608 4186; x_wconf 95' lang='lat'><strong>,</strong></span> <span class='ocrx_word' id='word_1_826' title='bbox 2638 4120 2738 4175; x_wconf 79' lang='lat' dir='ltr'><strong>sed</strong></span> <span class='ocrx_word' id='word_1_827' title='bbox 2762 4120 2829 4174; x_wconf 87' lang='lat' dir='ltr'><strong>ad</strong></span> <span class='ocrx_word' id='word_1_828' title='bbox 2855 4120 3057 4176; x_wconf 74' lang='lat' dir='ltr'><strong>malum</strong></span> <span class='ocrx_word' id='word_1_829' title='bbox 3080 4121 3225 4192; x_wconf 80' lang='lat' dir='ltr'><strong>quod</strong></span> <span class='ocrx_word' id='word_1_830' title='bbox 3247 4121 3439 4180; x_wconf 80' lang='lat' dir='ltr'><strong>accidit</strong></span> <span class='ocrx_word' id='word_1_831' title='bbox 3464 4121 3713 4178; x_wconf 80' lang='lat' dir='ltr'><strong>homini-</strong></span> 
     </span>
    </p>
   </div>
   <div class='ocr_carea' id='block_1_102' title="bbox 2109 4212 3713 4286">
    <p class='ocr_par' dir='ltr' id='par_1_102' title="bbox 2109 4212 3713 4286">
     <span class='ocr_line' id='line_1_103' title="bbox 2109 4212 3713 4286; baseline 0.005 -20"><span class='ocrx_word' id='word_1_832' title='bbox 2109 4212 2232 4283; x_wconf 79' lang='lat' dir='ltr'><strong>bus,</strong></span> <span class='ocrx_word' id='word_1_833' title='bbox 2271 4227 2499 4283; x_wconf 86' lang='lat' dir='ltr'><strong>quorum</strong></span> <span class='ocrx_word' id='word_1_834' title='bbox 2524 4212 2909 4284; x_wconf 70' lang='lat' dir='ltr'><strong>conjunctione</strong></span> <span class='ocrx_word' id='word_1_835' title='bbox 2928 4221 3057 4269; x_wconf 80' lang='lat' dir='ltr'><strong>sunt</strong></span> <span class='ocrx_word' id='word_1_836' title='bbox 3076 4216 3295 4286; x_wconf 71' lang='lat' dir='ltr'><strong>nuptite.</strong></span> <span class='ocrx_word' id='word_1_837' title='bbox 3322 4215 3457 4272; x_wconf 80' lang='lat' dir='ltr'><strong>Nam</strong></span> <span class='ocrx_word' id='word_1_838' title='bbox 3496 4217 3713 4274; x_wconf 71' lang='lat' dir='ltr'><strong>malum</strong></span> 
     </span>
    </p>
   </div>
   <div class='ocr_carea' id='block_1_103' title="bbox 2110 4301 3709 4382">
    <p class='ocr_par' dir='ltr' id='par_1_103' title="bbox 2110 4301 3709 4382">
     <span class='ocr_line' id='line_1_104' title="bbox 2110 4301 3709 4382; baseline 0.004 -22"><span class='ocrx_word' id='word_1_839' title='bbox 2110 4301 2374 4375; x_wconf 74' lang='lat' dir='ltr'><strong>pudendm</strong></span> <span class='ocrx_word' id='word_1_840' title='bbox 2411 4303 2647 4359; x_wconf 72' lang='lat' dir='ltr'><strong>libidinis</strong></span> <span class='ocrx_word' id='word_1_841' title='bbox 2673 4313 2731 4360; x_wconf 89' lang='lat' dir='ltr'><strong>et</strong></span> <span class='ocrx_word' id='word_1_842' title='bbox 2754 4312 2933 4375; x_wconf 88' lang='lat' dir='ltr'><strong>potest</strong></span> <span class='ocrx_word' id='word_1_843' title='bbox 2957 4318 3077 4363; x_wconf 59' lang='lat' dir='ltr'><strong>asc</strong></span> <span class='ocrx_word' id='word_1_844' title='bbox 3103 4307 3223 4363; x_wconf 82' lang='lat' dir='ltr'><strong>sine</strong></span> <span class='ocrx_word' id='word_1_845' title='bbox 3262 4309 3482 4379; x_wconf 75' lang='lat' dir='ltr'><strong>nuptiis,</strong></span> <span class='ocrx_word' id='word_1_846' title='bbox 3511 4317 3567 4365; x_wconf 90' lang='lat' dir='ltr'><strong>et</strong></span> <span class='ocrx_word' id='word_1_847' title='bbox 3596 4324 3709 4382; x_wconf 87' lang='lat' dir='ltr'><strong>po-</strong></span> 
     </span>
    </p>
   </div>
   <div class='ocr_carea' id='block_1_104' title="bbox 2112 4396 3711 4466">
    <p class='ocr_par' dir='ltr' id='par_1_104' title="bbox 2112 4396 3711 4466">
     <span class='ocr_line' id='line_1_105' title="bbox 2112 4396 3711 4466; baseline 0.006 -16"><span class='ocrx_word' id='word_1_848' title='bbox 2112 4402 2327 4451; x_wconf 65' lang='lat' dir='ltr'><strong>tuerunt</strong></span> <span class='ocrx_word' id='word_1_849' title='bbox 2351 4409 2473 4451; x_wconf 80' lang='lat' dir='ltr'><strong>esse</strong></span> <span class='ocrx_word' id='word_1_850' title='bbox 2496 4397 2696 4466; x_wconf 63' lang='lat' dir='ltr'><strong>ruptis</strong></span> <span class='ocrx_word' id='word_1_851' title='bbox 2720 4397 2841 4453; x_wconf 79' lang='lat' dir='ltr'><strong>sine</strong></span> <span class='ocrx_word' id='word_1_852' title='bbox 2867 4396 2959 4454; x_wconf 74' lang='lat' dir='ltr'><strong>illo</strong></span> <span class='ocrx_word' id='word_1_853' title='bbox 2992 4416 3007 4454; x_wconf 87' lang='lat'><strong>:</strong></span> <span class='ocrx_word' id='word_1_854' title='bbox 3036 4399 3107 4454; x_wconf 81' lang='lat' dir='ltr'><strong>sd</strong></span> <span class='ocrx_word' id='word_1_855' title='bbox 3131 4400 3491 4458; x_wconf 73' lang='lat' dir='ltr'><strong>conditionem</strong></span> <span class='ocrx_word' id='word_1_856' title='bbox 3516 4411 3711 4460; x_wconf 78' lang='lat' dir='ltr'><strong>autem</strong></span> 
     </span>
    </p>
   </div>
   <div class='ocr_carea' id='block_1_105' title="bbox 2113 4486 3711 4567">
    <p class='ocr_par' dir='ltr' id='par_1_105' title="bbox 2113 4486 3711 4567">
     <span class='ocr_line' id='line_1_106' title="bbox 2113 4486 3711 4567; baseline 0.007 -25"><span class='ocrx_word' id='word_1_857' title='bbox 2113 4486 2346 4558; x_wconf 86' lang='lat' dir='ltr'><strong>pertinet</strong></span> <span class='ocrx_word' id='word_1_858' title='bbox 2374 4488 2645 4559; x_wconf 77' lang='lat' dir='ltr'><strong>corporis,</strong></span> <span class='ocrx_word' id='word_1_859' title='bbox 2677 4496 2784 4545; x_wconf 67' lang='lat' dir='ltr'><strong>non</strong></span> <span class='ocrx_word' id='word_1_860' title='bbox 2806 4491 2932 4547; x_wconf 68' lang='lat' dir='ltr'><strong>vitae</strong></span> <span class='ocrx_word' id='word_1_861' title='bbox 2957 4491 3131 4561; x_wconf 78' lang='lat' dir='ltr'><strong>illius,</strong></span> <span class='ocrx_word' id='word_1_862' title='bbox 3156 4493 3252 4549; x_wconf 85' lang='lat' dir='ltr'><strong>sed</strong></span> <span class='ocrx_word' id='word_1_863' title='bbox 3278 4495 3471 4551; x_wconf 85' lang='lat' dir='ltr'><strong>mortis</strong></span> <span class='ocrx_word' id='word_1_864' title='bbox 3506 4494 3711 4567; x_wconf 84' lang='lat' dir='ltr'><strong>hujus,</strong></span> 
     </span>
    </p>
   </div>
   <div class='ocr_carea' id='block_1_106' title="bbox 2113 4581 3714 4660">
    <p class='ocr_par' dir='ltr' id='par_1_106' title="bbox 2113 4581 3714 4660">
     <span class='ocr_line' id='line_1_107' title="bbox 2113 4581 3714 4660; baseline 0.006 -26"><span class='ocrx_word' id='word_1_865' title='bbox 2113 4586 2172 4635; x_wconf 91' lang='lat' dir='ltr'><strong>ut</strong></span> <span class='ocrx_word' id='word_1_866' title='bbox 2190 4594 2331 4637; x_wconf 88' lang='lat' dir='ltr'><strong>nunc</strong></span> <span class='ocrx_word' id='word_1_867' title='bbox 2351 4594 2458 4635; x_wconf 88' lang='lat' dir='ltr'><strong>non</strong></span> <span class='ocrx_word' id='word_1_868' title='bbox 2484 4581 2690 4652; x_wconf 73' lang='lat' dir='ltr'><strong>possint</strong></span> <span class='ocrx_word' id='word_1_869' title='bbox 2713 4595 2841 4638; x_wconf 86' lang='lat' dir='ltr'><strong>esse</strong></span> <span class='ocrx_word' id='word_1_870' title='bbox 2858 4582 3059 4653; x_wconf 61' lang='lat' dir='ltr'><strong>nuptiis</strong></span> <span class='ocrx_word' id='word_1_871' title='bbox 3081 4585 3329 4654; x_wconf 70' lang='lat' dir='ltr'><strong>similia,</strong></span> <span class='ocrx_word' id='word_1_872' title='bbox 3354 4589 3600 4656; x_wconf 84' lang='lat' dir='ltr'><strong>quamvis</strong></span> <span class='ocrx_word' id='word_1_873' title='bbox 3624 4588 3714 4660; x_wconf 86' lang='lat' dir='ltr'><strong>ip-</strong></span> 
     </span>
    </p>
   </div>
   <div class='ocr_carea' id='block_1_107' title="bbox 2112 4672 3713 4750">
    <p class='ocr_par' dir='ltr' id='par_1_107' title="bbox 2112 4672 3713 4750">
     <span class='ocr_line' id='line_1_108' title="bbox 2112 4672 3713 4750; baseline 0.006 -23"><span class='ocrx_word' id='word_1_874' title='bbox 2112 4686 2231 4729; x_wconf 84' lang='lat' dir='ltr'><strong>sum</strong></span> <span class='ocrx_word' id='word_1_875' title='bbox 2270 4672 2440 4743; x_wconf 84' lang='lat' dir='ltr'><strong>possit</strong></span> <span class='ocrx_word' id='word_1_876' title='bbox 2466 4686 2587 4729; x_wconf 85' lang='lat' dir='ltr'><strong>esse</strong></span> <span class='ocrx_word' id='word_1_877' title='bbox 2604 4672 2725 4730; x_wconf 83' lang='lat' dir='ltr'><strong>sine</strong></span> <span class='ocrx_word' id='word_1_878' title='bbox 2749 4672 2875 4730; x_wconf 85' lang='lat' dir='ltr'><strong>illis.</strong></span> <span class='ocrx_word' id='word_1_879' title='bbox 2896 4674 3031 4730; x_wconf 81' lang='lat' dir='ltr'><strong>Nam</strong></span> <span class='ocrx_word' id='word_1_880' title='bbox 3048 4676 3231 4747; x_wconf 77' lang='lat' dir='ltr'><strong>utique</strong></span> <span class='ocrx_word' id='word_1_881' title='bbox 3248 4676 3366 4733; x_wconf 88' lang='lat' dir='ltr'><strong>sine</strong></span> <span class='ocrx_word' id='word_1_882' title='bbox 3390 4678 3594 4750; x_wconf 82' lang='lat' dir='ltr'><strong>nuptiis</strong></span> <span class='ocrx_word' id='word_1_883' title='bbox 3619 4686 3713 4737; x_wconf 80' lang='lat' dir='ltr'><strong>est</strong></span> 
     </span>
    </p>
   </div>
   <div class='ocr_carea' id='block_1_108' title="bbox 2114 4762 3713 4839">
    <p class='ocr_par' dir='ltr' id='par_1_108' title="bbox 2114 4762 3713 4839">
     <span class='ocr_line' id='line_1_109' title="bbox 2114 4762 3713 4839; baseline 0.006 -21"><span class='ocrx_word' id='word_1_884' title='bbox 2114 4762 2362 4834; x_wconf 85' lang='lat' dir='ltr'><strong>pudenda</strong></span> <span class='ocrx_word' id='word_1_885' title='bbox 2399 4765 2575 4821; x_wconf 74' lang='lat' dir='ltr'><strong>carnis</strong></span> <span class='ocrx_word' id='word_1_886' title='bbox 2600 4766 3030 4837; x_wconf 74' lang='lat' dir='ltr'><strong>concupiscentia</strong></span> <span class='ocrx_word' id='word_1_887' title='bbox 3054 4804 3070 4833; x_wconf 86' lang='lat'><strong>,</strong></span> <span class='ocrx_word' id='word_1_888' title='bbox 3108 4768 3329 4839; x_wconf 72' lang='lat' dir='ltr'><strong>quando</strong></span> <span class='ocrx_word' id='word_1_889' title='bbox 3350 4770 3612 4827; x_wconf 82' lang='lat' dir='ltr'><strong>adulteria</strong></span> <span class='ocrx_word' id='word_1_890' title='bbox 3651 4778 3713 4829; x_wconf 80' lang='lat' dir='ltr'><strong>et</strong></span> 
     </span>
    </p>
   </div>
   <div class='ocr_carea' id='block_1_109' title="bbox 2113 4857 3709 4934">
    <p class='ocr_par' dir='ltr' id='par_1_109' title="bbox 2113 4857 3709 4934">
     <span class='ocr_line' id='line_1_110' title="bbox 2113 4857 3709 4934; baseline 0.008 -25"><span class='ocrx_word' id='word_1_891' title='bbox 2113 4869 2338 4925; x_wconf 70' lang='lat' dir='ltr'><strong>quaeque</strong></span> <span class='ocrx_word' id='word_1_892' title='bbox 2352 4862 2538 4928; x_wconf 85' lang='lat' dir='ltr'><strong>stupra</strong></span> <span class='ocrx_word' id='word_1_893' title='bbox 2564 4865 2724 4928; x_wconf 80' lang='lat' dir='ltr'><strong>atque</strong></span> <span class='ocrx_word' id='word_1_894' title='bbox 2747 4857 3020 4915; x_wconf 74' lang='lat' dir='ltr'><strong>irnntunda</strong></span> <span class='ocrx_word' id='word_1_895' title='bbox 3049 4860 3354 4928; x_wconf 82' lang='lat' dir='ltr'><strong>committit,</strong></span> <span class='ocrx_word' id='word_1_896' title='bbox 3383 4862 3543 4934; x_wconf 74' lang='lat' dir='ltr'><strong>longe</strong></span> <span class='ocrx_word' id='word_1_897' title='bbox 3571 4878 3709 4921; x_wconf 83' lang='lat' dir='ltr'><strong>cou-</strong></span> 
     </span>
    </p>
   </div>
   <div class='ocr_carea' id='block_1_110' title="bbox 2115 4946 3711 5025">
    <p class='ocr_par' dir='ltr' id='par_1_110' title="bbox 2115 4946 3711 5025">
     <span class='ocr_line' id='line_1_111' title="bbox 2115 4946 3711 5025; baseline 0.007 -24"><span class='ocrx_word' id='word_1_898' title='bbox 2115 4949 2277 5002; x_wconf 79' lang='lat' dir='ltr'><strong>traria</strong></span> <span class='ocrx_word' id='word_1_899' title='bbox 2320 4946 2588 5018; x_wconf 61' lang='lat' dir='ltr'><strong>pudicitia:</strong></span> <span class='ocrx_word' id='word_1_900' title='bbox 2630 4950 2975 5020; x_wconf 74' lang='lat' dir='ltr'><strong>nuptiarum;</strong></span> <span class='ocrx_word' id='word_1_901' title='bbox 3019 4960 3112 5008; x_wconf 88' lang='lat' dir='ltr'><strong>aut</strong></span> <span class='ocrx_word' id='word_1_902' title='bbox 3144 4953 3361 5025; x_wconf 77' lang='lat' dir='ltr'><strong>quando</strong></span> <span class='ocrx_word' id='word_1_903' title='bbox 3406 4954 3557 5012; x_wconf 72' lang='lat' dir='ltr'><strong>nulla</strong></span> <span class='ocrx_word' id='word_1_904' title='bbox 3602 4956 3711 5013; x_wconf 78' lang='lat' dir='ltr'><strong>ista</strong></span> 
     </span>
    </p>
   </div>
   <div class='ocr_carea' id='block_1_111' title="bbox 2115 5039 3714 5116">
    <p class='ocr_par' dir='ltr' id='par_1_111' title="bbox 2115 5039 3714 5116">
     <span class='ocr_line' id='line_1_112' title="bbox 2115 5039 3714 5116; baseline 0.005 -20"><span class='ocrx_word' id='word_1_905' title='bbox 2115 5039 2420 5105; x_wconf 84' lang='lat' dir='ltr'><strong>committit,</strong></span> <span class='ocrx_word' id='word_1_906' title='bbox 2450 5040 2577 5110; x_wconf 82' lang='lat' dir='ltr'><strong>quis</strong></span> <span class='ocrx_word' id='word_1_907' title='bbox 2601 5040 2769 5098; x_wconf 85' lang='lat' dir='ltr'><strong>homo</strong></span> <span class='ocrx_word' id='word_1_908' title='bbox 2788 5041 2935 5098; x_wconf 75' lang='lat' dir='ltr'><strong>nulla</strong></span> <span class='ocrx_word' id='word_1_909' title='bbox 2959 5045 3315 5101; x_wconf 81' lang='lat' dir='ltr'><strong>consensione</strong></span> <span class='ocrx_word' id='word_1_910' title='bbox 3341 5047 3628 5116; x_wconf 77' lang='lat' dir='ltr'><strong>permittit,</strong></span> <span class='ocrx_word' id='word_1_911' title='bbox 3654 5056 3714 5105; x_wconf 85' lang='lat' dir='ltr'><strong>et</strong></span> 
     </span>
    </p>
   </div>
   <div class='ocr_carea' id='block_1_112' title="bbox 2118 5132 3710 5209">
    <p class='ocr_par' dir='ltr' id='par_1_112' title="bbox 2118 5132 3710 5209">
     <span class='ocr_line' id='line_1_113' title="bbox 2118 5132 3710 5209; baseline 0.006 -23"><span class='ocrx_word' id='word_1_912' title='bbox 2118 5139 2295 5187; x_wconf 86' lang='lat' dir='ltr'><strong>tamen</strong></span> <span class='ocrx_word' id='word_1_913' title='bbox 2323 5132 2493 5203; x_wconf 81' lang='lat' dir='ltr'><strong>surgit</strong></span> <span class='ocrx_word' id='word_1_914' title='bbox 2533 5141 2588 5187; x_wconf 84' lang='lat' dir='ltr'><strong>et</strong></span> <span class='ocrx_word' id='word_1_915' title='bbox 2615 5142 2868 5190; x_wconf 74' lang='lat' dir='ltr'><strong>movetur</strong></span> <span class='ocrx_word' id='word_1_916' title='bbox 2891 5143 2946 5190; x_wconf 85' lang='lat' dir='ltr'><strong>et</strong></span> <span class='ocrx_word' id='word_1_917' title='bbox 2971 5144 3150 5191; x_wconf 78' lang='lat' dir='ltr'><strong>movet</strong></span> <span class='ocrx_word' id='word_1_918' title='bbox 3170 5176 3189 5204; x_wconf 94' lang='lat'><strong>,</strong></span> <span class='ocrx_word' id='word_1_919' title='bbox 3220 5144 3275 5192; x_wconf 86' lang='lat' dir='ltr'><strong>et</strong></span> <span class='ocrx_word' id='word_1_920' title='bbox 3304 5136 3626 5209; x_wconf 71' lang='lat' dir='ltr'><strong>plurimique</strong></span> <span class='ocrx_word' id='word_1_921' title='bbox 3656 5139 3710 5195; x_wconf 87' lang='lat' dir='ltr'><strong>in</strong></span> 
     </span>
    </p>
   </div>
   <div class='ocr_carea' id='block_1_113' title="bbox 2116 5222 3719 5296">
    <p class='ocr_par' dir='ltr' id='par_1_113' title="bbox 2116 5222 3719 5296">
     <span class='ocr_line' id='line_1_114' title="bbox 2116 5222 3719 5296; baseline 0.006 -18"><span class='ocrx_word' id='word_1_922' title='bbox 2116 5223 2319 5280; x_wconf 90' lang='lat' dir='ltr'><strong>somnis</strong></span> <span class='ocrx_word' id='word_1_923' title='bbox 2345 5222 2413 5278; x_wconf 85' lang='lat' dir='ltr'><strong>ad</strong></span> <span class='ocrx_word' id='word_1_924' title='bbox 2451 5224 2617 5294; x_wconf 88' lang='lat' dir='ltr'><strong>ipsius</strong></span> <span class='ocrx_word' id='word_1_925' title='bbox 2641 5227 2819 5296; x_wconf 85' lang='lat' dir='ltr'><strong>operis</strong></span> <span class='ocrx_word' id='word_1_926' title='bbox 2845 5227 3245 5284; x_wconf 80' lang='lat' dir='ltr'><strong>similitudinem</strong></span> <span class='ocrx_word' id='word_1_927' title='bbox 3273 5237 3328 5284; x_wconf 91' lang='lat' dir='ltr'><strong>et</strong></span> <span class='ocrx_word' id='word_1_928' title='bbox 3354 5242 3468 5286; x_wconf 64' lang='lat' dir='ltr'><strong>suae</strong></span> <span class='ocrx_word' id='word_1_929' title='bbox 3512 5232 3719 5287; x_wconf 82' lang='lat' dir='ltr'><strong>motio-</strong></span> 
     </span>
    </p>
   </div>
   <div class='ocr_carea' id='block_1_114' title="bbox 2116 5316 3716 5392">
    <p class='ocr_par' dir='ltr' id='par_1_114' title="bbox 2116 5316 3716 5392">
     <span class='ocr_line' id='line_1_115' title="bbox 2116 5316 3716 5392; baseline 0.005 -21"><span class='ocrx_word' id='word_1_930' title='bbox 2116 5317 2203 5373; x_wconf 86' lang='lat' dir='ltr'><strong>nis</strong></span> <span class='ocrx_word' id='word_1_931' title='bbox 2226 5317 2465 5389; x_wconf 82' lang='lat' dir='ltr'><strong>pervenit</strong></span> <span class='ocrx_word' id='word_1_932' title='bbox 2491 5316 2670 5373; x_wconf 85' lang='lat' dir='ltr'><strong>finem.</strong></span> <span class='ocrx_word' id='word_1_933' title='bbox 2710 5316 2824 5374; x_wconf 83' lang='lat' dir='ltr'><strong>Hoc</strong></span> <span class='ocrx_word' id='word_1_934' title='bbox 2849 5332 2983 5391; x_wconf 86' lang='lat' dir='ltr'><strong>ergo</strong></span> <span class='ocrx_word' id='word_1_935' title='bbox 3012 5321 3209 5376; x_wconf 83' lang='lat' dir='ltr'><strong>mainm</strong></span> <span class='ocrx_word' id='word_1_936' title='bbox 3234 5332 3335 5377; x_wconf 81' lang='lat' dir='ltr'><strong>nec</strong></span> <span class='ocrx_word' id='word_1_937' title='bbox 3358 5321 3415 5377; x_wconf 91' lang='lat' dir='ltr'><strong>in</strong></span> <span class='ocrx_word' id='word_1_938' title='bbox 3451 5322 3591 5392; x_wconf 85' lang='lat' dir='ltr'><strong>ipsis</strong></span> <span class='ocrx_word' id='word_1_939' title='bbox 3618 5337 3716 5379; x_wconf 82' lang='lat' dir='ltr'><strong>nu-</strong></span> 
     </span>
    </p>
   </div>
   <div class='ocr_carea' id='block_1_115' title="bbox 2116 5410 3722 5483">
    <p class='ocr_par' dir='ltr' id='par_1_115' title="bbox 2116 5410 3722 5483">
     <span class='ocr_line' id='line_1_116' title="bbox 2116 5410 3722 5483; baseline 0.006 -17"><span class='ocrx_word' id='word_1_940' title='bbox 2116 5410 2241 5480; x_wconf 88' lang='lat' dir='ltr'><strong>ptiis</strong></span> <span class='ocrx_word' id='word_1_941' title='bbox 2263 5410 2461 5466; x_wconf 85' lang='lat' dir='ltr'><strong>malum</strong></span> <span class='ocrx_word' id='word_1_942' title='bbox 2496 5421 2580 5467; x_wconf 90' lang='lat' dir='ltr'><strong>est</strong></span> <span class='ocrx_word' id='word_1_943' title='bbox 2618 5413 2920 5483; x_wconf 78' lang='lat' dir='ltr'><strong>nuptiarum</strong></span> <span class='ocrx_word' id='word_1_944' title='bbox 2951 5432 2966 5468; x_wconf 86' lang='lat'><strong>:</strong></span> <span class='ocrx_word' id='word_1_945' title='bbox 2996 5414 3092 5471; x_wconf 89' lang='lat' dir='ltr'><strong>sed</strong></span> <span class='ocrx_word' id='word_1_946' title='bbox 3124 5414 3322 5471; x_wconf 80' lang='lat' dir='ltr'><strong>habent</strong></span> <span class='ocrx_word' id='word_1_947' title='bbox 3345 5415 3476 5472; x_wconf 81' lang='lat' dir='ltr'><strong>illud</strong></span> <span class='ocrx_word' id='word_1_948' title='bbox 3507 5417 3565 5473; x_wconf 88' lang='lat' dir='ltr'><strong>in</strong></span> <span class='ocrx_word' id='word_1_949' title='bbox 3593 5432 3722 5475; x_wconf 81' lang='lat' dir='ltr'><strong>cor-</strong></span> 
     </span>
    </p>
   </div>
   <div class='ocr_carea' id='block_1_116' title="bbox 2116 5502 3724 5586">
    <p class='ocr_par' dir='ltr' id='par_1_116' title="bbox 2116 5502 3724 5586">
     <span class='ocr_line' id='line_1_117' title="bbox 2116 5502 3724 5586; baseline 0.007 -27"><span class='ocrx_word' id='word_1_950' title='bbox 2116 5518 2248 5575; x_wconf 90' lang='lat' dir='ltr'><strong>pore</strong></span> <span class='ocrx_word' id='word_1_951' title='bbox 2269 5505 2459 5559; x_wconf 88' lang='lat' dir='ltr'><strong>mortis</strong></span> <span class='ocrx_word' id='word_1_952' title='bbox 2482 5502 2642 5577; x_wconf 83' lang='lat' dir='ltr'><strong>hujus</strong></span> <span class='ocrx_word' id='word_1_953' title='bbox 2666 5512 2908 5577; x_wconf 81' lang='lat' dir='ltr'><strong>paratum</strong></span> <span class='ocrx_word' id='word_1_954' title='bbox 2924 5550 2940 5576; x_wconf 92' lang='lat'><strong>,</strong></span> <span class='ocrx_word' id='word_1_955' title='bbox 2972 5509 3182 5566; x_wconf 85' lang='lat' dir='ltr'><strong>etiamsi</strong></span> <span class='ocrx_word' id='word_1_956' title='bbox 3208 5510 3396 5566; x_wconf 76' lang='lat' dir='ltr'><strong>notent</strong></span> <span class='ocrx_word' id='word_1_957' title='bbox 3417 5552 3435 5579; x_wconf 93' lang='lat'><strong>,</strong></span> <span class='ocrx_word' id='word_1_958' title='bbox 3458 5511 3584 5569; x_wconf 90' lang='lat' dir='ltr'><strong>sine</strong></span> <span class='ocrx_word' id='word_1_959' title='bbox 3610 5528 3724 5586; x_wconf 87' lang='lat' dir='ltr'><strong>quo</strong></span> 
     </span>
    </p>
   </div>
   <div class='ocr_carea' id='block_1_117' title="bbox 2117 5599 3728 5677">
    <p class='ocr_par' dir='ltr' id='par_1_117' title="bbox 2117 5599 3728 5677">
     <span class='ocr_line' id='line_1_118' title="bbox 2117 5599 3728 5677; baseline 0.007 -24"><span class='ocrx_word' id='word_1_960' title='bbox 2117 5612 2225 5653; x_wconf 88' lang='lat' dir='ltr'><strong>non</strong></span> <span class='ocrx_word' id='word_1_961' title='bbox 2247 5607 2468 5668; x_wconf 88' lang='lat' dir='ltr'><strong>possunt</strong></span> <span class='ocrx_word' id='word_1_962' title='bbox 2491 5599 2712 5673; x_wconf 89' lang='lat' dir='ltr'><strong>implere</strong></span> <span class='ocrx_word' id='word_1_963' title='bbox 2729 5601 2871 5671; x_wconf 85' lang='lat' dir='ltr'><strong>quod</strong></span> <span class='ocrx_word' id='word_1_964' title='bbox 2892 5601 3096 5657; x_wconf 86' lang='lat' dir='ltr'><strong>volunt.</strong></span> <span class='ocrx_word' id='word_1_965' title='bbox 3119 5602 3232 5658; x_wconf 81' lang='lat' dir='ltr'><strong>Non</strong></span> <span class='ocrx_word' id='word_1_966' title='bbox 3252 5604 3413 5677; x_wconf 83' lang='lat' dir='ltr'><strong>igitur</strong></span> <span class='ocrx_word' id='word_1_967' title='bbox 3429 5602 3501 5661; x_wconf 90' lang='lat' dir='ltr'><strong>ab</strong></span> <span class='ocrx_word' id='word_1_968' title='bbox 3522 5621 3728 5665; x_wconf 85' lang='lat' dir='ltr'><strong>earum</strong></span> 
     </span>
    </p>
   </div>
   <div class='ocr_carea' id='block_1_118' title="bbox 1998 5690 3735 5766">
    <p class='ocr_par' dir='ltr' id='par_1_118' title="bbox 1998 5690 3735 5766">
     <span class='ocr_line' id='line_1_119' title="bbox 1998 5690 3735 5766; baseline 0.009 -22"><span class='ocrx_word' id='word_1_969' title='bbox 1998 5760 2003 5765; x_wconf 22' lang='lat'><strong><em>1</em></strong></span> <span class='ocrx_word' id='word_1_970' title='bbox 2118 5690 2467 5759; x_wconf 86' lang='lat' dir='ltr'><strong>institutione,</strong></span> <span class='ocrx_word' id='word_1_971' title='bbox 2490 5708 2611 5766; x_wconf 65' lang='lat' dir='ltr'><strong>qua:</strong></span> <span class='ocrx_word' id='word_1_972' title='bbox 2627 5693 2903 5749; x_wconf 85' lang='lat' dir='ltr'><strong>benedicta</strong></span> <span class='ocrx_word' id='word_1_973' title='bbox 2931 5704 3013 5751; x_wconf 89' lang='lat' dir='ltr'><strong>est</strong></span> <span class='ocrx_word' id='word_1_974' title='bbox 3031 5736 3048 5765; x_wconf 96' lang='lat'><strong>,</strong></span> <span class='ocrx_word' id='word_1_975' title='bbox 3080 5695 3147 5751; x_wconf 89' lang='lat' dir='ltr'><strong>ad</strong></span> <span class='ocrx_word' id='word_1_976' title='bbox 3172 5708 3265 5753; x_wconf 90' lang='lat' dir='ltr'><strong>eas</strong></span> <span class='ocrx_word' id='word_1_977' title='bbox 3287 5696 3436 5754; x_wconf 82' lang='lat' dir='ltr'><strong>venit</strong></span> <span class='ocrx_word' id='word_1_978' title='bbox 3467 5713 3483 5752; x_wconf 91' lang='lat'><strong>:</strong></span> <span class='ocrx_word' id='word_1_979' title='bbox 3518 5699 3628 5757; x_wconf 87' lang='lat' dir='ltr'><strong>sed</strong></span> <span class='ocrx_word' id='word_1_980' title='bbox 3658 5704 3735 5759; x_wconf 88' lang='lat' dir='ltr'><strong>ab</strong></span> 
     </span>
    </p>
   </div>
   <div class='ocr_carea' id='block_1_119' title="bbox 2118 5796 3748 5953">
    <p class='ocr_par' dir='ltr' id='par_1_119' title="bbox 2118 5796 3748 5953">
     <span class='ocr_line' id='line_1_120' title="bbox 2118 5796 3748 5953; baseline 0.009 -77"><span class='ocrx_word' id='word_1_981' title='bbox 2118 5826 2336 5953; x_wconf 36' lang='grc' dir='ltr'><strong>φλέω.</strong></span> <span class='ocrx_word' id='word_1_982' title='bbox 2361 5832 2437 5877; x_wconf 81' lang='lat' dir='ltr'><strong>Er.</strong></span> <span class='ocrx_word' id='word_1_983' title='bbox 2463 5832 2517 5877; x_wconf 91' lang='lat' dir='ltr'><strong>et</strong></span> <span class='ocrx_word' id='word_1_984' title='bbox 2531 5796 2757 5890; x_wconf 82' lang='lat' dir='ltr'><strong>plerique</strong></span> <span class='ocrx_word' id='word_1_985' title='bbox 2776 5833 2907 5890; x_wconf 71' lang='lat' dir='ltr'><strong>Mss,</strong></span> <span class='ocrx_word' id='word_1_986' title='bbox 2925 5839 3124 5879; x_wconf 78' lang='lat' dir='ltr'><strong>causam</strong></span> <span class='ocrx_word' id='word_1_987' title='bbox 3144 5825 3264 5883; x_wconf 82' lang='lat' dir='ltr'><strong>mali</strong></span> <span class='ocrx_word' id='word_1_988' title='bbox 3294 5825 3468 5881; x_wconf 71' lang='lat' dir='ltr'><strong>bonam</strong></span> <span class='ocrx_word' id='word_1_989' title='bbox 3489 5843 3607 5885; x_wconf 74' lang='lat' dir='ltr'><strong>esse</strong></span> <span class='ocrx_word' id='word_1_990' title='bbox 3632 5848 3748 5890; x_wconf 72' lang='lat' dir='ltr'><strong>nos</strong></span> 
     </span>
    </p>
   </div>
  </div>
