  <div class='ocr_page' id='page_1' title='image "/cluster/home/n/w/nwhite01/storage/ocr_20150623/44-45/uva.x000217727/235.png"; bbox 0 0 3938 6518; ppageno 0'>
   <div class='ocr_carea' id='block_1_1' title="bbox 360 419 468 481">
    <p class='ocr_par' dir='ltr' id='par_1_1' title="bbox 360 419 468 481">
     <span class='ocr_line' id='line_1_1' title="bbox 360 419 468 481; baseline 0 0"><span class='ocrx_word' id='word_1_1' title='bbox 360 419 468 481; x_wconf 71' lang='grc' dir='ltr'><strong>ωδ</strong></span> 
     </span>
    </p>
   </div>
   <div class='ocr_carea' id='block_1_2' title="bbox 359 516 1944 608">
    <p class='ocr_par' dir='ltr' id='par_1_2' title="bbox 359 516 1944 608">
     <span class='ocr_line' id='line_1_2' title="bbox 359 516 1944 608; baseline -0.016 -14"><span class='ocrx_word' id='word_1_2' title='bbox 359 538 537 608; x_wconf 87' lang='lat' dir='ltr'><strong>ipsum</strong></span> <span class='ocrx_word' id='word_1_3' title='bbox 557 542 732 590; x_wconf 82' lang='lat' dir='ltr'><strong>autem</strong></span> <span class='ocrx_word' id='word_1_4' title='bbox 754 529 1018 585; x_wconf 78' lang='lat' dir='ltr'><strong>Christum</strong></span> <span class='ocrx_word' id='word_1_5' title='bbox 1046 527 1161 580; x_wconf 82' lang='lat' dir='ltr'><strong>sine</strong></span> <span class='ocrx_word' id='word_1_6' title='bbox 1183 523 1286 578; x_wconf 81' lang='lat' dir='ltr'><strong>line</strong></span> <span class='ocrx_word' id='word_1_7' title='bbox 1311 520 1503 577; x_wconf 77' lang='lat' dir='ltr'><strong>victuri</strong></span> <span class='ocrx_word' id='word_1_8' title='bbox 1525 527 1648 575; x_wconf 91' lang='lat' dir='ltr'><strong>sunt</strong></span> <span class='ocrx_word' id='word_1_9' title='bbox 1671 518 1694 572; x_wconf 88' lang='lat'><strong>?</strong></span> <span class='ocrx_word' id='word_1_10' title='bbox 1718 516 1789 578; x_wconf 76' lang='lat' dir='ltr'><strong>Et</strong></span> <span class='ocrx_word' id='word_1_11' title='bbox 1819 533 1944 582; x_wconf 88' lang='lat' dir='ltr'><strong>non,</strong></span> 
     </span>
    </p>
   </div>
   <div class='ocr_carea' id='block_1_3' title="bbox 361 612 1940 702">
    <p class='ocr_par' dir='ltr' id='par_1_3' title="bbox 361 612 1940 702">
     <span class='ocr_line' id='line_1_3' title="bbox 361 612 1940 702; baseline -0.015 -16"><span class='ocrx_word' id='word_1_12' title='bbox 361 630 569 702; x_wconf 80' lang='lat' dir='ltr'><strong>inquit,</strong></span> <span class='ocrx_word' id='word_1_13' title='bbox 610 627 736 684; x_wconf 88' lang='lat' dir='ltr'><strong>sicut</strong></span> <span class='ocrx_word' id='word_1_14' title='bbox 769 641 858 695; x_wconf 86' lang='lat' dir='ltr'><strong>per</strong></span> <span class='ocrx_word' id='word_1_15' title='bbox 893 637 1047 675; x_wconf 88' lang='lat' dir='ltr'><strong>unum</strong></span> <span class='ocrx_word' id='word_1_16' title='bbox 1077 625 1392 690; x_wconf 78' lang='lat' dir='ltr'><strong>peccantem,</strong></span> <span class='ocrx_word' id='word_1_17' title='bbox 1431 615 1504 668; x_wconf 88' lang='lat' dir='ltr'><strong>ita</strong></span> <span class='ocrx_word' id='word_1_18' title='bbox 1537 622 1609 668; x_wconf 85' lang='lat' dir='ltr'><strong>est</strong></span> <span class='ocrx_word' id='word_1_19' title='bbox 1645 621 1691 666; x_wconf 89' lang='lat' dir='ltr'><strong>et</strong></span> <span class='ocrx_word' id='word_1_20' title='bbox 1732 612 1940 664; x_wconf 85' lang='lat' dir='ltr'><strong>donum.</strong></span> 
     </span>
    </p>
   </div>
   <div class='ocr_carea' id='block_1_4' title="bbox 365 705 1942 790">
    <p class='ocr_par' dir='ltr' id='par_1_4' title="bbox 365 705 1942 790">
     <span class='ocr_line' id='line_1_4' title="bbox 365 705 1942 790; baseline -0.015 -13"><span class='ocrx_word' id='word_1_21' title='bbox 365 722 507 777; x_wconf 86' lang='lat' dir='ltr'><strong>Nam</strong></span> <span class='ocrx_word' id='word_1_22' title='bbox 524 719 774 790; x_wconf 82' lang='lat' dir='ltr'><strong>judicium</strong></span> <span class='ocrx_word' id='word_1_23' title='bbox 801 714 1000 785; x_wconf 79' lang='lat' dir='ltr'><strong>quidem</strong></span> <span class='ocrx_word' id='word_1_24' title='bbox 1025 727 1086 766; x_wconf 80' lang='lat' dir='ltr'><strong>ea:</strong></span> <span class='ocrx_word' id='word_1_25' title='bbox 1114 727 1214 764; x_wconf 90' lang='lat' dir='ltr'><strong>uno</strong></span> <span class='ocrx_word' id='word_1_26' title='bbox 1239 710 1291 763; x_wconf 91' lang='lat' dir='ltr'><strong>in</strong></span> <span class='ocrx_word' id='word_1_27' title='bbox 1315 705 1794 769; x_wconf 72' lang='lat' dir='ltr'><strong>condemnationem,</strong></span> <span class='ocrx_word' id='word_1_28' title='bbox 1823 717 1942 772; x_wconf 84' lang='lat' dir='ltr'><strong>gra-</strong></span> 
     </span>
    </p>
   </div>
   <div class='ocr_carea' id='block_1_5' title="bbox 364 793 1946 870">
    <p class='ocr_par' dir='ltr' id='par_1_5' title="bbox 364 793 1946 870">
     <span class='ocr_line' id='line_1_5' title="bbox 364 793 1946 870; baseline -0.013 -4"><span class='ocrx_word' id='word_1_29' title='bbox 364 814 436 866; x_wconf 89' lang='lat' dir='ltr'><strong>tia</strong></span> <span class='ocrx_word' id='word_1_30' title='bbox 460 820 626 864; x_wconf 90' lang='lat' dir='ltr'><strong>autem</strong></span> <span class='ocrx_word' id='word_1_31' title='bbox 655 823 716 862; x_wconf 71' lang='lat' dir='ltr'><strong>ex</strong></span> <span class='ocrx_word' id='word_1_32' title='bbox 743 804 914 860; x_wconf 88' lang='lat' dir='ltr'><strong>multis</strong></span> <span class='ocrx_word' id='word_1_33' title='bbox 941 803 1134 856; x_wconf 76' lang='lat' dir='ltr'><strong>delictis</strong></span> <span class='ocrx_word' id='word_1_34' title='bbox 1161 802 1214 854; x_wconf 90' lang='lat' dir='ltr'><strong>in</strong></span> <span class='ocrx_word' id='word_1_35' title='bbox 1247 798 1682 870; x_wconf 76' lang='lat' dir='ltr'><strong>justiﬁcationem.</strong></span> <span class='ocrx_word' id='word_1_36' title='bbox 1719 793 1802 848; x_wconf 81' lang='lat' dir='ltr'><strong>Ea:</strong></span> <span class='ocrx_word' id='word_1_37' title='bbox 1844 808 1946 846; x_wconf 84' lang='lat' dir='ltr'><strong>uno</strong></span> 
     </span>
    </p>
   </div>
   <div class='ocr_carea' id='block_1_6' title="bbox 361 886 1947 971">
    <p class='ocr_par' dir='ltr' id='par_1_6' title="bbox 361 886 1947 971">
     <span class='ocr_line' id='line_1_6' title="bbox 361 886 1947 971; baseline -0.014 -14"><span class='ocrx_word' id='word_1_38' title='bbox 361 915 513 971; x_wconf 80' lang='lat' dir='ltr'><strong>ergo,</strong></span> <span class='ocrx_word' id='word_1_39' title='bbox 539 897 684 970; x_wconf 91' lang='lat' dir='ltr'><strong>quid,</strong></span> <span class='ocrx_word' id='word_1_40' title='bbox 719 896 817 950; x_wconf 90' lang='lat' dir='ltr'><strong>nisi</strong></span> <span class='ocrx_word' id='word_1_41' title='bbox 845 892 1075 949; x_wconf 88' lang='lat' dir='ltr'><strong>delicto?</strong></span> <span class='ocrx_word' id='word_1_42' title='bbox 1089 891 1210 962; x_wconf 86' lang='lat' dir='ltr'><strong>quia</strong></span> <span class='ocrx_word' id='word_1_43' title='bbox 1232 890 1490 961; x_wconf 90' lang='lat' dir='ltr'><strong>sequitur,</strong></span> <span class='ocrx_word' id='word_1_44' title='bbox 1512 886 1677 958; x_wconf 86' lang='lat' dir='ltr'><strong>gratia</strong></span> <span class='ocrx_word' id='word_1_45' title='bbox 1697 892 1866 938; x_wconf 88' lang='lat' dir='ltr'><strong>autem</strong></span> <span class='ocrx_word' id='word_1_46' title='bbox 1885 898 1947 936; x_wconf 81' lang='lat' dir='ltr'><strong>ea:</strong></span> 
     </span>
    </p>
   </div>
   <div class='ocr_carea' id='block_1_7' title="bbox 363 977 1947 1056">
    <p class='ocr_par' dir='ltr' id='par_1_7' title="bbox 363 977 1947 1056">
     <span class='ocr_line' id='line_1_7' title="bbox 363 977 1947 1056; baseline -0.011 -9"><span class='ocrx_word' id='word_1_47' title='bbox 363 993 536 1047; x_wconf 88' lang='lat' dir='ltr'><strong>multis</strong></span> <span class='ocrx_word' id='word_1_48' title='bbox 565 990 780 1046; x_wconf 76' lang='lat' dir='ltr'><strong>delictis.</strong></span> <span class='ocrx_word' id='word_1_49' title='bbox 813 988 1002 1043; x_wconf 88' lang='lat' dir='ltr'><strong>Dicant</strong></span> <span class='ocrx_word' id='word_1_50' title='bbox 1041 985 1126 1041; x_wconf 87' lang='lat' dir='ltr'><strong>isti</strong></span> <span class='ocrx_word' id='word_1_51' title='bbox 1158 1026 1172 1050; x_wconf 93' lang='lat'><strong>,</strong></span> <span class='ocrx_word' id='word_1_52' title='bbox 1205 983 1475 1056; x_wconf 88' lang='lat' dir='ltr'><strong>quomodo</strong></span> <span class='ocrx_word' id='word_1_53' title='bbox 1513 997 1579 1036; x_wconf 86' lang='lat' dir='ltr'><strong>ex</strong></span> <span class='ocrx_word' id='word_1_54' title='bbox 1603 995 1708 1034; x_wconf 88' lang='lat' dir='ltr'><strong>uno</strong></span> <span class='ocrx_word' id='word_1_55' title='bbox 1752 977 1947 1032; x_wconf 90' lang='lat' dir='ltr'><strong>delicto</strong></span> 
     </span>
    </p>
   </div>
   <div class='ocr_carea' id='block_1_8' title="bbox 363 1068 1948 1146">
    <p class='ocr_par' dir='ltr' id='par_1_8' title="bbox 363 1068 1948 1146">
     <span class='ocr_line' id='line_1_8' title="bbox 363 1068 1948 1146; baseline -0.013 -7"><span class='ocrx_word' id='word_1_56' title='bbox 363 1085 414 1139; x_wconf 94' lang='lat' dir='ltr'><strong>in</strong></span> <span class='ocrx_word' id='word_1_57' title='bbox 461 1081 980 1144; x_wconf 81' lang='lat' dir='ltr'><strong>condemnationem,</strong></span> <span class='ocrx_word' id='word_1_58' title='bbox 1015 1078 1113 1131; x_wconf 89' lang='lat' dir='ltr'><strong>nisi</strong></span> <span class='ocrx_word' id='word_1_59' title='bbox 1143 1077 1262 1146; x_wconf 87' lang='lat' dir='ltr'><strong>quia</strong></span> <span class='ocrx_word' id='word_1_60' title='bbox 1295 1073 1491 1130; x_wconf 79' lang='lat' dir='ltr'><strong>sufﬁcit</strong></span> <span class='ocrx_word' id='word_1_61' title='bbox 1527 1071 1594 1126; x_wconf 92' lang='lat' dir='ltr'><strong>ad</strong></span> <span class='ocrx_word' id='word_1_62' title='bbox 1623 1068 1948 1124; x_wconf 86' lang='lat' dir='ltr'><strong>condemna-</strong></span> 
     </span>
    </p>
   </div>
   <div class='ocr_carea' id='block_1_9' title="bbox 363 1159 1948 1240">
    <p class='ocr_par' dir='ltr' id='par_1_9' title="bbox 363 1159 1948 1240">
     <span class='ocr_line' id='line_1_9' title="bbox 363 1159 1948 1240; baseline -0.015 -8"><span class='ocrx_word' id='word_1_63' title='bbox 363 1178 566 1232; x_wconf 83' lang='lat' dir='ltr'><strong>tionem</strong></span> <span class='ocrx_word' id='word_1_64' title='bbox 593 1174 752 1229; x_wconf 87' lang='lat' dir='ltr'><strong>etiam</strong></span> <span class='ocrx_word' id='word_1_65' title='bbox 782 1186 946 1226; x_wconf 74' lang='lat' dir='ltr'><strong>ultum</strong></span> <span class='ocrx_word' id='word_1_66' title='bbox 968 1167 1221 1240; x_wconf 80' lang='lat' dir='ltr'><strong>originale</strong></span> <span class='ocrx_word' id='word_1_67' title='bbox 1251 1163 1547 1236; x_wconf 86' lang='lat' dir='ltr'><strong>peccatum,</strong></span> <span class='ocrx_word' id='word_1_68' title='bbox 1580 1160 1718 1231; x_wconf 86' lang='lat' dir='ltr'><strong>quod</strong></span> <span class='ocrx_word' id='word_1_69' title='bbox 1749 1159 1799 1212; x_wconf 89' lang='lat' dir='ltr'><strong>in</strong></span> <span class='ocrx_word' id='word_1_70' title='bbox 1829 1173 1948 1211; x_wconf 86' lang='lat' dir='ltr'><strong>om-</strong></span> 
     </span>
    </p>
   </div>
   <div class='ocr_carea' id='block_1_10' title="bbox 364 1249 1950 1333">
    <p class='ocr_par' dir='ltr' id='par_1_10' title="bbox 364 1249 1950 1333">
     <span class='ocr_line' id='line_1_10' title="bbox 364 1249 1950 1333; baseline -0.013 -10"><span class='ocrx_word' id='word_1_71' title='bbox 364 1283 464 1324; x_wconf 85' lang='lat' dir='ltr'><strong>nes</strong></span> <span class='ocrx_word' id='word_1_72' title='bbox 494 1267 737 1320; x_wconf 87' lang='lat' dir='ltr'><strong>homines</strong></span> <span class='ocrx_word' id='word_1_73' title='bbox 766 1259 1116 1333; x_wconf 80' lang='lat' dir='ltr'><strong>pertransiit?</strong></span> <span class='ocrx_word' id='word_1_74' title='bbox 1158 1257 1338 1314; x_wconf 86' lang='lat' dir='ltr'><strong>Gratia</strong></span> <span class='ocrx_word' id='word_1_75' title='bbox 1368 1269 1496 1310; x_wconf 83' lang='lat' dir='ltr'><strong>vero</strong></span> <span class='ocrx_word' id='word_1_76' title='bbox 1527 1253 1648 1308; x_wconf 88' lang='lat' dir='ltr'><strong>ideo</strong></span> <span class='ocrx_word' id='word_1_77' title='bbox 1676 1267 1742 1306; x_wconf 84' lang='lat' dir='ltr'><strong>ex</strong></span> <span class='ocrx_word' id='word_1_78' title='bbox 1770 1249 1950 1304; x_wconf 91' lang='lat' dir='ltr'><strong>multis</strong></span> 
     </span>
    </p>
   </div>
   <div class='ocr_carea' id='block_1_11' title="bbox 369 1344 1952 1426">
    <p class='ocr_par' dir='ltr' id='par_1_11' title="bbox 369 1344 1952 1426">
     <span class='ocr_line' id='line_1_11' title="bbox 369 1344 1952 1426; baseline -0.011 -12"><span class='ocrx_word' id='word_1_79' title='bbox 369 1359 580 1414; x_wconf 83' lang='lat' dir='ltr'><strong>delictis</strong></span> <span class='ocrx_word' id='word_1_80' title='bbox 605 1359 656 1412; x_wconf 90' lang='lat' dir='ltr'><strong>in</strong></span> <span class='ocrx_word' id='word_1_81' title='bbox 673 1354 1130 1426; x_wconf 82' lang='lat' dir='ltr'><strong>justiticationem,</strong></span> <span class='ocrx_word' id='word_1_82' title='bbox 1157 1351 1284 1420; x_wconf 82' lang='lat' dir='ltr'><strong>quia</strong></span> <span class='ocrx_word' id='word_1_83' title='bbox 1313 1365 1416 1403; x_wconf 88' lang='lat' dir='ltr'><strong>non</strong></span> <span class='ocrx_word' id='word_1_84' title='bbox 1446 1347 1617 1402; x_wconf 89' lang='lat' dir='ltr'><strong>solum</strong></span> <span class='ocrx_word' id='word_1_85' title='bbox 1641 1344 1764 1399; x_wconf 90' lang='lat' dir='ltr'><strong>illud</strong></span> <span class='ocrx_word' id='word_1_86' title='bbox 1789 1358 1952 1397; x_wconf 89' lang='lat' dir='ltr'><strong>unum</strong></span> 
     </span>
    </p>
   </div>
   <div class='ocr_carea' id='block_1_12' title="bbox 365 1438 1951 1520">
    <p class='ocr_par' dir='ltr' id='par_1_12' title="bbox 365 1438 1951 1520">
     <span class='ocr_line' id='line_1_12' title="bbox 365 1438 1951 1520; baseline -0.012 -14"><span class='ocrx_word' id='word_1_87' title='bbox 365 1451 528 1506; x_wconf 78' lang='lat' dir='ltr'><strong>solvit</strong></span> <span class='ocrx_word' id='word_1_88' title='bbox 548 1493 564 1516; x_wconf 96' lang='lat'><strong>,</strong></span> <span class='ocrx_word' id='word_1_89' title='bbox 593 1448 734 1520; x_wconf 89' lang='lat' dir='ltr'><strong>quod</strong></span> <span class='ocrx_word' id='word_1_90' title='bbox 761 1445 1088 1517; x_wconf 82' lang='lat' dir='ltr'><strong>originaiiter</strong></span> <span class='ocrx_word' id='word_1_91' title='bbox 1117 1441 1344 1496; x_wconf 84' lang='lat' dir='ltr'><strong>trahitur</strong></span> <span class='ocrx_word' id='word_1_92' title='bbox 1371 1483 1387 1508; x_wconf 93' lang='lat'><strong>,</strong></span> <span class='ocrx_word' id='word_1_93' title='bbox 1419 1439 1512 1494; x_wconf 91' lang='lat' dir='ltr'><strong>sed</strong></span> <span class='ocrx_word' id='word_1_94' title='bbox 1541 1438 1700 1493; x_wconf 88' lang='lat' dir='ltr'><strong>etiam</strong></span> <span class='ocrx_word' id='word_1_95' title='bbox 1727 1443 1951 1502; x_wconf 68' lang='lat' dir='ltr'><strong>uetera,</strong></span> 
     </span>
    </p>
   </div>
   <div class='ocr_carea' id='block_1_13' title="bbox 323 1525 1956 1612">
    <p class='ocr_par' dir='ltr' id='par_1_13' title="bbox 323 1525 1956 1612">
     <span class='ocr_line' id='line_1_13' title="bbox 323 1525 1956 1612; baseline -0.012 -14"><span class='ocrx_word' id='word_1_96' title='bbox 323 1543 333 1568; x_wconf 84' lang='lat'>&#39;</span> <span class='ocrx_word' id='word_1_97' title='bbox 367 1557 490 1612; x_wconf 59' lang='lat' dir='ltr'><strong>quas</strong></span> <span class='ocrx_word' id='word_1_98' title='bbox 519 1541 574 1595; x_wconf 92' lang='lat' dir='ltr'><strong>in</strong></span> <span class='ocrx_word' id='word_1_99' title='bbox 617 1552 936 1608; x_wconf 89' lang='lat' dir='ltr'><strong>unoquoque</strong></span> <span class='ocrx_word' id='word_1_100' title='bbox 970 1535 1186 1590; x_wconf 83' lang='lat' dir='ltr'><strong>homine</strong></span> <span class='ocrx_word' id='word_1_101' title='bbox 1213 1541 1361 1587; x_wconf 91' lang='lat' dir='ltr'><strong>motu</strong></span> <span class='ocrx_word' id='word_1_102' title='bbox 1399 1530 1628 1601; x_wconf 82' lang='lat' dir='ltr'><strong>pr0pri:e</strong></span> <span class='ocrx_word' id='word_1_103' title='bbox 1669 1525 1956 1582; x_wconf 79' lang='lat' dir='ltr'><strong>voluntatis</strong></span> 
     </span>
    </p>
   </div>
   <div class='ocr_carea' id='block_1_14' title="bbox 368 1616 1956 1688">
    <p class='ocr_par' dir='ltr' id='par_1_14' title="bbox 368 1616 1956 1688">
     <span class='ocr_line' id='line_1_14' title="bbox 368 1616 1956 1688; baseline -0.013 1"><span class='ocrx_word' id='word_1_104' title='bbox 368 1633 656 1688; x_wconf 85' lang='lat' dir='ltr'><strong>adduntur.</strong></span> <span class='ocrx_word' id='word_1_105' title='bbox 705 1629 763 1684; x_wconf 91' lang='lat' dir='ltr'><strong>Si</strong></span> <span class='ocrx_word' id='word_1_106' title='bbox 805 1629 936 1682; x_wconf 85' lang='lat' dir='ltr'><strong>enim</strong></span> <span class='ocrx_word' id='word_1_107' title='bbox 987 1628 1047 1681; x_wconf 90' lang='lat' dir='ltr'><strong>ob</strong></span> <span class='ocrx_word' id='word_1_108' title='bbox 1081 1625 1230 1680; x_wconf 89' lang='lat' dir='ltr'><strong>unius</strong></span> <span class='ocrx_word' id='word_1_109' title='bbox 1275 1621 1515 1677; x_wconf 80' lang='lat' dir='ltr'><strong>delictum</strong></span> <span class='ocrx_word' id='word_1_110' title='bbox 1559 1635 1694 1673; x_wconf 87' lang='lat' dir='ltr'><strong>mors</strong></span> <span class='ocrx_word' id='word_1_111' title='bbox 1734 1616 1956 1688; x_wconf 85' lang='lat' dir='ltr'><strong>regnavit</strong></span> 
     </span>
    </p>
   </div>
   <div class='ocr_carea' id='block_1_15' title="bbox 369 1707 1958 1796">
    <p class='ocr_par' dir='ltr' id='par_1_15' title="bbox 369 1707 1958 1796">
     <span class='ocr_line' id='line_1_15' title="bbox 369 1707 1958 1796; baseline -0.013 -17"><span class='ocrx_word' id='word_1_112' title='bbox 369 1740 462 1796; x_wconf 79' lang='lat' dir='ltr'><strong>per</strong></span> <span class='ocrx_word' id='word_1_113' title='bbox 489 1738 679 1786; x_wconf 88' lang='lat' dir='ltr'><strong>unum,</strong></span> <span class='ocrx_word' id='word_1_114' title='bbox 709 1720 866 1773; x_wconf 88' lang='lat' dir='ltr'><strong>multo</strong></span> <span class='ocrx_word' id='word_1_115' title='bbox 896 1718 1056 1789; x_wconf 87' lang='lat' dir='ltr'><strong>magis</strong></span> <span class='ocrx_word' id='word_1_116' title='bbox 1084 1715 1168 1786; x_wconf 83' lang='lat' dir='ltr'><strong>qui</strong></span> <span class='ocrx_word' id='word_1_117' title='bbox 1187 1712 1550 1768; x_wconf 84' lang='lat' dir='ltr'><strong>abundantiam</strong></span> <span class='ocrx_word' id='word_1_118' title='bbox 1575 1707 1752 1780; x_wconf 70' lang='lat' dir='ltr'><strong>gratia:</strong></span> <span class='ocrx_word' id='word_1_119' title='bbox 1791 1715 1838 1761; x_wconf 89' lang='lat' dir='ltr'><strong>et</strong></span> <span class='ocrx_word' id='word_1_120' title='bbox 1865 1707 1958 1776; x_wconf 86' lang='lat' dir='ltr'><strong>ju-</strong></span> 
     </span>
    </p>
   </div>
   <div class='ocr_carea' id='block_1_16' title="bbox 334 1797 1960 1882">
    <p class='ocr_par' dir='ltr' id='par_1_16' title="bbox 334 1797 1960 1882">
     <span class='ocr_line' id='line_1_16' title="bbox 334 1797 1960 1882; baseline -0.014 -10"><span class='ocrx_word' id='word_1_121' title='bbox 334 1809 350 1876; x_wconf 60' lang='grc'><strong><em>,’</em></strong></span> <span class='ocrx_word' id='word_1_122' title='bbox 369 1817 521 1872; x_wconf 67' lang='grc' dir='ltr'><strong>διεξίω</strong></span> <span class='ocrx_word' id='word_1_123' title='bbox 539 1813 813 1882; x_wconf 84' lang='lat' dir='ltr'><strong>accipiunt,</strong></span> <span class='ocrx_word' id='word_1_124' title='bbox 838 1813 892 1866; x_wconf 91' lang='lat' dir='ltr'><strong>in</strong></span> <span class='ocrx_word' id='word_1_125' title='bbox 919 1811 1022 1863; x_wconf 77' lang='lat' dir='ltr'><strong>vita</strong></span> <span class='ocrx_word' id='word_1_126' title='bbox 1039 1807 1316 1880; x_wconf 78' lang='lat' dir='ltr'><strong>regnabant</strong></span> <span class='ocrx_word' id='word_1_127' title='bbox 1343 1821 1432 1876; x_wconf 83' lang='lat' dir='ltr'><strong>per</strong></span> <span class='ocrx_word' id='word_1_128' title='bbox 1446 1819 1605 1857; x_wconf 89' lang='lat' dir='ltr'><strong>unum</strong></span> <span class='ocrx_word' id='word_1_129' title='bbox 1614 1801 1794 1854; x_wconf 82' lang='lat' dir='ltr'><strong>Jesum</strong></span> <span class='ocrx_word' id='word_1_130' title='bbox 1811 1797 1960 1855; x_wconf 85' lang='lat' dir='ltr'><strong>Chri-</strong></span> 
     </span>
    </p>
   </div>
   <div class='ocr_carea' id='block_1_17' title="bbox 320 1891 1959 1975">
    <p class='ocr_par' dir='ltr' id='par_1_17' title="bbox 320 1891 1959 1975">
     <span class='ocr_line' id='line_1_17' title="bbox 320 1891 1959 1975; baseline -0.011 -14"><span class='ocrx_word' id='word_1_131' title='bbox 320 1918 328 1972; x_wconf 68' lang='lat' dir='ltr'><strong>i</strong></span> <span class='ocrx_word' id='word_1_132' title='bbox 370 1917 525 1961; x_wconf 85' lang='lat' dir='ltr'><strong>stum.</strong></span> <span class='ocrx_word' id='word_1_133' title='bbox 555 1904 734 1975; x_wconf 80' lang='lat' dir='ltr'><strong>Itaque</strong></span> <span class='ocrx_word' id='word_1_134' title='bbox 758 1903 884 1956; x_wconf 80' lang='lat' dir='ltr'><strong>sicut</strong></span> <span class='ocrx_word' id='word_1_135' title='bbox 907 1917 997 1972; x_wconf 82' lang='lat' dir='ltr'><strong>per</strong></span> <span class='ocrx_word' id='word_1_136' title='bbox 1017 1900 1168 1953; x_wconf 86' lang='lat' dir='ltr'><strong>unius</strong></span> <span class='ocrx_word' id='word_1_137' title='bbox 1194 1897 1429 1951; x_wconf 81' lang='lat' dir='ltr'><strong>delictum</strong></span> <span class='ocrx_word' id='word_1_138' title='bbox 1456 1895 1510 1948; x_wconf 90' lang='lat' dir='ltr'><strong>in</strong></span> <span class='ocrx_word' id='word_1_139' title='bbox 1545 1908 1715 1946; x_wconf 87' lang='lat' dir='ltr'><strong>onmes</strong></span> <span class='ocrx_word' id='word_1_140' title='bbox 1734 1891 1959 1946; x_wconf 79' lang='lat' dir='ltr'><strong>homines</strong></span> 
     </span>
    </p>
   </div>
   <div class='ocr_carea' id='block_1_18' title="bbox 307 1981 1960 2058">
    <p class='ocr_par' dir='ltr' id='par_1_18' title="bbox 307 1981 1960 2058">
     <span class='ocr_line' id='line_1_18' title="bbox 307 1981 1960 2058; baseline -0.011 -7"><span class='ocrx_word' id='word_1_141' title='bbox 307 1987 330 2045; x_wconf 67' lang='lat' dir='ltr'><strong>.i</strong></span> <span class='ocrx_word' id='word_1_142' title='bbox 372 1996 441 2051; x_wconf 87' lang='lat' dir='ltr'><strong>ad</strong></span> <span class='ocrx_word' id='word_1_143' title='bbox 466 1993 932 2050; x_wconf 85' lang='lat' dir='ltr'><strong>condemnationem</strong></span> <span class='ocrx_word' id='word_1_144' title='bbox 954 2032 970 2056; x_wconf 91' lang='lat'><strong>,</strong></span> <span class='ocrx_word' id='word_1_145' title='bbox 997 1990 1070 2042; x_wconf 90' lang='lat' dir='ltr'><strong>ita</strong></span> <span class='ocrx_word' id='word_1_146' title='bbox 1096 1997 1142 2042; x_wconf 88' lang='lat' dir='ltr'><strong>et</strong></span> <span class='ocrx_word' id='word_1_147' title='bbox 1181 2004 1269 2058; x_wconf 84' lang='lat' dir='ltr'><strong>per</strong></span> <span class='ocrx_word' id='word_1_148' title='bbox 1293 1987 1444 2040; x_wconf 86' lang='lat' dir='ltr'><strong>unius</strong></span> <span class='ocrx_word' id='word_1_149' title='bbox 1464 1983 1880 2055; x_wconf 82' lang='lat' dir='ltr'><strong>justiﬁcationem</strong></span> <span class='ocrx_word' id='word_1_150' title='bbox 1905 1981 1960 2033; x_wconf 90' lang='lat' dir='ltr'><strong>in</strong></span> 
     </span>
    </p>
   </div>
   <div class='ocr_carea' id='block_1_19' title="bbox 306 2061 1959 2152">
    <p class='ocr_par' dir='ltr' id='par_1_19' title="bbox 306 2061 1959 2152">
     <span class='ocr_line' id='line_1_19' title="bbox 306 2061 1959 2152; baseline -0.013 -9"><span class='ocrx_word' id='word_1_151' title='bbox 306 2061 339 2072; x_wconf 42' lang='grc' dir='ltr'><em>Η</em></span> <span class='ocrx_word' id='word_1_152' title='bbox 373 2101 544 2143; x_wconf 85' lang='lat' dir='ltr'><strong>omnes</strong></span> <span class='ocrx_word' id='word_1_153' title='bbox 569 2085 792 2140; x_wconf 79' lang='lat' dir='ltr'><strong>homines</strong></span> <span class='ocrx_word' id='word_1_154' title='bbox 821 2081 889 2135; x_wconf 87' lang='lat' dir='ltr'><strong>ad</strong></span> <span class='ocrx_word' id='word_1_155' title='bbox 919 2078 1338 2152; x_wconf 76' lang='lat' dir='ltr'><strong>justiﬁcationem</strong></span> <span class='ocrx_word' id='word_1_156' title='bbox 1365 2076 1498 2129; x_wconf 79' lang='lat' dir='ltr'><strong>oitcc.</strong></span> <span class='ocrx_word' id='word_1_157' title='bbox 1531 2072 1717 2128; x_wconf 82' lang='lat' dir='ltr'><strong>Adhuc</strong></span> <span class='ocrx_word' id='word_1_158' title='bbox 1745 2082 1959 2142; x_wconf 87' lang='lat' dir='ltr'><strong>perma-</strong></span> 
     </span>
    </p>
   </div>
   <div class='ocr_carea' id='block_1_20' title="bbox 373 2162 1959 2235">
    <p class='ocr_par' dir='ltr' id='par_1_20' title="bbox 373 2162 1959 2235">
     <span class='ocr_line' id='line_1_20' title="bbox 373 2162 1959 2235; baseline -0.013 0"><span class='ocrx_word' id='word_1_159' title='bbox 373 2187 536 2235; x_wconf 87' lang='lat' dir='ltr'><strong>neant</strong></span> <span class='ocrx_word' id='word_1_160' title='bbox 559 2179 614 2231; x_wconf 90' lang='lat' dir='ltr'><strong>in</strong></span> <span class='ocrx_word' id='word_1_161' title='bbox 643 2176 874 2229; x_wconf 81' lang='lat' dir='ltr'><strong>vanitate</strong></span> <span class='ocrx_word' id='word_1_162' title='bbox 901 2172 1094 2226; x_wconf 91' lang='lat' dir='ltr'><strong>mentis</strong></span> <span class='ocrx_word' id='word_1_163' title='bbox 1119 2185 1230 2224; x_wconf 77' lang='lat' dir='ltr'><strong>suae</strong></span> <span class='ocrx_word' id='word_1_164' title='bbox 1252 2210 1268 2235; x_wconf 96' lang='lat'><strong>,</strong></span> <span class='ocrx_word' id='word_1_165' title='bbox 1296 2177 1350 2224; x_wconf 90' lang='lat' dir='ltr'><strong>et</strong></span> <span class='ocrx_word' id='word_1_166' title='bbox 1377 2168 1558 2222; x_wconf 90' lang='lat' dir='ltr'><strong>dicant</strong></span> <span class='ocrx_word' id='word_1_167' title='bbox 1599 2179 1758 2219; x_wconf 90' lang='lat' dir='ltr'><strong>unum</strong></span> <span class='ocrx_word' id='word_1_168' title='bbox 1785 2162 1959 2216; x_wconf 87' lang='lat' dir='ltr'><strong>homi-</strong></span> 
     </span>
    </p>
   </div>
   <div class='ocr_carea' id='block_1_21' title="bbox 372 2257 1961 2336">
    <p class='ocr_par' dir='ltr' id='par_1_21' title="bbox 372 2257 1961 2336">
     <span class='ocr_line' id='line_1_21' title="bbox 372 2257 1961 2336; baseline -0.011 -11"><span class='ocrx_word' id='word_1_169' title='bbox 372 2284 497 2325; x_wconf 90' lang='lat' dir='ltr'><strong>nem</strong></span> <span class='ocrx_word' id='word_1_170' title='bbox 525 2283 628 2322; x_wconf 90' lang='lat' dir='ltr'><strong>non</strong></span> <span class='ocrx_word' id='word_1_171' title='bbox 655 2264 998 2336; x_wconf 82' lang='lat' dir='ltr'><strong>propaginem</strong></span> <span class='ocrx_word' id='word_1_172' title='bbox 1033 2261 1306 2331; x_wconf 74' lang='lat' dir='ltr'><strong>traiecisse</strong></span> <span class='ocrx_word' id='word_1_173' title='bbox 1325 2301 1340 2325; x_wconf 96' lang='lat'><strong>,</strong></span> <span class='ocrx_word' id='word_1_174' title='bbox 1371 2258 1467 2313; x_wconf 89' lang='lat' dir='ltr'><strong>sed</strong></span> <span class='ocrx_word' id='word_1_175' title='bbox 1489 2257 1792 2325; x_wconf 82' lang='lat' dir='ltr'><strong>exemplum</strong></span> <span class='ocrx_word' id='word_1_176' title='bbox 1823 2269 1961 2324; x_wconf 74' lang='lat' dir='ltr'><strong>prte—</strong></span> 
     </span>
    </p>
   </div>
   <div class='ocr_carea' id='block_1_22' title="bbox 371 2345 1963 2429">
    <p class='ocr_par' dir='ltr' id='par_1_22' title="bbox 371 2345 1963 2429">
     <span class='ocr_line' id='line_1_22' title="bbox 371 2345 1963 2429; baseline -0.013 -11"><span class='ocrx_word' id='word_1_177' title='bbox 371 2360 551 2418; x_wconf 90' lang='lat' dir='ltr'><strong>buisse</strong></span> <span class='ocrx_word' id='word_1_178' title='bbox 587 2357 812 2429; x_wconf 86' lang='lat' dir='ltr'><strong>peccati.</strong></span> <span class='ocrx_word' id='word_1_179' title='bbox 840 2351 1122 2424; x_wconf 84' lang='lat' dir='ltr'><strong>Quomodo</strong></span> <span class='ocrx_word' id='word_1_180' title='bbox 1163 2365 1289 2420; x_wconf 86' lang='lat' dir='ltr'><strong>ergo</strong></span> <span class='ocrx_word' id='word_1_181' title='bbox 1330 2365 1418 2421; x_wconf 82' lang='lat' dir='ltr'><strong>per</strong></span> <span class='ocrx_word' id='word_1_182' title='bbox 1445 2349 1593 2402; x_wconf 86' lang='lat' dir='ltr'><strong>unius</strong></span> <span class='ocrx_word' id='word_1_183' title='bbox 1635 2346 1872 2400; x_wconf 81' lang='lat' dir='ltr'><strong>delictum</strong></span> <span class='ocrx_word' id='word_1_184' title='bbox 1909 2345 1963 2398; x_wconf 87' lang='lat' dir='ltr'><strong>in</strong></span> 
     </span>
    </p>
   </div>
   <div class='ocr_carea' id='block_1_23' title="bbox 371 2439 1964 2508">
    <p class='ocr_par' dir='ltr' id='par_1_23' title="bbox 371 2439 1964 2508">
     <span class='ocr_line' id='line_1_23' title="bbox 371 2439 1964 2508; baseline -0.011 -1"><span class='ocrx_word' id='word_1_185' title='bbox 371 2467 545 2507; x_wconf 86' lang='lat' dir='ltr'><strong>omnes</strong></span> <span class='ocrx_word' id='word_1_186' title='bbox 571 2451 795 2503; x_wconf 86' lang='lat' dir='ltr'><strong>homines</strong></span> <span class='ocrx_word' id='word_1_187' title='bbox 827 2447 894 2500; x_wconf 91' lang='lat' dir='ltr'><strong>ad</strong></span> <span class='ocrx_word' id='word_1_188' title='bbox 919 2443 1387 2500; x_wconf 88' lang='lat' dir='ltr'><strong>condemnationem</strong></span> <span class='ocrx_word' id='word_1_189' title='bbox 1407 2481 1422 2505; x_wconf 94' lang='lat'><strong>,</strong></span> <span class='ocrx_word' id='word_1_190' title='bbox 1454 2447 1634 2496; x_wconf 88' lang='lat' dir='ltr'><strong>etnon</strong></span> <span class='ocrx_word' id='word_1_191' title='bbox 1667 2439 1841 2508; x_wconf 89' lang='lat' dir='ltr'><strong>potius</strong></span> <span class='ocrx_word' id='word_1_192' title='bbox 1871 2451 1964 2506; x_wconf 87' lang='lat' dir='ltr'><strong>per</strong></span> 
     </span>
    </p>
   </div>
   <div class='ocr_carea' id='block_1_24' title="bbox 375 2528 1966 2611">
    <p class='ocr_par' dir='ltr' id='par_1_24' title="bbox 375 2528 1966 2611">
     <span class='ocr_line' id='line_1_24' title="bbox 375 2528 1966 2611; baseline -0.011 -12"><span class='ocrx_word' id='word_1_193' title='bbox 375 2544 540 2599; x_wconf 86' lang='lat' dir='ltr'><strong>multa</strong></span> <span class='ocrx_word' id='word_1_194' title='bbox 573 2556 668 2598; x_wconf 87' lang='lat' dir='ltr'><strong>sua</strong></span> <span class='ocrx_word' id='word_1_195' title='bbox 707 2540 964 2611; x_wconf 83' lang='lat' dir='ltr'><strong>cujusque</strong></span> <span class='ocrx_word' id='word_1_196' title='bbox 1001 2536 1198 2592; x_wconf 89' lang='lat' dir='ltr'><strong>delicta</strong></span> <span class='ocrx_word' id='word_1_197' title='bbox 1226 2553 1240 2588; x_wconf 92' lang='lat'><strong>:</strong></span> <span class='ocrx_word' id='word_1_198' title='bbox 1271 2534 1371 2588; x_wconf 89' lang='lat' dir='ltr'><strong>nisi</strong></span> <span class='ocrx_word' id='word_1_199' title='bbox 1400 2533 1522 2602; x_wconf 89' lang='lat' dir='ltr'><strong>quia</strong></span> <span class='ocrx_word' id='word_1_200' title='bbox 1561 2531 1720 2586; x_wconf 91' lang='lat' dir='ltr'><strong>etiam</strong></span> <span class='ocrx_word' id='word_1_201' title='bbox 1759 2529 1806 2584; x_wconf 88' lang='lat' dir='ltr'><strong>si</strong></span> <span class='ocrx_word' id='word_1_202' title='bbox 1835 2528 1966 2583; x_wconf 88' lang='lat' dir='ltr'><strong>illud</strong></span> 
     </span>
    </p>
   </div>
   <div class='ocr_carea' id='block_1_25' title="bbox 375 2621 1966 2698">
    <p class='ocr_par' dir='ltr' id='par_1_25' title="bbox 375 2621 1966 2698">
     <span class='ocr_line' id='line_1_25' title="bbox 375 2621 1966 2698; baseline -0.011 -5"><span class='ocrx_word' id='word_1_203' title='bbox 375 2653 540 2693; x_wconf 87' lang='lat' dir='ltr'><strong>unum</strong></span> <span class='ocrx_word' id='word_1_204' title='bbox 561 2637 630 2690; x_wconf 91' lang='lat' dir='ltr'><strong>sit</strong></span> <span class='ocrx_word' id='word_1_205' title='bbox 651 2642 854 2688; x_wconf 88' lang='lat' dir='ltr'><strong>tantum</strong></span> <span class='ocrx_word' id='word_1_206' title='bbox 878 2673 894 2698; x_wconf 93' lang='lat'><strong>,</strong></span> <span class='ocrx_word' id='word_1_207' title='bbox 921 2631 1170 2684; x_wconf 90' lang='lat' dir='ltr'><strong>idoneum</strong></span> <span class='ocrx_word' id='word_1_208' title='bbox 1215 2635 1298 2682; x_wconf 89' lang='lat' dir='ltr'><strong>est</strong></span> <span class='ocrx_word' id='word_1_209' title='bbox 1337 2625 1632 2698; x_wconf 86' lang='lat' dir='ltr'><strong>perducere</strong></span> <span class='ocrx_word' id='word_1_210' title='bbox 1671 2623 1738 2677; x_wconf 88' lang='lat' dir='ltr'><strong>ad</strong></span> <span class='ocrx_word' id='word_1_211' title='bbox 1771 2621 1966 2676; x_wconf 89' lang='lat' dir='ltr'><strong>conde-</strong></span> 
     </span>
    </p>
   </div>
   <div class='ocr_carea' id='block_1_26' title="bbox 375 2714 1963 2790">
    <p class='ocr_par' dir='ltr' id='par_1_26' title="bbox 375 2714 1963 2790">
     <span class='ocr_line' id='line_1_26' title="bbox 375 2714 1963 2790; baseline -0.01 -6"><span class='ocrx_word' id='word_1_212' title='bbox 375 2727 720 2790; x_wconf 89' lang='lat' dir='ltr'><strong>mnationem,</strong></span> <span class='ocrx_word' id='word_1_213' title='bbox 745 2725 906 2780; x_wconf 89' lang='lat' dir='ltr'><strong>etiam</strong></span> <span class='ocrx_word' id='word_1_214' title='bbox 935 2721 1095 2776; x_wconf 91' lang='lat' dir='ltr'><strong>nullis</strong></span> <span class='ocrx_word' id='word_1_215' title='bbox 1125 2719 1318 2774; x_wconf 88' lang='lat' dir='ltr'><strong>additis</strong></span> <span class='ocrx_word' id='word_1_216' title='bbox 1337 2717 1573 2783; x_wconf 69' lang='lat' dir='ltr'><strong>creteris;</strong></span> <span class='ocrx_word' id='word_1_217' title='bbox 1604 2717 1741 2772; x_wconf 86' lang='lat' dir='ltr'><strong>sicut</strong></span> <span class='ocrx_word' id='word_1_218' title='bbox 1764 2714 1963 2785; x_wconf 88' lang='lat' dir='ltr'><strong>perdu-</strong></span> 
     </span>
    </p>
   </div>
   <div class='ocr_carea' id='block_1_27' title="bbox 375 2806 1964 2888">
    <p class='ocr_par' dir='ltr' id='par_1_27' title="bbox 375 2806 1964 2888">
     <span class='ocr_line' id='line_1_27' title="bbox 375 2806 1964 2888; baseline -0.009 -13"><span class='ocrx_word' id='word_1_219' title='bbox 375 2825 450 2876; x_wconf 89' lang='lat' dir='ltr'><strong>cit</strong></span> <span class='ocrx_word' id='word_1_220' title='bbox 477 2817 727 2888; x_wconf 90' lang='lat' dir='ltr'><strong>parvulos</strong></span> <span class='ocrx_word' id='word_1_221' title='bbox 757 2814 1046 2869; x_wconf 87' lang='lat' dir='ltr'><strong>morientes</strong></span> <span class='ocrx_word' id='word_1_222' title='bbox 1073 2813 1162 2883; x_wconf 91' lang='lat' dir='ltr'><strong>qui</strong></span> <span class='ocrx_word' id='word_1_223' title='bbox 1191 2827 1258 2865; x_wconf 86' lang='lat' dir='ltr'><strong>ex</strong></span> <span class='ocrx_word' id='word_1_224' title='bbox 1287 2809 1454 2865; x_wconf 90' lang='lat' dir='ltr'><strong>Adam</strong></span> <span class='ocrx_word' id='word_1_225' title='bbox 1481 2816 1772 2886; x_wconf 86' lang='lat' dir='ltr'><strong>nascuntur</strong></span> <span class='ocrx_word' id='word_1_226' title='bbox 1795 2849 1811 2874; x_wconf 93' lang='lat'><strong>,</strong></span> <span class='ocrx_word' id='word_1_227' title='bbox 1841 2807 1884 2861; x_wconf 92' lang='lat' dir='ltr'><strong>si</strong></span> <span class='ocrx_word' id='word_1_228' title='bbox 1912 2806 1964 2860; x_wconf 90' lang='lat' dir='ltr'><strong>in</strong></span> 
     </span>
    </p>
   </div>
   <div class='ocr_carea' id='block_1_28' title="bbox 377 2899 1970 2972">
    <p class='ocr_par' dir='ltr' id='par_1_28' title="bbox 377 2899 1970 2972">
     <span class='ocr_line' id='line_1_28' title="bbox 377 2899 1970 2972; baseline -0.008 -6"><span class='ocrx_word' id='word_1_229' title='bbox 377 2909 592 2966; x_wconf 89' lang='lat' dir='ltr'><strong>Christo</strong></span> <span class='ocrx_word' id='word_1_230' title='bbox 615 2915 721 2962; x_wconf 84' lang='lat' dir='ltr'><strong>non</strong></span> <span class='ocrx_word' id='word_1_231' title='bbox 753 2903 1147 2961; x_wconf 84' lang='lat' dir='ltr'><strong>renascantur?</strong></span> <span class='ocrx_word' id='word_1_232' title='bbox 1183 2901 1320 2970; x_wconf 87' lang='lat' dir='ltr'><strong>Quid</strong></span> <span class='ocrx_word' id='word_1_233' title='bbox 1356 2917 1484 2972; x_wconf 85' lang='lat' dir='ltr'><strong>ergo</strong></span> <span class='ocrx_word' id='word_1_234' title='bbox 1529 2916 1558 2954; x_wconf 91' lang='lat' dir='ltr'><strong>a</strong></span> <span class='ocrx_word' id='word_1_235' title='bbox 1598 2899 1749 2955; x_wconf 86' lang='lat' dir='ltr'><strong>nobis</strong></span> <span class='ocrx_word' id='word_1_236' title='bbox 1777 2899 1970 2970; x_wconf 71' lang='lat' dir='ltr'><strong>quterit</strong></span> 
     </span>
    </p>
   </div>
   <div class='ocr_carea' id='block_1_29' title="bbox 378 2992 1968 3072">
    <p class='ocr_par' dir='ltr' id='par_1_29' title="bbox 378 2992 1968 3072">
     <span class='ocr_line' id='line_1_29' title="bbox 378 2992 1968 3072; baseline -0.008 -14"><span class='ocrx_word' id='word_1_237' title='bbox 378 3005 482 3058; x_wconf 90' lang='lat' dir='ltr'><strong>iste</strong></span> <span class='ocrx_word' id='word_1_238' title='bbox 505 3043 520 3067; x_wconf 93' lang='lat'><strong>,</strong></span> <span class='ocrx_word' id='word_1_239' title='bbox 541 3001 684 3072; x_wconf 90' lang='lat' dir='ltr'><strong>quod</strong></span> <span class='ocrx_word' id='word_1_240' title='bbox 715 3002 730 3032; x_wconf 80' lang='grc'>⁸</span> <span class='ocrx_word' id='word_1_241' title='bbox 760 3014 864 3054; x_wconf 91' lang='lat' dir='ltr'><strong>non</strong></span> <span class='ocrx_word' id='word_1_242' title='bbox 895 2998 1010 3052; x_wconf 82' lang='lat' dir='ltr'><strong>vult</strong></span> <span class='ocrx_word' id='word_1_243' title='bbox 1024 2996 1092 3051; x_wconf 89' lang='lat' dir='ltr'><strong>ad</strong></span> <span class='ocrx_word' id='word_1_244' title='bbox 1118 2995 1379 3066; x_wconf 82' lang='lat' dir='ltr'><strong>Apostolo</strong></span> <span class='ocrx_word' id='word_1_245' title='bbox 1403 2994 1588 3048; x_wconf 89' lang='lat' dir='ltr'><strong>audire</strong></span> <span class='ocrx_word' id='word_1_246' title='bbox 1607 3035 1622 3059; x_wconf 97' lang='lat'><strong>,</strong></span> <span class='ocrx_word' id='word_1_247' title='bbox 1660 3011 1680 3044; x_wconf 73' lang='grc' dir='ltr'><strong><em>ι</em></strong></span> <span class='ocrx_word' id='word_1_248' title='bbox 1719 3008 1815 3063; x_wconf 88' lang='lat' dir='ltr'><strong>per</strong></span> <span class='ocrx_word' id='word_1_249' title='bbox 1843 2992 1968 3062; x_wconf 91' lang='lat' dir='ltr'><strong>quid</strong></span> 
     </span>
    </p>
   </div>
   <div class='ocr_carea' id='block_1_30' title="bbox 377 3084 1967 3164">
    <p class='ocr_par' dir='ltr' id='par_1_30' title="bbox 377 3084 1967 3164">
     <span class='ocr_line' id='line_1_30' title="bbox 377 3084 1967 3164; baseline -0.008 -14"><span class='ocrx_word' id='word_1_250' title='bbox 377 3102 654 3164; x_wconf 86' lang='lat' dir='ltr'><strong>peccatum</strong></span> <span class='ocrx_word' id='word_1_251' title='bbox 687 3089 986 3146; x_wconf 86' lang='lat' dir='ltr'><strong>inveniatur</strong></span> <span class='ocrx_word' id='word_1_252' title='bbox 1009 3091 1060 3142; x_wconf 91' lang='lat' dir='ltr'><strong>in</strong></span> <span class='ocrx_word' id='word_1_253' title='bbox 1091 3087 1314 3158; x_wconf 85' lang='lat' dir='ltr'><strong>parvulo</strong></span> <span class='ocrx_word' id='word_1_254' title='bbox 1343 3101 1358 3152; x_wconf 92' lang='lat'><strong>;</strong></span> <span class='ocrx_word' id='word_1_255' title='bbox 1389 3093 1569 3140; x_wconf 90' lang='lat' dir='ltr'><strong>utrum</strong></span> <span class='ocrx_word' id='word_1_256' title='bbox 1597 3099 1694 3155; x_wconf 89' lang='lat' dir='ltr'><strong>per</strong></span> <span class='ocrx_word' id='word_1_257' title='bbox 1719 3084 1967 3139; x_wconf 89' lang='lat' dir='ltr'><strong>volunta-</strong></span> 
     </span>
    </p>
   </div>
   <div class='ocr_carea' id='block_1_31' title="bbox 378 3174 1971 3254">
    <p class='ocr_par' dir='ltr' id='par_1_31' title="bbox 378 3174 1971 3254">
     <span class='ocr_line' id='line_1_31' title="bbox 378 3174 1971 3254; baseline -0.009 -14"><span class='ocrx_word' id='word_1_258' title='bbox 378 3194 485 3240; x_wconf 87' lang='lat' dir='ltr'><strong>tem</strong></span> <span class='ocrx_word' id='word_1_259' title='bbox 506 3227 524 3254; x_wconf 96' lang='lat'><strong>,</strong></span> <span class='ocrx_word' id='word_1_260' title='bbox 545 3200 610 3239; x_wconf 91' lang='lat' dir='ltr'><strong>an</strong></span> <span class='ocrx_word' id='word_1_261' title='bbox 641 3199 738 3254; x_wconf 89' lang='lat' dir='ltr'><strong>per</strong></span> <span class='ocrx_word' id='word_1_262' title='bbox 761 3181 974 3252; x_wconf 87' lang='lat' dir='ltr'><strong>nuptias</strong></span> <span class='ocrx_word' id='word_1_263' title='bbox 993 3219 1009 3246; x_wconf 92' lang='lat'><strong>,</strong></span> <span class='ocrx_word' id='word_1_264' title='bbox 1032 3193 1098 3232; x_wconf 88' lang='lat' dir='ltr'><strong>an</strong></span> <span class='ocrx_word' id='word_1_265' title='bbox 1126 3193 1220 3247; x_wconf 88' lang='lat' dir='ltr'><strong>per</strong></span> <span class='ocrx_word' id='word_1_266' title='bbox 1247 3185 1499 3247; x_wconf 87' lang='lat' dir='ltr'><strong>parentes</strong></span> <span class='ocrx_word' id='word_1_267' title='bbox 1527 3177 1550 3230; x_wconf 88' lang='lat'><strong>?</strong></span> <span class='ocrx_word' id='word_1_268' title='bbox 1583 3195 1601 3228; x_wconf 72' lang='grc' dir='ltr'>ι</span> <span class='ocrx_word' id='word_1_269' title='bbox 1633 3175 1772 3231; x_wconf 87' lang='lat' dir='ltr'><strong>Ecce</strong></span> <span class='ocrx_word' id='word_1_270' title='bbox 1791 3174 1971 3230; x_wconf 88' lang='lat' dir='ltr'><strong>audiat</strong></span> 
     </span>
    </p>
   </div>
   <div class='ocr_carea' id='block_1_32' title="bbox 379 3266 1970 3346">
    <p class='ocr_par' dir='ltr' id='par_1_32' title="bbox 379 3266 1970 3346">
     <span class='ocr_line' id='line_1_32' title="bbox 379 3266 1970 3346; baseline -0.008 -15"><span class='ocrx_word' id='word_1_271' title='bbox 379 3291 478 3346; x_wconf 87' lang='lat' dir='ltr'><strong>per</strong></span> <span class='ocrx_word' id='word_1_272' title='bbox 501 3274 628 3345; x_wconf 89' lang='lat' dir='ltr'><strong>quid</strong></span> <span class='ocrx_word' id='word_1_273' title='bbox 650 3315 663 3338; x_wconf 90' lang='lat'><strong>,</strong></span> <span class='ocrx_word' id='word_1_274' title='bbox 695 3272 875 3327; x_wconf 88' lang='lat' dir='ltr'><strong>audiat</strong></span> <span class='ocrx_word' id='word_1_275' title='bbox 898 3280 954 3326; x_wconf 92' lang='lat' dir='ltr'><strong>et</strong></span> <span class='ocrx_word' id='word_1_276' title='bbox 979 3278 1186 3332; x_wconf 88' lang='lat' dir='ltr'><strong>taceat,</strong></span> <span class='ocrx_word' id='word_1_277' title='bbox 1217 3283 1311 3338; x_wconf 87' lang='lat' dir='ltr'><strong>per</strong></span> <span class='ocrx_word' id='word_1_278' title='bbox 1341 3267 1467 3338; x_wconf 91' lang='lat' dir='ltr'><strong>quid</strong></span> <span class='ocrx_word' id='word_1_279' title='bbox 1501 3275 1778 3337; x_wconf 90' lang='lat' dir='ltr'><strong>peccatum</strong></span> <span class='ocrx_word' id='word_1_280' title='bbox 1817 3266 1970 3319; x_wconf 88' lang='lat' dir='ltr'><strong>inve-</strong></span> 
     </span>
    </p>
   </div>
   <div class='ocr_carea' id='block_1_33' title="bbox 379 3357 1972 3434">
    <p class='ocr_par' dir='ltr' id='par_1_33' title="bbox 379 3357 1972 3434">
     <span class='ocr_line' id='line_1_33' title="bbox 379 3357 1972 3434; baseline -0.009 -11"><span class='ocrx_word' id='word_1_281' title='bbox 379 3369 556 3423; x_wconf 88' lang='lat' dir='ltr'><strong>niatur</strong></span> <span class='ocrx_word' id='word_1_282' title='bbox 603 3367 656 3419; x_wconf 90' lang='lat' dir='ltr'><strong>in</strong></span> <span class='ocrx_word' id='word_1_283' title='bbox 697 3363 917 3434; x_wconf 89' lang='lat' dir='ltr'><strong>parvulo</strong></span> <span class='ocrx_word' id='word_1_284' title='bbox 945 3379 960 3416; x_wconf 91' lang='lat'>:</span> <span class='ocrx_word' id='word_1_285' title='bbox 991 3359 1095 3415; x_wconf 83' lang='lat' dir='ltr'><strong>Per</strong></span> <span class='ocrx_word' id='word_1_286' title='bbox 1133 3360 1285 3413; x_wconf 86' lang='lat' dir='ltr'><strong>unius</strong></span> <span class='ocrx_word' id='word_1_287' title='bbox 1313 3358 1582 3424; x_wconf 88' lang='lat' dir='ltr'><strong>delictum,</strong></span> <span class='ocrx_word' id='word_1_288' title='bbox 1613 3357 1784 3428; x_wconf 88' lang='lat' dir='ltr'><strong>inquit</strong></span> <span class='ocrx_word' id='word_1_289' title='bbox 1823 3357 1972 3434; x_wconf 84' lang='lat' dir='ltr'><strong>Apo—</strong></span> 
     </span>
    </p>
   </div>
   <div class='ocr_carea' id='block_1_34' title="bbox 381 3429 1972 3520">
    <p class='ocr_par' dir='ltr' id='par_1_34' title="bbox 381 3429 1972 3520">
     <span class='ocr_line' id='line_1_34' title="bbox 381 3429 1972 3520; baseline -0.009 -4"><span class='ocrx_word' id='word_1_290' title='bbox 381 3459 555 3516; x_wconf 82' lang='lat' dir='ltr'><strong>stolus</strong></span> <span class='ocrx_word' id='word_1_291' title='bbox 577 3497 592 3520; x_wconf 89' lang='lat'><strong>,</strong></span> <span class='ocrx_word' id='word_1_292' title='bbox 625 3457 680 3510; x_wconf 91' lang='lat' dir='ltr'><strong>in</strong></span> <span class='ocrx_word' id='word_1_293' title='bbox 697 3429 880 3509; x_wconf 66' lang='lat' dir='ltr'><strong>omnes</strong></span> <span class='ocrx_word' id='word_1_294' title='bbox 913 3453 1138 3508; x_wconf 81' lang='lat' dir='ltr'><strong>homines</strong></span> <span class='ocrx_word' id='word_1_295' title='bbox 1166 3451 1233 3504; x_wconf 89' lang='lat' dir='ltr'><strong>ad</strong></span> <span class='ocrx_word' id='word_1_296' title='bbox 1261 3450 1744 3504; x_wconf 87' lang='lat' dir='ltr'><strong>condemnationem.</strong></span> <span class='ocrx_word' id='word_1_297' title='bbox 1773 3429 1972 3502; x_wconf 69' lang='lat' dir='ltr'><strong>Otones</strong></span> 
     </span>
    </p>
   </div>
   <div class='ocr_carea' id='block_1_35' title="bbox 383 3542 1972 3612">
    <p class='ocr_par' dir='ltr' id='par_1_35' title="bbox 383 3542 1972 3612">
     <span class='ocr_line' id='line_1_35' title="bbox 383 3542 1972 3612; baseline -0.008 -5"><span class='ocrx_word' id='word_1_298' title='bbox 383 3561 562 3606; x_wconf 88' lang='lat' dir='ltr'><strong>autem</strong></span> <span class='ocrx_word' id='word_1_299' title='bbox 589 3549 724 3604; x_wconf 82' lang='lat' dir='ltr'><strong>dixit</strong></span> <span class='ocrx_word' id='word_1_300' title='bbox 744 3547 812 3602; x_wconf 89' lang='lat' dir='ltr'><strong>ad</strong></span> <span class='ocrx_word' id='word_1_301' title='bbox 837 3545 1334 3602; x_wconf 89' lang='lat' dir='ltr'><strong>condemnationem</strong></span> <span class='ocrx_word' id='word_1_302' title='bbox 1359 3556 1459 3612; x_wconf 88' lang='lat' dir='ltr'><strong>per</strong></span> <span class='ocrx_word' id='word_1_303' title='bbox 1487 3542 1678 3606; x_wconf 88' lang='lat' dir='ltr'><strong>Adam,</strong></span> <span class='ocrx_word' id='word_1_304' title='bbox 1703 3550 1758 3596; x_wconf 89' lang='lat' dir='ltr'><strong>et</strong></span> <span class='ocrx_word' id='word_1_305' title='bbox 1786 3555 1972 3596; x_wconf 90' lang='lat' dir='ltr'><strong>omnes</strong></span> 
     </span>
    </p>
   </div>
   <div class='ocr_carea' id='block_1_36' title="bbox 381 3633 1970 3710">
    <p class='ocr_par' dir='ltr' id='par_1_36' title="bbox 381 3633 1970 3710">
     <span class='ocr_line' id='line_1_36' title="bbox 381 3633 1970 3710; baseline -0.007 -14"><span class='ocrx_word' id='word_1_306' title='bbox 381 3640 450 3696; x_wconf 90' lang='lat' dir='ltr'><strong>ad</strong></span> <span class='ocrx_word' id='word_1_307' title='bbox 493 3639 930 3710; x_wconf 82' lang='lat' dir='ltr'><strong>justiﬁeationem</strong></span> <span class='ocrx_word' id='word_1_308' title='bbox 977 3651 1072 3705; x_wconf 87' lang='lat' dir='ltr'><strong>per</strong></span> <span class='ocrx_word' id='word_1_309' title='bbox 1110 3634 1379 3690; x_wconf 87' lang='lat' dir='ltr'><strong>Christum</strong></span> <span class='ocrx_word' id='word_1_310' title='bbox 1412 3650 1427 3699; x_wconf 90' lang='lat'><strong>;</strong></span> <span class='ocrx_word' id='word_1_311' title='bbox 1471 3647 1591 3688; x_wconf 92' lang='lat' dir='ltr'><strong>eum</strong></span> <span class='ocrx_word' id='word_1_312' title='bbox 1631 3633 1816 3702; x_wconf 82' lang='lat' dir='ltr'><strong>utique</strong></span> <span class='ocrx_word' id='word_1_313' title='bbox 1865 3647 1970 3686; x_wconf 93' lang='lat' dir='ltr'><strong>non</strong></span> 
     </span>
    </p>
   </div>
   <div class='ocr_carea' id='block_1_37' title="bbox 383 3722 1976 3798">
    <p class='ocr_par' dir='ltr' id='par_1_37' title="bbox 383 3722 1976 3798">
     <span class='ocr_line' id='line_1_37' title="bbox 383 3722 1976 3798; baseline -0.006 -12"><span class='ocrx_word' id='word_1_314' title='bbox 383 3745 573 3786; x_wconf 88' lang='lat' dir='ltr'><strong>omnes</strong></span> <span class='ocrx_word' id='word_1_315' title='bbox 601 3744 694 3784; x_wconf 89' lang='lat' dir='ltr'><strong>eos</strong></span> <span class='ocrx_word' id='word_1_316' title='bbox 721 3729 812 3798; x_wconf 90' lang='lat' dir='ltr'><strong>qui</strong></span> <span class='ocrx_word' id='word_1_317' title='bbox 849 3728 1147 3782; x_wconf 88' lang='lat' dir='ltr'><strong>moriuntur</strong></span> <span class='ocrx_word' id='word_1_318' title='bbox 1175 3725 1230 3780; x_wconf 89' lang='lat' dir='ltr'><strong>in</strong></span> <span class='ocrx_word' id='word_1_319' title='bbox 1259 3725 1428 3780; x_wconf 86' lang='lat' dir='ltr'><strong>Adam</strong></span> <span class='ocrx_word' id='word_1_320' title='bbox 1448 3765 1463 3790; x_wconf 96' lang='lat'><strong>,</strong></span> <span class='ocrx_word' id='word_1_321' title='bbox 1497 3722 1785 3780; x_wconf 77' lang='lat' dir='ltr'><strong>transferat</strong></span> <span class='ocrx_word' id='word_1_322' title='bbox 1808 3723 1976 3779; x_wconf 88' lang='lat' dir='ltr'><strong>Chri-</strong></span> 
     </span>
    </p>
   </div>
   <div class='ocr_carea' id='block_1_38' title="bbox 381 3817 1971 3888">
    <p class='ocr_par' dir='ltr' id='par_1_38' title="bbox 381 3817 1971 3888">
     <span class='ocr_line' id='line_1_38' title="bbox 381 3817 1971 3888; baseline -0.004 -11"><span class='ocrx_word' id='word_1_323' title='bbox 381 3831 497 3878; x_wconf 85' lang='lat' dir='ltr'><strong>stus</strong></span> <span class='ocrx_word' id='word_1_324' title='bbox 524 3821 590 3876; x_wconf 88' lang='lat' dir='ltr'><strong>ad</strong></span> <span class='ocrx_word' id='word_1_325' title='bbox 617 3821 778 3875; x_wconf 90' lang='lat' dir='ltr'><strong>vitam</strong></span> <span class='ocrx_word' id='word_1_326' title='bbox 815 3837 828 3874; x_wconf 93' lang='lat'>:</span> <span class='ocrx_word' id='word_1_327' title='bbox 871 3818 966 3874; x_wconf 89' lang='lat' dir='ltr'><strong>sed</strong></span> <span class='ocrx_word' id='word_1_328' title='bbox 1000 3832 1188 3872; x_wconf 89' lang='lat' dir='ltr'><strong>omnes</strong></span> <span class='ocrx_word' id='word_1_329' title='bbox 1215 3817 1346 3872; x_wconf 88' lang='lat' dir='ltr'><strong>dixit</strong></span> <span class='ocrx_word' id='word_1_330' title='bbox 1385 3827 1544 3888; x_wconf 88' lang='lat' dir='ltr'><strong>atque</strong></span> <span class='ocrx_word' id='word_1_331' title='bbox 1581 3831 1768 3871; x_wconf 91' lang='lat' dir='ltr'><strong>omnes</strong></span> <span class='ocrx_word' id='word_1_332' title='bbox 1792 3858 1807 3883; x_wconf 96' lang='lat'><strong>,</strong></span> <span class='ocrx_word' id='word_1_333' title='bbox 1849 3817 1971 3886; x_wconf 84' lang='lat' dir='ltr'><strong>quia</strong></span> 
     </span>
    </p>
   </div>
   <div class='ocr_carea' id='block_1_39' title="bbox 381 3907 1974 3974">
    <p class='ocr_par' dir='ltr' id='par_1_39' title="bbox 381 3907 1974 3974">
     <span class='ocr_line' id='line_1_39' title="bbox 381 3907 1974 3974; baseline -0.004 -4"><span class='ocrx_word' id='word_1_334' title='bbox 381 3914 518 3970; x_wconf 84' lang='lat' dir='ltr'><strong>sicut</strong></span> <span class='ocrx_word' id='word_1_335' title='bbox 543 3914 658 3968; x_wconf 89' lang='lat' dir='ltr'><strong>sine</strong></span> <span class='ocrx_word' id='word_1_336' title='bbox 693 3911 861 3966; x_wconf 85' lang='lat' dir='ltr'><strong>Adam</strong></span> <span class='ocrx_word' id='word_1_337' title='bbox 887 3911 1068 3965; x_wconf 90' lang='lat' dir='ltr'><strong>nullus</strong></span> <span class='ocrx_word' id='word_1_338' title='bbox 1102 3909 1169 3964; x_wconf 90' lang='lat' dir='ltr'><strong>ad</strong></span> <span class='ocrx_word' id='word_1_339' title='bbox 1197 3916 1423 3964; x_wconf 88' lang='lat' dir='ltr'><strong>mortem</strong></span> <span class='ocrx_word' id='word_1_340' title='bbox 1449 3951 1463 3974; x_wconf 94' lang='lat'><strong>,</strong></span> <span class='ocrx_word' id='word_1_341' title='bbox 1496 3909 1567 3962; x_wconf 90' lang='lat' dir='ltr'><strong>ita</strong></span> <span class='ocrx_word' id='word_1_342' title='bbox 1608 3908 1723 3963; x_wconf 86' lang='lat' dir='ltr'><strong>sine</strong></span> <span class='ocrx_word' id='word_1_343' title='bbox 1759 3907 1974 3964; x_wconf 88' lang='lat' dir='ltr'><strong>Christo</strong></span> 
     </span>
    </p>
   </div>
   <div class='ocr_carea' id='block_1_40' title="bbox 382 3999 1973 4070">
    <p class='ocr_par' dir='ltr' id='par_1_40' title="bbox 382 3999 1973 4070">
     <span class='ocr_line' id='line_1_40' title="bbox 382 3999 1973 4070; baseline -0.004 -10"><span class='ocrx_word' id='word_1_344' title='bbox 382 4003 560 4060; x_wconf 90' lang='lat' dir='ltr'><strong>nuiius</strong></span> <span class='ocrx_word' id='word_1_345' title='bbox 576 4001 644 4058; x_wconf 90' lang='lat' dir='ltr'><strong>ad</strong></span> <span class='ocrx_word' id='word_1_346' title='bbox 661 4003 845 4056; x_wconf 89' lang='lat' dir='ltr'><strong>vitam.</strong></span> <span class='ocrx_word' id='word_1_347' title='bbox 873 4000 1022 4056; x_wconf 88' lang='lat' dir='ltr'><strong>Sicut</strong></span> <span class='ocrx_word' id='word_1_348' title='bbox 1040 4001 1264 4055; x_wconf 90' lang='lat' dir='ltr'><strong>dicimus</strong></span> <span class='ocrx_word' id='word_1_349' title='bbox 1291 3999 1360 4054; x_wconf 89' lang='lat' dir='ltr'><strong>de</strong></span> <span class='ocrx_word' id='word_1_350' title='bbox 1380 3999 1672 4056; x_wconf 83' lang='lat' dir='ltr'><strong>litterarum</strong></span> <span class='ocrx_word' id='word_1_351' title='bbox 1697 4001 1973 4070; x_wconf 86' lang='lat' dir='ltr'><strong>magistro,</strong></span> 
     </span>
    </p>
   </div>
   <div class='ocr_carea' id='block_1_41' title="bbox 383 4091 1977 4158">
    <p class='ocr_par' dir='ltr' id='par_1_41' title="bbox 383 4091 1977 4158">
     <span class='ocr_line' id='line_1_41' title="bbox 383 4091 1977 4158; baseline -0.003 -7"><span class='ocrx_word' id='word_1_352' title='bbox 383 4097 430 4151; x_wconf 87' lang='lat' dir='ltr'><strong>si</strong></span> <span class='ocrx_word' id='word_1_353' title='bbox 475 4096 528 4150; x_wconf 92' lang='lat' dir='ltr'><strong>in</strong></span> <span class='ocrx_word' id='word_1_354' title='bbox 575 4095 788 4150; x_wconf 88' lang='lat' dir='ltr'><strong>civitate</strong></span> <span class='ocrx_word' id='word_1_355' title='bbox 840 4093 987 4149; x_wconf 92' lang='lat' dir='ltr'><strong>solus</strong></span> <span class='ocrx_word' id='word_1_356' title='bbox 1016 4101 1134 4158; x_wconf 91' lang='lat' dir='ltr'><strong>est,</strong></span> <span class='ocrx_word' id='word_1_357' title='bbox 1176 4091 1375 4148; x_wconf 88' lang='lat' dir='ltr'><strong>Omnes</strong></span> <span class='ocrx_word' id='word_1_358' title='bbox 1407 4093 1508 4147; x_wconf 89' lang='lat' dir='ltr'><strong>iste</strong></span> <span class='ocrx_word' id='word_1_359' title='bbox 1541 4092 1625 4147; x_wconf 90' lang='lat' dir='ltr'><strong>hic</strong></span> <span class='ocrx_word' id='word_1_360' title='bbox 1650 4091 1854 4147; x_wconf 88' lang='lat' dir='ltr'><strong>litteras</strong></span> <span class='ocrx_word' id='word_1_361' title='bbox 1878 4091 1977 4146; x_wconf 81' lang='lat' dir='ltr'><strong>do-</strong></span> 
     </span>
    </p>
   </div>
   <div class='ocr_carea' id='block_1_42' title="bbox 384 4183 1976 4256">
    <p class='ocr_par' dir='ltr' id='par_1_42' title="bbox 384 4183 1976 4256">
     <span class='ocr_line' id='line_1_42' title="bbox 384 4183 1976 4256; baseline -0.003 -13"><span class='ocrx_word' id='word_1_362' title='bbox 384 4197 474 4243; x_wconf 90' lang='lat' dir='ltr'><strong>cet</strong></span> <span class='ocrx_word' id='word_1_363' title='bbox 505 4207 520 4243; x_wconf 89' lang='lat'>:</span> <span class='ocrx_word' id='word_1_364' title='bbox 551 4203 656 4242; x_wconf 87' lang='lat' dir='ltr'><strong>non</strong></span> <span class='ocrx_word' id='word_1_365' title='bbox 683 4187 806 4256; x_wconf 88' lang='lat' dir='ltr'><strong>quia</strong></span> <span class='ocrx_word' id='word_1_366' title='bbox 834 4199 1022 4241; x_wconf 89' lang='lat' dir='ltr'><strong>omnes</strong></span> <span class='ocrx_word' id='word_1_367' title='bbox 1049 4184 1295 4248; x_wconf 90' lang='lat' dir='ltr'><strong>discunt,</strong></span> <span class='ocrx_word' id='word_1_368' title='bbox 1335 4184 1428 4239; x_wconf 89' lang='lat' dir='ltr'><strong>sed</strong></span> <span class='ocrx_word' id='word_1_369' title='bbox 1453 4184 1573 4254; x_wconf 89' lang='lat' dir='ltr'><strong>quia</strong></span> <span class='ocrx_word' id='word_1_370' title='bbox 1598 4199 1757 4238; x_wconf 90' lang='lat' dir='ltr'><strong>nemo</strong></span> <span class='ocrx_word' id='word_1_371' title='bbox 1780 4183 1883 4238; x_wconf 90' lang='lat' dir='ltr'><strong>nisi</strong></span> <span class='ocrx_word' id='word_1_372' title='bbox 1909 4184 1976 4239; x_wconf 90' lang='lat' dir='ltr'><strong>ab</strong></span> 
     </span>
    </p>
   </div>
   <div class='ocr_carea' id='block_1_43' title="bbox 384 4274 1973 4349">
    <p class='ocr_par' dir='ltr' id='par_1_43' title="bbox 384 4274 1973 4349">
     <span class='ocr_line' id='line_1_43' title="bbox 384 4274 1973 4349; baseline -0.003 -17"><span class='ocrx_word' id='word_1_373' title='bbox 384 4279 522 4349; x_wconf 89' lang='lat' dir='ltr'><strong>ipso.</strong></span> <span class='ocrx_word' id='word_1_374' title='bbox 555 4277 794 4347; x_wconf 85' lang='lat' dir='ltr'><strong>Denique</strong></span> <span class='ocrx_word' id='word_1_375' title='bbox 806 4289 944 4347; x_wconf 88' lang='lat' dir='ltr'><strong>quos</strong></span> <span class='ocrx_word' id='word_1_376' title='bbox 971 4283 1097 4330; x_wconf 84' lang='lat' dir='ltr'><strong>ante</strong></span> <span class='ocrx_word' id='word_1_377' title='bbox 1125 4289 1314 4330; x_wconf 92' lang='lat' dir='ltr'><strong>omnes</strong></span> <span class='ocrx_word' id='word_1_378' title='bbox 1347 4274 1573 4340; x_wconf 81' lang='lat' dir='ltr'><strong>dixerat,</strong></span> <span class='ocrx_word' id='word_1_379' title='bbox 1602 4274 1800 4328; x_wconf 89' lang='lat' dir='ltr'><strong>multos</strong></span> <span class='ocrx_word' id='word_1_380' title='bbox 1827 4283 1973 4344; x_wconf 50' lang='lat' dir='ltr'><strong>post-</strong></span> 
     </span>
    </p>
   </div>
   <div class='ocr_carea' id='block_1_44' title="bbox 385 4365 1975 4436">
    <p class='ocr_par' dir='ltr' id='par_1_44' title="bbox 385 4365 1975 4436">
     <span class='ocr_line' id='line_1_44' title="bbox 385 4365 1975 4436; baseline -0.004 -11"><span class='ocrx_word' id='word_1_381' title='bbox 385 4383 446 4427; x_wconf 89' lang='lat' dir='ltr'><strong>ea</strong></span> <span class='ocrx_word' id='word_1_382' title='bbox 478 4369 642 4434; x_wconf 80' lang='lat' dir='ltr'><strong>dixit,</strong></span> <span class='ocrx_word' id='word_1_383' title='bbox 677 4367 894 4422; x_wconf 85' lang='lat' dir='ltr'><strong>eosdem</strong></span> <span class='ocrx_word' id='word_1_384' title='bbox 929 4367 1073 4436; x_wconf 90' lang='lat' dir='ltr'><strong>ipsos</strong></span> <span class='ocrx_word' id='word_1_385' title='bbox 1101 4375 1278 4420; x_wconf 88' lang='lat' dir='ltr'><strong>tamen</strong></span> <span class='ocrx_word' id='word_1_386' title='bbox 1318 4379 1508 4420; x_wconf 89' lang='lat' dir='ltr'><strong>omnes</strong></span> <span class='ocrx_word' id='word_1_387' title='bbox 1549 4365 1851 4435; x_wconf 89' lang='lat' dir='ltr'><strong>multosque</strong></span> <span class='ocrx_word' id='word_1_388' title='bbox 1897 4365 1975 4419; x_wconf 78' lang='lat' dir='ltr'><strong>si-</strong></span> 
     </span>
    </p>
   </div>
   <div class='ocr_carea' id='block_1_45' title="bbox 385 4457 1976 4534">
    <p class='ocr_par' dir='ltr' id='par_1_45' title="bbox 385 4457 1976 4534">
     <span class='ocr_line' id='line_1_45' title="bbox 385 4457 1976 4534; baseline -0.004 -18"><span class='ocrx_word' id='word_1_389' title='bbox 385 4463 663 4534; x_wconf 79' lang='lat' dir='ltr'><strong>gniﬁcans.</strong></span> <span class='ocrx_word' id='word_1_390' title='bbox 699 4461 845 4516; x_wconf 84' lang='lat' dir='ltr'><strong>Sicut</strong></span> <span class='ocrx_word' id='word_1_391' title='bbox 871 4460 1004 4514; x_wconf 87' lang='lat' dir='ltr'><strong>enim</strong></span> <span class='ocrx_word' id='word_1_392' title='bbox 1027 4499 1043 4525; x_wconf 92' lang='lat'><strong>,</strong></span> <span class='ocrx_word' id='word_1_393' title='bbox 1071 4458 1239 4528; x_wconf 91' lang='lat' dir='ltr'><strong>inquit</strong></span> <span class='ocrx_word' id='word_1_394' title='bbox 1263 4501 1276 4523; x_wconf 87' lang='lat'><strong>,</strong></span> <span class='ocrx_word' id='word_1_395' title='bbox 1307 4474 1396 4528; x_wconf 79' lang='lat' dir='ltr'><strong>per</strong></span> <span class='ocrx_word' id='word_1_396' title='bbox 1419 4457 1807 4512; x_wconf 84' lang='lat' dir='ltr'><strong>inobedientiam</strong></span> <span class='ocrx_word' id='word_1_397' title='bbox 1825 4457 1976 4512; x_wconf 88' lang='lat' dir='ltr'><strong>unius</strong></span> 
     </span>
    </p>
   </div>
   <div class='ocr_carea' id='block_1_46' title="bbox 386 4550 1977 4626">
    <p class='ocr_par' dir='ltr' id='par_1_46' title="bbox 386 4550 1977 4626">
     <span class='ocr_line' id='line_1_46' title="bbox 386 4550 1977 4626; baseline -0.004 -16"><span class='ocrx_word' id='word_1_398' title='bbox 386 4556 604 4610; x_wconf 76' lang='lat' dir='ltr'><strong>hominis</strong></span> <span class='ocrx_word' id='word_1_399' title='bbox 631 4563 914 4626; x_wconf 81' lang='lat' dir='ltr'><strong>peccatores</strong></span> <span class='ocrx_word' id='word_1_400' title='bbox 939 4551 1196 4606; x_wconf 85' lang='lat' dir='ltr'><strong>constituti</strong></span> <span class='ocrx_word' id='word_1_401' title='bbox 1217 4558 1334 4604; x_wconf 89' lang='lat' dir='ltr'><strong>sunt</strong></span> <span class='ocrx_word' id='word_1_402' title='bbox 1351 4550 1519 4614; x_wconf 87' lang='lat' dir='ltr'><strong>multi,</strong></span> <span class='ocrx_word' id='word_1_403' title='bbox 1545 4551 1620 4603; x_wconf 90' lang='lat' dir='ltr'><strong>ita</strong></span> <span class='ocrx_word' id='word_1_404' title='bbox 1643 4559 1690 4604; x_wconf 90' lang='lat' dir='ltr'><strong>et</strong></span> <span class='ocrx_word' id='word_1_405' title='bbox 1711 4567 1800 4620; x_wconf 85' lang='lat' dir='ltr'><strong>per</strong></span> <span class='ocrx_word' id='word_1_406' title='bbox 1825 4551 1977 4604; x_wconf 88' lang='lat' dir='ltr'><strong>unius</strong></span> 
     </span>
    </p>
   </div>
   <div class='ocr_carea' id='block_1_47' title="bbox 385 4639 1973 4715">
    <p class='ocr_par' dir='ltr' id='par_1_47' title="bbox 385 4639 1973 4715">
     <span class='ocr_line' id='line_1_47' title="bbox 385 4639 1973 4715; baseline -0.006 -12"><span class='ocrx_word' id='word_1_407' title='bbox 385 4647 718 4704; x_wconf 78' lang='lat' dir='ltr'><strong>obedientiam</strong></span> <span class='ocrx_word' id='word_1_408' title='bbox 739 4645 868 4715; x_wconf 82' lang='lat' dir='ltr'><strong>justi</strong></span> <span class='ocrx_word' id='word_1_409' title='bbox 895 4643 1263 4698; x_wconf 87' lang='lat' dir='ltr'><strong>constituentur</strong></span> <span class='ocrx_word' id='word_1_410' title='bbox 1295 4641 1440 4695; x_wconf 85' lang='lat' dir='ltr'><strong>multi</strong></span> <span class='ocrx_word' id='word_1_411' title='bbox 1461 4640 1636 4712; x_wconf 79' lang='lat' dir='ltr'><strong>(Rom.</strong></span> <span class='ocrx_word' id='word_1_412' title='bbox 1666 4657 1730 4708; x_wconf 75' lang='grc' dir='ltr'><strong>ν,</strong></span> <span class='ocrx_word' id='word_1_413' title='bbox 1763 4639 1973 4713; x_wconf 71' lang='lat'><strong>12-19).</strong></span> 
     </span>
    </p>
   </div>
   <div class='ocr_carea' id='block_1_48' title="bbox 457 4733 1980 4807">
    <p class='ocr_par' dir='ltr' id='par_1_48' title="bbox 457 4733 1980 4807">
     <span class='ocr_line' id='line_1_48' title="bbox 457 4733 1980 4807; baseline -0.007 -11"><span class='ocrx_word' id='word_1_414' title='bbox 457 4739 548 4796; x_wconf 71' lang='grc'><strong>47.</strong></span> <span class='ocrx_word' id='word_1_415' title='bbox 577 4738 765 4793; x_wconf 89' lang='lat' dir='ltr'><strong>Adhuc</strong></span> <span class='ocrx_word' id='word_1_416' title='bbox 791 4743 1016 4807; x_wconf 67' lang='lat' dir='ltr'><strong>quaerat,</strong></span> <span class='ocrx_word' id='word_1_417' title='bbox 1047 4754 1068 4786; x_wconf 75' lang='grc' dir='ltr'><strong><em>ι</em></strong></span> <span class='ocrx_word' id='word_1_418' title='bbox 1098 4749 1194 4804; x_wconf 88' lang='lat' dir='ltr'><strong>per</strong></span> <span class='ocrx_word' id='word_1_419' title='bbox 1219 4734 1343 4804; x_wconf 91' lang='lat' dir='ltr'><strong>quid</strong></span> <span class='ocrx_word' id='word_1_420' title='bbox 1374 4743 1648 4804; x_wconf 88' lang='lat' dir='ltr'><strong>peccatum</strong></span> <span class='ocrx_word' id='word_1_421' title='bbox 1681 4733 1980 4789; x_wconf 87' lang='lat' dir='ltr'><strong>inveniatur</strong></span> 
     </span>
    </p>
   </div>
   <div class='ocr_carea' id='block_1_49' title="bbox 388 4824 1979 4902">
    <p class='ocr_par' dir='ltr' id='par_1_49' title="bbox 388 4824 1979 4902">
     <span class='ocr_line' id='line_1_49' title="bbox 388 4824 1979 4902; baseline -0.006 -14"><span class='ocrx_word' id='word_1_422' title='bbox 388 4833 444 4888; x_wconf 90' lang='lat' dir='ltr'><strong>in</strong></span> <span class='ocrx_word' id='word_1_423' title='bbox 489 4828 732 4902; x_wconf 87' lang='lat' dir='ltr'><strong>parvulo.</strong></span> <span class='ocrx_word' id='word_1_424' title='bbox 759 4848 779 4881; x_wconf 75' lang='grc' dir='ltr'><strong><em>ι</em></strong></span> <span class='ocrx_word' id='word_1_425' title='bbox 825 4826 1207 4897; x_wconf 76' lang='lat' dir='ltr'><strong>Respondeant</strong></span> <span class='ocrx_word' id='word_1_426' title='bbox 1241 4825 1292 4880; x_wconf 86' lang='lat' dir='ltr'><strong>ei</strong></span> <span class='ocrx_word' id='word_1_427' title='bbox 1330 4827 1537 4896; x_wconf 70' lang='lat' dir='ltr'><strong>paginae</strong></span> <span class='ocrx_word' id='word_1_428' title='bbox 1579 4835 1778 4880; x_wconf 86' lang='lat' dir='ltr'><strong>sanctae</strong></span> <span class='ocrx_word' id='word_1_429' title='bbox 1813 4844 1826 4879; x_wconf 92' lang='lat'>:</span> <span class='ocrx_word' id='word_1_430' title='bbox 1875 4824 1979 4879; x_wconf 83' lang='lat' dir='ltr'><strong>Per</strong></span> 
     </span>
    </p>
   </div>
   <div class='ocr_carea' id='block_1_50' title="bbox 389 4916 1979 4987">
    <p class='ocr_par' dir='ltr' id='par_1_50' title="bbox 389 4916 1979 4987">
     <span class='ocr_line' id='line_1_50' title="bbox 389 4916 1979 4987; baseline -0.004 -9"><span class='ocrx_word' id='word_1_431' title='bbox 389 4939 546 4979; x_wconf 78' lang='lat' dir='ltr'><strong>unum</strong></span> <span class='ocrx_word' id='word_1_432' title='bbox 575 4919 826 4975; x_wconf 83' lang='lat' dir='ltr'><strong>hominem</strong></span> <span class='ocrx_word' id='word_1_433' title='bbox 857 4927 1112 4987; x_wconf 85' lang='lat' dir='ltr'><strong>peccatum</strong></span> <span class='ocrx_word' id='word_1_434' title='bbox 1147 4917 1200 4970; x_wconf 90' lang='lat' dir='ltr'><strong>in</strong></span> <span class='ocrx_word' id='word_1_435' title='bbox 1227 4916 1360 4970; x_wconf 85' lang='lat' dir='ltr'><strong>hunc</strong></span> <span class='ocrx_word' id='word_1_436' title='bbox 1388 4916 1634 4970; x_wconf 87' lang='lat' dir='ltr'><strong>mundum</strong></span> <span class='ocrx_word' id='word_1_437' title='bbox 1665 4917 1900 4984; x_wconf 81' lang='lat' dir='ltr'><strong>intravit,</strong></span> <span class='ocrx_word' id='word_1_438' title='bbox 1933 4929 1979 4972; x_wconf 88' lang='lat' dir='ltr'><strong>et</strong></span> 
     </span>
    </p>
   </div>
   <div class='ocr_carea' id='block_1_51' title="bbox 391 5008 1974 5088">
    <p class='ocr_par' dir='ltr' id='par_1_51' title="bbox 391 5008 1974 5088">
     <span class='ocr_line' id='line_1_51' title="bbox 391 5008 1974 5088; baseline -0.004 -20"><span class='ocrx_word' id='word_1_439' title='bbox 391 5032 480 5088; x_wconf 78' lang='lat' dir='ltr'><strong>per</strong></span> <span class='ocrx_word' id='word_1_440' title='bbox 505 5021 764 5082; x_wconf 81' lang='lat' dir='ltr'><strong>peccatum</strong></span> <span class='ocrx_word' id='word_1_441' title='bbox 789 5025 962 5076; x_wconf 84' lang='lat' dir='ltr'><strong>mors;</strong></span> <span class='ocrx_word' id='word_1_442' title='bbox 983 5017 1030 5063; x_wconf 89' lang='lat' dir='ltr'><strong>et</strong></span> <span class='ocrx_word' id='word_1_443' title='bbox 1057 5009 1128 5062; x_wconf 90' lang='lat' dir='ltr'><strong>ita</strong></span> <span class='ocrx_word' id='word_1_444' title='bbox 1149 5009 1201 5061; x_wconf 85' lang='lat' dir='ltr'><strong>in</strong></span> <span class='ocrx_word' id='word_1_445' title='bbox 1227 5023 1398 5062; x_wconf 85' lang='lat' dir='ltr'><strong>omnes</strong></span> <span class='ocrx_word' id='word_1_446' title='bbox 1417 5008 1642 5062; x_wconf 76' lang='lat' dir='ltr'><strong>homines</strong></span> <span class='ocrx_word' id='word_1_447' title='bbox 1667 5010 1974 5078; x_wconf 86' lang='lat' dir='ltr'><strong>pertransiit,</strong></span> 
     </span>
    </p>
   </div>
   <div class='ocr_carea' id='block_1_52' title="bbox 387 5099 1979 5176">
    <p class='ocr_par' dir='ltr' id='par_1_52' title="bbox 387 5099 1979 5176">
     <span class='ocr_line' id='line_1_52' title="bbox 387 5099 1979 5176; baseline -0.004 -15"><span class='ocrx_word' id='word_1_448' title='bbox 387 5107 578 5176; x_wconf 70' lang='lat' dir='ltr'><strong>inquo</strong></span> <span class='ocrx_word' id='word_1_449' title='bbox 616 5119 786 5158; x_wconf 81' lang='lat' dir='ltr'><strong>otnnes</strong></span> <span class='ocrx_word' id='word_1_450' title='bbox 833 5109 1180 5172; x_wconf 76' lang='lat' dir='ltr'><strong>peccaverunt.</strong></span> <span class='ocrx_word' id='word_1_451' title='bbox 1237 5099 1314 5154; x_wconf 71' lang='grc' dir='ltr'><strong>οδ</strong></span> <span class='ocrx_word' id='word_1_452' title='bbox 1357 5100 1505 5154; x_wconf 88' lang='lat' dir='ltr'><strong>unius</strong></span> <span class='ocrx_word' id='word_1_453' title='bbox 1551 5100 1790 5154; x_wconf 86' lang='lat' dir='ltr'><strong>delictum</strong></span> <span class='ocrx_word' id='word_1_454' title='bbox 1833 5102 1979 5156; x_wconf 86' lang='lat' dir='ltr'><strong>multi</strong></span> 
     </span>
    </p>
   </div>
   <div class='ocr_carea' id='block_1_53' title="bbox 389 5192 1979 5252">
    <p class='ocr_par' dir='ltr' id='par_1_53' title="bbox 389 5192 1979 5252">
     <span class='ocr_line' id='line_1_53' title="bbox 389 5192 1979 5252; baseline -0.002 0"><span class='ocrx_word' id='word_1_455' title='bbox 389 5197 577 5252; x_wconf 70' lang='lat' dir='ltr'><strong>mortui</strong></span> <span class='ocrx_word' id='word_1_456' title='bbox 603 5205 761 5250; x_wconf 86' lang='lat' dir='ltr'><strong>sunt:</strong></span> <span class='ocrx_word' id='word_1_457' title='bbox 787 5192 822 5248; x_wconf 80' lang='lat' dir='ltr'><strong><em>J</em></strong></span> <span class='ocrx_word' id='word_1_458' title='bbox 827 5193 1052 5247; x_wconf 89' lang='lat' dir='ltr'><strong>udicium</strong></span> <span class='ocrx_word' id='word_1_459' title='bbox 1075 5209 1137 5248; x_wconf 82' lang='lat' dir='ltr'><strong>ea:</strong></span> <span class='ocrx_word' id='word_1_460' title='bbox 1163 5209 1267 5246; x_wconf 88' lang='lat' dir='ltr'><strong>uno</strong></span> <span class='ocrx_word' id='word_1_461' title='bbox 1295 5192 1349 5246; x_wconf 83' lang='lat' dir='ltr'><strong>in</strong></span> <span class='ocrx_word' id='word_1_462' title='bbox 1368 5192 1836 5247; x_wconf 84' lang='lat' dir='ltr'><strong>condemnationem</strong></span> <span class='ocrx_word' id='word_1_463' title='bbox 1854 5211 1872 5248; x_wconf 88' lang='lat'><strong><em>:</em></strong></span> <span class='ocrx_word' id='word_1_464' title='bbox 1904 5192 1979 5249; x_wconf 78' lang='lat' dir='ltr'><strong><em>Ob</em></strong></span> 
     </span>
    </p>
   </div>
   <div class='ocr_carea' id='block_1_54' title="bbox 391 5282 1980 5354">
    <p class='ocr_par' dir='ltr' id='par_1_54' title="bbox 391 5282 1980 5354">
     <span class='ocr_line' id='line_1_54' title="bbox 391 5282 1980 5354; baseline -0.002 -11"><span class='ocrx_word' id='word_1_465' title='bbox 391 5291 541 5343; x_wconf 71' lang='lat' dir='ltr'><strong>unius</strong></span> <span class='ocrx_word' id='word_1_466' title='bbox 570 5287 806 5342; x_wconf 86' lang='lat' dir='ltr'><strong>delictum</strong></span> <span class='ocrx_word' id='word_1_467' title='bbox 831 5301 966 5338; x_wconf 87' lang='lat' dir='ltr'><strong>mors</strong></span> <span class='ocrx_word' id='word_1_468' title='bbox 993 5284 1220 5354; x_wconf 82' lang='lat' dir='ltr'><strong>regnauit</strong></span> <span class='ocrx_word' id='word_1_469' title='bbox 1245 5299 1334 5354; x_wconf 84' lang='lat' dir='ltr'><strong>per</strong></span> <span class='ocrx_word' id='word_1_470' title='bbox 1356 5300 1514 5338; x_wconf 82' lang='lat' dir='ltr'><strong>unum</strong></span> <span class='ocrx_word' id='word_1_471' title='bbox 1535 5299 1555 5338; x_wconf 69' lang='grc' dir='ltr'><em>τ</em></span> <span class='ocrx_word' id='word_1_472' title='bbox 1587 5282 1689 5338; x_wconf 87' lang='lat' dir='ltr'><strong>Per</strong></span> <span class='ocrx_word' id='word_1_473' title='bbox 1715 5286 1866 5340; x_wconf 87' lang='lat' dir='ltr'><strong>unius</strong></span> <span class='ocrx_word' id='word_1_474' title='bbox 1894 5286 1980 5340; x_wconf 85' lang='lat' dir='ltr'><strong>de-</strong></span> 
     </span>
    </p>
   </div>
   <div class='ocr_carea' id='block_1_55' title="bbox 391 5375 1980 5434">
    <p class='ocr_par' dir='ltr' id='par_1_55' title="bbox 391 5375 1980 5434">
     <span class='ocr_line' id='line_1_55' title="bbox 391 5375 1980 5434; baseline -0.001 -2"><span class='ocrx_word' id='word_1_475' title='bbox 391 5381 567 5434; x_wconf 81' lang='lat' dir='ltr'><strong>lictum</strong></span> <span class='ocrx_word' id='word_1_476' title='bbox 591 5381 644 5432; x_wconf 84' lang='lat' dir='ltr'><strong>in</strong></span> <span class='ocrx_word' id='word_1_477' title='bbox 664 5393 835 5431; x_wconf 87' lang='lat' dir='ltr'><strong>omnes</strong></span> <span class='ocrx_word' id='word_1_478' title='bbox 855 5375 1081 5430; x_wconf 86' lang='lat' dir='ltr'><strong>homines</strong></span> <span class='ocrx_word' id='word_1_479' title='bbox 1104 5376 1172 5428; x_wconf 92' lang='lat' dir='ltr'><strong>ad</strong></span> <span class='ocrx_word' id='word_1_480' title='bbox 1189 5375 1684 5431; x_wconf 85' lang='lat' dir='ltr'><strong>condemnationem:</strong></span> <span class='ocrx_word' id='word_1_481' title='bbox 1707 5375 1810 5431; x_wconf 86' lang='lat' dir='ltr'><strong>Per</strong></span> <span class='ocrx_word' id='word_1_482' title='bbox 1832 5379 1980 5432; x_wconf 88' lang='lat' dir='ltr'><strong>unius</strong></span> 
     </span>
    </p>
   </div>
   <div class='ocr_carea' id='block_1_56' title="bbox 390 5469 1981 5541">
    <p class='ocr_par' dir='ltr' id='par_1_56' title="bbox 390 5469 1981 5541">
     <span class='ocr_line' id='line_1_56' title="bbox 390 5469 1981 5541; baseline -0.001 -15"><span class='ocrx_word' id='word_1_483' title='bbox 390 5471 776 5526; x_wconf 60' lang='lat' dir='ltr'><strong>tuobedientiam</strong></span> <span class='ocrx_word' id='word_1_484' title='bbox 801 5479 1084 5540; x_wconf 83' lang='lat' dir='ltr'><strong>peccatores</strong></span> <span class='ocrx_word' id='word_1_485' title='bbox 1105 5469 1368 5522; x_wconf 83' lang='lat' dir='ltr'><strong>constituti</strong></span> <span class='ocrx_word' id='word_1_486' title='bbox 1389 5477 1502 5522; x_wconf 90' lang='lat' dir='ltr'><strong>sunt</strong></span> <span class='ocrx_word' id='word_1_487' title='bbox 1531 5470 1693 5523; x_wconf 86' lang='lat' dir='ltr'><strong>multi.</strong></span> <span class='ocrx_word' id='word_1_488' title='bbox 1724 5470 1858 5524; x_wconf 87' lang='lat' dir='ltr'><strong>Ecce</strong></span> <span class='ocrx_word' id='word_1_489' title='bbox 1886 5487 1981 5541; x_wconf 79' lang='lat' dir='ltr'><strong>per</strong></span> 
     </span>
    </p>
   </div>
   <div class='ocr_carea' id='block_1_57' title="bbox 391 5561 1977 5635">
    <p class='ocr_par' dir='ltr' id='par_1_57' title="bbox 391 5561 1977 5635">
     <span class='ocr_line' id='line_1_57' title="bbox 391 5561 1977 5635; baseline 0 -17"><span class='ocrx_word' id='word_1_490' title='bbox 391 5565 518 5635; x_wconf 87' lang='lat' dir='ltr'><strong>quid</strong></span> <span class='ocrx_word' id='word_1_491' title='bbox 546 5564 798 5619; x_wconf 91' lang='lat' dir='ltr'><strong>delictum</strong></span> <span class='ocrx_word' id='word_1_492' title='bbox 823 5562 1092 5618; x_wconf 88' lang='lat' dir='ltr'><strong>invenitur</strong></span> <span class='ocrx_word' id='word_1_493' title='bbox 1115 5563 1164 5616; x_wconf 91' lang='lat' dir='ltr'><strong>iu</strong></span> <span class='ocrx_word' id='word_1_494' title='bbox 1195 5562 1436 5632; x_wconf 90' lang='lat' dir='ltr'><strong>parvulo.</strong></span> <span class='ocrx_word' id='word_1_495' title='bbox 1467 5562 1585 5617; x_wconf 86' lang='lat' dir='ltr'><strong>Jam</strong></span> <span class='ocrx_word' id='word_1_496' title='bbox 1611 5561 1794 5618; x_wconf 88' lang='lat' dir='ltr'><strong>credat</strong></span> <span class='ocrx_word' id='word_1_497' title='bbox 1815 5565 1977 5634; x_wconf 82' lang='lat' dir='ltr'><strong>origi-</strong></span> 
     </span>
    </p>
   </div>
   <div class='ocr_carea' id='block_1_58' title="bbox 395 5655 1977 5725">
    <p class='ocr_par' dir='ltr' id='par_1_58' title="bbox 395 5655 1977 5725">
     <span class='ocr_line' id='line_1_58' title="bbox 395 5655 1977 5725; baseline 0.001 -15"><span class='ocrx_word' id='word_1_498' title='bbox 395 5655 514 5710; x_wconf 85' lang='lat' dir='ltr'><strong>nale</strong></span> <span class='ocrx_word' id='word_1_499' title='bbox 543 5663 817 5722; x_wconf 85' lang='lat' dir='ltr'><strong>peccatum</strong></span> <span class='ocrx_word' id='word_1_500' title='bbox 847 5671 860 5708; x_wconf 93' lang='lat'><strong>:</strong></span> <span class='ocrx_word' id='word_1_501' title='bbox 896 5655 1038 5709; x_wconf 87' lang='lat' dir='ltr'><strong>sinat</strong></span> <span class='ocrx_word' id='word_1_502' title='bbox 1063 5655 1247 5710; x_wconf 90' lang='lat' dir='ltr'><strong>venire</strong></span> <span class='ocrx_word' id='word_1_503' title='bbox 1277 5655 1555 5725; x_wconf 88' lang='lat' dir='ltr'><strong>parvulos,</strong></span> <span class='ocrx_word' id='word_1_504' title='bbox 1597 5665 1654 5708; x_wconf 90' lang='lat' dir='ltr'><strong>ut</strong></span> <span class='ocrx_word' id='word_1_505' title='bbox 1682 5656 1977 5724; x_wconf 87' lang='lat' dir='ltr'><strong>salventur,</strong></span> 
     </span>
    </p>
   </div>
   <div class='ocr_carea' id='block_1_59' title="bbox 395 5745 774 5800">
    <p class='ocr_par' dir='ltr' id='par_1_59' title="bbox 395 5745 774 5800">
     <span class='ocr_line' id='line_1_59' title="bbox 395 5745 774 5800; baseline -0.005 0"><span class='ocrx_word' id='word_1_506' title='bbox 395 5745 464 5800; x_wconf 73' lang='lat' dir='ltr'><strong>ad</strong></span> <span class='ocrx_word' id='word_1_507' title='bbox 488 5745 774 5798; x_wconf 83' lang='lat' dir='ltr'><strong>Christum.</strong></span> 
     </span>
    </p>
   </div>
   <div class='ocr_carea' id='block_1_60' title="bbox 463 5877 1096 5940">
    <p class='ocr_par' dir='ltr' id='par_1_60' title="bbox 463 5877 1096 5940">
     <span class='ocr_line' id='line_1_60' title="bbox 463 5877 1096 5940; baseline 0.008 -13"><span class='ocrx_word' id='word_1_508' title='bbox 463 5880 486 5912; x_wconf 72' lang='grc'>⁸</span> <span class='ocrx_word' id='word_1_509' title='bbox 516 5877 653 5940; x_wconf 62' lang='lat' dir='ltr'><strong>mliti,</strong></span> <span class='ocrx_word' id='word_1_510' title='bbox 677 5877 774 5940; x_wconf 76' lang='lat' dir='ltr'><strong>qui.</strong></span> <span class='ocrx_word' id='word_1_511' title='bbox 801 5887 926 5940; x_wconf 58' lang='lat'><strong>3135.,</strong></span> <span class='ocrx_word' id='word_1_512' title='bbox 953 5883 1096 5940; x_wconf 84' lang='lat' dir='ltr'><strong>quod.</strong></span> 
     </span>
    </p>
   </div>
   <div class='ocr_carea' id='block_1_61' title="bbox 1173 392 2816 465">
    <p class='ocr_par' dir='ltr' id='par_1_61' title="bbox 1173 392 2816 465">
     <span class='ocr_line' id='line_1_61' title="bbox 1173 392 2816 465; baseline -0.01 1"><span class='ocrx_word' id='word_1_513' title='bbox 1173 409 1259 465; x_wconf 87' lang='lat' dir='ltr'><strong>DE</strong></span> <span class='ocrx_word' id='word_1_514' title='bbox 1287 405 1556 465; x_wconf 88' lang='lat' dir='ltr'><strong>NUPTllS</strong></span> <span class='ocrx_word' id='word_1_515' title='bbox 1594 403 1679 460; x_wconf 86' lang='lat' dir='ltr'><strong>ET</strong></span> <span class='ocrx_word' id='word_1_516' title='bbox 1717 397 2314 465; x_wconf 76' lang='lat' dir='ltr'><strong>CONCUPISCENTIA,</strong></span> <span class='ocrx_word' id='word_1_517' title='bbox 2353 395 2410 453; x_wconf 90' lang='lat' dir='ltr'><strong>S.</strong></span> <span class='ocrx_word' id='word_1_518' title='bbox 2453 392 2816 452; x_wconf 79' lang='lat' dir='ltr'><strong>AUGUSTINI</strong></span> 
     </span>
    </p>
   </div>
   <div class='ocr_carea' id='block_1_62' title="bbox 3521 396 3634 454">
    <p class='ocr_par' dir='ltr' id='par_1_62' title="bbox 3521 396 3634 454">
     <span class='ocr_line' id='line_1_62' title="bbox 3521 396 3634 454; baseline 0 0"><span class='ocrx_word' id='word_1_519' title='bbox 3521 396 3634 454; x_wconf 69' lang='grc' dir='ltr'><strong>ιω</strong></span> 
     </span>
    </p>
   </div>
   <div class='ocr_carea' id='block_1_63' title="bbox 2125 508 3633 583">
    <p class='ocr_par' dir='ltr' id='par_1_63' title="bbox 2125 508 3633 583">
     <span class='ocr_line' id='line_1_63' title="bbox 2125 508 3633 583; baseline 0 -15"><span class='ocrx_word' id='word_1_520' title='bbox 2125 511 2349 568; x_wconf 82' lang='lat' dir='ltr'><strong>CAPUT</strong></span> <span class='ocrx_word' id='word_1_521' title='bbox 2378 508 2825 578; x_wconf 81' lang='lat' dir='ltr'><strong>XXVlll.——Quid</strong></span> <span class='ocrx_word' id='word_1_522' title='bbox 2847 518 2930 565; x_wconf 89' lang='lat' dir='ltr'><strong>est</strong></span> <span class='ocrx_word' id='word_1_523' title='bbox 2947 508 3088 582; x_wconf 90' lang='lat' dir='ltr'><strong>quod</strong></span> <span class='ocrx_word' id='word_1_524' title='bbox 3111 509 3416 576; x_wconf 72' lang='lat' dir='ltr'><strong>dicit,¢Non</strong></span> <span class='ocrx_word' id='word_1_525' title='bbox 3441 521 3633 583; x_wconf 89' lang='lat' dir='ltr'><strong>peccat</strong></span> 
     </span>
    </p>
   </div>
   <div class='ocr_carea' id='block_1_64' title="bbox 2053 604 3638 677">
    <p class='ocr_par' dir='ltr' id='par_1_64' title="bbox 2053 604 3638 677">
     <span class='ocr_line' id='line_1_64' title="bbox 2053 604 3638 677; baseline -0.001 -15"><span class='ocrx_word' id='word_1_526' title='bbox 2053 609 2152 663; x_wconf 86' lang='lat' dir='ltr'><strong>iste</strong></span> <span class='ocrx_word' id='word_1_527' title='bbox 2181 605 2270 677; x_wconf 89' lang='lat' dir='ltr'><strong>qui</strong></span> <span class='ocrx_word' id='word_1_528' title='bbox 2295 605 2550 671; x_wconf 89' lang='lat' dir='ltr'><strong>nascitur,</strong></span> <span class='ocrx_word' id='word_1_529' title='bbox 2581 619 2686 658; x_wconf 93' lang='lat' dir='ltr'><strong>non</strong></span> <span class='ocrx_word' id='word_1_530' title='bbox 2707 613 2891 674; x_wconf 88' lang='lat' dir='ltr'><strong>peccat</strong></span> <span class='ocrx_word' id='word_1_531' title='bbox 2913 605 3003 660; x_wconf 90' lang='lat' dir='ltr'><strong>ille</strong></span> <span class='ocrx_word' id='word_1_532' title='bbox 3029 605 3118 676; x_wconf 85' lang='lat' dir='ltr'><strong>qui</strong></span> <span class='ocrx_word' id='word_1_533' title='bbox 3147 604 3348 676; x_wconf 81' lang='lat' dir='ltr'><strong>genuit,</strong></span> <span class='ocrx_word' id='word_1_534' title='bbox 3372 621 3480 660; x_wconf 91' lang='lat' dir='ltr'><strong>non</strong></span> <span class='ocrx_word' id='word_1_535' title='bbox 3509 620 3638 676; x_wconf 82' lang='lat' dir='ltr'><strong>pec-</strong></span> 
     </span>
    </p>
   </div>
   <div class='ocr_carea' id='block_1_65' title="bbox 2051 696 3638 770">
    <p class='ocr_par' dir='ltr' id='par_1_65' title="bbox 2051 696 3638 770">
     <span class='ocr_line' id='line_1_65' title="bbox 2051 696 3638 770; baseline -0.002 -15"><span class='ocrx_word' id='word_1_536' title='bbox 2051 707 2138 755; x_wconf 88' lang='lat' dir='ltr'><strong>cat</strong></span> <span class='ocrx_word' id='word_1_537' title='bbox 2165 701 2265 755; x_wconf 89' lang='lat' dir='ltr'><strong>iste</strong></span> <span class='ocrx_word' id='word_1_538' title='bbox 2288 697 2377 770; x_wconf 88' lang='lat' dir='ltr'><strong>qui</strong></span> <span class='ocrx_word' id='word_1_539' title='bbox 2402 696 2679 754; x_wconf 89' lang='lat' dir='ltr'><strong>condidit:</strong></span> <span class='ocrx_word' id='word_1_540' title='bbox 2707 713 2804 768; x_wconf 90' lang='lat' dir='ltr'><strong>per</strong></span> <span class='ocrx_word' id='word_1_541' title='bbox 2831 712 2963 768; x_wconf 88' lang='lat' dir='ltr'><strong>quas</strong></span> <span class='ocrx_word' id='word_1_542' title='bbox 2987 700 3152 753; x_wconf 87' lang='lat' dir='ltr'><strong>rimas</strong></span> <span class='ocrx_word' id='word_1_543' title='bbox 3181 699 3319 754; x_wconf 88' lang='lat' dir='ltr'><strong>inter</strong></span> <span class='ocrx_word' id='word_1_544' title='bbox 3345 706 3425 754; x_wconf 90' lang='lat' dir='ltr'><strong>tot</strong></span> <span class='ocrx_word' id='word_1_545' title='bbox 3450 699 3638 768; x_wconf 67' lang='lat' dir='ltr'><strong>praesi-</strong></span> 
     </span>
    </p>
   </div>
   <div class='ocr_carea' id='block_1_66' title="bbox 2053 791 3636 862">
    <p class='ocr_par' dir='ltr' id='par_1_66' title="bbox 2053 791 3636 862">
     <span class='ocr_line' id='line_1_66' title="bbox 2053 791 3636 862; baseline 0 -16"><span class='ocrx_word' id='word_1_546' title='bbox 2053 791 2138 846; x_wconf 89' lang='lat' dir='ltr'><strong>dia</strong></span> <span class='ocrx_word' id='word_1_547' title='bbox 2163 791 2514 859; x_wconf 82' lang='lat' dir='ltr'><strong>innocentiae,</strong></span> <span class='ocrx_word' id='word_1_548' title='bbox 2563 799 2832 860; x_wconf 90' lang='lat' dir='ltr'><strong>peccatum</strong></span> <span class='ocrx_word' id='word_1_549' title='bbox 2877 791 3030 862; x_wconf 79' lang='lat' dir='ltr'><strong>lingis</strong></span> <span class='ocrx_word' id='word_1_550' title='bbox 3069 793 3454 862; x_wconf 67' lang='lat' dir='ltr'><strong>ingressum?»</strong></span> <span class='ocrx_word' id='word_1_551' title='bbox 3494 791 3636 859; x_wconf 85' lang='lat' dir='ltr'><strong>Quid</strong></span> 
     </span>
    </p>
   </div>
   <div class='ocr_carea' id='block_1_67' title="bbox 2052 881 3636 953">
    <p class='ocr_par' dir='ltr' id='par_1_67' title="bbox 2052 881 3636 953">
     <span class='ocr_line' id='line_1_67' title="bbox 2052 881 3636 953; baseline 0.001 -16"><span class='ocrx_word' id='word_1_552' title='bbox 2052 883 2243 953; x_wconf 85' lang='lat' dir='ltr'><strong>quaerit</strong></span> <span class='ocrx_word' id='word_1_553' title='bbox 2283 882 2536 938; x_wconf 90' lang='lat' dir='ltr'><strong>latentem</strong></span> <span class='ocrx_word' id='word_1_554' title='bbox 2575 881 2792 946; x_wconf 86' lang='lat' dir='ltr'><strong>rimam,</strong></span> <span class='ocrx_word' id='word_1_555' title='bbox 2837 896 2957 937; x_wconf 91' lang='lat' dir='ltr'><strong>eum</strong></span> <span class='ocrx_word' id='word_1_556' title='bbox 3011 881 3204 938; x_wconf 85' lang='lat' dir='ltr'><strong>habeat</strong></span> <span class='ocrx_word' id='word_1_557' title='bbox 3245 882 3636 951; x_wconf 87' lang='lat' dir='ltr'><strong>apertissimam</strong></span> 
     </span>
    </p>
   </div>
   <div class='ocr_carea' id='block_1_68' title="bbox 2051 973 3640 1044">
    <p class='ocr_par' dir='ltr' id='par_1_68' title="bbox 2051 973 3640 1044">
     <span class='ocr_line' id='line_1_68' title="bbox 2051 973 3640 1044; baseline -0.002 -15"><span class='ocrx_word' id='word_1_558' title='bbox 2051 973 2306 1044; x_wconf 89' lang='lat' dir='ltr'><strong>januam?</strong></span> <span class='ocrx_word' id='word_1_559' title='bbox 2327 973 2431 1028; x_wconf 85' lang='lat' dir='ltr'><strong>Per</strong></span> <span class='ocrx_word' id='word_1_560' title='bbox 2447 990 2604 1028; x_wconf 87' lang='lat' dir='ltr'><strong>unum</strong></span> <span class='ocrx_word' id='word_1_561' title='bbox 2629 973 2908 1039; x_wconf 88' lang='lat' dir='ltr'><strong>hominem,</strong></span> <span class='ocrx_word' id='word_1_562' title='bbox 2939 973 3014 1029; x_wconf 89' lang='lat' dir='ltr'><strong>ait</strong></span> <span class='ocrx_word' id='word_1_563' title='bbox 3041 975 3358 1043; x_wconf 86' lang='lat' dir='ltr'><strong>Apostolus;</strong></span> <span class='ocrx_word' id='word_1_564' title='bbox 3379 991 3471 1044; x_wconf 81' lang='lat' dir='ltr'><strong>per</strong></span> <span class='ocrx_word' id='word_1_565' title='bbox 3485 975 3640 1028; x_wconf 67' lang='lat' dir='ltr'><strong>unius</strong></span> 
     </span>
    </p>
   </div>
   <div class='ocr_carea' id='block_1_69' title="bbox 2055 1065 3608 1137">
    <p class='ocr_par' dir='ltr' id='par_1_69' title="bbox 2055 1065 3608 1137">
     <span class='ocr_line' id='line_1_69' title="bbox 2055 1065 3608 1137; baseline 0.001 -18"><span class='ocrx_word' id='word_1_566' title='bbox 2055 1065 2325 1132; x_wconf 86' lang='lat' dir='ltr'><strong>delictum,</strong></span> <span class='ocrx_word' id='word_1_567' title='bbox 2354 1066 2430 1120; x_wconf 87' lang='lat' dir='ltr'><strong>ait</strong></span> <span class='ocrx_word' id='word_1_568' title='bbox 2455 1065 2771 1137; x_wconf 87' lang='lat' dir='ltr'><strong>Apostolus;</strong></span> <span class='ocrx_word' id='word_1_569' title='bbox 2807 1083 2896 1136; x_wconf 82' lang='lat' dir='ltr'><strong>per</strong></span> <span class='ocrx_word' id='word_1_570' title='bbox 2929 1065 3318 1120; x_wconf 85' lang='lat' dir='ltr'><strong>inobcdientiam</strong></span> <span class='ocrx_word' id='word_1_571' title='bbox 3361 1067 3510 1120; x_wconf 89' lang='lat' dir='ltr'><strong>unius</strong></span> <span class='ocrx_word' id='word_1_572' title='bbox 3543 1066 3608 1120; x_wconf 87' lang='lat' dir='ltr'><strong>ho</strong></span> 
     </span>
    </p>
   </div>
   <div class='ocr_carea' id='block_1_70' title="bbox 2055 1156 3614 1229">
    <p class='ocr_par' dir='ltr' id='par_1_70' title="bbox 2055 1156 3614 1229">
     <span class='ocr_line' id='line_1_70' title="bbox 2055 1156 3614 1229; baseline 0.002 -20"><span class='ocrx_word' id='word_1_573' title='bbox 2055 1157 2234 1224; x_wconf 86' lang='lat' dir='ltr'><strong>minis,</strong></span> <span class='ocrx_word' id='word_1_574' title='bbox 2261 1157 2333 1212; x_wconf 90' lang='lat' dir='ltr'><strong>ait</strong></span> <span class='ocrx_word' id='word_1_575' title='bbox 2357 1157 2663 1228; x_wconf 86' lang='lat' dir='ltr'><strong>Apostolus.</strong></span> <span class='ocrx_word' id='word_1_576' title='bbox 2689 1156 2828 1224; x_wconf 89' lang='lat' dir='ltr'><strong>Quid</strong></span> <span class='ocrx_word' id='word_1_577' title='bbox 2851 1157 3037 1228; x_wconf 78' lang='lat' dir='ltr'><strong>quaerit</strong></span> <span class='ocrx_word' id='word_1_578' title='bbox 3057 1157 3317 1227; x_wconf 87' lang='lat' dir='ltr'><strong>amplius?</strong></span> <span class='ocrx_word' id='word_1_579' title='bbox 3343 1158 3470 1229; x_wconf 88' lang='lat' dir='ltr'><strong>quid</strong></span> <span class='ocrx_word' id='word_1_580' title='bbox 3491 1173 3614 1228; x_wconf 69' lang='lat' dir='ltr'><strong>qua:</strong></span> 
     </span>
    </p>
   </div>
   <div class='ocr_carea' id='block_1_71' title="bbox 2057 1248 3159 1320">
    <p class='ocr_par' dir='ltr' id='par_1_71' title="bbox 2057 1248 3159 1320">
     <span class='ocr_line' id='line_1_71' title="bbox 2057 1248 3159 1320; baseline -0.002 -16"><span class='ocrx_word' id='word_1_581' title='bbox 2057 1251 2125 1304; x_wconf 90' lang='lat' dir='ltr'><strong>rit</strong></span> <span class='ocrx_word' id='word_1_582' title='bbox 2153 1250 2425 1320; x_wconf 85' lang='lat' dir='ltr'><strong>apertius?</strong></span> <span class='ocrx_word' id='word_1_583' title='bbox 2453 1248 2578 1320; x_wconf 92' lang='lat' dir='ltr'><strong>quid</strong></span> <span class='ocrx_word' id='word_1_584' title='bbox 2603 1251 2790 1320; x_wconf 77' lang='lat' dir='ltr'><strong>quterit</strong></span> <span class='ocrx_word' id='word_1_585' title='bbox 2815 1249 3159 1306; x_wconf 87' lang='lat' dir='ltr'><strong>inculcatius?</strong></span> 
     </span>
    </p>
   </div>
   <div class='ocr_carea' id='block_1_72' title="bbox 2128 1362 3642 1435">
    <p class='ocr_par' dir='ltr' id='par_1_72' title="bbox 2128 1362 3642 1435">
     <span class='ocr_line' id='line_1_72' title="bbox 2128 1362 3642 1435; baseline -0.001 -15"><span class='ocrx_word' id='word_1_586' title='bbox 2128 1365 2217 1420; x_wconf 71' lang='grc'><strong>48.</strong></span> <span class='ocrx_word' id='word_1_587' title='bbox 2255 1365 2338 1420; x_wconf 68' lang='lat' dir='ltr'><strong>«Si</strong></span> <span class='ocrx_word' id='word_1_588' title='bbox 2366 1373 2660 1435; x_wconf 90' lang='lat' dir='ltr'><strong>peccatum,</strong></span> <span class='ocrx_word' id='word_1_589' title='bbox 2686 1383 2706 1416; x_wconf 75' lang='grc' dir='ltr'><strong>ι</strong></span> <span class='ocrx_word' id='word_1_590' title='bbox 2732 1364 2921 1433; x_wconf 90' lang='lat' dir='ltr'><strong>inquit,</strong></span> <span class='ocrx_word' id='word_1_591' title='bbox 2955 1382 2975 1417; x_wconf 87' lang='grc'><em>‹</em></span> <span class='ocrx_word' id='word_1_592' title='bbox 2998 1379 3062 1420; x_wconf 87' lang='lat' dir='ltr'><strong>ex</strong></span> <span class='ocrx_word' id='word_1_593' title='bbox 3083 1362 3358 1419; x_wconf 85' lang='lat' dir='ltr'><strong>voluntate</strong></span> <span class='ocrx_word' id='word_1_594' title='bbox 3375 1371 3480 1431; x_wconf 90' lang='lat' dir='ltr'><strong>est,</strong></span> <span class='ocrx_word' id='word_1_595' title='bbox 3503 1364 3642 1419; x_wconf 81' lang='lat' dir='ltr'><strong>mala</strong></span> 
     </span>
    </p>
   </div>
   <div class='ocr_carea' id='block_1_73' title="bbox 2058 1455 3645 1527">
    <p class='ocr_par' dir='ltr' id='par_1_73' title="bbox 2058 1455 3645 1527">
     <span class='ocr_line' id='line_1_73' title="bbox 2058 1455 3645 1527; baseline -0.001 -14"><span class='ocrx_word' id='word_1_596' title='bbox 2058 1459 2300 1513; x_wconf 88' lang='lat' dir='ltr'><strong>voluntas</strong></span> <span class='ocrx_word' id='word_1_597' title='bbox 2345 1473 2464 1527; x_wconf 67' lang='lat' dir='ltr'><strong>qua:</strong></span> <span class='ocrx_word' id='word_1_598' title='bbox 2505 1468 2781 1527; x_wconf 89' lang='lat' dir='ltr'><strong>peccatum</strong></span> <span class='ocrx_word' id='word_1_599' title='bbox 2824 1455 2951 1512; x_wconf 84' lang='lat' dir='ltr'><strong>facit</strong></span> <span class='ocrx_word' id='word_1_600' title='bbox 2994 1475 3008 1510; x_wconf 89' lang='lat'><strong>:</strong></span> <span class='ocrx_word' id='word_1_601' title='bbox 3050 1458 3094 1510; x_wconf 91' lang='lat' dir='ltr'><strong>si</strong></span> <span class='ocrx_word' id='word_1_602' title='bbox 3129 1471 3196 1512; x_wconf 80' lang='lat' dir='ltr'><strong>ex</strong></span> <span class='ocrx_word' id='word_1_603' title='bbox 3234 1465 3452 1524; x_wconf 88' lang='lat' dir='ltr'><strong>natura,</strong></span> <span class='ocrx_word' id='word_1_604' title='bbox 3501 1457 3645 1513; x_wconf 89' lang='lat' dir='ltr'><strong>mala</strong></span> 
     </span>
    </p>
   </div>
   <div class='ocr_carea' id='block_1_74' title="bbox 2061 1548 3642 1620">
    <p class='ocr_par' dir='ltr' id='par_1_74' title="bbox 2061 1548 3642 1620">
     <span class='ocr_line' id='line_1_74' title="bbox 2061 1548 3642 1620; baseline -0.001 -15"><span class='ocrx_word' id='word_1_605' title='bbox 2061 1561 2268 1606; x_wconf 86' lang='lat' dir='ltr'><strong>natura.</strong></span> <span class='ocrx_word' id='word_1_606' title='bbox 2296 1569 2314 1602; x_wconf 77' lang='grc' dir='ltr'><strong><em>ι</em></strong></span> <span class='ocrx_word' id='word_1_607' title='bbox 2339 1548 2456 1604; x_wconf 88' lang='lat' dir='ltr'><strong>Cito</strong></span> <span class='ocrx_word' id='word_1_608' title='bbox 2483 1549 2801 1620; x_wconf 87' lang='lat' dir='ltr'><strong>respondeo,</strong></span> <span class='ocrx_word' id='word_1_609' title='bbox 2829 1549 2908 1604; x_wconf 88' lang='lat' dir='ltr'><strong>Ex</strong></span> <span class='ocrx_word' id='word_1_610' title='bbox 2938 1549 3206 1604; x_wconf 85' lang='lat' dir='ltr'><strong>voluntate</strong></span> <span class='ocrx_word' id='word_1_611' title='bbox 3233 1557 3510 1619; x_wconf 89' lang='lat' dir='ltr'><strong>peceatum</strong></span> <span class='ocrx_word' id='word_1_612' title='bbox 3538 1557 3642 1604; x_wconf 90' lang='lat' dir='ltr'><strong>est.</strong></span> 
     </span>
    </p>
   </div>
   <div class='ocr_carea' id='block_1_75' title="bbox 2060 1641 3647 1710">
    <p class='ocr_par' dir='ltr' id='par_1_75' title="bbox 2060 1641 3647 1710">
     <span class='ocr_line' id='line_1_75' title="bbox 2060 1641 3647 1710; baseline 0 -15"><span class='ocrx_word' id='word_1_613' title='bbox 2060 1641 2263 1708; x_wconf 62' lang='lat' dir='ltr'><strong>Quaerit</strong></span> <span class='ocrx_word' id='word_1_614' title='bbox 2283 1641 2451 1706; x_wconf 83' lang='lat' dir='ltr'><strong>forte,</strong></span> <span class='ocrx_word' id='word_1_615' title='bbox 2495 1651 2670 1695; x_wconf 90' lang='lat' dir='ltr'><strong>utrum</strong></span> <span class='ocrx_word' id='word_1_616' title='bbox 2701 1650 2755 1696; x_wconf 89' lang='lat' dir='ltr'><strong>et</strong></span> <span class='ocrx_word' id='word_1_617' title='bbox 2783 1641 3042 1710; x_wconf 80' lang='lat' dir='ltr'><strong>originale</strong></span> <span class='ocrx_word' id='word_1_618' title='bbox 3069 1649 3366 1710; x_wconf 89' lang='lat' dir='ltr'><strong>peccatum.</strong></span> <span class='ocrx_word' id='word_1_619' title='bbox 3397 1641 3647 1710; x_wconf 75' lang='lat' dir='ltr'><strong>Respon-</strong></span> 
     </span>
    </p>
   </div>
   <div class='ocr_carea' id='block_1_76' title="bbox 2061 1731 3648 1802">
    <p class='ocr_par' dir='ltr' id='par_1_76' title="bbox 2061 1731 3648 1802">
     <span class='ocr_line' id='line_1_76' title="bbox 2061 1731 3648 1802; baseline -0.003 -13"><span class='ocrx_word' id='word_1_620' title='bbox 2061 1733 2163 1789; x_wconf 89' lang='lat' dir='ltr'><strong>deo</strong></span> <span class='ocrx_word' id='word_1_621' title='bbox 2184 1775 2200 1800; x_wconf 92' lang='lat'><strong>,</strong></span> <span class='ocrx_word' id='word_1_622' title='bbox 2234 1734 2460 1788; x_wconf 85' lang='lat' dir='ltr'><strong>Prorsus</strong></span> <span class='ocrx_word' id='word_1_623' title='bbox 2495 1743 2548 1788; x_wconf 88' lang='lat' dir='ltr'><strong>et</strong></span> <span class='ocrx_word' id='word_1_624' title='bbox 2576 1732 2834 1802; x_wconf 81' lang='lat' dir='ltr'><strong>originale</strong></span> <span class='ocrx_word' id='word_1_625' title='bbox 2865 1741 3138 1801; x_wconf 84' lang='lat' dir='ltr'><strong>peceatum</strong></span> <span class='ocrx_word' id='word_1_626' title='bbox 3164 1749 3176 1784; x_wconf 94' lang='lat'>:</span> <span class='ocrx_word' id='word_1_627' title='bbox 3218 1731 3340 1802; x_wconf 87' lang='lat' dir='ltr'><strong>quia</strong></span> <span class='ocrx_word' id='word_1_628' title='bbox 3369 1742 3424 1786; x_wconf 90' lang='lat' dir='ltr'><strong>et</strong></span> <span class='ocrx_word' id='word_1_629' title='bbox 3453 1733 3556 1787; x_wconf 91' lang='lat' dir='ltr'><strong>hoc</strong></span> <span class='ocrx_word' id='word_1_630' title='bbox 3577 1746 3648 1787; x_wconf 91' lang='lat' dir='ltr'><strong>ex</strong></span> 
     </span>
    </p>
   </div>
   <div class='ocr_carea' id='block_1_77' title="bbox 2061 1823 3651 1895">
    <p class='ocr_par' dir='ltr' id='par_1_77' title="bbox 2061 1823 3651 1895">
     <span class='ocr_line' id='line_1_77' title="bbox 2061 1823 3651 1895; baseline -0.001 -15"><span class='ocrx_word' id='word_1_631' title='bbox 2061 1826 2332 1880; x_wconf 84' lang='lat' dir='ltr'><strong>voluntate</strong></span> <span class='ocrx_word' id='word_1_632' title='bbox 2374 1826 2528 1895; x_wconf 85' lang='lat' dir='ltr'><strong>primi</strong></span> <span class='ocrx_word' id='word_1_633' title='bbox 2558 1824 2788 1878; x_wconf 90' lang='lat' dir='ltr'><strong>hominis</strong></span> <span class='ocrx_word' id='word_1_634' title='bbox 2814 1825 3133 1880; x_wconf 89' lang='lat' dir='ltr'><strong>seminatum</strong></span> <span class='ocrx_word' id='word_1_635' title='bbox 3163 1833 3262 1888; x_wconf 90' lang='lat' dir='ltr'><strong>est,</strong></span> <span class='ocrx_word' id='word_1_636' title='bbox 3294 1833 3352 1879; x_wconf 91' lang='lat' dir='ltr'><strong>ut</strong></span> <span class='ocrx_word' id='word_1_637' title='bbox 3373 1832 3430 1879; x_wconf 90' lang='lat' dir='ltr'><strong>et</strong></span> <span class='ocrx_word' id='word_1_638' title='bbox 3469 1823 3523 1878; x_wconf 91' lang='lat' dir='ltr'><strong>in</strong></span> <span class='ocrx_word' id='word_1_639' title='bbox 3552 1825 3651 1879; x_wconf 89' lang='lat' dir='ltr'><strong>illo</strong></span> 
     </span>
    </p>
   </div>
   <div class='ocr_carea' id='block_1_78' title="bbox 2061 1915 3652 1987">
    <p class='ocr_par' dir='ltr' id='par_1_78' title="bbox 2061 1915 3652 1987">
     <span class='ocr_line' id='line_1_78' title="bbox 2061 1915 3652 1987; baseline -0.002 -12"><span class='ocrx_word' id='word_1_640' title='bbox 2061 1927 2222 1984; x_wconf 88' lang='lat' dir='ltr'><strong>esset,</strong></span> <span class='ocrx_word' id='word_1_641' title='bbox 2257 1927 2310 1974; x_wconf 91' lang='lat' dir='ltr'><strong>et</strong></span> <span class='ocrx_word' id='word_1_642' title='bbox 2356 1920 2410 1972; x_wconf 92' lang='lat' dir='ltr'><strong>in</strong></span> <span class='ocrx_word' id='word_1_643' title='bbox 2449 1933 2636 1973; x_wconf 92' lang='lat' dir='ltr'><strong>omnes</strong></span> <span class='ocrx_word' id='word_1_644' title='bbox 2679 1917 2954 1972; x_wconf 88' lang='lat' dir='ltr'><strong>transiret.</strong></span> <span class='ocrx_word' id='word_1_645' title='bbox 2995 1915 3102 1972; x_wconf 84' lang='lat' dir='ltr'><strong>Sed</strong></span> <span class='ocrx_word' id='word_1_646' title='bbox 3138 1916 3281 1987; x_wconf 90' lang='lat' dir='ltr'><strong>quod</strong></span> <span class='ocrx_word' id='word_1_647' title='bbox 3309 1925 3526 1972; x_wconf 89' lang='lat' dir='ltr'><strong>secutus</strong></span> <span class='ocrx_word' id='word_1_648' title='bbox 3549 1915 3652 1971; x_wconf 86' lang='lat' dir='ltr'><strong>ad-</strong></span> 
     </span>
    </p>
   </div>
   <div class='ocr_carea' id='block_1_79' title="bbox 2057 1999 3650 2081">
    <p class='ocr_par' dir='ltr' id='par_1_79' title="bbox 2057 1999 3650 2081">
     <span class='ocr_line' id='line_1_79' title="bbox 2057 1999 3650 2081; baseline -0.001 -17"><span class='ocrx_word' id='word_1_649' title='bbox 2057 2010 2250 2081; x_wconf 82' lang='lat' dir='ltr'><strong>junxit,</strong></span> <span class='ocrx_word' id='word_1_650' title='bbox 2285 2028 2303 2060; x_wconf 76' lang='grc' dir='ltr'>ι</span> <span class='ocrx_word' id='word_1_651' title='bbox 2329 2009 2384 2064; x_wconf 87' lang='lat' dir='ltr'><strong>Si</strong></span> <span class='ocrx_word' id='word_1_652' title='bbox 2410 2025 2474 2064; x_wconf 86' lang='lat' dir='ltr'><strong>ex</strong></span> <span class='ocrx_word' id='word_1_653' title='bbox 2499 2017 2688 2064; x_wconf 87' lang='lat' dir='ltr'><strong>natura</strong></span> <span class='ocrx_word' id='word_1_654' title='bbox 2707 2050 2722 2075; x_wconf 93' lang='lat'><strong>,</strong></span> <span class='ocrx_word' id='word_1_655' title='bbox 2751 2009 2892 2062; x_wconf 90' lang='lat' dir='ltr'><strong>maia</strong></span> <span class='ocrx_word' id='word_1_656' title='bbox 2911 2019 3138 2063; x_wconf 89' lang='lat' dir='ltr'><strong>natura:</strong></span> <span class='ocrx_word' id='word_1_657' title='bbox 3172 2028 3191 2061; x_wconf 74' lang='grc' dir='ltr'><strong><em>ι</em></strong></span> <span class='ocrx_word' id='word_1_658' title='bbox 3223 1999 3405 2079; x_wconf 62' lang='lat' dir='ltr'><strong>quacro</strong></span> <span class='ocrx_word' id='word_1_659' title='bbox 3429 2009 3498 2064; x_wconf 88' lang='lat' dir='ltr'><strong>ab</strong></span> <span class='ocrx_word' id='word_1_660' title='bbox 3525 2007 3650 2076; x_wconf 87' lang='lat' dir='ltr'><strong>illo,</strong></span> 
     </span>
    </p>
   </div>
   <div class='ocr_carea' id='block_1_80' title="bbox 2065 2099 3654 2171">
    <p class='ocr_par' dir='ltr' id='par_1_80' title="bbox 2065 2099 3654 2171">
     <span class='ocr_line' id='line_1_80' title="bbox 2065 2099 3654 2171; baseline -0.001 -15"><span class='ocrx_word' id='word_1_661' title='bbox 2065 2111 2139 2168; x_wconf 91' lang='lat' dir='ltr'><strong>ut,</strong></span> <span class='ocrx_word' id='word_1_662' title='bbox 2174 2103 2218 2157; x_wconf 93' lang='lat' dir='ltr'><strong>si</strong></span> <span class='ocrx_word' id='word_1_663' title='bbox 2247 2109 2450 2171; x_wconf 84' lang='lat' dir='ltr'><strong>potest,</strong></span> <span class='ocrx_word' id='word_1_664' title='bbox 2489 2099 2844 2170; x_wconf 86' lang='lat' dir='ltr'><strong>respondeat,</strong></span> <span class='ocrx_word' id='word_1_665' title='bbox 2883 2099 3032 2169; x_wconf 89' lang='lat' dir='ltr'><strong>Sicut</strong></span> <span class='ocrx_word' id='word_1_666' title='bbox 3073 2100 3412 2154; x_wconf 79' lang='lat' dir='ltr'><strong>manifestum</strong></span> <span class='ocrx_word' id='word_1_667' title='bbox 3437 2108 3554 2166; x_wconf 91' lang='lat' dir='ltr'><strong>est,</strong></span> <span class='ocrx_word' id='word_1_668' title='bbox 3585 2113 3654 2155; x_wconf 81' lang='lat' dir='ltr'><strong>ex</strong></span> 
     </span>
    </p>
   </div>
   <div class='ocr_carea' id='block_1_81' title="bbox 2065 2191 3658 2263">
    <p class='ocr_par' dir='ltr' id='par_1_81' title="bbox 2065 2191 3658 2263">
     <span class='ocr_line' id='line_1_81' title="bbox 2065 2191 3658 2263; baseline 0 -17"><span class='ocrx_word' id='word_1_669' title='bbox 2065 2195 2338 2248; x_wconf 80' lang='lat' dir='ltr'><strong>voluntate</strong></span> <span class='ocrx_word' id='word_1_670' title='bbox 2363 2195 2499 2246; x_wconf 87' lang='lat' dir='ltr'><strong>maia</strong></span> <span class='ocrx_word' id='word_1_671' title='bbox 2542 2201 2792 2263; x_wconf 88' lang='lat' dir='ltr'><strong>tanquam</strong></span> <span class='ocrx_word' id='word_1_672' title='bbox 2818 2209 2884 2248; x_wconf 87' lang='lat' dir='ltr'><strong>ex</strong></span> <span class='ocrx_word' id='word_1_673' title='bbox 2911 2192 3101 2248; x_wconf 87' lang='lat' dir='ltr'><strong>arbore</strong></span> <span class='ocrx_word' id='word_1_674' title='bbox 3127 2192 3284 2259; x_wconf 89' lang='lat' dir='ltr'><strong>mala,</strong></span> <span class='ocrx_word' id='word_1_675' title='bbox 3307 2191 3512 2248; x_wconf 79' lang='lat' dir='ltr'><strong>fructus</strong></span> <span class='ocrx_word' id='word_1_676' title='bbox 3535 2191 3658 2262; x_wconf 79' lang='lat' dir='ltr'><strong>ejus</strong></span> 
     </span>
    </p>
   </div>
   <div class='ocr_carea' id='block_1_82' title="bbox 2065 2284 3656 2356">
    <p class='ocr_par' dir='ltr' id='par_1_82' title="bbox 2065 2284 3656 2356">
     <span class='ocr_line' id='line_1_82' title="bbox 2065 2284 3656 2356; baseline -0.002 -15"><span class='ocrx_word' id='word_1_677' title='bbox 2065 2286 2180 2341; x_wconf 86' lang='lat' dir='ltr'><strong>ﬁeri</strong></span> <span class='ocrx_word' id='word_1_678' title='bbox 2203 2287 2378 2340; x_wconf 90' lang='lat' dir='ltr'><strong>omnia</strong></span> <span class='ocrx_word' id='word_1_679' title='bbox 2404 2301 2564 2355; x_wconf 87' lang='lat' dir='ltr'><strong>opera</strong></span> <span class='ocrx_word' id='word_1_680' title='bbox 2595 2285 2767 2350; x_wconf 89' lang='lat' dir='ltr'><strong>mala;</strong></span> <span class='ocrx_word' id='word_1_681' title='bbox 2795 2285 2872 2339; x_wconf 91' lang='lat' dir='ltr'><strong>sic</strong></span> <span class='ocrx_word' id='word_1_682' title='bbox 2896 2286 3066 2356; x_wconf 90' lang='lat' dir='ltr'><strong>ipsam</strong></span> <span class='ocrx_word' id='word_1_683' title='bbox 3085 2285 3412 2340; x_wconf 86' lang='lat' dir='ltr'><strong>voluntatem</strong></span> <span class='ocrx_word' id='word_1_684' title='bbox 3431 2284 3656 2352; x_wconf 85' lang='lat' dir='ltr'><strong>malam,</strong></span> 
     </span>
    </p>
   </div>
   <div class='ocr_carea' id='block_1_83' title="bbox 2067 2377 3660 2446">
    <p class='ocr_par' dir='ltr' id='par_1_83' title="bbox 2067 2377 3660 2446">
     <span class='ocr_line' id='line_1_83' title="bbox 2067 2377 3660 2446; baseline 0.002 -15"><span class='ocrx_word' id='word_1_685' title='bbox 2067 2377 2118 2431; x_wconf 88' lang='lat' dir='ltr'><strong>id</strong></span> <span class='ocrx_word' id='word_1_686' title='bbox 2165 2389 2243 2431; x_wconf 83' lang='lat' dir='ltr'><strong>est</strong></span> <span class='ocrx_word' id='word_1_687' title='bbox 2267 2418 2282 2442; x_wconf 90' lang='lat'><strong>,</strong></span> <span class='ocrx_word' id='word_1_688' title='bbox 2319 2377 2486 2446; x_wconf 88' lang='lat' dir='ltr'><strong>ipsam</strong></span> <span class='ocrx_word' id='word_1_689' title='bbox 2513 2379 2528 2408; x_wconf 86' lang='grc'>¹</span> <span class='ocrx_word' id='word_1_690' title='bbox 2575 2379 2840 2433; x_wconf 82' lang='lat' dir='ltr'><strong>fructuum</strong></span> <span class='ocrx_word' id='word_1_691' title='bbox 2871 2379 3134 2433; x_wconf 87' lang='lat' dir='ltr'><strong>maiorum</strong></span> <span class='ocrx_word' id='word_1_692' title='bbox 3173 2377 3419 2433; x_wconf 87' lang='lat' dir='ltr'><strong>arborem</strong></span> <span class='ocrx_word' id='word_1_693' title='bbox 3455 2378 3660 2434; x_wconf 73' lang='lat' dir='ltr'><strong>malum</strong></span> 
     </span>
    </p>
   </div>
   <div class='ocr_carea' id='block_1_84' title="bbox 2067 2465 3662 2539">
    <p class='ocr_par' dir='ltr' id='par_1_84' title="bbox 2067 2465 3662 2539">
     <span class='ocr_line' id='line_1_84' title="bbox 2067 2465 3662 2539; baseline 0.001 -17"><span class='ocrx_word' id='word_1_694' title='bbox 2067 2467 2208 2522; x_wconf 88' lang='lat' dir='ltr'><strong>unde</strong></span> <span class='ocrx_word' id='word_1_695' title='bbox 2236 2465 2379 2522; x_wconf 90' lang='lat' dir='ltr'><strong>dicat</strong></span> <span class='ocrx_word' id='word_1_696' title='bbox 2413 2476 2674 2522; x_wconf 83' lang='lat' dir='ltr'><strong>exortam.</strong></span> <span class='ocrx_word' id='word_1_697' title='bbox 2705 2467 2764 2524; x_wconf 92' lang='lat' dir='ltr'><strong>Si</strong></span> <span class='ocrx_word' id='word_1_698' title='bbox 2789 2483 2855 2524; x_wconf 87' lang='lat' dir='ltr'><strong>ex</strong></span> <span class='ocrx_word' id='word_1_699' title='bbox 2881 2468 3099 2538; x_wconf 76' lang='lat' dir='ltr'><strong>angelo;</strong></span> <span class='ocrx_word' id='word_1_700' title='bbox 3127 2467 3252 2538; x_wconf 89' lang='lat' dir='ltr'><strong>quid</strong></span> <span class='ocrx_word' id='word_1_701' title='bbox 3280 2475 3396 2524; x_wconf 87' lang='lat' dir='ltr'><strong>erat</strong></span> <span class='ocrx_word' id='word_1_702' title='bbox 3418 2467 3534 2539; x_wconf 86' lang='lat' dir='ltr'><strong>ipse</strong></span> <span class='ocrx_word' id='word_1_703' title='bbox 3560 2483 3662 2524; x_wconf 81' lang='lat' dir='ltr'><strong>an-</strong></span> 
     </span>
    </p>
   </div>
   <div class='ocr_carea' id='block_1_85' title="bbox 2068 2557 3664 2631">
    <p class='ocr_par' dir='ltr' id='par_1_85' title="bbox 2068 2557 3664 2631">
     <span class='ocr_line' id='line_1_85' title="bbox 2068 2557 3664 2631; baseline 0.003 -19"><span class='ocrx_word' id='word_1_704' title='bbox 2068 2557 2239 2628; x_wconf 78' lang='lat' dir='ltr'><strong>gelus,</strong></span> <span class='ocrx_word' id='word_1_705' title='bbox 2270 2558 2371 2612; x_wconf 89' lang='lat' dir='ltr'><strong>nisi</strong></span> <span class='ocrx_word' id='word_1_706' title='bbox 2391 2558 2591 2612; x_wconf 90' lang='lat' dir='ltr'><strong>bonum</strong></span> <span class='ocrx_word' id='word_1_707' title='bbox 2617 2575 2752 2628; x_wconf 89' lang='lat' dir='ltr'><strong>opus</strong></span> <span class='ocrx_word' id='word_1_708' title='bbox 2779 2559 2908 2615; x_wconf 86' lang='lat' dir='ltr'><strong>Dei?</strong></span> <span class='ocrx_word' id='word_1_709' title='bbox 2933 2557 2991 2614; x_wconf 89' lang='lat' dir='ltr'><strong>Si</strong></span> <span class='ocrx_word' id='word_1_710' title='bbox 3013 2573 3082 2614; x_wconf 88' lang='lat' dir='ltr'><strong>ex</strong></span> <span class='ocrx_word' id='word_1_711' title='bbox 3106 2559 3359 2618; x_wconf 83' lang='lat' dir='ltr'><strong>homine:</strong></span> <span class='ocrx_word' id='word_1_712' title='bbox 3389 2560 3519 2631; x_wconf 88' lang='lat' dir='ltr'><strong>quid</strong></span> <span class='ocrx_word' id='word_1_713' title='bbox 3542 2569 3664 2617; x_wconf 79' lang='lat' dir='ltr'><strong>erat</strong></span> 
     </span>
    </p>
   </div>
   <div class='ocr_carea' id='block_1_86' title="bbox 2069 2646 3666 2721">
    <p class='ocr_par' dir='ltr' id='par_1_86' title="bbox 2069 2646 3666 2721">
     <span class='ocr_line' id='line_1_86' title="bbox 2069 2646 3666 2721; baseline 0.004 -20"><span class='ocrx_word' id='word_1_714' title='bbox 2069 2648 2183 2718; x_wconf 91' lang='lat' dir='ltr'><strong>ipse</strong></span> <span class='ocrx_word' id='word_1_715' title='bbox 2211 2646 2393 2715; x_wconf 88' lang='lat' dir='ltr'><strong>homo,</strong></span> <span class='ocrx_word' id='word_1_716' title='bbox 2425 2649 2528 2702; x_wconf 90' lang='lat' dir='ltr'><strong>nisi</strong></span> <span class='ocrx_word' id='word_1_717' title='bbox 2557 2649 2753 2704; x_wconf 86' lang='lat' dir='ltr'><strong>bonum</strong></span> <span class='ocrx_word' id='word_1_718' title='bbox 2783 2664 2918 2720; x_wconf 89' lang='lat' dir='ltr'><strong>opus</strong></span> <span class='ocrx_word' id='word_1_719' title='bbox 2947 2650 3078 2706; x_wconf 88' lang='lat' dir='ltr'><strong>Dei?</strong></span> <span class='ocrx_word' id='word_1_720' title='bbox 3107 2649 3220 2705; x_wconf 90' lang='lat' dir='ltr'><strong>lmo</strong></span> <span class='ocrx_word' id='word_1_721' title='bbox 3256 2651 3377 2721; x_wconf 87' lang='lat' dir='ltr'><strong>quia</strong></span> <span class='ocrx_word' id='word_1_722' title='bbox 3407 2651 3666 2708; x_wconf 76' lang='lat' dir='ltr'><strong>voluntas</strong></span> 
     </span>
    </p>
   </div>
   <div class='ocr_carea' id='block_1_87' title="bbox 2069 2739 3662 2811">
    <p class='ocr_par' dir='ltr' id='par_1_87' title="bbox 2069 2739 3662 2811">
     <span class='ocr_line' id='line_1_87' title="bbox 2069 2739 3662 2811; baseline 0.004 -19"><span class='ocrx_word' id='word_1_723' title='bbox 2069 2739 2205 2792; x_wconf 87' lang='lat' dir='ltr'><strong>mala</strong></span> <span class='ocrx_word' id='word_1_724' title='bbox 2241 2739 2428 2808; x_wconf 82' lang='lat' dir='ltr'><strong>angelo</strong></span> <span class='ocrx_word' id='word_1_725' title='bbox 2457 2755 2524 2794; x_wconf 86' lang='lat' dir='ltr'><strong>ex</strong></span> <span class='ocrx_word' id='word_1_726' title='bbox 2546 2739 2738 2810; x_wconf 82' lang='lat' dir='ltr'><strong>angelo</strong></span> <span class='ocrx_word' id='word_1_727' title='bbox 2755 2741 2796 2806; x_wconf 84' lang='grc'><strong>¹,</strong></span> <span class='ocrx_word' id='word_1_728' title='bbox 2831 2755 2898 2795; x_wconf 86' lang='lat' dir='ltr'><strong>ex</strong></span> <span class='ocrx_word' id='word_1_729' title='bbox 2925 2740 3143 2797; x_wconf 88' lang='lat' dir='ltr'><strong>homine</strong></span> <span class='ocrx_word' id='word_1_730' title='bbox 3169 2740 3372 2796; x_wconf 89' lang='lat' dir='ltr'><strong>homini</strong></span> <span class='ocrx_word' id='word_1_731' title='bbox 3397 2751 3514 2799; x_wconf 84' lang='lat' dir='ltr'><strong>orta</strong></span> <span class='ocrx_word' id='word_1_732' title='bbox 3543 2751 3662 2811; x_wconf 84' lang='lat' dir='ltr'><strong>est;</strong></span> 
     </span>
    </p>
   </div>
   <div class='ocr_carea' id='block_1_88' title="bbox 2069 2829 3664 2900">
    <p class='ocr_par' dir='ltr' id='par_1_88' title="bbox 2069 2829 3664 2900">
     <span class='ocr_line' id='line_1_88' title="bbox 2069 2829 3664 2900; baseline 0.004 -16"><span class='ocrx_word' id='word_1_733' title='bbox 2069 2829 2196 2900; x_wconf 84' lang='lat' dir='ltr'><strong>quid</strong></span> <span class='ocrx_word' id='word_1_734' title='bbox 2225 2839 2375 2884; x_wconf 87' lang='lat' dir='ltr'><strong>erant</strong></span> <span class='ocrx_word' id='word_1_735' title='bbox 2401 2833 2514 2885; x_wconf 66' lang='lat' dir='ltr'><strong>haec</strong></span> <span class='ocrx_word' id='word_1_736' title='bbox 2543 2829 2650 2884; x_wconf 91' lang='lat' dir='ltr'><strong>duo</strong></span> <span class='ocrx_word' id='word_1_737' title='bbox 2664 2839 2945 2898; x_wconf 86' lang='lat' dir='ltr'><strong>antequam</strong></span> <span class='ocrx_word' id='word_1_738' title='bbox 2969 2831 3022 2886; x_wconf 92' lang='lat' dir='ltr'><strong>in</strong></span> <span class='ocrx_word' id='word_1_739' title='bbox 3041 2832 3122 2888; x_wconf 90' lang='lat' dir='ltr'><strong>eis</strong></span> <span class='ocrx_word' id='word_1_740' title='bbox 3147 2833 3248 2887; x_wconf 85' lang='lat' dir='ltr'><strong>ista</strong></span> <span class='ocrx_word' id='word_1_741' title='bbox 3279 2833 3416 2888; x_wconf 86' lang='lat' dir='ltr'><strong>mala</strong></span> <span class='ocrx_word' id='word_1_742' title='bbox 3441 2834 3664 2890; x_wconf 85' lang='lat' dir='ltr'><strong>oriren-</strong></span> 
     </span>
    </p>
   </div>
   <div class='ocr_carea' id='block_1_89' title="bbox 2070 2921 3666 2996">
    <p class='ocr_par' dir='ltr' id='par_1_89' title="bbox 2070 2921 3666 2996">
     <span class='ocr_line' id='line_1_89' title="bbox 2070 2921 3666 2996; baseline 0.006 -22"><span class='ocrx_word' id='word_1_743' title='bbox 2070 2929 2185 2987; x_wconf 89' lang='lat' dir='ltr'><strong>tur,</strong></span> <span class='ocrx_word' id='word_1_744' title='bbox 2237 2921 2338 2974; x_wconf 90' lang='lat' dir='ltr'><strong>nisi</strong></span> <span class='ocrx_word' id='word_1_745' title='bbox 2377 2921 2580 2976; x_wconf 85' lang='lat' dir='ltr'><strong>bonum</strong></span> <span class='ocrx_word' id='word_1_746' title='bbox 2606 2937 2740 2992; x_wconf 90' lang='lat' dir='ltr'><strong>opus</strong></span> <span class='ocrx_word' id='word_1_747' title='bbox 2785 2923 2914 2990; x_wconf 90' lang='lat' dir='ltr'><strong>Dei,</strong></span> <span class='ocrx_word' id='word_1_748' title='bbox 2945 2932 3000 2980; x_wconf 90' lang='lat' dir='ltr'><strong>et</strong></span> <span class='ocrx_word' id='word_1_749' title='bbox 3026 2924 3166 2979; x_wconf 90' lang='lat' dir='ltr'><strong>bona</strong></span> <span class='ocrx_word' id='word_1_750' title='bbox 3208 2933 3370 2996; x_wconf 89' lang='lat' dir='ltr'><strong>atque</strong></span> <span class='ocrx_word' id='word_1_751' title='bbox 3397 2926 3666 2983; x_wconf 84' lang='lat' dir='ltr'><strong>laudanda</strong></span> 
     </span>
    </p>
   </div>
   <div class='ocr_carea' id='block_1_90' title="bbox 2072 3012 3667 3084">
    <p class='ocr_par' dir='ltr' id='par_1_90' title="bbox 2072 3012 3667 3084">
     <span class='ocr_line' id='line_1_90' title="bbox 2072 3012 3667 3084; baseline 0.006 -19"><span class='ocrx_word' id='word_1_752' title='bbox 2072 3012 2292 3066; x_wconf 89' lang='lat' dir='ltr'><strong>natura?</strong></span> <span class='ocrx_word' id='word_1_753' title='bbox 2339 3013 2478 3068; x_wconf 89' lang='lat' dir='ltr'><strong>Ecce</strong></span> <span class='ocrx_word' id='word_1_754' title='bbox 2520 3027 2646 3083; x_wconf 83' lang='lat' dir='ltr'><strong>ergo</strong></span> <span class='ocrx_word' id='word_1_755' title='bbox 2685 3028 2753 3069; x_wconf 80' lang='lat' dir='ltr'><strong>ex</strong></span> <span class='ocrx_word' id='word_1_756' title='bbox 2787 3013 2928 3069; x_wconf 90' lang='lat' dir='ltr'><strong>bono</strong></span> <span class='ocrx_word' id='word_1_757' title='bbox 2969 3016 3138 3070; x_wconf 91' lang='lat' dir='ltr'><strong>oritur</strong></span> <span class='ocrx_word' id='word_1_758' title='bbox 3165 3015 3397 3084; x_wconf 90' lang='lat' dir='ltr'><strong>malum,</strong></span> <span class='ocrx_word' id='word_1_759' title='bbox 3437 3033 3538 3073; x_wconf 89' lang='lat' dir='ltr'><strong>nec</strong></span> <span class='ocrx_word' id='word_1_760' title='bbox 3563 3018 3667 3075; x_wconf 79' lang='lat' dir='ltr'><strong>fuit</strong></span> 
     </span>
    </p>
   </div>
   <div class='ocr_carea' id='block_1_91' title="bbox 2073 3103 3668 3177">
    <p class='ocr_par' dir='ltr' id='par_1_91' title="bbox 2073 3103 3668 3177">
     <span class='ocr_line' id='line_1_91' title="bbox 2073 3103 3668 3177; baseline 0.003 -18"><span class='ocrx_word' id='word_1_761' title='bbox 2073 3107 2292 3159; x_wconf 84' lang='lat' dir='ltr'><strong>omnino</strong></span> <span class='ocrx_word' id='word_1_762' title='bbox 2334 3103 2473 3158; x_wconf 90' lang='lat' dir='ltr'><strong>unde</strong></span> <span class='ocrx_word' id='word_1_763' title='bbox 2501 3103 2629 3158; x_wconf 89' lang='lat' dir='ltr'><strong>oriri</strong></span> <span class='ocrx_word' id='word_1_764' title='bbox 2659 3113 2857 3174; x_wconf 90' lang='lat' dir='ltr'><strong>posset,</strong></span> <span class='ocrx_word' id='word_1_765' title='bbox 2893 3105 2994 3160; x_wconf 91' lang='lat' dir='ltr'><strong>nisi</strong></span> <span class='ocrx_word' id='word_1_766' title='bbox 3021 3121 3089 3161; x_wconf 88' lang='lat' dir='ltr'><strong>ex</strong></span> <span class='ocrx_word' id='word_1_767' title='bbox 3118 3107 3258 3162; x_wconf 88' lang='lat' dir='ltr'><strong>bono</strong></span> <span class='ocrx_word' id='word_1_768' title='bbox 3287 3125 3302 3161; x_wconf 89' lang='lat'><strong>:</strong></span> <span class='ocrx_word' id='word_1_769' title='bbox 3343 3109 3512 3177; x_wconf 85' lang='lat' dir='ltr'><strong>ipsam</strong></span> <span class='ocrx_word' id='word_1_770' title='bbox 3541 3109 3668 3165; x_wconf 88' lang='lat' dir='ltr'><strong>dico</strong></span> 
     </span>
    </p>
   </div>
   <div class='ocr_carea' id='block_1_92' title="bbox 2072 3195 3664 3268">
    <p class='ocr_par' dir='ltr' id='par_1_92' title="bbox 2072 3195 3664 3268">
     <span class='ocr_line' id='line_1_92' title="bbox 2072 3195 3664 3268; baseline 0.005 -20"><span class='ocrx_word' id='word_1_771' title='bbox 2072 3195 2396 3250; x_wconf 83' lang='lat' dir='ltr'><strong>voluntatem</strong></span> <span class='ocrx_word' id='word_1_772' title='bbox 2427 3196 2620 3250; x_wconf 85' lang='lat' dir='ltr'><strong>malam</strong></span> <span class='ocrx_word' id='word_1_773' title='bbox 2643 3237 2658 3260; x_wconf 93' lang='lat'><strong>,</strong></span> <span class='ocrx_word' id='word_1_774' title='bbox 2697 3211 2858 3266; x_wconf 91' lang='lat' dir='ltr'><strong>quam</strong></span> <span class='ocrx_word' id='word_1_775' title='bbox 2887 3197 3091 3252; x_wconf 90' lang='lat' dir='ltr'><strong>nullum</strong></span> <span class='ocrx_word' id='word_1_776' title='bbox 3125 3200 3398 3268; x_wconf 61' lang='lat' dir='ltr'><strong>praecessit</strong></span> <span class='ocrx_word' id='word_1_777' title='bbox 3423 3200 3664 3267; x_wconf 88' lang='lat' dir='ltr'><strong>malum;</strong></span> 
     </span>
    </p>
   </div>
   <div class='ocr_carea' id='block_1_93' title="bbox 2077 3289 3666 3360">
    <p class='ocr_par' dir='ltr' id='par_1_93' title="bbox 2077 3289 3666 3360">
     <span class='ocr_line' id='line_1_93' title="bbox 2077 3289 3666 3360; baseline 0.004 -18"><span class='ocrx_word' id='word_1_778' title='bbox 2077 3301 2184 3342; x_wconf 87' lang='lat' dir='ltr'><strong>non</strong></span> <span class='ocrx_word' id='word_1_779' title='bbox 2205 3301 2370 3356; x_wconf 88' lang='lat' dir='ltr'><strong>opera</strong></span> <span class='ocrx_word' id='word_1_780' title='bbox 2397 3289 2557 3355; x_wconf 86' lang='lat' dir='ltr'><strong>maia,</strong></span> <span class='ocrx_word' id='word_1_781' title='bbox 2582 3303 2701 3357; x_wconf 82' lang='lat' dir='ltr'><strong>quae</strong></span> <span class='ocrx_word' id='word_1_782' title='bbox 2723 3304 2829 3342; x_wconf 90' lang='lat' dir='ltr'><strong>nou</strong></span> <span class='ocrx_word' id='word_1_783' title='bbox 2855 3297 2980 3344; x_wconf 88' lang='lat' dir='ltr'><strong>sunt</strong></span> <span class='ocrx_word' id='word_1_784' title='bbox 2997 3290 3100 3345; x_wconf 89' lang='lat' dir='ltr'><strong>nisi</strong></span> <span class='ocrx_word' id='word_1_785' title='bbox 3118 3305 3183 3345; x_wconf 88' lang='lat' dir='ltr'><strong>ex</strong></span> <span class='ocrx_word' id='word_1_786' title='bbox 3209 3291 3478 3348; x_wconf 89' lang='lat' dir='ltr'><strong>voluntate</strong></span> <span class='ocrx_word' id='word_1_787' title='bbox 3497 3295 3666 3360; x_wconf 85' lang='lat' dir='ltr'><strong>maia,</strong></span> 
     </span>
    </p>
   </div>
   <div class='ocr_carea' id='block_1_94' title="bbox 2075 3380 3670 3449">
    <p class='ocr_par' dir='ltr' id='par_1_94' title="bbox 2075 3380 3670 3449">
     <span class='ocr_line' id='line_1_94' title="bbox 2075 3380 3670 3449; baseline 0.005 -17"><span class='ocrx_word' id='word_1_788' title='bbox 2075 3389 2326 3449; x_wconf 88' lang='lat' dir='ltr'><strong>tanquam</strong></span> <span class='ocrx_word' id='word_1_789' title='bbox 2366 3395 2434 3434; x_wconf 83' lang='lat' dir='ltr'><strong>ex</strong></span> <span class='ocrx_word' id='word_1_790' title='bbox 2459 3380 2650 3435; x_wconf 90' lang='lat' dir='ltr'><strong>arbore</strong></span> <span class='ocrx_word' id='word_1_791' title='bbox 2691 3381 2850 3435; x_wconf 88' lang='lat' dir='ltr'><strong>mala.</strong></span> <span class='ocrx_word' id='word_1_792' title='bbox 2895 3381 3006 3438; x_wconf 87' lang='lat' dir='ltr'><strong>Nec</strong></span> <span class='ocrx_word' id='word_1_793' title='bbox 3035 3382 3158 3438; x_wconf 91' lang='lat' dir='ltr'><strong>ideo</strong></span> <span class='ocrx_word' id='word_1_794' title='bbox 3183 3392 3364 3439; x_wconf 88' lang='lat' dir='ltr'><strong>tamen</strong></span> <span class='ocrx_word' id='word_1_795' title='bbox 3405 3399 3476 3440; x_wconf 91' lang='lat' dir='ltr'><strong>ex</strong></span> <span class='ocrx_word' id='word_1_796' title='bbox 3521 3385 3670 3442; x_wconf 88' lang='lat' dir='ltr'><strong>bono</strong></span> 
     </span>
    </p>
   </div>
   <div class='ocr_carea' id='block_1_95' title="bbox 2073 3470 3670 3542">
    <p class='ocr_par' dir='ltr' id='par_1_95' title="bbox 2073 3470 3670 3542">
     <span class='ocr_line' id='line_1_95' title="bbox 2073 3470 3670 3542; baseline 0.006 -18"><span class='ocrx_word' id='word_1_797' title='bbox 2073 3470 2249 3541; x_wconf 88' lang='lat' dir='ltr'><strong>potuit</strong></span> <span class='ocrx_word' id='word_1_798' title='bbox 2289 3470 2416 3524; x_wconf 88' lang='lat' dir='ltr'><strong>oriri</strong></span> <span class='ocrx_word' id='word_1_799' title='bbox 2458 3471 2705 3526; x_wconf 89' lang='lat' dir='ltr'><strong>voluntas</strong></span> <span class='ocrx_word' id='word_1_800' title='bbox 2733 3471 2875 3528; x_wconf 87' lang='lat' dir='ltr'><strong>mala</strong></span> <span class='ocrx_word' id='word_1_801' title='bbox 2905 3474 3028 3542; x_wconf 92' lang='lat' dir='ltr'><strong>quia</strong></span> <span class='ocrx_word' id='word_1_802' title='bbox 3059 3474 3258 3530; x_wconf 88' lang='lat' dir='ltr'><strong>bonum</strong></span> <span class='ocrx_word' id='word_1_803' title='bbox 3289 3473 3482 3531; x_wconf 82' lang='lat' dir='ltr'><strong>factum</strong></span> <span class='ocrx_word' id='word_1_804' title='bbox 3521 3485 3606 3532; x_wconf 88' lang='lat' dir='ltr'><strong>est</strong></span> <span class='ocrx_word' id='word_1_805' title='bbox 3635 3492 3670 3533; x_wconf 86' lang='lat' dir='ltr'><strong>a</strong></span> 
     </span>
    </p>
   </div>
   <div class='ocr_carea' id='block_1_96' title="bbox 2075 3559 3665 3631">
    <p class='ocr_par' dir='ltr' id='par_1_96' title="bbox 2075 3559 3665 3631">
     <span class='ocr_line' id='line_1_96' title="bbox 2075 3559 3665 3631; baseline 0.006 -17"><span class='ocrx_word' id='word_1_806' title='bbox 2075 3559 2217 3614; x_wconf 90' lang='lat' dir='ltr'><strong>bono</strong></span> <span class='ocrx_word' id='word_1_807' title='bbox 2240 3560 2384 3626; x_wconf 88' lang='lat' dir='ltr'><strong>Deo;</strong></span> <span class='ocrx_word' id='word_1_808' title='bbox 2417 3561 2512 3616; x_wconf 89' lang='lat' dir='ltr'><strong>sed</strong></span> <span class='ocrx_word' id='word_1_809' title='bbox 2538 3561 2662 3631; x_wconf 88' lang='lat' dir='ltr'><strong>quia</strong></span> <span class='ocrx_word' id='word_1_810' title='bbox 2681 3561 2750 3618; x_wconf 89' lang='lat' dir='ltr'><strong>de</strong></span> <span class='ocrx_word' id='word_1_811' title='bbox 2773 3562 2944 3618; x_wconf 88' lang='lat' dir='ltr'><strong>nihilo</strong></span> <span class='ocrx_word' id='word_1_812' title='bbox 2969 3563 3166 3619; x_wconf 82' lang='lat' dir='ltr'><strong>factum</strong></span> <span class='ocrx_word' id='word_1_813' title='bbox 3186 3573 3287 3629; x_wconf 88' lang='lat' dir='ltr'><strong>est,</strong></span> <span class='ocrx_word' id='word_1_814' title='bbox 3313 3579 3420 3622; x_wconf 90' lang='lat' dir='ltr'><strong>non</strong></span> <span class='ocrx_word' id='word_1_815' title='bbox 3439 3567 3508 3623; x_wconf 91' lang='lat' dir='ltr'><strong>de</strong></span> <span class='ocrx_word' id='word_1_816' title='bbox 3529 3569 3665 3624; x_wconf 87' lang='lat' dir='ltr'><strong>Deo.</strong></span> 
     </span>
    </p>
   </div>
   <div class='ocr_carea' id='block_1_97' title="bbox 2077 3649 3668 3727">
    <p class='ocr_par' dir='ltr' id='par_1_97' title="bbox 2077 3649 3668 3727">
     <span class='ocr_line' id='line_1_97' title="bbox 2077 3649 3668 3727; baseline 0.006 -22"><span class='ocrx_word' id='word_1_817' title='bbox 2077 3649 2218 3718; x_wconf 88' lang='lat' dir='ltr'><strong>Quid</strong></span> <span class='ocrx_word' id='word_1_818' title='bbox 2259 3665 2388 3722; x_wconf 80' lang='lat' dir='ltr'><strong>ergo</strong></span> <span class='ocrx_word' id='word_1_819' title='bbox 2416 3660 2500 3706; x_wconf 94' lang='lat' dir='ltr'><strong>est</strong></span> <span class='ocrx_word' id='word_1_820' title='bbox 2530 3652 2673 3722; x_wconf 90' lang='lat' dir='ltr'><strong>quod</strong></span> <span class='ocrx_word' id='word_1_821' title='bbox 2713 3651 2871 3720; x_wconf 89' lang='lat' dir='ltr'><strong>dicit,</strong></span> <span class='ocrx_word' id='word_1_822' title='bbox 2915 3673 2935 3705; x_wconf 85' lang='grc'><strong><em>‹</em></strong></span> <span class='ocrx_word' id='word_1_823' title='bbox 2958 3653 3013 3710; x_wconf 91' lang='lat' dir='ltr'><strong>Si</strong></span> <span class='ocrx_word' id='word_1_824' title='bbox 3045 3665 3230 3712; x_wconf 86' lang='lat' dir='ltr'><strong>natura</strong></span> <span class='ocrx_word' id='word_1_825' title='bbox 3257 3671 3398 3727; x_wconf 85' lang='lat' dir='ltr'><strong>opus</strong></span> <span class='ocrx_word' id='word_1_826' title='bbox 3425 3667 3510 3713; x_wconf 90' lang='lat' dir='ltr'><strong>est</strong></span> <span class='ocrx_word' id='word_1_827' title='bbox 3537 3659 3668 3726; x_wconf 86' lang='lat' dir='ltr'><strong>Dei,</strong></span> 
     </span>
    </p>
   </div>
   <div class='ocr_carea' id='block_1_98' title="bbox 2079 3743 3672 3814">
    <p class='ocr_par' dir='ltr' id='par_1_98' title="bbox 2079 3743 3672 3814">
     <span class='ocr_line' id='line_1_98' title="bbox 2079 3743 3672 3814; baseline 0.006 -18"><span class='ocrx_word' id='word_1_828' title='bbox 2079 3757 2173 3813; x_wconf 87' lang='lat' dir='ltr'><strong>per</strong></span> <span class='ocrx_word' id='word_1_829' title='bbox 2189 3757 2324 3814; x_wconf 90' lang='lat' dir='ltr'><strong>opus</strong></span> <span class='ocrx_word' id='word_1_830' title='bbox 2346 3743 2437 3798; x_wconf 90' lang='lat' dir='ltr'><strong>Dei</strong></span> <span class='ocrx_word' id='word_1_831' title='bbox 2461 3757 2596 3812; x_wconf 89' lang='lat' dir='ltr'><strong>opus</strong></span> <span class='ocrx_word' id='word_1_832' title='bbox 2607 3743 2803 3799; x_wconf 90' lang='lat' dir='ltr'><strong>diaboli</strong></span> <span class='ocrx_word' id='word_1_833' title='bbox 2825 3745 3054 3801; x_wconf 90' lang='lat' dir='ltr'><strong>transire</strong></span> <span class='ocrx_word' id='word_1_834' title='bbox 3069 3761 3175 3800; x_wconf 91' lang='lat' dir='ltr'><strong>non</strong></span> <span class='ocrx_word' id='word_1_835' title='bbox 3193 3747 3420 3804; x_wconf 85' lang='lat' dir='ltr'><strong>sinitur?</strong></span> <span class='ocrx_word' id='word_1_836' title='bbox 3437 3767 3457 3800; x_wconf 73' lang='grc' dir='ltr'><strong><em>ι</em></strong></span> <span class='ocrx_word' id='word_1_837' title='bbox 3477 3749 3672 3806; x_wconf 83' lang='lat' dir='ltr'><strong>Nonne</strong></span> 
     </span>
    </p>
   </div>
   <div class='ocr_carea' id='block_1_99' title="bbox 2077 3832 3673 3910">
    <p class='ocr_par' dir='ltr' id='par_1_99' title="bbox 2077 3832 3673 3910">
     <span class='ocr_line' id='line_1_99' title="bbox 2077 3832 3673 3910; baseline 0.006 -24"><span class='ocrx_word' id='word_1_838' title='bbox 2077 3845 2214 3902; x_wconf 88' lang='lat' dir='ltr'><strong>opus</strong></span> <span class='ocrx_word' id='word_1_839' title='bbox 2237 3832 2460 3900; x_wconf 88' lang='lat' dir='ltr'><strong>diaboli,</strong></span> <span class='ocrx_word' id='word_1_840' title='bbox 2484 3833 2696 3904; x_wconf 90' lang='lat' dir='ltr'><strong>quando</strong></span> <span class='ocrx_word' id='word_1_841' title='bbox 2722 3834 2950 3903; x_wconf 89' lang='lat' dir='ltr'><strong>primum</strong></span> <span class='ocrx_word' id='word_1_842' title='bbox 2982 3836 3034 3890; x_wconf 89' lang='lat' dir='ltr'><strong>in</strong></span> <span class='ocrx_word' id='word_1_843' title='bbox 3059 3838 3272 3907; x_wconf 74' lang='lat' dir='ltr'><strong>angelo,</strong></span> <span class='ocrx_word' id='word_1_844' title='bbox 3305 3840 3394 3910; x_wconf 88' lang='lat' dir='ltr'><strong>qui</strong></span> <span class='ocrx_word' id='word_1_845' title='bbox 3423 3840 3673 3896; x_wconf 87' lang='lat' dir='ltr'><strong>diabolus</strong></span> 
     </span>
    </p>
   </div>
   <div class='ocr_carea' id='block_1_100' title="bbox 2081 3923 3671 3999">
    <p class='ocr_par' dir='ltr' id='par_1_100' title="bbox 2081 3923 3671 3999">
     <span class='ocr_line' id='line_1_100' title="bbox 2081 3923 3671 3999; baseline 0.006 -21"><span class='ocrx_word' id='word_1_846' title='bbox 2081 3923 2251 3980; x_wconf 81' lang='lat' dir='ltr'><strong>factus</strong></span> <span class='ocrx_word' id='word_1_847' title='bbox 2291 3936 2394 3990; x_wconf 89' lang='lat' dir='ltr'><strong>est,</strong></span> <span class='ocrx_word' id='word_1_848' title='bbox 2421 3935 2596 3981; x_wconf 89' lang='lat' dir='ltr'><strong>ortum</strong></span> <span class='ocrx_word' id='word_1_849' title='bbox 2621 3935 2726 3994; x_wconf 89' lang='lat' dir='ltr'><strong>est,</strong></span> <span class='ocrx_word' id='word_1_850' title='bbox 2755 3927 2809 3980; x_wconf 92' lang='lat' dir='ltr'><strong>in</strong></span> <span class='ocrx_word' id='word_1_851' title='bbox 2839 3942 3002 3996; x_wconf 88' lang='lat' dir='ltr'><strong>opere</strong></span> <span class='ocrx_word' id='word_1_852' title='bbox 3030 3928 3128 3986; x_wconf 91' lang='lat' dir='ltr'><strong>Dei</strong></span> <span class='ocrx_word' id='word_1_853' title='bbox 3153 3939 3328 3985; x_wconf 87' lang='lat' dir='ltr'><strong>ortum</strong></span> <span class='ocrx_word' id='word_1_854' title='bbox 3359 3933 3477 3986; x_wconf 85' lang='lat' dir='ltr'><strong>est?</strong></span> <span class='ocrx_word' id='word_1_855' title='bbox 3519 3931 3671 3999; x_wconf 80' lang='lat' dir='ltr'><strong>Qua-</strong></span> 
     </span>
    </p>
   </div>
   <div class='ocr_carea' id='block_1_101' title="bbox 2079 4018 3671 4094">
    <p class='ocr_par' dir='ltr' id='par_1_101' title="bbox 2079 4018 3671 4094">
     <span class='ocr_line' id='line_1_101' title="bbox 2079 4018 3671 4094; baseline 0.007 -23"><span class='ocrx_word' id='word_1_856' title='bbox 2079 4027 2296 4088; x_wconf 90' lang='lat' dir='ltr'><strong>pr0pter</strong></span> <span class='ocrx_word' id='word_1_857' title='bbox 2321 4018 2368 4072; x_wconf 92' lang='lat' dir='ltr'><strong>si</strong></span> <span class='ocrx_word' id='word_1_858' title='bbox 2398 4018 2594 4072; x_wconf 89' lang='lat' dir='ltr'><strong>malum</strong></span> <span class='ocrx_word' id='word_1_859' title='bbox 2624 4019 2766 4089; x_wconf 85' lang='lat' dir='ltr'><strong>quod</strong></span> <span class='ocrx_word' id='word_1_860' title='bbox 2791 4021 3012 4076; x_wconf 88' lang='lat' dir='ltr'><strong>omnino</strong></span> <span class='ocrx_word' id='word_1_861' title='bbox 3036 4037 3296 4094; x_wconf 88' lang='lat' dir='ltr'><strong>nusquam</strong></span> <span class='ocrx_word' id='word_1_862' title='bbox 3325 4034 3464 4092; x_wconf 89' lang='lat' dir='ltr'><strong>erat,</strong></span> <span class='ocrx_word' id='word_1_863' title='bbox 3495 4027 3546 4080; x_wconf 93' lang='lat' dir='ltr'><strong>in</strong></span> <span class='ocrx_word' id='word_1_864' title='bbox 3571 4027 3671 4083; x_wconf 90' lang='lat' dir='ltr'><strong>Dei</strong></span> 
     </span>
    </p>
   </div>
   <div class='ocr_carea' id='block_1_102' title="bbox 2079 4111 3670 4187">
    <p class='ocr_par' dir='ltr' id='par_1_102' title="bbox 2079 4111 3670 4187">
     <span class='ocr_line' id='line_1_102' title="bbox 2079 4111 3670 4187; baseline 0.005 -21"><span class='ocrx_word' id='word_1_865' title='bbox 2079 4125 2244 4180; x_wconf 81' lang='lat' dir='ltr'><strong>Opere</strong></span> <span class='ocrx_word' id='word_1_866' title='bbox 2271 4111 2399 4165; x_wconf 87' lang='lat' dir='ltr'><strong>oriri</strong></span> <span class='ocrx_word' id='word_1_867' title='bbox 2427 4112 2626 4179; x_wconf 89' lang='lat' dir='ltr'><strong>potuit;</strong></span> <span class='ocrx_word' id='word_1_868' title='bbox 2651 4127 2748 4169; x_wconf 91' lang='lat' dir='ltr'><strong>cur</strong></span> <span class='ocrx_word' id='word_1_869' title='bbox 2776 4113 2974 4168; x_wconf 89' lang='lat' dir='ltr'><strong>malum</strong></span> <span class='ocrx_word' id='word_1_870' title='bbox 3005 4115 3147 4184; x_wconf 88' lang='lat' dir='ltr'><strong>quod</strong></span> <span class='ocrx_word' id='word_1_871' title='bbox 3173 4115 3366 4172; x_wconf 85' lang='lat' dir='ltr'><strong>alicubi</strong></span> <span class='ocrx_word' id='word_1_872' title='bbox 3392 4119 3500 4186; x_wconf 87' lang='lat' dir='ltr'><strong>jam</strong></span> <span class='ocrx_word' id='word_1_873' title='bbox 3529 4128 3670 4187; x_wconf 85' lang='lat' dir='ltr'><strong>erat,</strong></span> 
     </span>
    </p>
   </div>
   <div class='ocr_carea' id='block_1_103' title="bbox 2081 4201 3674 4280">
    <p class='ocr_par' dir='ltr' id='par_1_103' title="bbox 2081 4201 3674 4280">
     <span class='ocr_line' id='line_1_103' title="bbox 2081 4201 3674 4280; baseline 0.008 -24"><span class='ocrx_word' id='word_1_874' title='bbox 2081 4217 2178 4273; x_wconf 91' lang='lat' dir='ltr'><strong>per</strong></span> <span class='ocrx_word' id='word_1_875' title='bbox 2201 4217 2334 4271; x_wconf 89' lang='lat' dir='ltr'><strong>opus</strong></span> <span class='ocrx_word' id='word_1_876' title='bbox 2361 4201 2456 4258; x_wconf 88' lang='lat' dir='ltr'><strong>Dei</strong></span> <span class='ocrx_word' id='word_1_877' title='bbox 2479 4203 2708 4258; x_wconf 88' lang='lat' dir='ltr'><strong>transire</strong></span> <span class='ocrx_word' id='word_1_878' title='bbox 2734 4219 2840 4258; x_wconf 91' lang='lat' dir='ltr'><strong>nou</strong></span> <span class='ocrx_word' id='word_1_879' title='bbox 2867 4206 3062 4275; x_wconf 90' lang='lat' dir='ltr'><strong>potuit,</strong></span> <span class='ocrx_word' id='word_1_880' title='bbox 3085 4209 3380 4277; x_wconf 66' lang='lat' dir='ltr'><strong>praesertim</strong></span> <span class='ocrx_word' id='word_1_881' title='bbox 3407 4225 3532 4264; x_wconf 90' lang='lat' dir='ltr'><strong>cum</strong></span> <span class='ocrx_word' id='word_1_882' title='bbox 3552 4212 3674 4280; x_wconf 79' lang='lat' dir='ltr'><strong>ipso</strong></span> 
     </span>
    </p>
   </div>
   <div class='ocr_carea' id='block_1_104' title="bbox 2079 4293 3672 4364">
    <p class='ocr_par' dir='ltr' id='par_1_104' title="bbox 2079 4293 3672 4364">
     <span class='ocr_line' id='line_1_104' title="bbox 2079 4293 3672 4364; baseline 0.007 -18"><span class='ocrx_word' id='word_1_883' title='bbox 2079 4293 2245 4348; x_wconf 90' lang='lat' dir='ltr'><strong>verbo</strong></span> <span class='ocrx_word' id='word_1_884' title='bbox 2282 4301 2464 4348; x_wconf 88' lang='lat' dir='ltr'><strong>utatur</strong></span> <span class='ocrx_word' id='word_1_885' title='bbox 2501 4294 2787 4364; x_wconf 82' lang='lat' dir='ltr'><strong>Apostolus</strong></span> <span class='ocrx_word' id='word_1_886' title='bbox 2806 4337 2822 4362; x_wconf 92' lang='lat'><strong>,</strong></span> <span class='ocrx_word' id='word_1_887' title='bbox 2853 4295 3072 4364; x_wconf 87' lang='lat' dir='ltr'><strong>dicens,</strong></span> <span class='ocrx_word' id='word_1_888' title='bbox 3102 4297 3172 4353; x_wconf 84' lang='lat' dir='ltr'><strong>Et</strong></span> <span class='ocrx_word' id='word_1_889' title='bbox 3193 4300 3266 4354; x_wconf 87' lang='lat' dir='ltr'><strong>ita</strong></span> <span class='ocrx_word' id='word_1_890' title='bbox 3293 4299 3348 4354; x_wconf 92' lang='lat' dir='ltr'><strong>in</strong></span> <span class='ocrx_word' id='word_1_891' title='bbox 3375 4317 3549 4357; x_wconf 85' lang='lat' dir='ltr'><strong>omnes</strong></span> <span class='ocrx_word' id='word_1_892' title='bbox 3573 4304 3672 4357; x_wconf 88' lang='lat' dir='ltr'><strong>ho-</strong></span> 
     </span>
    </p>
   </div>
   <div class='ocr_carea' id='block_1_105' title="bbox 2079 4385 3674 4467">
    <p class='ocr_par' dir='ltr' id='par_1_105' title="bbox 2079 4385 3674 4467">
     <span class='ocr_line' id='line_1_105' title="bbox 2079 4385 3674 4467; baseline 0.008 -28"><span class='ocrx_word' id='word_1_893' title='bbox 2079 4387 2238 4441; x_wconf 84' lang='lat' dir='ltr'><strong>mines</strong></span> <span class='ocrx_word' id='word_1_894' title='bbox 2267 4387 2600 4456; x_wconf 79' lang='lat' dir='ltr'><strong>pertransiit?</strong></span> <span class='ocrx_word' id='word_1_895' title='bbox 2637 4385 2903 4459; x_wconf 88' lang='lat' dir='ltr'><strong>Numquid</strong></span> <span class='ocrx_word' id='word_1_896' title='bbox 2943 4389 3188 4448; x_wconf 86' lang='lat' dir='ltr'><strong>homines</strong></span> <span class='ocrx_word' id='word_1_897' title='bbox 3231 4407 3337 4448; x_wconf 90' lang='lat' dir='ltr'><strong>non</strong></span> <span class='ocrx_word' id='word_1_898' title='bbox 3375 4403 3500 4450; x_wconf 91' lang='lat' dir='ltr'><strong>sunt</strong></span> <span class='ocrx_word' id='word_1_899' title='bbox 3537 4412 3674 4467; x_wconf 87' lang='lat' dir='ltr'><strong>opus</strong></span> 
     </span>
    </p>
   </div>
   <div class='ocr_carea' id='block_1_106' title="bbox 2083 4477 3669 4553">
    <p class='ocr_par' dir='ltr' id='par_1_106' title="bbox 2083 4477 3669 4553">
     <span class='ocr_line' id='line_1_106' title="bbox 2083 4477 3669 4553; baseline 0.006 -21"><span class='ocrx_word' id='word_1_900' title='bbox 2083 4477 2212 4533; x_wconf 89' lang='lat' dir='ltr'><strong>Dei?</strong></span> <span class='ocrx_word' id='word_1_901' title='bbox 2237 4479 2550 4534; x_wconf 85' lang='lat' dir='ltr'><strong>Pertransiit</strong></span> <span class='ocrx_word' id='word_1_902' title='bbox 2575 4495 2701 4550; x_wconf 77' lang='lat' dir='ltr'><strong>ergo</strong></span> <span class='ocrx_word' id='word_1_903' title='bbox 2723 4489 3002 4551; x_wconf 85' lang='lat' dir='ltr'><strong>peceatum</strong></span> <span class='ocrx_word' id='word_1_904' title='bbox 3023 4497 3118 4553; x_wconf 89' lang='lat' dir='ltr'><strong>per</strong></span> <span class='ocrx_word' id='word_1_905' title='bbox 3139 4484 3405 4553; x_wconf 88' lang='lat' dir='ltr'><strong>homines,</strong></span> <span class='ocrx_word' id='word_1_906' title='bbox 3437 4487 3542 4542; x_wconf 89' lang='lat' dir='ltr'><strong>hoc</strong></span> <span class='ocrx_word' id='word_1_907' title='bbox 3567 4499 3669 4552; x_wconf 86' lang='lat' dir='ltr'><strong>est,</strong></span> 
     </span>
    </p>
   </div>
   <div class='ocr_carea' id='block_1_107' title="bbox 2081 4569 3672 4648">
    <p class='ocr_par' dir='ltr' id='par_1_107' title="bbox 2081 4569 3672 4648">
     <span class='ocr_line' id='line_1_107' title="bbox 2081 4569 3672 4648; baseline 0.006 -24"><span class='ocrx_word' id='word_1_908' title='bbox 2081 4584 2214 4640; x_wconf 80' lang='lat' dir='ltr'><strong>Opus</strong></span> <span class='ocrx_word' id='word_1_909' title='bbox 2238 4569 2434 4626; x_wconf 85' lang='lat' dir='ltr'><strong>diaboli</strong></span> <span class='ocrx_word' id='word_1_910' title='bbox 2452 4585 2548 4642; x_wconf 88' lang='lat' dir='ltr'><strong>per</strong></span> <span class='ocrx_word' id='word_1_911' title='bbox 2573 4586 2708 4642; x_wconf 90' lang='lat' dir='ltr'><strong>opus</strong></span> <span class='ocrx_word' id='word_1_912' title='bbox 2728 4572 2857 4628; x_wconf 89' lang='lat' dir='ltr'><strong>Dei:</strong></span> <span class='ocrx_word' id='word_1_913' title='bbox 2879 4583 3037 4645; x_wconf 90' lang='lat' dir='ltr'><strong>atque</strong></span> <span class='ocrx_word' id='word_1_914' title='bbox 3055 4585 3109 4630; x_wconf 91' lang='lat' dir='ltr'><strong>ut</strong></span> <span class='ocrx_word' id='word_1_915' title='bbox 3127 4575 3233 4631; x_wconf 89' lang='lat' dir='ltr'><strong>alio</strong></span> <span class='ocrx_word' id='word_1_916' title='bbox 3259 4577 3420 4632; x_wconf 90' lang='lat' dir='ltr'><strong>modo</strong></span> <span class='ocrx_word' id='word_1_917' title='bbox 3441 4578 3672 4648; x_wconf 87' lang='lat' dir='ltr'><strong>idipsum</strong></span> 
     </span>
    </p>
   </div>
   <div class='ocr_carea' id='block_1_108' title="bbox 2082 4659 3675 4734">
    <p class='ocr_par' dir='ltr' id='par_1_108' title="bbox 2082 4659 3675 4734">
     <span class='ocr_line' id='line_1_108' title="bbox 2082 4659 3675 4734; baseline 0.006 -18"><span class='ocrx_word' id='word_1_918' title='bbox 2082 4659 2257 4716; x_wconf 90' lang='lat' dir='ltr'><strong>dicam</strong></span> <span class='ocrx_word' id='word_1_919' title='bbox 2275 4701 2288 4728; x_wconf 92' lang='lat'><strong>,</strong></span> <span class='ocrx_word' id='word_1_920' title='bbox 2334 4675 2470 4730; x_wconf 90' lang='lat' dir='ltr'><strong>opus</strong></span> <span class='ocrx_word' id='word_1_921' title='bbox 2496 4663 2674 4732; x_wconf 89' lang='lat' dir='ltr'><strong>operis</strong></span> <span class='ocrx_word' id='word_1_922' title='bbox 2695 4662 2790 4718; x_wconf 91' lang='lat' dir='ltr'><strong>Dei</strong></span> <span class='ocrx_word' id='word_1_923' title='bbox 2817 4677 2914 4734; x_wconf 92' lang='lat' dir='ltr'><strong>per</strong></span> <span class='ocrx_word' id='word_1_924' title='bbox 2940 4679 3073 4734; x_wconf 88' lang='lat' dir='ltr'><strong>opus</strong></span> <span class='ocrx_word' id='word_1_925' title='bbox 3099 4665 3193 4721; x_wconf 89' lang='lat' dir='ltr'><strong>Dei</strong></span> <span class='ocrx_word' id='word_1_926' title='bbox 3215 4666 3254 4721; x_wconf 85' lang='grc'><strong>³.</strong></span> <span class='ocrx_word' id='word_1_927' title='bbox 3289 4666 3358 4722; x_wconf 88' lang='lat' dir='ltr'><strong>Et</strong></span> <span class='ocrx_word' id='word_1_928' title='bbox 3383 4667 3504 4723; x_wconf 91' lang='lat' dir='ltr'><strong>ideo</strong></span> <span class='ocrx_word' id='word_1_929' title='bbox 3531 4669 3675 4725; x_wconf 89' lang='lat' dir='ltr'><strong>Deus</strong></span> 
     </span>
    </p>
   </div>
   <div class='ocr_carea' id='block_1_109' title="bbox 2081 4752 3674 4832">
    <p class='ocr_par' dir='ltr' id='par_1_109' title="bbox 2081 4752 3674 4832">
     <span class='ocr_line' id='line_1_109' title="bbox 2081 4752 3674 4832; baseline 0.004 -24"><span class='ocrx_word' id='word_1_930' title='bbox 2081 4763 2165 4817; x_wconf 84' lang='lat' dir='ltr'><strong>est</strong></span> <span class='ocrx_word' id='word_1_931' title='bbox 2189 4752 2335 4808; x_wconf 91' lang='lat' dir='ltr'><strong>solus</strong></span> <span class='ocrx_word' id='word_1_932' title='bbox 2373 4753 2718 4809; x_wconf 88' lang='lat' dir='ltr'><strong>immutabilis</strong></span> <span class='ocrx_word' id='word_1_933' title='bbox 2747 4763 2802 4810; x_wconf 92' lang='lat' dir='ltr'><strong>et</strong></span> <span class='ocrx_word' id='word_1_934' title='bbox 2831 4757 3215 4825; x_wconf 67' lang='lat' dir='ltr'><strong>potentissimae</strong></span> <span class='ocrx_word' id='word_1_935' title='bbox 3253 4757 3506 4814; x_wconf 85' lang='lat' dir='ltr'><strong>bonitatis</strong></span> <span class='ocrx_word' id='word_1_936' title='bbox 3535 4777 3552 4814; x_wconf 87' lang='lat'><strong>:</strong></span> <span class='ocrx_word' id='word_1_937' title='bbox 3585 4762 3674 4832; x_wconf 91' lang='lat' dir='ltr'><strong>qui</strong></span> 
     </span>
    </p>
   </div>
   <div class='ocr_carea' id='block_1_110' title="bbox 2083 4847 3674 4920">
    <p class='ocr_par' dir='ltr' id='par_1_110' title="bbox 2083 4847 3674 4920">
     <span class='ocr_line' id='line_1_110' title="bbox 2083 4847 3674 4920; baseline 0.005 -20"><span class='ocrx_word' id='word_1_938' title='bbox 2083 4852 2137 4900; x_wconf 90' lang='lat' dir='ltr'><strong>et</strong></span> <span class='ocrx_word' id='word_1_939' title='bbox 2176 4855 2458 4915; x_wconf 89' lang='lat' dir='ltr'><strong>antequam</strong></span> <span class='ocrx_word' id='word_1_940' title='bbox 2508 4854 2653 4901; x_wconf 88' lang='lat' dir='ltr'><strong>esset</strong></span> <span class='ocrx_word' id='word_1_941' title='bbox 2685 4847 2855 4902; x_wconf 88' lang='lat' dir='ltr'><strong>ttllum</strong></span> <span class='ocrx_word' id='word_1_942' title='bbox 2895 4847 3128 4911; x_wconf 89' lang='lat' dir='ltr'><strong>malum,</strong></span> <span class='ocrx_word' id='word_1_943' title='bbox 3173 4847 3310 4904; x_wconf 90' lang='lat' dir='ltr'><strong>bona</strong></span> <span class='ocrx_word' id='word_1_944' title='bbox 3337 4863 3500 4920; x_wconf 86' lang='lat' dir='ltr'><strong>opera</strong></span> <span class='ocrx_word' id='word_1_945' title='bbox 3551 4852 3674 4908; x_wconf 81' lang='lat' dir='ltr'><strong>fecit</strong></span> 
     </span>
    </p>
   </div>
   <div class='ocr_carea' id='block_1_111' title="bbox 2083 4937 3676 5007">
    <p class='ocr_par' dir='ltr' id='par_1_111' title="bbox 2083 4937 3676 5007">
     <span class='ocr_line' id='line_1_111' title="bbox 2083 4937 3676 5007; baseline 0.005 -15"><span class='ocrx_word' id='word_1_946' title='bbox 2083 4937 2298 5002; x_wconf 88' lang='lat' dir='ltr'><strong>omnia,</strong></span> <span class='ocrx_word' id='word_1_947' title='bbox 2338 4937 2482 4992; x_wconf 86' lang='lat' dir='ltr'><strong>etde</strong></span> <span class='ocrx_word' id='word_1_948' title='bbox 2513 4938 2664 4992; x_wconf 87' lang='lat' dir='ltr'><strong>malis</strong></span> <span class='ocrx_word' id='word_1_949' title='bbox 2701 4953 2822 5007; x_wconf 60' lang='lat' dir='ltr'><strong>quae</strong></span> <span class='ocrx_word' id='word_1_950' title='bbox 2851 4937 2904 4994; x_wconf 91' lang='lat' dir='ltr'><strong>in</strong></span> <span class='ocrx_word' id='word_1_951' title='bbox 2945 4939 3098 4994; x_wconf 86' lang='lat' dir='ltr'><strong>bonis</strong></span> <span class='ocrx_word' id='word_1_952' title='bbox 3139 4940 3208 4996; x_wconf 88' lang='lat' dir='ltr'><strong>ab</strong></span> <span class='ocrx_word' id='word_1_953' title='bbox 3251 4955 3318 4997; x_wconf 91' lang='lat' dir='ltr'><strong>eo</strong></span> <span class='ocrx_word' id='word_1_954' title='bbox 3361 4941 3520 4999; x_wconf 80' lang='lat' dir='ltr'><strong>factis</strong></span> <span class='ocrx_word' id='word_1_955' title='bbox 3559 4954 3676 5000; x_wconf 86' lang='lat' dir='ltr'><strong>orta</strong></span> 
     </span>
    </p>
   </div>
   <div class='ocr_carea' id='block_1_112' title="bbox 2084 5031 3026 5102">
    <p class='ocr_par' dir='ltr' id='par_1_112' title="bbox 2084 5031 3026 5102">
     <span class='ocr_line' id='line_1_112' title="bbox 2084 5031 3026 5102; baseline 0.001 -17"><span class='ocrx_word' id='word_1_956' title='bbox 2084 5039 2227 5094; x_wconf 85' lang='lat' dir='ltr'><strong>sunt,</strong></span> <span class='ocrx_word' id='word_1_957' title='bbox 2261 5031 2398 5085; x_wconf 90' lang='lat' dir='ltr'><strong>bene</strong></span> <span class='ocrx_word' id='word_1_958' title='bbox 2427 5040 2677 5099; x_wconf 88' lang='lat' dir='ltr'><strong>operatur</strong></span> <span class='ocrx_word' id='word_1_959' title='bbox 2706 5047 2804 5102; x_wconf 90' lang='lat' dir='ltr'><strong>per</strong></span> <span class='ocrx_word' id='word_1_960' title='bbox 2825 5033 3026 5088; x_wconf 89' lang='lat' dir='ltr'><strong>omnia.</strong></span> 
     </span>
    </p>
   </div>
   <div class='ocr_carea' id='block_1_113' title="bbox 2155 5135 3680 5219">
    <p class='ocr_par' dir='ltr' id='par_1_113' title="bbox 2155 5135 3680 5219">
     <span class='ocr_line' id='line_1_113' title="bbox 2155 5135 3680 5219; baseline 0.007 -21"><span class='ocrx_word' id='word_1_961' title='bbox 2155 5143 2379 5198; x_wconf 75' lang='lat' dir='ltr'><strong>CAPUT</strong></span> <span class='ocrx_word' id='word_1_962' title='bbox 2417 5143 2797 5200; x_wconf 61' lang='lat' dir='ltr'><strong>XXIX—49.</strong></span> <span class='ocrx_word' id='word_1_963' title='bbox 2838 5145 2937 5201; x_wconf 82' lang='grc' dir='ltr'><strong>«ιη</strong></span> <span class='ocrx_word' id='word_1_964' title='bbox 2970 5163 3094 5212; x_wconf 90' lang='lat' dir='ltr'><strong>uno,</strong></span> <span class='ocrx_word' id='word_1_965' title='bbox 3129 5167 3147 5198; x_wconf 73' lang='grc' dir='ltr'><strong><em>ι</em></strong></span> <span class='ocrx_word' id='word_1_966' title='bbox 3185 5149 3376 5219; x_wconf 90' lang='lat' dir='ltr'><strong>inquit,</strong></span> <span class='ocrx_word' id='word_1_967' title='bbox 3415 5135 3680 5208; x_wconf 70' lang='lat' dir='ltr'><strong>«homine</strong></span> 
     </span>
    </p>
   </div>
   <div class='ocr_carea' id='block_1_114' title="bbox 2080 5235 3680 5314">
    <p class='ocr_par' dir='ltr' id='par_1_114' title="bbox 2080 5235 3680 5314">
     <span class='ocr_line' id='line_1_114' title="bbox 2080 5235 3680 5314; baseline 0.005 -24"><span class='ocrx_word' id='word_1_968' title='bbox 2080 5235 2200 5308; x_wconf 88' lang='lat' dir='ltr'><strong>jure</strong></span> <span class='ocrx_word' id='word_1_969' title='bbox 2225 5237 2549 5305; x_wconf 88' lang='lat' dir='ltr'><strong>vituperatur</strong></span> <span class='ocrx_word' id='word_1_970' title='bbox 2577 5237 2823 5304; x_wconf 88' lang='lat' dir='ltr'><strong>intentio,</strong></span> <span class='ocrx_word' id='word_1_971' title='bbox 2855 5248 2907 5294; x_wconf 93' lang='lat' dir='ltr'><strong>et</strong></span> <span class='ocrx_word' id='word_1_972' title='bbox 2937 5242 3087 5310; x_wconf 83' lang='lat' dir='ltr'><strong>origo</strong></span> <span class='ocrx_word' id='word_1_973' title='bbox 3119 5241 3380 5308; x_wconf 89' lang='lat' dir='ltr'><strong>laudatur,</strong></span> <span class='ocrx_word' id='word_1_974' title='bbox 3413 5244 3538 5314; x_wconf 89' lang='lat' dir='ltr'><strong>quia</strong></span> <span class='ocrx_word' id='word_1_975' title='bbox 3569 5245 3680 5299; x_wconf 85' lang='lat' dir='ltr'><strong>duo</strong></span> 
     </span>
    </p>
   </div>
   <div class='ocr_carea' id='block_1_115' title="bbox 2155 5389 3679 5462">
    <p class='ocr_par' dir='ltr' id='par_1_115' title="bbox 2155 5389 3679 5462">
     <span class='ocr_line' id='line_1_115' title="bbox 2155 5389 3679 5462; baseline 0.011 -24"><span class='ocrx_word' id='word_1_976' title='bbox 2155 5391 2170 5462; x_wconf 66' lang='grc' dir='ltr'><strong>ξ</strong></span> <span class='ocrx_word' id='word_1_977' title='bbox 2204 5390 2340 5462; x_wconf 56' lang='lat' dir='ltr'><strong>gditi,</strong></span> <span class='ocrx_word' id='word_1_978' title='bbox 2353 5389 2406 5440; x_wconf 88' lang='lat' dir='ltr'><strong>id</strong></span> <span class='ocrx_word' id='word_1_979' title='bbox 2416 5392 2780 5462; x_wconf 39' lang='lat' dir='ltr'><strong>esu-fructuum,</strong></span> <span class='ocrx_word' id='word_1_980' title='bbox 2801 5397 2997 5456; x_wconf 84' lang='lat' dir='ltr'><strong>omisso,</strong></span> <span class='ocrx_word' id='word_1_981' title='bbox 3013 5396 3464 5462; x_wconf 81' lang='lat' dir='ltr'><strong>ipsam.Addidimus</strong></span> <span class='ocrx_word' id='word_1_982' title='bbox 3487 5413 3552 5452; x_wconf 84' lang='lat' dir='ltr'><strong>ex</strong></span> <span class='ocrx_word' id='word_1_983' title='bbox 3567 5407 3679 5454; x_wconf 70' lang='lat' dir='ltr'><strong>Mss.</strong></span> 
     </span>
    </p>
   </div>
   <div class='ocr_carea' id='block_1_116' title="bbox 2150 5453 3656 5533">
    <p class='ocr_par' dir='ltr' id='par_1_116' title="bbox 2150 5453 3656 5533">
     <span class='ocr_line' id='line_1_116' title="bbox 2150 5453 3656 5533; baseline 0 0"><span class='ocrx_word' id='word_1_984' title='bbox 2150 5455 2170 5533; x_wconf 74' lang='grc' dir='ltr'><strong>ἶ</strong></span> <span class='ocrx_word' id='word_1_985' title='bbox 2204 5453 2806 5533; x_wconf 49' lang='grc' dir='ltr'><strong>ἷῗ¹ίιῖεἷ¹ῗ¹9εἷῧῗέῖὶἳβ¹³9ίίἶθῖ</strong></span> <span class='ocrx_word' id='word_1_986' title='bbox 2821 5453 3157 5533; x_wconf 30' lang='lat' dir='ltr'><strong>dimidim“</strong></span> <span class='ocrx_word' id='word_1_987' title='bbox 3177 5459 3355 5533; x_wconf 63' lang='grc' dir='ltr'><strong>,αηρθξζο</strong></span> <span class='ocrx_word' id='word_1_988' title='bbox 3375 5475 3441 5512; x_wconf 62' lang='grc' dir='ltr'><strong>επ</strong></span> <span class='ocrx_word' id='word_1_989' title='bbox 3462 5453 3656 5533; x_wconf 63' lang='grc' dir='ltr'><strong>αηέὶείοέ</strong></span> 
     </span>
    </p>
   </div>
   <div class='ocr_carea' id='block_1_117' title="bbox 2152 5516 3684 5586">
    <p class='ocr_par' dir='ltr' id='par_1_117' title="bbox 2152 5516 3684 5586">
     <span class='ocr_line' id='line_1_117' title="bbox 2152 5516 3684 5586; baseline 0.012 -26"><span class='ocrx_word' id='word_1_990' title='bbox 2152 5516 2252 5585; x_wconf 40' lang='grc' dir='ltr'><strong>³,ιιι</strong></span> <span class='ocrx_word' id='word_1_991' title='bbox 2283 5518 2664 5586; x_wconf 45' lang='lat' dir='ltr'><strong>gnte-excusis,</strong></span> <span class='ocrx_word' id='word_1_992' title='bbox 2687 5516 2832 5586; x_wconf 49' lang='lat' dir='ltr'><strong>idque</strong></span> <span class='ocrx_word' id='word_1_993' title='bbox 2855 5525 2905 5568; x_wconf 88' lang='lat' dir='ltr'><strong>ut</strong></span> <span class='ocrx_word' id='word_1_994' title='bbox 2941 5519 3037 5572; x_wconf 79' lang='lat' dir='ltr'><strong>alio</strong></span> <span class='ocrx_word' id='word_1_995' title='bbox 3066 5516 3217 5572; x_wconf 76' lang='lat' dir='ltr'><strong>modo</strong></span> <span class='ocrx_word' id='word_1_996' title='bbox 3248 5516 3479 5586; x_wconf 65' lang='lat' dir='ltr'><strong>idipsum</strong></span> <span class='ocrx_word' id='word_1_997' title='bbox 3509 5516 3684 5579; x_wconf 73' lang='lat' dir='ltr'><strong>dicam</strong></span> 
     </span>
    </p>
   </div>
   <div class='ocr_carea' id='block_1_118' title="bbox 2089 5575 3684 5648">
    <p class='ocr_par' dir='ltr' id='par_1_118' title="bbox 2089 5575 3684 5648">
     <span class='ocr_line' id='line_1_118' title="bbox 2089 5575 3684 5648; baseline 0.011 -24"><span class='ocrx_word' id='word_1_998' title='bbox 2089 5575 2226 5648; x_wconf 79' lang='lat' dir='ltr'><strong>(quia</strong></span> <span class='ocrx_word' id='word_1_999' title='bbox 2261 5575 2442 5648; x_wconf 74' lang='lat' dir='ltr'><strong>diaboli</strong></span> <span class='ocrx_word' id='word_1_1000' title='bbox 2461 5590 2577 5648; x_wconf 70' lang='lat' dir='ltr'><strong>opus</strong></span> <span class='ocrx_word' id='word_1_1001' title='bbox 2596 5615 2610 5639; x_wconf 92' lang='lat'><strong>,</strong></span> <span class='ocrx_word' id='word_1_1002' title='bbox 2647 5575 2700 5629; x_wconf 83' lang='lat' dir='ltr'><strong>id</strong></span> <span class='ocrx_word' id='word_1_1003' title='bbox 2732 5575 2802 5648; x_wconf 70' lang='lat' dir='ltr'><strong>est</strong></span> <span class='ocrx_word' id='word_1_1004' title='bbox 2817 5615 2833 5639; x_wconf 91' lang='lat'><strong>,</strong></span> <span class='ocrx_word' id='word_1_1005' title='bbox 2872 5589 3123 5648; x_wconf 81' lang='lat' dir='ltr'><strong>peccatum</strong></span> <span class='ocrx_word' id='word_1_1006' title='bbox 3143 5597 3228 5647; x_wconf 87' lang='lat' dir='ltr'><strong>per</strong></span> <span class='ocrx_word' id='word_1_1007' title='bbox 3249 5575 3410 5648; x_wconf 74' lang='lat' dir='ltr'><strong>ipsum</strong></span> <span class='ocrx_word' id='word_1_1008' title='bbox 3429 5575 3684 5642; x_wconf 65' lang='grc' dir='ltr'><strong>αἱαὸὸῦἆῆ</strong></span> 
     </span>
    </p>
   </div>
   <div class='ocr_carea' id='block_1_119' title="bbox 2087 5591 3684 5713">
    <p class='ocr_par' dir='ltr' id='par_1_119' title="bbox 2087 5591 3684 5713">
     <span class='ocr_line' id='line_1_119' title="bbox 2089 5591 3684 5647; baseline 0.01 -22"><span class='ocrx_word' id='word_1_1009' title='bbox 2089 5591 2224 5639; x_wconf 66' lang='grc' dir='ltr'><strong>(φατι</strong></span> <span class='ocrx_word' id='word_1_1010' title='bbox 2261 5591 2436 5626; x_wconf 82' lang='lat' dir='ltr'><strong>awoon</strong></span> <span class='ocrx_word' id='word_1_1011' title='bbox 2461 5591 2490 5626; x_wconf 91' lang='grc' dir='ltr'><em>ο</em></span> <span class='ocrx_word' id='word_1_1012' title='bbox 2538 5591 2577 5627; x_wconf 76' lang='grc' dir='ltr'><strong>ιε</strong></span> <span class='ocrx_word' id='word_1_1013' title='bbox 2596 5615 2610 5639; x_wconf 91' lang='grc'>,</span> <span class='ocrx_word' id='word_1_1014' title='bbox 2647 5591 2700 5629; x_wconf 84' lang='grc' dir='ltr'><strong>ια</strong></span> <span class='ocrx_word' id='word_1_1015' title='bbox 2732 5591 2833 5639; x_wconf 89' lang='lat' dir='ltr'><strong>est,</strong></span> <span class='ocrx_word' id='word_1_1016' title='bbox 2872 5591 3123 5645; x_wconf 81' lang='lat' dir='ltr'><strong>peccatum</strong></span> <span class='ocrx_word' id='word_1_1017' title='bbox 3143 5597 3228 5647; x_wconf 87' lang='lat' dir='ltr'><strong>per</strong></span> <span class='ocrx_word' id='word_1_1018' title='bbox 3259 5591 3270 5594; x_wconf 83' lang='lat'>&#39;</span> <span class='ocrx_word' id='word_1_1019' title='bbox 3303 5599 3410 5635; x_wconf 87' lang='lat' dir='ltr'><strong>sum</strong></span> <span class='ocrx_word' id='word_1_1020' title='bbox 3429 5591 3684 5642; x_wconf 72' lang='lat' dir='ltr'><strong>diabolum</strong></span> 
     </span>
     <span class='ocr_line' id='line_1_120' title="bbox 2087 5591 3684 5713; baseline 0.009 -26"><span class='ocrx_word' id='word_1_1021' title='bbox 2087 5644 2326 5713; x_wconf 47' lang='lat' dir='ltr'><strong>emortum,</strong></span> <span class='ocrx_word' id='word_1_1022' title='bbox 2361 5638 2442 5710; x_wconf 69' lang='lat' dir='ltr'><strong>qui</strong></span> <span class='ocrx_word' id='word_1_1023' title='bbox 2464 5591 2653 5713; x_wconf 49' lang='lat' dir='ltr'><strong>[ditare</strong></span> <span class='ocrx_word' id='word_1_1024' title='bbox 2669 5639 2743 5692; x_wconf 81' lang='lat' dir='ltr'><strong>uel</strong></span> <span class='ocrx_word' id='word_1_1025' title='bbox 2899 5651 2969 5694; x_wconf 84' lang='lat' dir='ltr'><strong>est</strong></span> <span class='ocrx_word' id='word_1_1026' title='bbox 3000 5644 3106 5701; x_wconf 81' lang='lat' dir='ltr'><strong>Dei,</strong></span> <span class='ocrx_word' id='word_1_1027' title='bbox 3129 5659 3216 5713; x_wconf 73' lang='lat' dir='ltr'><strong>per</strong></span> <span class='ocrx_word' id='word_1_1028' title='bbox 3239 5597 3373 5713; x_wconf 53' lang='grc' dir='ltr'><strong>ἔξω</strong></span> <span class='ocrx_word' id='word_1_1029' title='bbox 3395 5661 3516 5713; x_wconf 85' lang='lat' dir='ltr'><strong>opus</strong></span> <span class='ocrx_word' id='word_1_1030' title='bbox 3555 5653 3651 5702; x_wconf 80' lang='lat' dir='ltr'><strong>Dei</strong></span> <span class='ocrx_word' id='word_1_1031' title='bbox 3665 5688 3684 5712; x_wconf 90' lang='lat'><strong>,</strong></span> 
     </span>
    </p>
   </div>
   <div class='ocr_carea' id='block_1_120' title="bbox 2085 5699 3684 5775">
    <p class='ocr_par' dir='ltr' id='par_1_120' title="bbox 2085 5699 3684 5775">
     <span class='ocr_line' id='line_1_121' title="bbox 2085 5699 3684 5775; baseline 0.008 -26"><span class='ocrx_word' id='word_1_1032' title='bbox 2159 5706 2246 5756; x_wconf 85' lang='lat' dir='ltr'><strong>est,</strong></span> <span class='ocrx_word' id='word_1_1033' title='bbox 2275 5699 2510 5775; x_wconf 77' lang='lat' dir='ltr'><strong>hominem</strong></span> <span class='ocrx_word' id='word_1_1034' title='bbox 2534 5699 2847 5775; x_wconf 72' lang='lat' dir='ltr'><strong>pertransiit),</strong></span> <span class='ocrx_word' id='word_1_1035' title='bbox 2885 5717 3002 5775; x_wconf 83' lang='lat' dir='ltr'><strong>opus</strong></span> <span class='ocrx_word' id='word_1_1036' title='bbox 3023 5699 3179 5769; x_wconf 62' lang='lat' dir='ltr'><strong>operis</strong></span> <span class='ocrx_word' id='word_1_1037' title='bbox 3207 5707 3292 5759; x_wconf 77' lang='lat' dir='ltr'><strong>hei</strong></span> <span class='ocrx_word' id='word_1_1038' title='bbox 3312 5723 3399 5774; x_wconf 81' lang='lat' dir='ltr'><strong>per</strong></span> <span class='ocrx_word' id='word_1_1039' title='bbox 3419 5699 3540 5775; x_wconf 74' lang='lat' dir='ltr'><strong>opus</strong></span> <span class='ocrx_word' id='word_1_1040' title='bbox 3558 5699 3684 5764; x_wconf 12' lang='grc' dir='ltr'><strong>7ιὶίῖίῖ</strong></span> 
     </span>
    </p>
   </div>
   <div class='ocr_carea' id='block_1_121' title="bbox 2086 5762 3683 5837">
    <p class='ocr_par' dir='ltr' id='par_1_121' title="bbox 2086 5762 3683 5837">
     <span class='ocr_line' id='line_1_122' title="bbox 2086 5762 3683 5837; baseline 0.01 -27"><span class='ocrx_word' id='word_1_1041' title='bbox 2086 5762 2346 5837; x_wconf 52' lang='lat' dir='ltr'><strong>Glossema</strong></span> <span class='ocrx_word' id='word_1_1042' title='bbox 2375 5762 2670 5837; x_wconf 62' lang='lat' dir='ltr'><strong>removimus</strong></span> <span class='ocrx_word' id='word_1_1043' title='bbox 2706 5762 3010 5837; x_wconf 65' lang='lat' dir='ltr'><strong>austeritate</strong></span> <span class='ocrx_word' id='word_1_1044' title='bbox 3053 5762 3266 5834; x_wconf 51' lang='lat' dir='ltr'><strong>&quot;quatuor</strong></span> <span class='ocrx_word' id='word_1_1045' title='bbox 3287 5762 3683 5837; x_wconf 71' lang='lat' dir='ltr'><strong>_&#39;tnantiseripto-</strong></span> 
     </span>
    </p>
   </div>
   <div class='ocr_carea' id='block_1_122' title="bbox 2089 5825 3686 5908">
    <p class='ocr_par' dir='ltr' id='par_1_122' title="bbox 2089 5825 3686 5908">
     <span class='ocr_line' id='line_1_123' title="bbox 2089 5825 3686 5908; baseline 0.017 -39"><span class='ocrx_word' id='word_1_1046' title='bbox 2089 5837 2228 5908; x_wconf 52' lang='lat' dir='ltr'><strong>mni:</strong></span> <span class='ocrx_word' id='word_1_1047' title='bbox 2245 5825 2747 5908; x_wconf 45' lang='grc' dir='ltr'><strong>ξζιξῂξξὲρὲεὲρρδνὶα</strong></span> <span class='ocrx_word' id='word_1_1048' title='bbox 2776 5833 2947 5893; x_wconf 85' lang='lat' dir='ltr'><strong>Operis</strong></span> <span class='ocrx_word' id='word_1_1049' title='bbox 2969 5825 3257 5900; x_wconf 79' lang='lat' dir='ltr'><strong>lmpéri&#39;ecti,</strong></span> <span class='ocrx_word' id='word_1_1050' title='bbox 3283 5835 3407 5887; x_wconf 84' lang='lat' dir='ltr'><strong>libro</strong></span> <span class='ocrx_word' id='word_1_1051' title='bbox 3447 5841 3497 5906; x_wconf 76' lang='grc' dir='ltr'><strong>ὕ,</strong></span> <span class='ocrx_word' id='word_1_1052' title='bbox 3533 5825 3686 5908; x_wconf 58' lang='grc' dir='ltr'><strong>αἶρέ).</strong></span> 
     </span>
    </p>
   </div>
   <div class='ocr_carea' id='block_1_123' title="bbox 2091 5884 2656 5950">
    <p class='ocr_par' dir='ltr' id='par_1_123' title="bbox 2091 5884 2656 5950">
     <span class='ocr_line' id='line_1_124' title="bbox 2091 5884 2656 5950; baseline 0.005 -13"><span class='ocrx_word' id='word_1_1053' title='bbox 2091 5884 2154 5937; x_wconf 60' lang='grc' dir='ltr'><strong><em>κ</em></strong></span> <span class='ocrx_word' id='word_1_1054' title='bbox 2171 5893 2223 5938; x_wconf 87' lang='lat' dir='ltr'><strong>et</strong></span> <span class='ocrx_word' id='word_1_1055' title='bbox 2245 5884 2306 5935; x_wconf 66' lang='lat'><strong>(:3</strong></span> <span class='ocrx_word' id='word_1_1056' title='bbox 2319 5884 2656 5950; x_wconf 74' lang='lat' dir='ltr'><strong>suifraganttir.</strong></span> 
     </span>
    </p>
   </div>
  </div>
