3938 6500
263 395 356 457 tes
1026 377 1036 410 ί
1098 397 1140 411 ’ί
1234 395 1235 398 ‘
1531 392 1734 450 LIBER
1771 393 2146 454 SECUNDUS.

266 528 379 577 sunt
419 531 544 590 qua
587 513 870 574 contrariis
910 511 1283 586 applicentur:
1332 514 1386 569 in
1412 514 1632 584 parvulo
1661 524 1840 571 autem

269 625 418 670 unum
445 619 566 675 est,
617 618 808 664 natura
855 617 1096 672 tantum,
1145 606 1269 676 quia
1315 605 1562 661 voluntas
1598 619 1705 659 non
1735 614 1839 660 est.

265 701 387 764 Illud
425 715 558 772 ergo
605 715 804 765 unum,
832 717 852 751 ι
885 698 1082 769 inquit,
1132 715 1151 749 ι
1187 707 1279 752 aut
1305 696 1416 751 Deo
1444 696 1775 751 adscribetur
1800 697 1843 762 ',

262 805 344 852 aut
367 792 624 848 dtemoni.
656 792 715 848 Si
740 800 928 846 natura
951 808 994 855 ι,
1016 789 1208 860 inquit,
1243 807 1261 840 ι
1290 803 1383 859 per
1406 788 1571 842 Deum
1597 775 1846 854 est,'non

267 895 433 958 p0test
457 884 514 942 in
541 900 606 940 ea
634 898 758 940 esse
780 881 1033 953 originale
1061 881 1281 936 malum.
1313 879 1370 935 Si
1395 895 1426 933 a
1449 877 1682 944 diabolo,
1713 876 1849 934 nihil

269 982 357 1036 erit
380 995 479 1050 per
498 979 641 1052 quod
669 977 838 1034 homo
861 977 1040 1033 divino
1069 973 1219 1045 operi
1248 973 1564 1029 vindicetur.
1608 970 1849 1028 Perfecte

269 1073 435 1142 itaque
460 1069 784 1126 Manichacus
810 1078 911 1136 est,
933 1068 1025 1138 qui
1049 1067 1245 1122 malum
1270 1065 1528 1136 originale
1555 1063 1845 1120 defendit.»

269 1163 450 1218 Audiat
477 1164 654 1234 potius
683 1163 964 1218 adversum
1005 1161 1106 1216 ista
1133 1159 1278 1231 quod
1304 1175 1488 1214 verum
1519 1168 1619 1214 est.
1649 1158 1707 1214 in
1747 1174 1852 1215 uno

269 1254 478 1309 homine
501 1255 624 1325 jure
652 1254 984 1324 vituperatur
1013 1252 1260 1320 intentio,
1289 1261 1344 1307 et
1371 1260 1557 1307 natura
1586 1249 1848 1317 laudatur,

269 1345 380 1416 quia
410 1346 518 1401 duo
544 1356 670 1401 sunt
694 1361 818 1416 qua:
844 1344 1126 1400 contrariis
1161 1344 1493 1414 applicentur
1518 1360 1530 1396 :
1559 1343 1652 1398 sed
1689 1342 1850 1398 etiam

270 1439 313 1491 iu
337 1438 580 1508 parvulo,
614 1454 718 1492 non
752 1453 913 1492 unum
940 1445 1023 1492 est
1047 1445 1283 1502 tantum,
1315 1435 1370 1491 id
1396 1443 1511 1500 est,
1544 1444 1764 1499 natura,
1798 1434 1850 1490 in

270 1545 361 1600 qua
391 1539 610 1585 creatus
638 1540 723 1585 est
750 1530 912 1585 homo
931 1545 961 1584 a
997 1530 1106 1584 Deo
1130 1529 1302 1595 bono;
1335 1528 1496 1584 habet
1523 1529 1664 1584 enim
1689 1537 1743 1583 et
1769 1527 1851 1582 vi-

271 1627 409 1690 tium,
451 1625 596 1696 quod
627 1639 726 1695 per
756 1641 920 1680 unum
951 1626 1000 1678 iu
1031 1639 1220 1680 omnes
1247 1623 1494 1680 homines
1524 1621 1849 1693 pertransiit,

268 1718 395 1772 sicut
425 1718 568 1786 sapit
605 1717 914 1787 Apostolus,
950 1733 1056 1771 non
1086 1717 1223 1771 sicut
1255 1715 1450 1786 desipit
1474 1716 1736 1786 Pelagius,
1769 1715 1852 1770 vel

266 1809 567 1875 Caelestius,
601 1811 684 1864 vel
713 1825 898 1864 eorum
927 1809 1247 1880 quicumque
1287 1808 1598 1878 discipulus.
1652 1808 1852 1862 llorum

269 1902 436 1970 itaque
463 1900 720 1966 duorum,
751 1917 870 1972 quae
897 1901 948 1956 in
978 1901 1202 1971 parvulo
1231 1914 1350 1956 esse
1379 1899 1610 1955 diximus
1629 1939 1644 1966 ,
1689 1915 1851 1954 unum

187 1996 192 1999 ’
266 1993 585 2049 adscribitur
613 1993 746 2061 Deo,
777 1993 1000 2049 alterunt
1028 1992 1261 2048 diabolo.
1307 1993 1374 2047 Et
1401 1991 1542 2062 quod
1568 2001 1852 2062 utrumque

268 2095 482 2156 propter
509 2101 674 2141 unum
706 2087 915 2150 horum,
944 2085 996 2141 id
1027 2094 1131 2153 est,
1158 2095 1378 2156 propter
1407 2085 1612 2152 vitium,
1640 2084 1856 2155 subjici-

267 2190 346 2234 tur
373 2180 627 2250 potestati
655 2179 886 2245 diaboli,
929 2178 1050 2234 ideo
1077 2194 1182 2233 non
1208 2187 1292 2234 est
1333 2177 1701 2247 incongruum,
1731 2177 1854 2246 quia

268 2287 366 2327 non
395 2273 458 2326 tit
500 2272 670 2343 ipsius
710 2271 904 2326 diaboli
945 2277 1225 2340 potestate,
1265 2271 1358 2324 sed
1408 2269 1520 2324 Dei.
1567 2266 1854 2337 Subjicitur

267 2374 436 2420 autem
470 2364 664 2418 vitium
689 2364 835 2427 vitio,
859 2371 1047 2417 natura
1075 2371 1311 2426 naturae;
1339 2361 1462 2432 quia
1488 2369 1541 2415 et
1567 2361 1620 2414 in
1641 2359 1855 2413 diabolo

265 2468 543 2526 utrumque
586 2465 671 2510 est
706 2474 721 2510 :
767 2465 825 2510 ut
852 2470 971 2510 cum
993 2454 1174 2510 dilecti
1213 2463 1267 2508 et
1294 2453 1448 2509 electi
1487 2452 1554 2508 de
1591 2459 1856 2522 potestate

267 2549 606 2604 tenebrarum
638 2555 896 2603 eruuntur
915 2589 928 2614 ,
961 2547 1046 2602 cui
1070 2547 1191 2616 jure
1220 2545 1518 2601 subdantur
1537 2585 1553 2610 ,
1599 2550 1856 2614 appareat

267 2641 381 2711 quid
411 2641 648 2696 donetur
669 2638 970 2710 justilicatis
998 2637 1150 2694 bonis
1173 2653 1204 2694 a
1233 2637 1347 2692 Deo
1371 2637 1534 2704 bono,
1561 2635 1699 2691 bene
1723 2648 1854 2705 ope-

265 2742 409 2788 rante
437 2741 494 2788 et
525 2733 596 2788 de
622 2732 776 2786 malis
795 2733 835 2784 ³.

335 2827 420 2881 50.
472 2823 631 2892 Quod
671 2833 850 2879 autem
898 2823 1002 2880 iste
1040 2821 1140 2878 sibi
1185 2821 1335 2894 quasi
1381 2819 1628 2891 religiose
1673 2818 1854 2876 dicere

272 2918 412 2973 visus
435 2927 537 2984 est,
575 2937 593 2968 ι
617 2917 672 2974 Si
701 2925 892 2972 natura
921 2933 1015 2987 per
1039 2915 1208 2972 Deum
1239 2923 1341 2983 est,
1373 2929 1481 2969 non
1503 2923 1682 2985 potest
1710 2913 1762 2968 in
1789 2927 1853 2968 ea

282 3025 395 3066 esse
419 3011 667 3080 originale
714 3009 912 3065 malum
937 3029 950 3066 :
979 3028 998 3062 ι
1043 3024 1222 3064 nonne
1246 3007 1549 3080 religiosius
1587 3007 1687 3062 sibi
1716 3005 1858 3062 alius

283 3103 483 3157 videtur
509 3103 529 3134 ³
550 3103 748 3166 dicere,
779 3102 838 3157 Si
866 3110 1048 3156 natura
1079 3116 1172 3171 per
1199 3100 1366 3155 Deum
1398 3108 1513 3165 est,
1543 3114 1650 3154 non
1678 3106 1856 3168 potest

272 3195 326 3248 in
349 3210 411 3249 ea
437 3194 561 3248 oriri
589 3194 757 3249 ullum
789 3193 1030 3249 malum?
1060 3193 1127 3248 Et
1152 3201 1331 3247 tamen
1357 3190 1546 3246 falsum
1577 3198 1661 3245 est
1692 3206 1706 3243 :
1751 3187 1852 3244 hoc

267 3287 406 3341 enim
435 3286 710 3342 Manichtei
736 3301 979 3342 asserere
1008 3285 1306 3350 voluerunt,
1331 3292 1387 3339 et
1413 3298 1522 3339 non
1552 3291 1852 3339 creaturam

266 3378 356 3434 Dei
382 3377 576 3436 factam
616 3380 685 3435 de
716 3380 918 3446 nihilo,
964 3378 1060 3435 sed
1089 3380 1258 3448 ipsam
1298 3389 1542 3433 naturam
1574 3377 1668 3433 Dei
1698 3379 1854 3433 malis

264 3471 510 3527 omnibus
549 3471 777 3542 implere
812 3473 988 3527 conati
1033 3479 1176 3526 sunt.
1219 3469 1335 3526 Non
1376 3471 1517 3524 enim
1551 3479 1727 3539 ortum
1771 3478 1856 3537 est

260 3563 451 3618 malum
476 3564 582 3619 nisi
599 3564 852 3642 i_n_b__9_qo,
869 3579 967 3641 nec
993 3572 1172 3642 tamen
1198 3563 1849 3644 summoeftijnmjtjghjﬂ,
1891 3574 1895 3577 '

265 3629 598 3641 W.

261 3655 394 3726 quod
423 3666 509 3740 est
539 3641 730 3712 natura
762 3658 891 3725 Dei,
929 3645 1034 3712 sed.
1058 3641 1852 3740 factodeﬂuihilopeﬂrusapien:

262 3732 1552 3829 mtmdiidﬁiauﬁiﬁ;
1567 3732 1854 3818 arma-

244 3817 654 3912 ςςῙὶιιεξὶιιιίξιιιιίει
682 3817 793 3897 non
815 3817 959 3896 esset
979 3817 1159 3907 homo,
1184 3840 1284 3895 nisi
1312 3839 1492 3895 divino
1512 3817 1676 3910 opere
1701 3855 1854 3896 crea-

257 3925 446 4021 retur:
478 3936 683 3992 malum
712 3947 890 3992 autem
917 3951 1022 3991 non
1050 3946 1194 3992 esset
1234 3935 1287 3990 in
1325 3937 1591 4006 parvulis,
1622 3936 1725 3994 nisi
1758 3951 1851 3992 vo-

258 4013 458 4083 luntate
487 4027 650 4097 primi
679 4026 912 4082 hominis
947 4036 1289 4097 peccaretur,
1321 4036 1376 4082 et
1401 4027 1644 4098 originc‘
1668 4028 1852 4085 vitiata

259 4129 534 4189 peccatum
579 4119 842 4188 originale
881 4119 1204 4175 traheretur.
1245 4116 1364 4172 Non
1406 4133 1534 4189 ergo
1574 4119 1708 4174 sicut
1753 4120 1854 4176 iste

257 4211 348 4277 ait,
383 4229 403 4262 ι
428 4210 674 4279 perfecte
710 4210 1032 4266 Manichmus
1075 4220 1189 4276 est,
1231 4209 1320 4280 qui
1358 4195 1852 4282 malum'originale

257 4303 527 4360 defendit:
559 4323 579 4357 ι
628 4304 723 4360 sed
767 4304 1002 4376 perfecte
1041 4303 1357 4374 Pelagianus
1385 4314 1499 4370 est,
1532 4305 1622 4375 qui
1651 4305 1849 4360 malum

258 4396 516 4468 originale
546 4411 658 4450 non
685 4396 876 4452 credit.
912 4395 1096 4468 Neque
1124 4395 1266 4450 enim
1294 4411 1358 4451 ex
1390 4410 1496 4467 quo
1535 4412 1653 4452 esse
1686 4399 1849 4468 coepit

256 4485 538 4543 κηώεὴωί
582 4487 948 4557 pestilentiosa
989 4486 1252 4552 doctrina,
1282 4502 1347 4543 ex
1379 4487 1471 4542 illo
1492 4499 1771 4556 creperum
1798 4487 1850 4543 in

262 4578 495 4636 Ecclesia
532 4579 632 4635 Dei
674 4580 876 4650 parvuli
913 4579 1212 4651 baptizandi
1252 4580 1546 4636 exorcizari
1574 4590 1627 4636 et
1671 4581 1852 4636 exsuf-

261 4669 395 4738 ﬂari,
414 4680 473 4726 ut
493 4671 627 4740 ipsis
646 4672 913 4742 mysteriis
930 4672 1302 4728 ostenderetur
1317 4688 1422 4726 non
1442 4687 1536 4728 eos
1555 4673 1607 4728 in
1630 4689 1852 4744 regnum

261 4759 479 4825 Christi,
508 4762 613 4816 nisi
638 4771 822 4816 erutos
848 4779 874 4814 a
899 4764 1235 4818 tenebrarum
1257 4772 1544 4834 potestate,
1575 4765 1851 4822 transferri

261 4851 480 4921 (Cofoss.
511 4868 550 4918 ι,
585 4852 712 4922 15);
741 4860 831 4907 aut
858 4854 909 4907 in
935 4854 1084 4908 libris
1108 4854 1129 4886 ⁸
1152 4853 1430 4910 Manichaei
1458 4857 1680 4927 legitur,
1708 4855 1849 4927 quod

261 4947 466 5001 venerit
509 4944 680 5000 Filius
715 4945 949 5000 hominis
977 4962 1219 5017 quaerere
1245 4956 1300 5001 et
1327 4949 1535 5003 salvare
1555 4949 1696 5019 quod
1727 4965 1849 5020 pcr-

263 5039 393 5096 ierat
421 5039 575 5113 (Luc.
624 5033 746 5105 xix,
780 5041 870 5110 10)
909 5051 1040 5095 :aut
1085 5041 1226 5111 quod
1265 5057 1358 5112 per
1385 5045 1546 5096 unum
1579 5042 1848 5098 hominem

263 5145 536 5201 peccatum
565 5134 618 5188 in
649 5132 794 5188 hunc
818 5133 1074 5188 mundum
1107 5132 1527 5206 iutravit‘(Rom.
1559 5149 1612 5199 v,
1638 5133 1764 5203 i2);
1795 5143 1850 5188 et

265 5235 450 5282 cetera
477 5226 546 5282 ad
572 5225 817 5282 eamdem
847 5224 1165 5281 sententiam
1191 5225 1526 5295 pertinentia,
1549 5241 1667 5295 qua:
1687 5240 1847 5296 supra

265 5318 833 5375 commemoravimus:
861 5326 952 5372 aut
975 5316 1115 5388 quod
1149 5315 1321 5371 reddit
1346 5316 1486 5370 Deus
1505 5326 1723 5387 peccata
1752 5332 1848 5387 pa-

268 5419 402 5467 trum
448 5413 501 5468 in
543 5411 682 5467 ﬁlios
723 5409 918 5483 (Exod.
950 5427 1038 5476 xx,
1080 5409 1181 5482 5):
1228 5418 1318 5466 aut
1361 5409 1503 5482 quod
1541 5410 1594 5465 in
1635 5409 1848 5467 Psalnto

329 5550 346 5578 ³
378 5549 448 5597 ste
469 5554 575 5597 uss.
602 5554 652 5596 tn
673 5545 836 5606 editis,
861 5544 1173 5598 adscribitur.

329 5609 449 5680 ’_sie
468 5616 660 5680 Mss._g\t
679 5608 814 5670 editi,
827 5606 1110 5674 justiﬁcatis
1129 5607 1262 5661 bonis
1278 5622 1310 5660 a
1328 5616 1442 5672 Deo,
1469 5607 1591 5661 bona
1612 5608 1728 5662 bene
1741 5623 1849 5676 ape-

269 5677 397 5720 rante
415 5672 474 5721 de
487 5672 655 5723 malis.

323 5733 346 5799 ξ
378 5734 503 5799 Apud
523 5741 658 5794 mv.,
685 5731 950 5799 uideretur.

322 5794 345 5859 ξ
377 5793 506 5859 aditi,
528 5803 575 5846 et
589 5793 655 5845 ex
678 5793 888 5859 origine.
914 5797 1081 5859 abest,
1104 5809 1186 5859 ex,
1211 5809 1238 5846 a
1261 5803 1366 5847 Its.

321 5857 348 5932 ξ
374 5858 511 5932 sum,
555 5863 642 5910 aut
687 5856 888 5922 quando
924 5857 977 5909 in
1019 5856 1169 5910 libris.
1196 5859 1373 5924 Abest,
1394 5859 1605 5925 quando,
1629 5873 1659 5911 a
1680 5873 1848 5916 manu-

3436 410 3546 470 46‘)

1961 516 2216 586 scriptum
2236 525 2340 584 est,
2363 507 2474 589 Ego
2497 515 2551 572 in
2569 516 2916 590 iniquitatibus
2943 532 3215 594 conceptus
3241 541 3385 594 suus,
3411 538 3461 584 et
3487 531 3546 586 in

1957 603 2172 680 peccatis
2196 620 2357 664 mater
2384 626 2496 664 mea
2523 611 2576 665 in
2601 620 2741 666 utero
2765 629 2846 669 me
2869 614 2996 668 aluit
3023 612 3199 686 (Psat.
3225 633 3279 686 ι,
3307 618 3395 690 7):
3426 629 3542 688 aut,

1962 699 2128 756 Homo
2156 703 2364 757 vanitati
2399 703 2580 758 similis
2605 709 2768 774 factus
2793 717 2888 774 est,
2921 707 3029 761 dies
3055 709 3166 779 ejus
3196 710 3330 765 velut
3362 712 3544 766 umbra

1960 805 2259 864 pratereunt
2291 793 2462 868 (Psat.
2493 810 2673 862 exuit,
2699 797 2792 866 4):
2824 807 2935 863 aut,
2963 798 3097 856 Ecce
3123 811 3308 858 ueteres
3335 803 3548 873 posuisti

1958 885 2066 941 dies
2085 903 2243 954 meos,
2269 895 2316 942 et
2343 887 2620 942 substantia
2647 904 2758 942 mea
2781 891 2926 960 quasi
2958 891 3175 946 nihilum
3199 903 3316 949 ants
3341 904 3426 962 te;
3460 910 3545 950 ue-

1957 986 2240 1032 rumtamen
2271 978 2503 1033 universa
2537 979 2750 1046 uanitas,
2783 956 2947 1034 omnis
2971 983 3121 1037 homo
3156 985 3323 1040 uiuens
3362 956 3541 1055 (i’sut.
3575 956 3586 1056 δ

1960 1084 2177 1135 xxxvut,
2199 1070 2254 1140 6)
2280 1086 2292 1123 :
2324 1078 2411 1126 aut
2441 1070 2584 1140 quod
2613 1071 2899 1140 Apostolus
2923 1071 3074 1141 dicit,
3106 1073 3284 1131 Omnis
3310 1086 3544 1132 creatura
3579 1057 3590 1142 ἰ

1957 1161 2167 1214 vanitati
2204 1162 2426 1231 subjecta
2455 1171 2525 1216 est
2561 1162 2734 1232 (Rom.
2762 1179 2873 1231 vut,
2905 1163 3034 1235 20):
3064 1176 3156 1220 aut
3183 1167 3237 1221 in
3271 1168 3412 1225 libro
3440 1169 3544 1225 Ec-
3587 1147 3594 1214 ἶ

1957 1251 2236 1317 clesiastte,
2283 1252 2490 1308 Vanitas
2519 1255 2794 1309 vanitutum
2818 1256 2858 1321 ¹,
2890 1266 2936 1310 et
2960 1259 3130 1312 omnia
3158 1259 3352 1314 uanitas
3375 1277 3396 1315 :
3431 1276 3547 1332 qua

1958 1343 2267 1396 abundantia
2294 1354 2366 1398 est
2395 1345 2587 1399 homini
2615 1347 2668 1400 in
2692 1347 2830 1422 omni
2858 1347 3030 1402 labore
3051 1366 3143 1403 suo
3162 1366 3309 1420 quem
3328 1352 3436 1419 ipse
3461 1354 3544 1408 la-

1959 1434 2102 1489 borat
2146 1437 2238 1490 sub
2279 1437 2383 1491 sole
2426 1436 2619 1508 (Eccle.
2650 1455 2685 1505 ι,
2735 1438 2792 1506 2,
2819 1440 2917 1507 3)?
2960 1449 3052 1494 aut
3084 1441 3137 1495 in
3182 1442 3316 1498 libro
3358 1442 3545 1500 Eccle-

1957 1526 2190 1592 siastico,
2223 1527 2414 1599 Jugum
2436 1505 2588 1600 grave
2614 1546 2763 1599 super
2780 1505 2920 1599 ﬁlios
2948 1531 3108 1584 Adam
3130 1549 3161 1586 a
3187 1533 3267 1587 die
3293 1533 3455 1589 exitus
3481 1535 3546 1590 dc
3597 1505 3605 1550 1

1958 1629 2126 1673 ventre
2154 1622 2329 1674 matris
2350 1638 2542 1687 eorum,
2565 1638 2718 1693 usque
2737 1623 2790 1676 in
2813 1624 2944 1677 diem
2965 1625 3236 1694 sepultura:
3253 1625 3308 1679 in
3334 1636 3547 1682 matrem

1959 1713 2182 1766 omnium
2213 1713 2398 1784 (Eccli.
2429 1731 2515 1777 χι,
2547 1716 2634 1787 1);
2665 1725 2756 1771 aut
2783 1715 2922 1788 quod
2963 1717 3092 1771 dicit
3117 1719 3434 1788 Apostolus,
3477 1719 3547 1775 In

1959 1805 2124 1858 Adam
2143 1822 2313 1860 omnes
2339 1809 2620 1863 moriuntur
2646 1807 2688 1878 (l
2713 1808 2830 1864 Cor.
2859 1825 2945 1874 xv,
2974 1809 3066 1882 22)
3092 1827 3105 1864 :
3138 1823 3228 1866 aut
3246 1811 3387 1882 quod
3415 1812 3549 1870 dicit

1958 1907 2176 1954 sanctus
2199 1899 2322 1968 Job,
2352 1901 2439 1957 ubi
2464 1901 2532 1958 de
2552 1902 2784 1972 peccatis
2804 1904 2914 1959 suis
2936 1904 3191 1975 loquitur,
3219 1905 3383 1960 Homo
3410 1908 3546 1962 cuius

1958 2001 2107 2046 natus
2130 2009 2192 2046 ea:
2215 1994 2440 2058 muliere,
2479 1995 2636 2049 brevis
2665 1995 2782 2050 vita
2805 2004 2854 2051 et
2878 1997 3055 2066 plenus
3079 1998 3387 2064 iracundiae,
3419 2000 3548 2054 sicut

1957 2083 2055 2152 flos
2082 2083 2184 2154 feni
2200 2083 2382 2138 decidit
2398 2102 2416 2150 ;
2437 2086 2567 2156 fugit
2586 2096 2756 2141 autem
2779 2088 2910 2142 sicut
2933 2089 3130 2156 umbra,
3149 2099 3196 2145 et
3226 2106 3328 2145 non
3355 2091 3547 2147 stabit:

1958 2191 2124 2229 nonne
2159 2184 2205 2230 et
2244 2177 2398 2246 hujus
2423 2194 2596 2231 curam
2625 2178 2806 2247 fecisti,
2844 2190 2890 2235 et
2919 2179 3052 2235 hunc
3080 2181 3242 2254 fecisti
3270 2183 3462 2237 intrare
3488 2183 3544 2237 in

1957 2275 2226 2336 conspectu
2267 2277 2352 2322 tuo
2389 2269 2441 2322 in
2467 2269 2768 2340 judicium!
2811 2269 2936 2335 Quis
2970 2271 3103 2326 enim
3137 2272 3231 2326 erit
3260 2272 3480 2328 mundus
3511 2289 3546 2328 tt

1959 2359 2189 2413 sordibus
2206 2360 2231 2414 .9
2260 2358 2343 2414 Ne
2362 2377 2490 2415 unus
2505 2361 2729 2431 quidem,
2749 2363 2901 2416 etiam
2915 2363 2961 2418 si
2979 2364 3129 2418 unius
3145 2364 3245 2418 diei
3264 2365 3417 2435 fuerit
3442 2365 3548 2420 uita

1958 2451 2067 2520 ejus
2083 2466 2236 2520 super
2250 2460 2434 2506 terram
2459 2451 2598 2524 (Job.
2625 2469 2732 2520 xiv,
2768 2454 2888 2522 1-5,
2913 2471 2992 2509 sec
3021 2454 3211 2526 LXX).
3236 2455 3380 2526 Quas
3401 2458 3549 2514 enim

1959 2543 2153 2599 dixerit
2200 2544 2421 2612 sordes,
2473 2545 2598 2614 quia
2642 2554 2856 2615 peccata
2909 2546 3134 2618 intelligi
3179 2549 3377 2617 voluit,
3431 2549 3549 2621 ipsa

1958 2634 2119 2690 lectio
2158 2635 2356 2691 iudicat
2379 2679 2394 2703 ,
2444 2637 2534 2692 ubi
2570 2652 2788 2707 prorsus
2823 2638 2963 2695 unde
3001 2639 3249 2710 loquatur
3275 2651 3549 2713 apparet:

1957 2727 2100 2783 unde
2127 2738 2208 2784 est
2237 2737 2292 2784 et
2316 2728 2444 2784 illud
2467 2729 2608 2800 apud
2635 2730 2949 2801 prophetam
2973 2731 3308 2802 Zachariam,
3339 2733 3428 2791 ubi
3452 2750 3548 2792 au-

1957 2816 2125 2873 fertur
2152 2833 2180 2872 a
2209 2819 2484 2876 sacerdote
2523 2821 2685 2877 vestis
2715 2821 2950 2892 sordida,
2979 2835 3036 2879 et
3071 2824 3265 2880 dicitur
3291 2826 3343 2881 ei
3361 2867 3378 2894 ,
3414 2825 3547 2883 Ecce

1958 2911 2143 2968 abstuli
2187 2923 2393 2984 peccata
2439 2923 2525 2969 tua
2575 2913 2758 2988 (Zach.
2811 2931 2904 2982 ιιι,
2960 2917 3038 2988 4).
3070 2916 3206 2972 Puto
3253 2918 3396 2990 quod
3443 2918 3546 2976 ista

1958 3005 2139 3060 omnia
2160 3046 2174 3070 ,
2224 3014 2278 3060 et
2321 3015 2512 3062 caetera
2552 3006 2889 3076 hujusmodi,
2920 3023 3041 3079 quae
3070 3008 3304 3065 indicant
3329 3023 3545 3066 omnem

1958 3097 2228 3154 hominem
2256 3099 2354 3154 sub
2384 3109 2602 3170 peccato
2628 3109 2684 3157 et
2709 3099 2994 3156 maledicto
3025 3102 3194 3168 nasci,
3224 3116 3328 3157 non
3354 3102 3544 3173 legun-

1958 3197 2045 3245 tur
2085 3191 2139 3246 in
2186 3191 2422 3249 tenebris
2462 3191 2896 3262 Manichaeorum,
2931 3192 3026 3250 sed
3063 3193 3118 3250 in
3158 3193 3278 3252 luce
3305 3193 3548 3252 Catholi-

1957 3299 2163 3340 corum.
2197 3357 2200 3361 ὴ

2029 3376 2124 3464 151ἱ
2151 3376 2287 3443 Quid
2310 3386 2487 3433 autem
2515 3377 2692 3434 dicam
2717 3377 2785 3435 de
2809 3378 2939 3450 ipsis
2965 3378 3268 3435 divinarum
3297 3379 3543 3451 Scriptu-

1957 3470 2531 3526 rarut‘trtractatoribus
2549 3513 2566 3540 ,
2593 3472 2682 3542 qui
2709 3472 2764 3528 in
2790 3471 3053 3528 catholica
3082 3473 3320 3529 Ecclesia
3346 3473 3546 3528 florue-

1957 3572 2112 3628 ruut,
2137 3562 2404 3632 quomodo
2429 3561 2545 3618 haec
2586 3564 2773 3618 nonin
2819 3563 2956 3619 alios
3001 3579 3192 3620 sensus
3219 3565 3395 3619 conati
3420 3573 3548 3620 sunt

1958 3665 2200 3722 vertere,
2242 3656 2494 3727 quoniam
2539 3657 2757 3713 stabiles
2785 3666 2938 3720 erant
2974 3658 3026 3712 in
3073 3657 3442 3728 antiquissima
3487 3668 3545 3715 et

1956 3749 2328 3806 robustissima
2380 3750 2517 3818 fide,
2561 3767 2666 3805 non
2712 3760 2889 3806 autem
2942 3751 3143 3807 novitio
3195 3752 3548 3814 movebantur

1957 3844 2178 3899 errore?
2206 3843 2351 3911 Quos
2367 3843 2412 3899 si
2428 3843 2675 3914 colligere
2701 3851 2757 3899 et
2779 3857 2964 3900 eorum
2995 3843 3312 3900 testimoniis
3336 3843 3414 3900 uti
3454 3859 3550 3902 ve-

1957 3934 2052 3990 lim
2072 3977 2086 4002 ,
2118 3943 2172 3990 et
2200 3935 2358 3992 nimis
2383 3935 2596 4006 longum
2625 3936 2756 4003 erit,
2788 3946 2838 3991 et
2867 3935 2934 3991 de
2963 3937 3234 3992 canonicis
3253 3938 3544 3993 auctorita-

1959 4027 2099 4083 tibus
2120 4069 2134 4092 ,
2164 4044 2194 4083 a
2232 4028 2423 4099 quibus
2451 4043 2556 4084 non
2578 4028 2834 4085 debemus
2859 4029 3060 4099 averti,
3113 4029 3289 4084 minus
3319 4028 3548 4088 fortasse

1955 4121 2180 4177 videbor
2211 4122 2616 4192 prmsumpsisse
2643 4137 2802 4192 quam
2847 4121 3028 4177 debui.
3059 4121 3441 4178 Verumtamen
3485 4120 3550 4177 ut

1957 4215 2198 4270 omittam
2231 4199 2593 4272 beatissimum
2607 4214 2944 4270 Ambrosium
2964 4257 2978 4279 ,
3000 4214 3085 4270 cui
3117 4213 3380 4285 Pelagius,
3405 4213 3548 4271 sicut

1952 4305 2063 4376 jam
2092 4306 2542 4374 commemoravi,
2572 4314 2677 4360 tam
2706 4321 2952 4376 maguum
2980 4305 3294 4376 integritatis
3345 4304 3402 4360 in
3439 4303 3548 4362 fide

1960 4397 2226 4466 perhibuit
2254 4397 2614 4452 testimonium
2665 4395 2891 4468 (Supra,
2939 4396 3025 4450 lib.
3075 4398 3101 4451 1
3129 4436 3145 4462 ,
3191 4381 3404 4466 ιι.’40);
3453 4395 3546 4465 qui

1958 4498 2135 4545 tamen
2158 4489 2470 4544 Ambrosius
2501 4487 2628 4541 nihil
2657 4487 2798 4542 aliud
2822 4486 3059 4542 defendit
3102 4487 3154 4541 in
3182 4486 3452 4556 parvulis,
3481 4495 3556 4544 ut-

1959 4579 2218 4635 liabercnt
2245 4579 2601 4633 necessarium
2632 4577 2895 4632 medicum
2919 4577 3188 4636 Christum
3213 4619 3228 4645 ,
3257 4577 3357 4634 nisi
3376 4577 3546 4648 origi-

1958 4671 2082 4725 nale
2114 4680 2387 4740 peccatum
2420 4668 2735 4742 (Ambrosius
2776 4670 2828 4723 in
2853 4667 3081 4734 Isaiam,
3127 4669 3310 4723 citatus
3339 4685 3496 4741 supra
3522 4711 3540 4738 ,

1957 4764 2045 4817 lib.
2070 4764 2096 4818 1
2120 4805 2134 4830 ,
2157 4781 2207 4816 η.
2233 4762 2322 4832 40)
2357 4779 2370 4816 :
2402 4760 2655 4831 numquid
2684 4770 2738 4816 et
2759 4760 3157 4832 gloriosissima:
3183 4776 3397 4816 coronae
3437 4759 3546 4833 Cy-

1957 4857 2174 4926 prianus
2204 4854 2410 4910 dicetur
2429 4855 2496 4910 ab
2516 4853 2695 4923 aliquo
2720 4895 2734 4922 ,
2764 4868 2870 4908 non
2897 4853 3067 4908 solum
3096 4852 3258 4909 fuisse
3279 4895 3295 4920 ,
3337 4853 3431 4910 sed
3458 4855 3546 4911 vel

1956 4962 2077 5002 esse
2104 4947 2344 5017 potuisse
2365 4945 2686 5001 Manichacus
2709 4988 2724 5012 ,
2752 4956 2872 5001 cum
2901 4947 3045 5016 prius
3075 4947 3176 5003 iste
3213 4946 3284 5001 sit
3311 4961 3500 5016 passus
3523 4988 3540 5014 ,

1956 5058 2116 5114 quam
2137 5043 2224 5097 illa
2248 5043 2299 5096 in
2325 5043 2456 5097 orbe
2483 5041 2726 5097 Romano
2747 5041 2910 5111 pestis
2936 5039 3222 5118 apparuit?
3265 5041 3331 5095 Et
3361 5049 3542 5097 tamen

1956 5134 2008 5188 in
2034 5133 2171 5188 libro
2192 5133 2258 5188 de
2288 5133 2608 5203 Baptismate
2637 5131 2974 5202 parvulorum
2995 5172 3011 5198 ,
3045 5132 3115 5186 ita
3140 5131 3379 5187 defendit
3430 5132 3539 5186 ori-

1954 5227 2128 5298 ginale
2155 5235 2426 5297 peccatum
2447 5267 2462 5292 ,
2481 5234 2540 5281 ut
2563 5233 2841 5296 propterea
2866 5224 3038 5299 dicat,
3080 5235 3134 5280 et
3153 5233 3277 5280 ante
3295 5232 3543 5279 octavum

1954 5319 2126 5385 diem,
2155 5319 2199 5374 si
2231 5329 2450 5374 necesse
2484 5316 2583 5385 sit,
2616 5315 2891 5387 parvulum
2941 5314 3196 5385 baptizari
3243 5324 3493 5385 oportere
3520 5355 3540 5384 ,

1954 5426 2022 5466 ue
2046 5421 2230 5482 pereat
2257 5409 2432 5465 anima
2452 5407 2586 5479 ejus.
2619 5407 2788 5475 Quem
2817 5407 3086 5463 tantovult
3112 5406 3333 5477 intelligi
3361 5407 3428 5463 ad
3458 5407 3546 5463 in-

1954 5504 2278 5576 dulgentiam
2300 5501 2554 5574 Baptismi
2580 5499 2788 5555 facilius
2807 5500 3088 5571 pervenire
3110 5540 3126 5566 ,
3155 5507 3352 5569 quanto
3372 5499 3546 5571 magis

1955 5599 2004 5654 ei
2029 5599 2366 5654 dimittuntur
2389 5613 2492 5652 non
2517 5594 2766 5667 propria,
2812 5592 2906 5649 sed
2954 5592 3126 5648 aliena
3169 5601 3384 5663 peccata
3414 5592 3543 5664 (Cy-

1956 5694 2199 5771 prianus,
2231 5691 2444 5762 epistola
2481 5689 2604 5744 olim
2629 5688 2698 5745 59
2717 5728 2733 5756 ,
2767 5703 2900 5742 nunc
2937 5686 3036 5755 64,
3064 5686 3131 5741 ad
3153 5683 3388 5756 Fidum).
3429 5684 3542 5742 Hos

1956 5787 2056 5842 iste
2083 5785 2275 5840 audeat
2297 5783 2478 5840 diccre
2505 5780 2826 5836 Manicbzeos
2845 5820 2861 5845 ,
2907 5786 2961 5834 ct
2983 5778 3405 5852 antiquissimam
3436 5775 3539 5832 Ec-

2029 5922 2046 5952 ι
2077 5921 2264 5984 Aliquot
2279 5923 2408 5982 uss,
2431 5923 2612 5968 vanitas
2633 5912 2960 5966 vamumtium.
