3938 6552
327 383 432 439 487

328 498 506 555 etesia:
535 500 872 557 traditionem
888 500 989 555 isto
1010 497 1214 553 nefario
1243 499 1465 557 crimine
1490 505 1772 568 aspergat,
1803 510 1907 565 qua

334 595 709 651 metuntur
727 636 745 666 ,
770 602 834 649 ut
856 592 963 648 dixi
982 633 999 658 ,
1025 600 1082 648 et
1111 590 1459 647 exsufﬂantur
1483 580 1723 662 parvuli,
1770 599 1828 645 ut
1858 590 1912 646 in

325 701 553 756 regnum
574 685 778 741 Christi
799 699 830 738 a
850 690 1119 761 potestate
1143 684 1484 739 tenebrarum
1504 724 1520 751 ,
1561 683 1667 738 hoc
1691 691 1773 738 est
1801 676 1915 743 dia-

322 778 434 833 beii
464 788 518 834 et
543 778 854 849 angelorum
882 777 1030 848 ejus,
1062 777 1200 834 eruti
1241 776 1643 834 transterantur.
1681 776 1789 833 Nos
1814 792 1911 845 au-

319 875 431 922 tem
446 868 746 938 paratiores
766 883 952 924 sumus
973 883 1094 924 cum
1123 868 1238 923 istis
1267 868 1394 924 viris
1413 909 1429 935 ,
1453 878 1507 923 et
1531 884 1650 924 cum
1672 868 1912 927 Ecclesia

320 957 523 1013 ειη-ἰθύ
564 958 622 1012 in
654 957 813 1029 hujus
852 959 983 1015 ﬁdei
1020 961 1345 1031 antiquitate
1389 958 1628 1029 ﬁrmata,
1661 960 1913 1035 quaelibet

318 1048 606 1103 maledicta
628 1059 687 1104 et
726 1052 1080 1107 contumelias
1105 1052 1345 1123 perpeti,
1382 1068 1537 1122 quam
1590 1067 1711 1108 cum
1753 1052 1912 1107 Pela-

322 1139 493 1209 gianis
519 1140 804 1210 cuiuslibet
828 1144 846 1174 ί
878 1144 1076 1214 eloquii
1106 1144 1482 1215 praedicatione
1509 1142 1734 1204 laudari.
1841 1132 1856 1149 ⁷

393 1232 622 1291 CAPUT
655 1236 821 1293 XXX.
851 1268 923 1279 --
944 1238 1034 1294 52.
1073 1257 1091 1291 ι
1126 1240 1219 1293 Ais
1247 1240 1436 1294 iterum
1460 1282 1473 1304 ,
1512 1259 1532 1298 ›
1566 1239 1773 1310 inquit,
1801 1259 1819 1291 ι
1858 1248 1913 1296 et

320 1325 504 1382 dicis:
538 1328 692 1383 Nulla
739 1338 885 1385 esset
935 1331 1400 1400 concupiscentia,
1450 1332 1551 1387 nisi
1599 1331 1761 1387 homo
1789 1342 1911 1389 ante

320 1429 634 1488 peccasset;
666 1421 864 1491 nuptiae
892 1437 1023 1478 vero
1068 1432 1250 1479 essent
1278 1464 1293 1488 ,
1338 1410 1548 1479 etiamsi
1579 1439 1736 1478 nemo
1782 1439 1911 1497 pec-

322 1520 517 1565 casset.
554 1530 573 1562 ι
608 1510 720 1566 Non
748 1513 896 1579 dixi,
940 1531 960 1565 ι
1001 1513 1159 1568 Nulla
1186 1523 1327 1569 esset
1353 1515 1779 1584 concupiscentia
1812 1532 1828 1583 ;
1858 1516 1905 1569 ἰ

324 1602 450 1672 quia
477 1613 559 1658 est
587 1613 641 1658 et
664 1604 938 1674 glorianda
965 1607 1396 1678 concupiscentia
1454 1608 1746 1678 spiritualis
1764 1650 1779 1677 ,
1809 1626 1911 1685 qua

323 1694 720 1764 concupiscitur
766 1698 1026 1768 sapientia
1068 1699 1228 1771 (Sep.
1282 1716 1369 1767 v1,
1416 1700 1560 1771 21):
1604 1701 1699 1756 sed
1740 1702 1849 1757 dixi
1892 1746 1908 1772 ,

331 1804 351 1837 ι
384 1785 539 1842 Nulla
564 1797 708 1843 esset
734 1790 978 1859 pudenda
1008 1793 1436 1862 concupiscentia
1459 1813 1477 1846 ›
1502 1792 1717 1866 (Supra,
1741 1796 1828 1850 lib.
1856 1796 1908 1863 l,

320 1894 378 1931 rt.
405 1876 483 1951 i).
536 1879 859 1951 Relegantur
908 1884 1068 1937 verba
1115 1900 1417 1955 mea,qua:
1464 1886 1624 1941 etiam
1670 1886 1782 1959 ipse
1813 1904 1910 1968 pq-

320 1970 430 2024 suit
447 2012 462 2038 ,
491 1979 549 2024 ut
573 1983 765 2042 quanta
796 1974 976 2030 abillo
994 1973 1184 2030 fraude
1231 1987 1720 2033 commemorentur
1747 1996 1911 2053 appa-

320 2070 462 2117 reat.
494 2062 603 2118 Sed
628 2080 735 2135 quo
751 2066 982 2121 voluerit
1008 2081 1125 2122 eam
1155 2069 1371 2123 nomine
1397 2070 1646 2140 appellet.
1681 2071 1771 2127 Illa
1803 2073 1912 2131 dixi

323 2152 598 2222 quodnon
627 2165 805 2224 esset,
843 2156 944 2211 nisi
995 2156 1156 2213 homo
1195 2166 1319 2213 ante
1362 2169 1674 2230 peccasset,
1714 2162 1782 2218 de
1808 2179 1911 2235 qua

316 2245 649 2301 erubuerunt
674 2248 727 2301 in
750 2249 997 2318 paradiso
1018 2292 1032 2317 ,
1054 2251 1143 2323 qui
1169 2250 1412 2320 pudenda
1443 2261 1726 2321 texerunt,
1750 2250 1909 2329 quam

318 2349 486 2392 nemo
518 2347 706 2410 negat,
741 2343 990 2411 quoniam
1032 2353 1314 2417 peccatum
1360 2345 1741 2404 inobedientia:
1768 2363 1909 2420 prae.

320 2441 590 2497 cesserat,
620 2433 742 2489 ideo
764 2436 1131 2491 subsecutam.
1161 2438 1261 2506 Qui
1283 2447 1458 2497 autem
1483 2441 1595 2494 vult
1616 2441 1912 2517 intelligere

286 2558 290 2562 -
320 2526 451 2594 quid
479 2530 747 2585 senserint
767 2571 783 2598 ,
815 2531 975 2588 debet
1001 2534 1343 2591 considerare
1359 2537 1483 2605 quid
1504 2540 1749 2596 texerint.
1773 2522 1911 2597 Suc-

291 2618 579 2687 _cincteria
609 2622 805 2693 quippe
833 2624 936 2679 sibi
983 2624 1051 2681 de
1080 2625 1219 2682 loliis
1266 2627 1541 2701 ﬁculneis,
1586 2647 1699 2687 non
1745 2633 1910 2693 vesti-

324 2720 502 2765 menta
525 2712 768 2768 iecerunt
797 2713 949 2784 (Gen.
974 2731 1031 2771 lii
1054 2759 1070 2785 ,
1092 2717 1148 2790 7)
1172 2734 1187 2785 ;
1219 2726 1339 2791 quae
1364 2721 1717 2781 succinctoria
1736 2740 1913 2797 graece

324 2814 638 2873 περιζώματα
659 2818 1051 2881 nuncupantur.
1083 2810 1218 2883 Quid
1246 2799 1424 2875 autem
1478 2804 1792 2890 cooperiant
1811 2836 1909 2890 ρθρ

322 2897 577 2953 ἠιθῐηθια
602 2941 616 2964 ,
649 2901 896 2957 omnibus
938 2914 1122 2960 notum
1149 2913 1232 2967 est
1263 2924 1276 2962 :
1305 2922 1423 2980 quae
1466 2911 1705 2966 nonnulli
1730 2911 1911 2991 Latini

319 2994 643 3061 campestria
673 3003 799 3050 sunt
822 2996 1174 3068 interpretati.
1202 2999 1331 3077 Quis
1355 3010 1533 3058 autem
1584 3002 1792 3077 ignorat
1815 3007 1909 3076 qui

316 3079 753 3152 campéstrantur
774 3128 789 3153 ,
813 3102 948 3159 quas
968 3099 1151 3164 partes
1182 3093 1420 3168 corporis
1440 3097 1766 3168 contegant?
1803 3099 1911 3159 llas

325 3174 468 3229 enim
488 3177 744 3248 tegebant
764 3179 990 3235 Romani
1013 3182 1241 3253 juvenes
1255 3225 1270 3252 ,
1301 3185 1515 3261 quando
1535 3189 1665 3247 nudi
1692 3204 1912 3250 exerce-

316 3263 523 3320 bantur
544 3266 598 3321 in
619 3281 839 3338 campo,
868 3272 1010 3327 unde
1036 3272 1137 3329 hoc
1164 3289 1332 3345 genus
1382 3281 1630 3349 tegminis
1681 3284 1787 3345 tale
1807 3300 1912 3346 no-

326 3369 449 3410 men
478 3359 684 3429 accepit
709 3358 806 3431 (a).

390 3446 623 3504 CAPUT
647 3449 838 3506 XXXI.
865 3483 938 3494 —
968 3454 1060 3511 5‘5.
1116 3480 1135 3510 ι
1157 3456 1265 3514 Illae
1303 3474 1430 3535 ergo
1475 3465 1749 3537 nuptiae.)
1768 3488 1792 3527 ›
1824 3470 1911 3531 iu-

326 3540 477 3609 quit,
502 3560 527 3593 ‹
555 3557 675 3613 quae
714 3544 833 3601 Sine
873 3548 1336 3620 concupiscentia,
1369 3553 1484 3613 sine
1530 3567 1679 3613 motu
1719 3573 1911 3635 οοιννοτ

318 3643 445 3685 rem
463 3673 478 3698 ,
507 3632 624 3688 sine
652 3637 970 3692 necessitate
995 3650 1215 3696 semum
1232 3683 1254 3708 ,
1284 3651 1342 3697 ut
1370 3642 1503 3701 dicis
1526 3687 1543 3714 ,
1575 3663 1696 3704 esse
1715 3632 1908 3722 potue-

323 3730 450 3776 sunt
467 3763 482 3789 ,
504 3737 535 3777 ea
550 3734 605 3778 te
618 3730 1031 3794 pronuntiantur
1045 3731 1340 3790 laudabiles
1363 3753 1377 3789 :
1402 3736 1503 3793 ista
1522 3755 1647 3796 vero
1665 3744 1910 3821 conjugis

324 3829 445 3885 quae
482 3833 627 3874 nunc
660 3832 935 3891 aguntur.
984 3839 1014 3879 a
1066 3826 1280 3884 diabolo
1323 3830 1541 3888 inventa
1566 3835 1776 3895 deﬁuis.
1816 3837 1910 3905 Illa

322 3908 539 3979 itaque,
577 3929 597 3964 ι
628 3910 837 3983 inquit,
872 3933 893 3968 ι
943 3931 1063 3988 qua:
1089 3918 1291 3975 institui
1345 3925 1581 3993 potuisse
1628 3930 1866 3987 somnias
1889 3973 1908 4003 ,

323 4000 465 4093 bona
482 4000 749 4061 deliberas
778 4023 794 4062 :
824 4006 924 4062 ista
945 4022 1075 4064 vero
1112 4009 1182 4066 de
1232 4011 1426 4083 quibus
1464 4014 1590 4075 dicit
1633 4000 1911 4093 Scriptura

321 4090 526 4160 divina,
558 4093 828 4168 Rclinquet
852 4098 1003 4155 homo
1027 4110 1219 4170 patrem
1240 4113 1286 4158 et
1303 4114 1542 4177 matrem,
1573 4118 1619 4164 et
1634 4090 1910 4177 adlicerebit

318 4185 472 4239 acori
503 4201 651 4252 aute;
675 4196 724 4243 et
751 4190 1018 4246 eruntduo
1062 4193 1117 4248 in
1143 4211 1296 4251 carne
1321 4214 1422 4252 una
1462 4198 1615 4272 (Gen.
1670 4219 1738 4269 ιι,
1769 4204 1862 4279 24)
1890 4223 1907 4275 ;

322 4275 592 4345 proﬁteris
611 4280 751 4334 mala
778 4281 1037 4338 diabolica
1057 4326 1072 4351 ,
1096 4286 1343 4343 morbum
1364 4299 1637 4360 postremo
1669 4275 1910 4367 debere,

324 4381 433 4423 non
454 4370 760 4440 oonjugium
788 4376 1102 4446 nuncupari.
1133 4395 1153 4431 ι
1185 4379 1300 4435 Non
1328 4388 1411 4437 est
1452 4385 1646 4440 mirum
1674 4389 1718 4442 si
1756 4389 1910 4451 Pela-

326 4459 468 4530 giani
493 4460 635 4518 dicta
660 4474 844 4520 nostra
883 4467 937 4522 in
967 4484 1158 4526 sensus
1200 4489 1334 4543 quos
1358 4476 1545 4533 volunt
1589 4478 1910 4556 detorquere

325 4562 617 4622 conantur;
645 4558 857 4628 quando
883 4568 938 4616 et
962 4561 1029 4617 de
1065 4562 1357 4637 Scripturis
1399 4564 1636 4639 sanctis,
1682 4589 1788 4630 non
1820 4576 1909 4635 ubi

324 4641 551 4699 obscure
577 4645 775 4716 aliquid
802 4648 1000 4706 dictum
1027 4661 1150 4721 est,
1200 4654 1294 4710 sed
1327 4657 1416 4713 ubi
1446 4659 1589 4717 clara
1639 4671 1695 4718 et
1723 4676 1910 4739 aperta

322 4741 449 4821 sunt
468 4737 769 4793 testimonia
793 4781 810 4807 ,
838 4740 889 4796 id
915 4741 1091 4801 facere
1116 4761 1545 4825 consueverunt,
1589 4737 1757 4813 more.
1786 4761 1906 4829 qui-

321 4825 445 4883 dem
475 4827 844 4886 bareticorum
872 4836 1029 4891 etiam
1054 4847 1392 4901 caeterorum.
1419 4844 1550 4917 Quis
1575 4850 1716 4909 enim
1757 4825 1905 4911 dice-

322 4927 437 4987 ret,
458 4937 483 4973 ί
511 4922 627 4978 sine
653 4931 802 4979 motu
848 4938 1131 5011 corporum
1151 4974 1167 5000 ,
1197 4935 1313 4991 sine
1338 4940 1656 4998 necessitate
1681 4958 1909 5003 sexuum

321 5015 537 5085 nuptias
562 5030 684 5073 esse
712 5019 985 5088 potuisse?
1014 5032 1039 5076 ι·
1067 5023 1210 5082 Deus
1229 5028 1369 5084 enim
1417 5030 1538 5089 fecit
1564 5048 1756 5102 sexus,
1784 5039 1906 5109 quia

321 5106 602 5161 masculum
650 5118 697 5162 et
748 5109 989 5179 feminam
1036 5115 1154 5186 fecit
1197 5132 1282 5172 eos
1330 5116 1442 5191 (Id.
1489 5138 1542 5190 ι,
1588 5123 1715 5198 27),
1769 5106 1943 5203 sicut-

320 5202 576 5272 scriptum
604 5211 708 5259 est.
737 5204 889 5261 Unde
916 5216 1094 5264 autem
1126 5208 1240 5265 ﬁeri
1278 5224 1461 5287 posset
1486 5225 1541 5271 ut
1564 5219 1654 5289 qui
1696 5218 1907 5279 fuerant

320 5293 712 5369 coniungendi,
761 5302 814 5352 et
843 5298 956 5369 ipsa
996 5301 1373 5373 conjunctione
1414 5312 1717 5378 generaturi
1741 5353 1756 5379 ,
1807 5329 1905 5373 sua

321 5401 546 5459 corpora
570 5404 677 5444 non
705 5403 1015 5460 moverent;
1043 5397 1475 5471 quandoquidem
1517 5404 1693 5463 nullus
1720 5405 1780 5467 [it
1808 5406 1907 5467 bo-

320 5480 479 5536 tninis
506 5480 573 5535 ad
600 5481 872 5539 hominem
899 5489 1193 5558 corporalis
1218 5506 1465 5549 accessus
1484 5537 1499 5564 ,
1544 5495 1588 5555 si
1614 5496 1754 5555 desit
1776 5514 1901 5558 cor—

321 5572 466 5640 poris
488 5575 706 5631 ruotus?
728 5575 846 5632 Non
874 5592 1003 5649 ergo
1026 5580 1111 5635 hic
1135 5585 1360 5653 qumstio
1384 5596 1467 5643 est
1494 5588 1561 5643 de
1588 5598 1735 5649 motu
1778 5607 1898 5648 cor-

324 5675 509 5735 porum
527 5706 542 5732 ,
568 5666 686 5723 sine
713 5684 820 5742 quo
850 5685 956 5726 non
981 5684 1202 5744 possent
1249 5679 1467 5736 omnino
1512 5682 1760 5751 misceri;
1806 5686 1900 5742 sed

389 5798 1653 5944 assumamus“?me-

1123 383 1210 438 DE
1247 378 1515 438 NUPTllS
1553 380 1643 436 ET
1679 376 2282 447 CONCUPISCENTIA,
2324 377 2383 434 S.
2422 376 2793 439 AUGUSTINI

3500 383 3619 449 ωε

2024 489 2091 545 de
2112 489 2360 563 pudendo
2384 502 2531 549 motu
2556 494 2861 565 genitalium
2882 535 2900 567 ,
2927 497 3019 571 qui
3043 497 3411 571 proiectam
3432 508 3612 573 esset.

2016 592 2072 638 ct
2100 591 2277 640 tamen
2301 585 2613 641 seminatrix
2644 587 2952 644 commixtio
2980 603 3085 647 non
3107 589 3352 657 deesset.
3389 591 3438 654 ai
3456 591 3616 665 geni-

2027 677 2149 733 talia
2171 694 2277 734 non
2304 677 2545 747 libidini,
2574 679 2667 736 sed
2697 679 2954 737 voluntati
2976 680 3117 742 sicut
3144 690 3337 745 autem
3360 683 3614 744 membra

2023 773 2306 837 servirent.
2335 774 2530 831 Annon
2560 774 2722 832 etiam
2737 789 2878 833 nunc
2899 775 2952 835 iu
2978 791 3210 848 corpore
3232 777 3423 837 mortis
3450 775 3615 849 huius

2024 866 2317 941 intpcratur
2344 867 2507 941 pedi,
2549 866 2804 935 brachio.
2824 867 3022 947 digito,
3059 868 3210 929 labro
3222 910 3245 943 ,
3291 868 3522 941 lingua,
3548 878 3615 927 et

2013 957 2080 1021 ad
2130 969 2315 1015 nutum
2365 969 2606 1017 nostrum
2664 960 2919 1021 continuo
2958 960 3608 1039 {porrigunturiﬂumari

2014 1051 2276 1127 denique,
2307 1053 2449 1124 quod
2476 1061 2557 1111 εει
2578 1052 2874 1113 mirabilius
2882 1052 2992 1137 ,liu
3023 1057 3201 1113 vesica
3226 1053 3572 1131 initiamenta

2013 1159 2135 1199 cum
2159 1144 2324 1212 libet,
2353 1152 2407 1199 et
2434 1144 2650 1219 quando
2681 1146 2698 1177 ¹
2721 1144 2838 1218 ejus
2867 1146 3018 1221 copia
3046 1159 3155 1209 non
3180 1160 3470 1224 urgemur.
3505 1144 3614 1205 im-

2013 1244 2233 1312 peratur
2260 1245 2317 1292 ut
2338 1236 2603 1311 proﬂuat,
2628 1245 2689 1297 et
2715 1237 3047 1313 obtemperat
3070 1254 3088 1291 ι
3106 1236 3228 1299 .imo
3250 1236 3388 1309 ipsis
3410 1235 3615 1297 abditis

2012 1329 2308 1385 visceribus
2329 1339 2383 1395 et
2408 1329 2618 1401 nervis,
2651 1329 2844 1400 quibus
2867 1328 3013 1391 idem
3038 1327 3236 1388 humor
3254 1329 3562 1393 continetur
3591 1370 3612 1398 ,

2014 1420 2306 1490 imperatur
2333 1429 2393 1477 ut
2431 1437 2552 1479 eum
2582 1421 2893 1499 propellant
2915 1464 2932 1490 ,
2963 1420 3300 1492 exprimat,
3348 1421 3571 1491 ejiciaut
3592 1460 3612 1486 .

2011 1520 2067 1569 et
2085 1511 2131 1567 si
2149 1512 2344 1568 sanitas
2365 1512 2552 1580 adest,
2586 1513 2701 1569 sine
2729 1512 3036 1573 difﬁcultate
3051 1513 3295 1573 scrviunt
3324 1512 3610 1571 voluntati.

2011 1603 2219 1674 Quanto
2248 1621 2374 1677 ergo
2400 1604 2603 1661 facilius
2640 1615 2799 1679 atque
2830 1605 3199 1679 tranquillius.
3237 1605 3616 1665 obedientibus

2012 1699 2333 1771 genitalibus
2378 1699 2617 1770 Corporis
2667 1699 2939 1770 partibus,
2989 1709 3045 1756 et
3086 1699 3260 1773 ipsum
3312 1700 3613 1759 membrum

2008 1791 2376 1865 porrigeretur
2398 1834 2412 1858 ,
2440 1800 2494 1847 et
2542 1791 2705 1848 homo
2747 1791 3134 1867 seminareturl,
3166 1792 3267 1847 nisi
3295 1791 3613 1865 hominibus

2013 1880 2120 1936 illis
2142 1881 2570 1939 inobcdientibus
2603 1882 2964 1945 membrorum
2992 1883 3215 1945 istorum
3244 1883 3613 1945 iuobedicntia

2004 1975 2151 2049 justo
2195 1975 2455 2051 supplicio
2506 1975 2853 2033 redderetur?
2894 1975 3047 2047 Quod
3099 1976 3419 2051 supplicium
3474 1976 3615 2039 cuti

2012 2069 2287 2137 sentiunt,
2320 2068 2408 2139 qui
2441 2068 2623 2139 procul
2671 2067 3079 2129 dubiomallent
3101 2111 3118 2139 ,
3146 2069 3193 2127 si
3226 2077 3481 2143 possent,
3522 2068 3618 2143 ju-

2010 2154 2171 2215 bentc
2190 2159 2457 2213 voluntate
2486 2174 2644 2229 quam
2675 2160 2947 2230 pruriente
2967 2159 3237 2241 voluptate
3263 2160 3405 2220 ﬁlios
3444 2159 3616 2220 senti-

2011 2265 2163 2307 nare.
2205 2248 2467 2307 lmmundi
2497 2258 2671 2304 autem
2703 2249 2794 2322 qui
2842 2259 3064 2323 propter
3106 2251 3267 2311 istum
3308 2251 3564 2313 morbum
3590 2291 3610 2320 ,

1995 2357 2117 2401 non
2144 2341 2316 2396 solum
2346 2341 2688 2409 meretrices,
2718 2358 2904 2423 verum
2931 2342 3093 2403 etiam
3119 2345 3373 2416 coniuges
3392 2353 3613 2413 amant,

2011 2431 2080 2488 de
2126 2431 2229 2488 hoc
2274 2433 2535 2506 supplicio
2584 2434 2762 2493 carnis
2811 2436 3056 2511 graviore
3100 2437 3362 2511 supplicio
3407 2440 3616 2499 mentis

2011 2524 2301 2581 exsultant.
2409 2583 2413 2586 ,
2828 2592 2851 2597 η

2082 2614 2308 2671 CAPUT
2331 2614 2550 2677 XXXII.
2572 2617 2761 2701 est.
2788 2616 2942 2675 Absit
2955 2634 3083 2691 ergo
3099 2626 3155 2677 ut
3177 2620 3437 2701 dicamus.
3463 2621 3617 2697 quad

2011 2722 2111 2762 nos
2142 2706 2320 2764 dicere
2368 2708 2467 2763 iste
2497 2692 2787 2779 contingit,
2822 2727 2842 2761 ‹
2880 2709 2981 2765 ista
3012 2711 3258 2787 coxtjugia
3292 2700 3421 2786 quae
3467 2692 3619 2774 nunc

2010 2807 2273 2873 aguntur,
2304 2813 2335 2853 a
2360 2798 2825 2865 diaboloinventa.
2860 2819 2881 2855 ι
2907 2800 3135 2863 Prorsus
3172 2805 3303 2875 ipsa:
3346 2814 3475 2864 sunt
3504 2822 3619 2862 nu-

2008 2889 2160 2967 ptiae,
2189 2905 2321 2960 quas
2348 2890 2415 2946 ab
2453 2889 2604 2946 initio
2625 2892 2766 2948 Deus
2794 2890 3043 2953 instituit.
3074 2895 3189 2955 Hoc
3216 2897 3365 2959 enim
3404 2898 3616 2961 bonum

2011 2997 2167 3041 suum
2210 2981 2278 3037 ad
2328 2982 2601 3041 hominum
2651 2985 3050 3061 generationem
3100 2986 3398 3049 institutum
3446 2989 3618 3049 etiam

2011 3068 2277 3130 damnatis
2307 3073 2611 3131 hominibus
2634 3090 2744 3139 non
2773 3075 3027 3143 detraxit,
3043 3078 3237 3150 quibus
3252 3095 3358 3139 non
3378 3079 3622 3142 detraxit

2011 3166 2173 3223 etiam
2199 3181 2391 3223 sensus
2418 3167 2592 3227 carnis
2619 3176 2675 3224 et
2696 3169 2968 3238 membra,
2994 3171 3363 3243 proculdubio
3380 3188 3619 3235 munera

2011 3273 2106 3314 sua
2125 3300 2139 3325 ,
2170 3259 2410 3333 quamvis
2430 3259 2542 3333 jam
2564 3259 2739 3317 debita
2765 3261 3105 3341 damnatione
3132 3265 3409 3325 moritura.
3436 3265 3563 3331 Istae
3588 3307 3615 3335 ,

2008 3351 2227 3429 inquam
2249 3395 2268 3424 ,
2300 3363 2422 3409 sunt
2450 3354 2679 3429 nuptiae,
2709 3353 2777 3412 de
2801 3356 2994 3431 quibus
3010 3357 3208 3417 dictum
3228 3366 3312 3415 est
3341 3357 3615 3433 (mpm,

2011 3445 2153 3520 quod
2179 3445 2264 3500 bic
2284 3446 2305 3477 ²
2337 3445 2625 3520 ﬁguratum
2643 3456 2727 3507 est
2734 3489 2755 3519 ,
2780 3464 2972 3524 magno
2995 3449 3088 3505 illo
3112 3447 3309 3512 Christi
3328 3459 3385 3514 et
3422 3452 3619 3513 Eccle-

2011 3536 2105 3600 sia:
2130 3536 2487 3607 sacramento)
2513 3579 2530 3606 ,
2559 3535 2840 3609 Propterea
2862 3540 3108 3611 relinquet
3145 3541 3297 3599 homo
3326 3551 3523 3619 patrem
3552 3552 3619 3601 Δ

2011 3638 2254 3696 matrem,
2282 3624 2329 3683 et
2353 3627 2628 3687 adkwrebit
2656 3631 2806 3687 uxori
2827 3647 2935 3688 sua:
2950 3647 2972 3698 ;
2991 3642 3038 3688 et
3063 3642 3213 3692 erunt
3234 3634 3343 3691 duo
3364 3636 3422 3695 in
3453 3652 3619 3696 cam

2010 3734 2135 3774 una.
2168 3717 2282 3774 Hoc
2310 3720 2453 3775 enim
2476 3730 2605 3777 ante
2623 3730 2897 3793 peccatum
2919 3722 3119 3784 dictum
3144 3734 3228 3787 est
3255 3744 3272 3781 :
3302 3729 3425 3787 etsi
3448 3743 3618 3789 nem

2012 3818 2322 3881 peccasset,
2368 3811 2484 3867 sine
2525 3811 2771 3883 pudenda
2819 3814 3041 3871 libidine
3081 3824 3269 3889 posset
3300 3816 3425 3880 ﬁeri
3464 3818 3507 3879 '.
3530 3819 3618 3881 Et

2012 3916 2155 3956 nunc
2173 3902 2415 3974 quamvis
2441 3903 2558 3959 sine
2585 3904 2675 3959 illa
2704 3921 2812 3960 non
2839 3906 2928 3961 liat
2954 3907 3008 3962 in
3039 3922 3265 3983 corpore
3288 3910 3477 3973 mortis
3501 3909 3616 3973 ltu-

2010 3992 2121 4063 jus,
2156 3993 2329 4063 ipsum
2355 4003 2438 4050 est
2467 4004 2642 4051 tamen
2668 3996 2812 4071 quod
2839 4012 2945 4053 non
2976 4008 3153 4061 cessat
3178 4000 3327 4069 ﬁeri.
3354 4010 3413 4063 ut
3426 4002 3618 4064 adhic-

2012 4094 2129 4142 reat
2159 4085 2320 4142 homo
2350 4088 2499 4143 uxori
2524 4102 2656 4157 sum,
2676 4099 2729 4145 et
2754 4091 2981 4148 sintduo
3010 4092 3061 4149 in
3078 4108 3240 4155 carne
3264 4112 3387 4157 una.
3408 4097 3617 4173 Quam-

2012 4178 2194 4233 obrem
2237 4179 2337 4234 etsi
2380 4179 2608 4253 dicitur,
2649 4197 2791 4238 nunc
2828 4183 2961 4239 alias
3006 4199 3128 4243 esse
3168 4186 3419 4259 nuptias,
3470 4190 3617 4260 alia;

2010 4285 2139 4325 vero
2168 4270 2214 4325 si
2240 4287 2398 4327 nemo
2424 4282 2698 4343 peccasset
2724 4291 2846 4335 esse
2864 4278 3134 4351 potuisse,
3173 4296 3281 4339 non
3310 4284 3615 4349 scandam

2011 4375 2195 4417 earum
2218 4373 2458 4419 naturam
2478 4406 2494 4433 ,
2526 4365 2618 4422 sed
2641 4367 2934 4426 secundum
2948 4371 3240 4441 quamdam
3266 4374 3324 4434 iu
3366 4376 3615 4440 deterius

2010 4462 2267 4509 mutatam
2286 4455 2480 4512 dicitur
2495 4458 2823 4529 qualitatem.
2843 4462 2991 4520 Sicut
3011 4465 3148 4527 alius
3171 4466 3396 4541 dicitur.
3414 4486 3618 4545 quam-

2010 4543 2094 4600 vis
2118 4545 2258 4601 idem
2281 4547 2396 4618 ipse
2421 4549 2487 4605 sit
2528 4549 2724 4620 homo,
2757 4553 2847 4626 qui
2868 4559 3160 4617 mutaverit
3200 4560 3363 4623 vitam
3406 4543 3523 4622 sive
3548 4563 3612 4623 in

2012 4637 2207 4693 melius
2230 4681 2244 4704 ,
2275 4639 2387 4696 sive
2416 4642 2469 4696 in
2499 4641 2776 4703 deterius:
2805 4647 2950 4707 aliud
2971 4659 3054 4709 est
3076 4653 3219 4711 enim
3244 4655 3440 4727 iustus,
3461 4658 3615 4718 aliud

2009 4739 2287 4799 peccator;
2311 4733 2551 4802 quamvis
2570 4735 2713 4791 idem
2732 4737 2848 4811 ipse
2865 4739 2935 4800 sit
2955 4741 3137 4800 homo.
3162 4743 3252 4805 Sic
3267 4746 3387 4803 alia:
3405 4750 3616 4821 nuntio

2011 4821 2128 4876 sine
2153 4821 2397 4891 pudenda
2440 4824 2694 4896 libidine,
2719 4829 2842 4887 aliae
2885 4846 3007 4891 cum
3049 4834 3294 4906 pudenda
3338 4838 3559 4901 libidine
3590 4860 3611 4900 :

2010 4929 2131 4970 cum
2161 4926 2336 4973 tamen
2361 4920 2654 4979 secundum
2679 4926 3113 4990 constitutionem
3152 4948 3310 4993 suam
3332 4974 3349 5001 .
3378 4950 3483 5007 qua
3521 4936 3612 4994 le-

2009 5005 2195 5078 gitime
2217 5009 2555 5081 coniungitur
2582 5015 2773 5073 mulier
2791 5018 2944 5089 viro,
2976 5032 3032 5081 et
3068 5023 3204 5095 ﬁdes
3246 5005 3476 5089 carnalis
3508 5030 3616 5089 de-

2009 5095 2105 5152 biti
2133 5097 2200 5153 ab
2225 5097 2608 5160 adulteriorum
2639 5118 2858 5178 peccato
2892 5109 2915 5143 ¹⁵
2947 5125 3192 5177 servatur
3216 5119 3502 5190 immmis,
3548 5132 3614 5180 et

2010 5185 2114 5243 hoc
2141 5205 2290 5246 more
2310 5191 2545 5263 legitimo
2571 5195 2663 5251 lilii
2686 5200 3021 5265 seminantur
3038 5247 3054 5272 .
3072 5208 3274 5269 eadem
3317 5211 3448 5285 ipsa
3474 5185 3614 5270 sunt

2009 5285 2237 5351 nuptiae,
2261 5298 2392 5354 quas
2440 5285 2582 5349 Deus
2607 5288 2873 5364 instituit,
2915 5299 3161 5370 quamvis
3196 5301 3443 5369 diabolus
3490 5321 3607 5363 non

2070 5392 2426 5471 ἐἀίιίνίηιιέε
2460 5398 2784 5467 postumae:
2810 5408 3021 5482 quando.
3059 5412 3147 5471 vel
3184 5415 3602 5488 expungendum,

2006 5453 2114 5564 ῗὲἓὲ
2134 5457 2455 5564 esse:
2473 5472 2504 5535 -‘
2521 5463 3607 5564 251?.“i.li'l‘“.ﬁ“m.9§sie"sml.sie§

2024 5516 2633 5607 232..'?§?.'1d.‘§l3‘_z;-f‘i!’3
2666 5516 3611 5607 ubag'it‘aaa'aama'w

2005 5591 2156 5659 manu
2177 5586 2241 5659 ig
2256 5586 2710 5659 Benignianplibro.

2068 5642 2485 5707 ξομὶόίωκέδη
2511 5647 2625 5700 hinc

2071 5688 2241 5786 1.ἒῖἀῖ
2247 5688 2653 5786 ἷιξδξῆξῖένᾟὸ
2674 5719 2987 5786 manuscript:
3008 5729 3063 5776 et
3093 5696 3339 5779 ιιάοιιυιιεε
3356 5726 3610 5783 mea

2006 5763 2220 5825 addunt,
2246 5763 2300 5818 in
2321 5763 2651 5834 corporeum:
2671 5763 2820 5833 illius:

2009 5834 2237 5957 ὢ.
2275 5838 2328 5883 et
2369 5838 2477 5902 an,
2517 5836 2580 5890 ab
2621 5836 2953 5901 adulterorum
2981 5855 3191 5913 peccata.
3221 5853 3606 5925 ωεωιιι.
