3938 6486
195 398 276 465 ω
1472 355 1679 444 LIBER
1714 385 2089 445 SECUNDUS.

192 517 308 587 ipsas
323 551 340 577 ,
364 507 462 567 sed
482 508 739 566 homines
763 522 832 565 ex
867 506 1061 579 quibus
1103 505 1302 577 nuptiae
1326 504 1462 561 iiunt
1480 547 1496 573 ,
1545 504 1763 575 antiqua

190 603 366 680 peccati
394 600 755 671 persuasione
782 597 1117 663 sauciaverit,
1140 596 1515 653 inobedientize
1540 608 1765 668 persua—
1821 663 1824 669 η

187 696 340 754 dendo
365 704 688 765 peccatum,
738 692 824 748 cui
877 706 974 761 per
1009 689 1249 746 divinum
1286 688 1541 761 judicium
1581 687 1766 744 inube-

184 791 361 848 dientia
384 786 754 844 membrorum
774 786 1044 856 reciproca
1059 784 1405 851 redderetur;
1432 782 1486 838 in
1503 795 1606 853 qua
1631 796 1763 836 con-

182 885 326 963 iugati
351 924 367 949 ,
398 881 648 953 quamvis
673 879 985 936 erubuerint
1006 877 1301 934 nuditatem
1323 891 1471 933 suam
1489 917 1505 945 ,
1549 875 1763 945 nuptia-

182 992 285 1035 rum
307 987 484 1031 tamen
513 990 542 1028 a
562 972 678 1029 Deo
705 973 998 1029 institutam
1018 984 1127 1029 non
1152 968 1461 1026 omnimodo
1476 973 1765 1039 potuerunt

182 1069 409 1123 amittere
437 1064 755 1121 bonitatem.

240 1157 462 1218 CAPUT
489 1156 735 1224 XXXIII.
758 1185 833 1197 —-
860 1154 949 1212 55.
978 1153 1115 1210 Hinc
1138 1152 1241 1209 iste
1260 1152 1434 1227 pergit
1457 1152 1525 1209 ab
1558 1153 1637 1209 eis
1672 1153 1761 1223 qui

179 1252 593 1322 coniunguntur,
634 1246 703 1304 ad
745 1261 839 1304 eos
884 1247 974 1318 qui
1011 1246 1330 1319 gignuntur,
1372 1253 1590 1317 prepter
1628 1258 1762 1315 quos

178 1344 223 1400 in
282 1343 381 1398 hac
427 1340 724 1413 quaestione
766 1340 929 1395 tantis
965 1338 1222 1395 adversus
1267 1350 1436 1394 novos
1480 1337 1761 1395 haereticos

176 1434 614 1505 disputationibus
642 1433 952 1488 laboramus
980 1450 993 1486 :
1023 1439 1078 1487 et
1096 1432 1307 1488 occulto
1336 1431 1432 1488 Dei
1452 1431 1760 1502 compulsus

168 1527 415 1583 instinctu
445 1525 574 1580 dicit
607 1522 806 1595 aliquid
830 1566 845 1592 ,
876 1523 970 1579 ubi
996 1531 1167 1579 totum
1213 1521 1373 1583 iStum
1421 1522 1619 1578 nodum
1664 1536 1760 1579 sua

174 1617 503 1674 confessione
527 1615 795 1671 dissolvit.
832 1615 1027 1671 Volens
1053 1615 1196 1671 enim
1220 1615 1376 1671 nobis
1397 1615 1758 1686 majorcmin-

174 1711 352 1765 vidiam
380 1724 760 1774 commovere,
786 1711 905 1780 quia
950 1709 1175 1765 dicimus
1216 1709 1374 1765 etiam
1415 1708 1482 1765 de
1510 1710 1759 1780 legitimis

172 1802 357 1872 nuptiis
385 1801 489 1855 sub
519 1813 741 1870 peccato
775 1801 1021 1871 parvulos
1070 1801 1216 1856 nasci
1246 1818 1260 1856 :
1294 1819 1314 1853 ι
1350 1800 1475 1856 illos
1523 1817 1652 1873 ergo
1682 1843 1695 1866 ,
1732 1820 1752 1856 ι

172 1892 357 1963 inquit,
388 1910 409 1944 ι
448 1893 542 1964 qui
568 1909 840 1963 nunquam
867 1894 973 1947 nati
995 1901 1151 1959 sunt,
1179 1894 1350 1949 bonos
1374 1893 1610 1966 potuisse
1638 1908 1758 1951 esse

176 1983 291 2039 thcis
319 2001 334 2037 :
364 1984 503 2039 istos
534 1972 668 2039 vero
695 1984 783 2055 qui
814 1983 1065 2038 mundum
1090 1984 1483 2054 impleverunt,
1510 1999 1605 2055 pro
1635 1985 1755 2055 qui-

170 2074 530 2130 busChristus
551 2083 795 2133 mortuus
819 2083 934 2143 est,
961 2075 1159 2129 diaboli
1185 2089 1320 2147 opus
1362 2084 1416 2131 et
1453 2075 1520 2130 de
1568 2074 1757 2131 morbo

176 2180 343 2233 natos,
370 2176 427 2223 et
456 2167 526 2221 ab
549 2166 773 2221 exordio
807 2181 929 2222 reos
949 2165 1159 2222 deiinis.
1202 2164 1431 2222 Probavi
1478 2166 1654 2237 itaque
1674 2207 1689 2233 ,
1729 2184 1750 2218 ι

175 2261 355 2331 inquit,
378 2277 409 2312 η
449 2259 586 2315 nihil
621 2270 672 2315 te
693 2259 839 2314 aliud
877 2274 1034 2330 agere
1055 2300 1069 2324 ,
1092 2273 1252 2329 quam
1277 2266 1333 2313 ut
1379 2258 1546 2314 Deum
1593 2272 1755 2328 neges

174 2352 344 2408 borum
368 2394 384 2418 ,
416 2352 513 2423 qui
557 2360 717 2416 sunt,
748 2350 1024 2406 hominum
1053 2350 1405 2406 conditorem.
1442 2368 1463 2403 ι
1500 2350 1614 2422 Ego
1640 2351 1755 2421 qui-

173 2444 278 2499 dem
305 2443 645 2499 conditorem
679 2442 955 2497 hominum
985 2441 1254 2510 omnium,
1292 2443 1533 2513 quamvis
1569 2456 1755 2498 omnes

172 2536 258 2591 sub
281 2546 506 2607 peccato
528 2544 823 2591 nascantur
842 2577 856 2599 ,
886 2542 940 2589 et
966 2542 1183 2604 pereant
1221 2533 1321 2588 nisi
1364 2543 1714 2589 renascantur
1736 2575 1752 2601 ,

172 2642 268 2682 non
291 2627 411 2682 dico
430 2626 534 2682 nisi
557 2626 754 2682 Deum.
779 2625 976 2681 Vitium
1015 2625 1211 2695 quippe
1249 2622 1625 2679 inseminatum
1674 2632 1757 2679 est

173 2720 510 2789 persuasione
538 2717 737 2773 diaboli
759 2760 771 2781 ,
793 2732 892 2787 per
920 2716 1060 2786 quod
1085 2716 1184 2771 sub
1207 2726 1424 2786 peccato
1455 2717 1561 2771 nati
1585 2724 1710 2772 sunt
1734 2759 1750 2786 ,

168 2824 272 2865 non
292 2820 481 2865 natura
507 2809 722 2865 condita
746 2822 851 2879 qua
897 2808 1142 2863 homines
1177 2818 1319 2863 sunt.
1363 2807 1550 2863 Libido
1576 2817 1754 2864 autem

170 2901 413 2972 pudenda
434 2917 540 2955 non
560 2907 773 2955 moveat
799 2899 1037 2955 membra
1058 2940 1074 2965 ,
1105 2898 1207 2953 nisi
1229 2898 1440 2968 quando
1462 2899 1708 2955 volumus
1736 2941 1751 2968 ,

177 3000 237 3047 et.
260 3008 367 3047 non
388 3001 465 3047 est
479 2993 710 3047 morbus.
738 2990 858 3046 Non
879 2990 945 3046 de
972 2990 1060 3045 illa
1089 2989 1369 3046 erubescat
1393 2989 1551 3045 etiam
1582 2989 1755 3046 licitus

175 3090 244 3137 et
273 3081 525 3138 honestus
560 3083 956 3153 coniugatorum
996 3081 1309 3137 concubitus
1332 3122 1348 3149 ,
1375 3080 1590 3136 vitando
1626 3095 1754 3136 con-

170 3184 415 3244 spectem
436 3183 490 3230 et
518 3175 811 3246 appetendo
845 3182 1133 3242 secretum,
1161 3182 1216 3229 et
1255 3187 1361 3229 non
1404 3182 1487 3229 est
1510 3172 1750 3228 morbus.

170 3264 281 3321 lion
304 3266 584 3336 prohibeat
602 3267 894 3337 Apostolus
922 3267 975 3321 in
1000 3265 1104 3321 hoc
1128 3265 1315 3337 morbo
1330 3264 1592 3337 possideri
1622 3281 1754 3321 uxo-

169 3370 287 3420 res,
329 3363 524 3411 etnon
558 3367 643 3412 est
679 3357 919 3412 morbus.
944 3356 1097 3425 Quod
1136 3356 1280 3412 enim
1321 3372 1523 3427 grmeus
1551 3356 1751 3427 habet,

165 3451 210 3499 ιτ
236 3452 373 3500 πάθει
415 3452 704 3515 ἐπιθυμίας,
758 3447 849 3502 alii
888 3447 1051 3503 latine
1096 3447 1430 3518 interpretati
1487 3457 1649 3517 sunt,
1697 3450 1753 3504 in

165 3537 332 3591 morbo
357 3537 597 3592 desiderii
616 3580 633 3606 ,
656 3539 741 3595 vel
768 3524 1225 3610 concupiscentiis;
1253 3539 1345 3594 alii
1370 3554 1498 3596 vero
1520 3581 1535 3605 ,
1564 3540 1619 3594 in
1636 3556 1755 3611 pas-

166 3626 297 3681 sione
321 3629 751 3699 concupiscentiis
777 3629 821 3704 (Ι
853 3629 1030 3685 Thess.
1061 3644 1114 3685 tv
1136 3672 1151 3699 ,
1183 3631 1269 3701 5),
1295 3630 1380 3686 vei
1422 3630 1469 3687 si
1495 3646 1601 3701 quo
1640 3631 1752 3687 alio

162 3719 323 3776 modo
365 3720 420 3774 in
467 3722 592 3777 aliis
639 3729 802 3793 atque
852 3721 971 3778 aliis
1017 3720 1287 3778 codicibus
1313 3723 1583 3778 invenitur
1612 3740 1627 3780 :
1656 3723 1752 3779 sed

163 3818 336 3887 passio
359 3819 414 3873 in
433 3818 619 3890 lingua
644 3819 810 3874 latina
834 3861 850 3887 ,
877 3819 1109 3875 maxime
1133 3835 1233 3874 usu
1270 3817 1521 3891 loquendi
1574 3819 1751 3875 eccle-

160 3908 372 3965 siastico
394 3950 410 3976 ,
446 3926 561 3966 non
586 3912 690 3967 nisi
718 3912 737 3943 ¹
764 3910 832 3967 ad
876 3912 1317 3984 vituperationem
1348 3910 1625 3967 consuevit
1666 3911 1751 3967 in-

158 4000 337 4071 lelligi.

239 4093 320 4147 56.
354 4092 654 4161 Quodlibet
703 4103 882 4150 autem
918 4093 989 4151 de
1034 4094 1278 4166 pudenda
1318 4093 1752 4166 concupiscentia

160 4188 335 4244 urnis
358 4189 464 4244 iste
506 4188 726 4255 sentiat,
752 4188 820 4243 de
869 4188 1124 4261 parvulis,
1168 4203 1267 4260 pro
1296 4188 1486 4259 quibus
1537 4187 1751 4243 labora-

160 4293 299 4345 mus,
329 4288 388 4335 ut
413 4280 689 4337 salvatore
729 4280 968 4353 indigere
996 4280 1302 4348 credantur,
1331 4296 1398 4336 ne
1426 4279 1543 4336 sine
1583 4279 1754 4335 salute

162 4374 473 4440 moriantur,
501 4374 721 4430 attende
763 4374 890 4445 quid
931 4372 1166 4429 dixerit:
1199 4372 1361 4430 verba
1390 4373 1507 4445 ejus
1543 4380 1749 4443 repeto.

165 4462 293 4520 ιαω
316 4483 454 4539 ago,
488 4467 695 4538 inquit,
724 4467 813 4539 qui
854 4482 1114 4539 nunquam
1156 4464 1264 4520 nati
1303 4474 1439 4534 sunt,
1473 4465 1628 4520 bonos
1656 4481 1751 4535 po-

169 4559 313 4614 tuisse
350 4576 458 4613 esse
500 4559 675 4613 dicis:
700 4560 826 4614 istos
857 4574 973 4613 vero
1013 4559 1100 4630 qui
1127 4559 1371 4613 mundum
1395 4556 1747 4629 impleverunt,

166 4665 262 4719 pro
287 4636 461 4723 quibus
502 4650 738 4707 Christus
782 4660 1007 4706 mortuus
1052 4662 1146 4724 est,
1194 4650 1384 4706 diaboli
1424 4667 1571 4722 Opus,
1601 4660 1648 4704 et
1691 4650 1754 4704 de

174 4743 332 4798 morbo
369 4753 547 4812 natos,
591 4753 639 4799 et
681 4744 746 4799 ab
768 4744 975 4799 exordio
1003 4760 1116 4799 reos
1155 4744 1355 4814 deﬂnis.
1380 4741 1427 4799 ο
1456 4744 1501 4798 si
1550 4741 1750 4799 nodum

176 4833 358 4889 solvat’
407 4836 576 4890 etiam
622 4834 1003 4901 contentionis,
1043 4834 1313 4905 quomodo
1354 4832 1552 4915 nodum
1596 4833 1755 4888 Solvit

176 4920 311 4980 istius
333 4925 691 4998 quiestionis!
720 4924 995 4997 Numquid
1024 4927 1166 4982 enim
1195 4941 1255 4983 se
1290 4927 1450 4983 modo
1489 4926 1556 4982 de
1579 4926 1752 4997 majo-

174 5014 308 5071 ribus
349 5019 451 5073 ista
501 5017 744 5073 locutum
791 5032 914 5073 esse
954 5018 1192 5074 dicturus
1221 5018 1340 5074 est?
1382 5018 1463 5073 De
1513 5016 1753 5089 parvulis

179 5108 347 5179 agitur,
379 5110 448 5165 de
473 5109 827 5165 nascentibus
850 5108 1042 5181 agitur,
1079 5109 1147 5165 de
1181 5109 1267 5165 his
1293 5108 1501 5178 nobis',
1532 5109 1654 5180 quia
1673 5108 1754 5165 rei

178 5197 242 5253 Ib
261 5202 475 5259 exordio
502 5202 838 5257 deﬁniuntur
878 5216 909 5257 a
938 5203 1112 5268 nobis,
1152 5203 1221 5259 ab
1249 5203 1342 5259 illo
1376 5202 1571 5259 invidia
1600 5217 1752 5259 com-

178 5304 419 5361 movetur,
449 5295 578 5367 quia
603 5308 700 5351 eos
728 5294 959 5351 dicimus
995 5310 1137 5365 reos,
1165 5311 1264 5366 pro
1291 5296 1484 5368 quibus
1507 5294 1753 5353 Christus

176 5392 398 5440 mortuos
416 5393 523 5441 est.
556 5382 669 5440 Cur
692 5400 827 5455 ergo
857 5400 954 5458 pro
982 5385 1085 5442 illis
1110 5384 1356 5444 Christus
1383 5400 1625 5444 mortuus
1646 5395 1749 5458 est,

260 5490 357 5532 non
401 5485 531 5554 sunt.
575 5477 702 5534 rei?
745 5477 877 5534 inde
923 5494 1177 5549 prorsus,
1222 5480 1346 5537 inde
1394 5482 1751 5540 obtinebimus

181 5577 397 5642 ausam,
416 5571 563 5630 unde
601 5571 945 5630 excitandam
972 5573 1174 5645 putavit
1202 5574 1478 5631 invidiam.
1518 5574 1636 5647 ipse
1669 5574 1749 5631 di-

243 5705 378 5782 ἑλω-
404 5716 472 5782 .et
515 5722 690 5782 omnes
723 5712 1205 5782 malm-scriptum
1234 5713 1301 5766 ad
1336 5715 1747 5782 vituperationem,

460 5786 498 5845 _;_
508 5774 639 5839 quod
653 5770 989 5845 Levanienses
1006 5770 1071 5845 ab
1090 5780 1282 5845 Erasmo
1301 5770 1541 5845 adiectum
1560 5770 1750 5845 putant:

246 5830 269 5907 ξ
290 5830 446 5907 φατες
608 5845 648 5888 ο
665 5833 950 5907 δίελξριέιυη
970 5833 1137 5907 solvet-

248 5890 271 5925 ⁸
291 5899 384 5948 Am.
405 5888 478 5950 Er.
503 5888 800 5955 etaonuum
819 5902 957 5962 uss.
976 5896 1127 5954 novis.
1626 5888 1681 5929 ⁸

3354 396 3463 454 470

1872 504 1963 570 cit,
2010 503 2273 570 Quomodo
2314 504 2389 559 rei
2428 514 2544 560 sunt
2595 504 2809 578 parvuli,
2859 523 2955 582 pro
3001 510 3181 583 quibus
3225 509 3458 571 Christus

1869 596 2246 652 mortuus'est.’
2286 595 2395 652 Nos
2434 598 2863 669 respondemus:
2906 600 3021 659 imo
3068 605 3277 675 parvuli
3321 621 3461 677 quo-

1866 688 2029 744 modo
2054 689 2134 744 rei
2166 704 2269 745 non
2297 699 2441 759 sunt,
2470 706 2567 762 pro
2592 692 2781 763 quibus
2799 692 3043 753 Christus
3071 706 3315 755 mortuus
3336 702 3462 756 est?

1864 776 1971 834 Ista
2031 782 2398 838 controversia
2455 780 2687 853 iudicem
2749 787 2993 857 qumrit‘.
3058 788 3272 847 iudicet
3323 804 3453 863 erg)

1862 867 2128 937 Christus,
2157 881 2211 927 et
2236 873 2322 928 cui
2357 873 2437 929 rei
2470 888 2617 930 mors
2641 875 2757 946 ejus
2798 880 3103 951 profecerit,
3133 882 3249 955 ipse
3286 881 3451 940 dicat.

1868 961 1969 1017 Hic
1997 974 2089 1031 est,
2123 965 2311 1035 inquit,
2347 966 2554 1039 sanguis
2584 983 2744 1037 meus,
2781 971 2868 1039 qui
2906 988 2997 1043 pro
3022 976 3194 1032 multis
3222 975 3455 1043 effunda-

1808 1112 1811 1117 ν
1868 1063 1949 1108 tur
1978 1055 2031 1109 in
2061 1055 2404 1112 remissionem
2443 1069 2758 1129 peccatorum
2784 1059 2994 1132 (Matth.
3026 1079 3177 1132 xxvr,
3211 1066 3330 1140 28).
3358 1068 3455 1124 Ju-

1865 1145 2005 1201 dicet
2030 1161 2149 1201 cum
2179 1147 2270 1203 illo
2298 1155 2351 1203 et
2387 1148 2696 1219 Apostolus,
2727 1151 2851 1223 quia
2889 1160 2945 1208 et
2964 1154 3020 1209 in
3052 1155 3307 1227 Apostoio
3336 1159 3451 1231 ipse

1862 1237 2096 1308 loquitur
2120 1238 2385 1295 Christus.
2413 1240 2618 1297 Clamat
2647 1251 2701 1298 et
2728 1241 2856 1298 dicit
2889 1243 2956 1300 de
2993 1245 3100 1300 Deo
3138 1247 3315 1314 Patre,
3350 1250 3451 1317 Qui

1864 1328 2071 1400 proprio
2101 1327 2243 1383 Filio
2272 1345 2374 1384 non
2409 1334 2650 1403 pepercit,
2679 1332 2769 1388 sed
2793 1349 2886 1405 pro
2913 1334 3056 1390 nobis
3085 1336 3315 1393 omnibus
3348 1348 3451 1393 tra-

1864 1418 1993 1472 didit
2027 1435 2140 1474 eum
2167 1418 2340 1493 (Rom.
2374 1438 2485 1491 vm,
2518 1421 2630 1496 52).
2669 1424 2805 1480 Puto
2842 1426 2985 1497 quod
3022 1427 3093 1483 ita
3124 1428 3265 1484 dicat
3290 1430 3451 1486 Chri-

1816 1522 1827 1559 ‘.
1862 1516 2002 1565 stum
2037 1511 2284 1567 traditum
2333 1526 2431 1584 pro
2457 1516 2704 1571 omnibus
2748 1517 2921 1583 nobis,
2951 1526 3009 1574 ut
3050 1520 3102 1575 in
3149 1520 3249 1577 hac
3290 1536 3449 1579 causa

1861 1605 2066 1677 parvuli
2109 1621 2214 1663 non
2259 1617 2575 1678 separentur
2600 1626 2630 1664 a
2660 1611 2833 1666 nobis.
2882 1611 2989 1668 Sed
3028 1614 3152 1685 quid
3193 1629 3327 1687 opus
3369 1626 3453 1672 est

1828 1708 1835 1714 '
1862 1698 1986 1755 hinc
2015 1707 2275 1771 satagere,
2311 1698 2450 1757 unde
2473 1702 2582 1772 jam
2614 1718 2713 1758 nec
2739 1704 2839 1759 iste
2863 1706 3170 1761 contendit:
3206 1707 3449 1778 quando-

1840 1792 2076 1862 quidem
2124 1807 2230 1848 non
2272 1794 2444 1849 solum
2485 1794 2766 1850 conﬁtetur
2803 1805 3070 1853 mortuum
3102 1798 3263 1855 fuisse
3290 1803 3451 1856 etiam

1860 1898 1959 1952 pro
1983 1884 2217 1954 parvulis
2245 1884 2540 1955 Christum,
2570 1903 2753 1942 verum
2783 1889 2942 1944 etiam
2973 1888 3097 1944 inde
3127 1905 3225 1945 nos
3251 1892 3448 1963 arguit,

1860 1975 2001 2045 quod
2028 1976 2243 2031 eosdem
2273 1980 2521 2047 parvulos
2548 1993 2667 2033 reos
2690 1979 2933 2047 dicimus,
2964 1996 3061 2051 pro
3091 1982 3448 2052 quibus‘mor-

1859 2077 1982 2123 tuus
2011 2077 2091 2123 est
2116 2066 2393 2124 Christus?
2437 2070 2552 2125 iam
2602 2072 2782 2142 itaque
2828 2073 3115 2141 Apostolus
3159 2075 3248 2144 qui
3288 2072 3441 2141 dixit,

1852 2168 1958 2230 pro
2002 2158 2156 2214 nobis
2193 2161 2439 2216 omnibus
2484 2161 2740 2216 traditum
2772 2164 3067 2232 Christum,
3097 2164 3239 2220 dicat
3284 2166 3448 2221 etiam

1861 2266 2025 2322 quare
2066 2252 2136 2307 sit
2177 2266 2276 2322 pro
2319 2254 2474 2309 nobis
2522 2253 2744 2309 traditus
2769 2254 3035 2312 Christus.
3086 2255 3328 2312 Traditus
3355 2266 3444 2325 est,

1859 2340 2063 2413 inquit,
2108 2352 2311 2414 propter
2357 2344 2541 2399 delicta
2585 2354 2780 2413 nostra,
2836 2355 2883 2401 et
2929 2349 3202 2402 resurrexit
3244 2357 3451 2419 propter

1849 2433 2267 2504 justiﬁcationem
2305 2445 2529 2491 nostram
2573 2435 2685 2507 (Id.
2710 2454 2790 2505 1v,
2822 2438 2939 2511 25).
2987 2440 3043 2494 Si
3088 2438 3267 2510 igitur,
3314 2441 3453 2497 sicut

1858 2523 1960 2579 iste
1986 2532 2039 2579 et
2063 2526 2365 2592 coniltetur,
2397 2533 2453 2581 et
2473 2528 2807 2597 proiitetur',
2838 2538 2893 2585 et
2918 2530 3067 2599 dicit,
3090 2541 3143 2587 et
3164 2532 3365 2602 objicit,
3395 2535 3452 2590 in

1860 2613 1939 2671 eis
1968 2624 2091 2671 sunt
2133 2625 2187 2672 et
2228 2618 2434 2687 parvuli
2467 2634 2563 2690 pro
2590 2621 2782 2691 quibus
2812 2621 3036 2677 traditus
3064 2632 3146 2677 est
3180 2622 3448 2689 Christus,

1859 2716 1912 2763 et
1957 2718 2179 2780 propter
2207 2708 2399 2765 delicta
2451 2721 2631 2767 nostra
2681 2711 2904 2769 traditus
2937 2720 3020 2769 est
3043 2714 3320 2782 Christus;
3352 2716 3451 2769 ha-

1857 2797 1984 2854 bent
2011 2799 2250 2869 profeeto
2279 2810 2334 2857 et
2360 2805 2565 2873 parvuli
2590 2804 2781 2860 delicta
2808 2807 3104 2878 originalia,
3138 2822 3234 2878 pro
3259 2810 3450 2879 quibus

1857 2891 2085 2948 traditus
2127 2902 2209 2950 est
2234 2895 2475 2951 ChriStus
2511 2913 2523 2950 :
2562 2896 2721 2953 habet
2749 2898 2890 2969 quod
2929 2900 2981 2953 in
3012 2900 3090 2955 eis
3133 2909 3304 2967 sanet,
3332 2901 3445 2972 qui,

1858 2983 1999 3039 sicut
2039 2985 2153 3055 ipse
2195 2985 2287 3052 ait,
2322 3002 2427 3041 non
2463 2996 2537 3043 est
2577 3003 2705 3061 opus
2746 2988 2890 3044 sanis
2925 2990 3168 3059 medicus,
3196 2991 3284 3046 sed
3319 2991 3454 3047 male

1858 3074 2153 3131 habentibus
2187 3075 2398 3150 (Matth.
2428 3094 2507 3146 rx,
2540 3080 2632 3151 12)
2662 3098 2674 3134 :
2708 3079 2870 3136 habet
2906 3096 3003 3137 cur
3040 3098 3135 3138 eos
3159 3083 3333 3138 salvos
3371 3083 3451 3138 fa-

1857 3168 1982 3236 ciat,
2004 3171 2093 3239 qui
2114 3170 2246 3224 venit
2267 3170 2321 3225 in
2344 3171 2605 3239 mundum,
2628 3174 2767 3228 sicut
2784 3174 2914 3229 dicit
2932 3175 3202 3246 apostolus
3229 3168 3448 3244 Paulus,

1848 3269 2143 3331 peccatores
2172 3263 2337 3318 salvos
2364 3268 2532 3338 {acere
2561 3265 2616 3337 (ι
2650 3264 2778 3321 Tim.
2809 3282 2847 3334 ι,
2882 3269 2970 3341 15)
2996 3287 3008 3321 :
3040 3269 3200 3325 habet
3225 3269 3367 3341 quod
3393 3270 3451 3325 in

1857 3353 1937 3408 eis
1972 3352 2230 3423 remittat,
2257 3355 2349 3426 qui
2377 3357 2688 3429 sanguinem
2712 3373 2771 3415 se
2796 3357 2997 3416 fudisse
3023 3348 3248 3417 testatur
3273 3362 3328 3415 in
3363 3378 3449 3416 re-

1857 3445 2151 3502 missionem
2175 3457 2493 3519 peccatorum
2519 3466 2539 3505 :
2584 3451 2746 3508 habet
2771 3463 2987 3524 propter
3012 3457 3153 3525 quod
3180 3471 3273 3512 eos
3302 3471 3449 3526 quae-

1856 3547 1961 3606 rat,
1993 3538 2087 3609 qui
2114 3540 2267 3607 venit,
2300 3550 2354 3597 ut
2392 3541 2541 3612 dicit,
2573 3560 2796 3615 quwrere
2820 3556 2867 3601 et
2892 3546 3085 3601 salvum
3113 3552 3278 3619 facere
3314 3547 3448 3618 quod

1853 3626 2073 3701 perierat
2100 3628 2247 3701 (Luc.
2280 3646 2393 3698 xix,
2425 3632 2516 3705 10)
2543 3651 2557 3689 :
2590 3634 2753 3691 habet
2784 3637 2926 3708 quod
2956 3638 3010 3692 in
3051 3637 3128 3693 eis
3154 3639 3324 3694 solvat
3353 3638 3446 3692 Fi-

1858 3719 1962 3775 lius
2006 3721 2120 3789 Dei,
2160 3723 2251 3793 qui
2291 3731 2570 3794 propterea
2613 3727 2788 3793 venit,
2818 3728 2955 3783 sicut
2999 3727 3129 3784 dicit
3173 3728 3445 3799 apostolus

1858 3810 2111 3880 Joannes,
2146 3823 2202 3868 ut
2228 3816 2390 3871 solvat
2412 3834 2569 3888 opera
2599 3818 2787 3874 diaboli
2828 3820 2881 3891 (ι
2908 3818 3066 3876 Joan.
3098 3837 3176 3891 ιιι,
3206 3820 3282 3896 8).
3311 3822 3445 3878 iluic

1848 3918 1985 3989 ergo
2016 3906 2354 3977 parvulorum
2381 3909 2536 3964 saluti
2581 3910 2825 3967 inimicus
2868 3921 2971 3981 est,
3008 3913 3098 3983 qui
3137 3927 3320 3968 eorum
3368 3913 3448 3968 sic

1856 4000 2049 4054 asserit
2090 4000 2479 4069 innocentiam,
2511 4011 2569 4058 ut
2599 4003 2849 4061 sauciatis
2889 4014 2945 4061 et
2969 4006 3264 4061 vulneratis
3289 4017 3448 4078 neget

1857 4090 2220 4145 necessariam
2247 4091 2586 4148 medicinam.

1930 4181 2154 4238 CAPUT
2190 4183 2517 4240 XXXIV.—
2545 4186 2633 4241 57.
2673 4185 2791 4243 Jam
2828 4188 2969 4259 quod
2999 4190 3238 4262 sequitur
3265 4201 3321 4246 et
3347 4191 3446 4246 ad-

1852 4277 2046 4349 jungit,
2075 4278 2311 4335 attende.
2342 4280 2404 4335 Si
2443 4280 2589 4335 ante2i
2628 4292 2908 4356 peccatum,
2946 4282 3137 4355 inquit,
3167 4301 3257 4356 per
3282 4283 3448 4340 Deum

1850 4370 2080 4424 creatum
2127 4380 2196 4426 est
2235 4371 2368 4426 unde
2395 4374 2620 4428 homines
2667 4386 3009 4445 nascerentur,
3059 4394 3148 4449 per
3189 4375 3446 4432 diabolum

1857 4470 2023 4517 autem
2059 4466 2196 4517 unde
2237 4472 2467 4533 parentes
2506 4476 2954 4533 commoverentur,
2984 4466 3294 4521 adscribetur
3340 4470 3448 4523 sine

1857 4551 2008 4605 dubio
2035 4553 2274 4606 sanctitas
2303 4554 2621 4609 nascentibus
2646 4565 2692 4608 et
2718 4556 2871 4628 culpa
2896 4559 3267 4629 generantibus.
3296 4558 3443 4625 Quod

1856 4642 1975 4714 quia
2012 4641 2414 4715 manifestissime
2438 4645 2639 4715 nuptias
2661 4646 2893 4716 damnat,
2922 4658 3143 4703 amoveto
3168 4649 3301 4703 hunc
3329 4667 3448 4705 sen~

1857 4746 1989 4800 sum,
2021 4748 2217 4805 precor,
2242 4739 2305 4789 de
2330 4731 2675 4791 Ecclesiarum
2700 4739 2884 4804 medio,
2917 4753 2962 4807 et
2989 4752 3100 4795 vere
3124 4741 3311 4796 credito
3331 4743 3449 4812 quia

1856 4840 1946 4896 per
1969 4824 2146 4879 Iesum
2182 4823 2440 4880 Christum
2483 4828 2618 4899 facta
2659 4841 2776 4883 sunt
2799 4834 2988 4899 omnia,
3022 4842 3068 4885 et
3091 4832 3197 4887 sine
3222 4838 3331 4906 ipso
3371 4834 3453 4904 fa-

1848 4924 1993 4973 ‘ctum
2035 4928 2106 4972 est
2148 4919 2278 4974 nihil
2305 4919 2555 4991 (Ιοαηηι,
2587 4922 2663 4995 5),
2707 4921 2777 4977 ita
2825 4922 2928 4979 hoc
2967 4925 3117 4995 dicit,
3157 4928 3306 4999 quasi
3350 4943 3449 4984 nos

1857 5007 2122 5079 dicamus,
2151 5024 2250 5082 per
2303 5010 2573 5067 diabolum
2613 5013 2811 5085 aliquid
2855 5016 3165 5073 substantiae
3210 5032 3449 5075 creatum

1856 5103 1913 5160 in
1963 5104 2286 5160 hominibus.
2336 5103 2612 5162 Persuasit
2660 5108 2859 5163 malum
2909 5109 3149 5166 diabolus
3198 5119 3447 5183 tanquam

1858 5206 2154 5268 peccatum,
2187 5211 2292 5252 non
2321 5202 2525 5254 creavit
2565 5207 2817 5271 tanquam
2848 5210 3112 5258 naturam.
3144 5204 3246 5260 Sed
3293 5206 3450 5274 plane

1858 5288 2097 5345 natura)"
2122 5289 2551 5362 persuasit,‘quia
2576 5291 2738 5349 homo
2765 5302 2951 5350 natura
2979 5306 3084 5364 est,
3105 5305 3159 5352 et
3185 5296 3304 5351 ideo
3327 5312 3448 5352 eam

1856 5380 2228 5455 persuadendo
2256 5383 2480 5439 vitiavit.
2526 5383 2629 5453 Qui
2667 5387 2807 5441 enim
2851 5388 3114 5455 vulnerat,
3158 5402 3263 5443 non
3301 5400 3451 5444 creat

1852 5468 2119 5542 membra,
2148 5473 2244 5531 sed
2269 5476 2480 5532 vexat".
2511 5475 2617 5534 Sed
2636 5479 2856 5534 vulnera
2874 5496 2994 5551 quae
3020 5480 3332 5553 corporibus
3366 5481 3451 5539 in-

1923 5656 1942 5688 ί
1975 5661 2156 5705 Omnes
2175 5660 2307 5719 Mss,
2330 5662 2536 5719 quierat.

1919 5719 1942 5785 ξ
1973 5719 2176 5783 Benign.
2193 5725 2277 5769 Ms.
2292 5716 2542 5785 'przeterit,
2564 5724 2611 5771 et
2634 5716 2905 5785 proﬁtetur.

1922 5782 1944 5845 ἓ
1976 5788 2076 5845 Am.
2102 5782 2178 5830 Er.
2205 5789 2258 5831 et
2279 5782 2447 5843 plures
2465 5789 2595 5845 “$5.,
2614 5782 2655 5836 si
2677 5782 2856 5836 autem.

1921 5843 1948 5904 ξ
1976 5842 2146 5894 Plures
2165 5842 2294 5904 Mss,
2320 5851 2562 5894 naturam.

1927 5900 1952 5940 ⁸
1979 5908 2177 5969 Qtudam
2200 5900 2306 5969 nisi.
2327 5907 2412 5959 sed
2436 5905 2584 5963 vitiat.
