3938 6488
441 443 542 501 471
901 433 990 491 DE
1025 427 1296 489 NUPTllS
1333 425 1422 482 ET
1459 421 2036 481 CONCUPISCENTIA

445 556 751 630 ﬂiguntur’,
777 553 1017 610 membra
1049 548 1250 604 faciunt
1273 544 1592 612 claudicare,
1619 544 1705 600 vel
1745 557 1885 615 aegre
1913 556 2031 598 mo-

441 653 578 719 veri,
614 665 720 706 non
749 663 867 704 eam
898 646 1148 700 virtutem
1185 656 1291 712 qua
1315 639 1524 711 justus1|
1565 646 1649 694 est
1677 637 1876 692 homo:
1909 636 2030 690 vul-

442 759 545 799 nus
568 750 768 806 autem,
792 736 931 809 quod
957 742 1237 808 peccatum
1256 739 1497 797 vocatur,
1531 730 1699 801 ipsam
1728 729 1890 783 vitam
1917 727 2033 781 vul-

441 842 615 900 nerat,
655 847 758 903 qua
797 839 943 888 recte
983 827 1276 884 vivebatur.
1307 824 1420 879 Hoc
1461 830 1638 877 autem
1680 819 1866 876 valde’
1909 830 2033 876 tunc

441 924 614 994 majus
656 933 816 992 atque
859 921 1017 978 altius
1059 919 1302 976 diabolus
1341 914 1551 979 inﬂixit,
1577 928 1735 983 quam
1766 919 1892 967 sunt
1930 911 2033 967 ista

442 1015 754 1072 hominibus
792 1025 918 1070 nota
960 1021 1197 1085 peccata.
1229 1007 1378 1066 Unde
1404 1007 1494 1062 illo
1526 1019 1722 1076 magno
1748 1003 1904 1074 primi
1936 1003 2033 1058 lio-

442 1108 605 1163 minis
631 1116 872 1178 peccato,
893 1116 1090 1161 natura
1127 1103 1199 1159 ibi
1238 1110 1417 1177 nostra
1446 1099 1501 1153 in
1528 1097 1762 1153 deterius
1790 1110 2031 1151 commu-

443 1205 580 1265 tata,
629 1213 736 1253 non
785 1198 956 1253 solum
1002 1196 1138 1250 facta
1183 1204 1265 1249 est
1308 1189 1596 1263 peccatrix,
1645 1202 1828 1242 verum
1871 1187 2031 1241 etiam

443 1289 697 1360 generat‘
726 1297 1062 1361 peccatores;
1101 1295 1156 1341 et
1183 1295 1357 1340 tamen
1379 1283 1494 1352 ipse
1517 1282 1741 1350 languor
1765 1292 1872 1348 quo
1894 1277 2033 1333 bene

441 1380 660 1436 vivendi
690 1381 856 1435 virtus
886 1379 1062 1449 periit,
1091 1391 1197 1430 non
1237 1385 1320 1430 est
1357 1373 1537 1443 utique
1579 1383 1786 1436 natura,
1821 1369 1915 1425 sed
1956 1368 2031 1422 vi-

441 1474 576 1529 tium
610 1490 624 1526 :
665 1473 802 1526 sicut
843 1480 989 1526 certe
1018 1467 1155 1523 mala
1186 1467 1239 1522 in
1267 1480 1494 1536 corpore
1518 1463 1787 1530 valetudo,
1820 1477 1928 1518 non
1950 1469 2035 1518 est

443 1563 552 1618 ulla
593 1563 888 1619 substantia
915 1561 1000 1616 vel
1027 1571 1236 1626 natura,
1263 1558 1360 1614 sed
1406 1557 1588 1612 vitium
1612 1573 1642 1629 ς,
1673 1563 1728 1611 et
1769 1555 1891 1610 licet
1923 1569 2031 1609 non

441 1668 674 1724 semper,
720 1663 899 1709 tamen
932 1652 1243 1723 plerumque
1270 1649 1424 1704 mala:
1464 1646 1798 1703 valetudines
1838 1660 2028 1716 paren-

444 1757 555 1803 tum
598 1749 978 1818 ingenerantur
1008 1742 1423 1816 quodammodo,
1451 1750 1506 1798 et
1530 1749 1790 1812 apparent
1827 1739 1883 1794 in
1909 1753 2032 1794 cor-

444 1839 662 1905 poribus
692 1839 943 1894 filiorum.

517 1932 606 1987 ‘88.
646 1931 758 1986 Hoc
791 1940 969 1986 autem
1009 1935 1306 2000 peccatum,
1349 1924 1495 1996 quod
1539 1922 1715 1996 ipsum
1761 1923 2032 1980 hominem

444 2024 499 2078 in
526 2022 772 2094 paradiso
801 2023 855 2077 in
883 2021 1033 2094 pejus
1060 2018 1305 2086 mutavit,
1329 2018 1452 2090 quia
1482 2017 1648 2072 multo
1677 2026 1758 2072 est
1779 2016 2034 2088 grandius

441 2133 601 2188 quam
648 2116 891 2186 judicare
944 2130 1042 2171 nos
1099 2127 1403 2184 possumus,
1456 2111 1524 2166 ab
1582 2110 1729 2165 omni
1779 2119 2034 2166 nascente

443 2209 691 2274 trahitur,
728 2222 830 2263 nec
876 2207 976 2262 nisi
1024 2206 1077 2261 in
1129 2213 1442 2260 renascente
1489 2203 1811 2268 remittitur;
1862 2201 1934 2256 ita
1977 2211 2035 2257 ut

441 2305 602 2360 etiam
628 2301 696 2357 de
725 2300 1035 2370 parentibus
1055 2299 1165 2370 jam
1196 2298 1416 2364 renatis,
1445 2296 1499 2351 in
1523 2295 1714 2368 quibus
1751 2295 2033 2350 remissum

442 2403 604 2465 atque
648 2402 844 2449 tectum
891 2402 1003 2460 est,
1047 2389 1288 2446 trahatur
1340 2389 1393 2444 in
1442 2395 1646 2444 reatum
1701 2385 2033 2442 nascentium

357 2503 360 2508 ·
443 2484 698 2552 ﬁliorum,
727 2486 828 2540 nisi
867 2493 923 2541 et
963 2485 1129 2556 ipsos,
1161 2497 1297 2554 quos
1323 2482 1493 2552 prima
1527 2480 1757 2535 carnalis
1785 2478 2035 2534 nativitas

443 2577 717 2648 obligavit,
751 2575 983 2633 secunda
1013 2573 1302 2646 spiritualis
1340 2571 1604 2627 absolvat.
1638 2568 1802 2640 Cujus
1829 2569 1908 2624 rei
1932 2567 2037 2624 mi-

443 2669 647 2735 rabilis,
689 2669 932 2724 mirabile
973 2665 1197 2723 Crcator
1236 2665 1290 2721 in
1345 2664 1486 2720 oliva
1531 2671 1587 2718 et
1626 2661 1860 2717 oleastro
1907 2677 2035 2731 pro-

445 2758 596 2814 duxit
623 2759 946 2829 exemplum,
974 2757 1062 2814 ubi
1104 2774 1210 2812 non
1256 2755 1430 2811 solum
1478 2769 1542 2810 ex
1569 2753 1807 2820 oleastri,
1850 2767 2033 2808 verum

445 2851 608 2905 etiam
646 2865 712 2906 ex
761 2850 916 2905 oliva:
965 2849 1169 2905 semine
1220 2844 1433 2902 nonnisi
1495 2843 1726 2900 oleaster
1776 2844 2033 2899 exoritur.

443 2943 780 3014 Quapropter
804 2943 1046 3014 quamvis
1075 2951 1130 2997 et
1176 2940 1228 2996 in
1275 2937 1584 2994 hominibus
1630 2945 1822 2992 natura
1868 2952 2035 3008 gene-

444 3037 595 3100 ratis,
644 3036 815 3106 gratia
859 3033 1217 3105 regeneratis,
1261 3031 1332 3086 sit
1377 3031 1478 3086 ista
1519 3029 1748 3084 carnalis
1776 3031 2034 3099 concupi-

445 3127 648 3183 scentia
674 3141 979 3197 repugnans
1019 3124 1122 3195 legi
1157 3122 1390 3178 mentis:
1420 3129 1600 3176 tamen
1643 3120 1768 3191 quia
1812 3120 2036 3176 remissa

445 3227 530 3273 est
555 3217 607 3272 in
637 3217 953 3273 remissione
980 3222 1340 3286 peccatorum,
1373 3226 1478 3267 non
1503 3213 1615 3282 jam
1662 3211 1765 3265 illis
1809 3213 1861 3266 in
1905 3225 2034 3282 pec-

447 3321 625 3366 catum
655 3317 952 3380 reputatur,
971 3321 1072 3362 nec
1100 3315 1257 3362 uocet
1284 3303 1502 3375 aliquid,
1531 3305 1634 3359 nisi
1659 3303 1776 3374 ejus
1803 3304 2037 3361 motibus

445 3401 511 3456 ad
542 3401 719 3456 illicita
755 3400 1139 3457 conscntiatur.
1173 3397 1362 3452 Proles
1386 3409 1516 3451 vero
1539 3409 1748 3461 eorum,
1777 3395 1900 3465 quia
1927 3409 2035 3450 non

446 3509 544 3564 pcr
586 3493 942 3563 spiritualem,
970 3489 1066 3546 sed
1115 3505 1211 3560 per
1250 3486 1518 3543 carnalem
1549 3485 2034 3556 concupiscentiam

444 3585 758 3648 seminatur,
789 3584 931 3638 velut
955 3598 1023 3637 ex
1050 3582 1138 3637 illa
1182 3580 1319 3636 oliva
1348 3577 1563 3650 quidam
1608 3578 1776 3632 nostri
1823 3578 2037 3648 generis

444 3677 697 3741 oleaster,
725 3675 801 3730 sic
825 3674 950 3730 inde
989 3683 1194 3729 reatum
1221 3670 1492 3727 nascendo
1517 3669 1698 3735 trahit,
1732 3677 1790 3725 ut
1819 3669 1921 3724 nisi
1951 3684 2036 3725 re-

445 3768 716 3824 nascendo
742 3767 958 3823 liberari
996 3767 1064 3822 ab
1089 3766 1180 3822 illa
1205 3772 1358 3836 peste
1395 3778 1502 3819 non
1531 3763 1720 3834 possit.
1758 3763 2038 3832 Quomodo

444 3875 573 3930 ergo
595 3859 826 3914 aflirmat
856 3859 956 3913 iste
984 3871 1080 3912 nos
1116 3855 1424 3912 adscribere
1451 3855 1784 3910 sanctitatem
1811 3869 2036 3910 nascen-

445 3952 602 4016 tibus,
641 3961 696 4006 et
739 3950 948 4021 culpam
999 3948 1405 4020 generantibus;
1448 3962 1568 4003 cum
1619 3947 1794 4016 potius
1842 3947 2038 4002 veritas

443 4050 723 4108 monstret,
761 4041 862 4097 etsi
889 4039 1082 4096 fuerit'
1114 4039 1372 4095 sanctitas
1410 4039 1462 4092 in
1505 4038 1902 4108 generantibus,
1930 4039 2038 4094 ori-

444 4135 674 4204 ginalem
707 4131 916 4202 culpam
943 4131 1120 4187 inesse
1150 4128 1514 4197 nascentibus,
1542 4143 1663 4199 quae
1687 4144 1795 4185 non
1821 4128 2036 4185 abolea-

446 4233 532 4279 tur
558 4223 661 4279 nisi
692 4223 742 4277 in
771 4219 1216 4278 renascentibus?

515 4313 742 4370 CAPUT
756 4311 1058 4368 'XXXV.—
1072 4310 1164 4367 59.
1184 4309 1316 4380 Quae
1335 4325 1457 4366 cum
1473 4310 1545 4366 ita
1566 4311 1694 4377 sint,
1713 4309 1780 4367 de
1801 4310 1901 4366 ista
1927 4326 2037 4366 car-

443 4406 529 4463 nis
548 4403 978 4476 concupiscentia
999 4412 1053 4458 et
1077 4401 1146 4458 de
1168 4401 1388 4458 libidine
1414 4401 1698 4472 imperiosa
1728 4401 2032 4472 impudicis,

445 4496 706 4554 domanda
738 4495 958 4566 pudicis,
999 4493 1243 4566 pudenda
1271 4502 1450 4550 tamen
1480 4502 1535 4549 et
1563 4493 1767 4564 pudicis
1787 4503 1842 4550 et
1865 4494 2037 4566 impu-

444 4589 601 4659 dicis,
620 4588 816 4644 sentiat
835 4588 935 4644 iste
951 4586 1091 4658 quod
1113 4586 1276 4654 libet;
1305 4587 1430 4658 quia
1445 4587 1514 4652 ei,
1540 4588 1678 4642 sicut
1701 4586 1876 4654 video,
1897 4587 2037 4643 mul-

445 4690 558 4735 tum
599 4681 774 4750 placet
806 4697 820 4733 :
853 4693 962 4734 non
1001 4693 1120 4734 eam
1161 4677 1377 4733 laudare
1418 4687 1718 4742 cunctetur.
1748 4693 1908 4749 quam
1938 4694 2036 4734 no-

442 4773 650 4830 minare
693 4770 1070 4840 confunditur;
1111 4770 1345 4842 appellet
1369 4786 1509 4840 eam,
1547 4772 1687 4827 sicut
1722 4754 2029 4843 appellavit,

443 4864 808 4922 membrorum
827 4863 1086 4935 vigorem,
1117 4878 1217 4920 nec
1246 4873 1515 4920 castarum
1539 4865 1750 4920 aurium
1788 4879 2035 4922 reverea-

443 4967 531 5014 tur
560 4957 872 5023 horrorem;
903 4955 1137 5027 appellet
1174 4955 1541 5012 membrorum
1581 4958 1896 5027 potentiam,
1933 4972 2034 5014 nec

442 5064 629 5111 caveat
653 5054 1057 5126 impudentiam.
1104 5053 1274 5118 Dicat,
1310 5051 1356 5107 si
1396 5066 1502 5106 non
1534 5050 1822 5117 erubescit,
1846 5051 1898 5104 in
1942 5066 2034 5120 pa-

442 5145 622 5202 radiso
663 5145 708 5200 si
750 5160 909 5202 nemo
955 5152 1248 5215 peccasset,
1294 5143 1436 5198 hunc
1484 5141 1555 5197 ibi
1603 5141 1838 5213 vigorem
1889 5143 2031 5198 velut

441 5240 632 5297 ﬂorem
678 5239 886 5294 virere“
928 5240 1197 5310 potuisse;
1229 5252 1329 5294 nec
1357 5251 1492 5308 opus
1520 5234 1685 5294 fuisse
1726 5244 1784 5291 ut
1826 5244 2033 5307 tegere-

506 5361 529 5428 :
563 5355 930 5428 venustum:
947 5351 1250 5428 ῡξβςιιιῑιιειεε
1267 5359 1321 5404 ει
1338 5351 1484 5428 nemo
1499 5358 1632 5428 ros};
1649 5348 2033 5428 ιξιείξετεέιψβοζιέε

648 5421 879 5486 ιιιιὶζοιω,
907 5415 1090 5482 inﬂuit,
1110 5418 1160 5466 in
1182 5416 1307 5466 libro
1325 5415 1470 5465 etiam
1492 5420 1637 5465 sexto
1658 5415 1830 5478 Operis
1853 5421 2032 5477 tmper-

439 5481 575 5542 fe'cti,
601 5494 708 5546 cap.
731 5482 779 5532 7.
961 5481 967 5482 ⁷

505 5548 527 5578 ⁸
554 5553 682 5595 Unus
706 5558 737 5594 e
753 5543 989 5595 Vaticanis
1006 5550 1133 5600 Mss.,
1157 5545 1334 5591 rectus.

505 5607 529 5638 ³
559 5608 641 5656 llic
661 5607 870 5668 additur,
901 5602 1067 5668 valde,
1089 5597 1153 5654 ex
1176 5601 1543 5668 manusg'iptis;
1580 5600 1719 5663 cujus
1755 5597 1861 5649 loco
1880 5598 2029 5668 _apud

445 5675 558 5740 Arn.“
569 5675 737 5740 etiam,
759 5662 962 5732 legitur,
989 5662 1176 5718 uu‘hms.
1202 5664 1317 5714 vide
1340 5662 1518 5712 librum
1531 5662 1729 5713 sextum
1750 5662 1921 5723 Operis
1941 5667 2029 5711 lm-

444 5729 779 5854 Ρθξΐῗιῖῑὲᾶὶιὶε
794 5825 809 5850 ,
831 5791 1009 5854 gemit.

505 5852 528 5915 ξ
563 5852 865 5915 Antiquiores
888 5860 1016 5915 M;s.,
1040 5853 1218 5915 fuerat.

508 5912 529 5943 ⁸
562 5910 728 5962 Plures
749 5920 876 5975 uss,
893 5910 1070 5978 vigere.
1095 5910 1332 5973 Nonnulli,
1353 5922 1525 5961 mwre.

2045 464 2060 488 ,
2099 420 2159 480 S.
2198 416 2566 479 AUGUSTINI
2605 421 2809 479 LIBER
2846 422 3222 484 SECUNDUS.

3616 422 3728 487 672

2142 549 2248 610 tur,
2275 541 2418 614 quod
2462 542 2532 598 ita
2580 558 2902 614 moveretur,
2934 555 2993 601 ut
3037 546 3160 602 inde
3185 561 3344 603 nemo
3367 547 3728 606 confundere-

2139 643 2256 702 tur;
2307 635 2404 691 sed
2453 646 2634 706 parata
2675 637 2899 709 conjuge
2942 654 3155 710 semper
3195 650 3557 708 exerceretur,
3591 656 3728 696 nuu-

2138 741 2298 797 quam
2344 727 2746 798 reprimeretur,
2796 745 2864 785 ne
2912 730 3198 800 aliquando
3254 733 3528 802 voluptas‘
3581 743 3728 788 tanta

2140 828 2299 875 tanta:
2341 820 2577 876 felicitati
2623 833 2925 892 negaretur.
2965 824 3116 879 Absit
3155 823 3300 880 enim
3337 834 3399 881 ut
3423 825 3513 880 illa
3555 825 3727 881 beati-

2141 911 2269 966 tudo
2299 922 2478 982 posset
2506 922 2596 967 aut
2626 913 2680 967 in
2709 914 2827 969 loco
2867 914 2961 968 illo
2987 930 3093 970 non
3123 913 3326 971 habere
3357 915 3500 986 quod
3541 917 3723 984 vellet,

2138 1013 2231 1058 aut
2258 1003 2312 1058 in
2339 1019 2436 1060 suo
2460 1018 2686 1074 corpore
2708 1005 2792 1061 vel
2816 1005 2995 1061 animo
3035 1005 3236 1062 sentire
3261 1006 3403 1077 quod
3432 1007 3638 1064 nollet:
3666 1022 3729 1062 ac

2137 1111 2234 1166 per
2258 1095 2361 1151 hoc
2384 1097 2428 1151 si
2458 1104 2636 1150 motus
2664 1095 2901 1152 libidinis
2922 1097 3248 1154 voluntatem
3286 1097 3562 1153 hominum
3591 1114 3726 1168 pra:-

2138 1190 2375 1252 veniret,
2423 1189 2670 1244 voluntas
2710 1189 2964 1248 continuo
3010 1201 3358 1262 sequeretur;
3407 1207 3562 1259 uxor,
3603 1207 3730 1263 qua

2137 1291 2355 1353 propter
2383 1282 2484 1337 hoc
2513 1297 2782 1353 nunquam
2808 1283 3004 1339 absens
3027 1297 3149 1340 esse
3171 1283 3422 1353 debebat,
3452 1285 3565 1340 sive
3593 1299 3730 1340 con-

2137 1374 2412 1444 ccptura',
2445 1374 2558 1430 sive
2601 1373 2713 1445 jam
2739 1374 2978 1444 gravida,
3027 1375 3171 1431 illico
3216 1368 3732 1442 admoveretur;'et

2136 1475 2230 1523 aut
2269 1467 2450 1538 proles
2502 1467 2880 1536 seminaretur,
2925 1477 3018 1522 aut
3063 1469 3310 1541 voluptas
3365 1469 3626 1526 naturalis
3675 1479 3731 1526 et

2136 1559 2417 1616 laudabilis
2461 1559 2797 1630 expleretur;
2825 1568 2881 1616 et
2919 1565 3120 1631 periret
3145 1576 3332 1618 semen
3375 1562 3630 1630 hominis,
3662 1578 3732 1618 ne

2136 1652 2404 1722 appetitus
2424 1660 2533 1706 tam
2555 1651 2713 1707 bona:
2731 1653 3176 1723 concupiscentiae
3206 1654 3581 1711 fraudaretur:
3612 1664 3734 1710 tan-

2138 1750 2250 1798 tum
2274 1757 2380 1799 non
2420 1757 2480 1798 se
2516 1749 2895 1798 converterent
2920 1743 3174 1814 conjuges
3198 1743 3253 1798 in
3276 1759 3399 1800 eum
3423 1759 3602 1813 usum,
3638 1743 3732 1816 qui

2137 1841 2224 1889 est
2248 1843 2434 1890 contra
2464 1841 2730 1902 naturam,
2763 1834 2857 1889 sed
2895 1835 3102 1905 quoties
3128 1835 3438 1902 delectaret,
3468 1836 3730 1893 membris

2137 1925 2206 1981 ad
2229 1925 2332 1980 hoc
2359 1927 2554 1982 creatis
2582 1935 2637 1982 et
2663 1925 2984 1996 genitalibus
3013 1937 3312 1984 uterentur.
3344 1928 3730 1987 Verumtamen

2138 2017 2266 2090 quid
2295 2019 2340 2074 si
2367 2029 2422 2074 et
2458 2018 2550 2075 ille
2579 2033 2707 2074 usus
2731 2027 2916 2075 contra
2957 2030 3200 2075 naturam
3237 2021 3457 2078 forsitan
3489 2022 3730 2079 delecta-

2137 2119 2240 2176 ret,
2264 2109 2390 2180 quid
2411 2110 2456 2165 si
2476 2119 2530 2166 et
2559 2109 2612 2164 in
2639 2109 2778 2165 hanc
2803 2110 3130 2180 voluptatem
3155 2112 3434 2168 laudabilis
3454 2114 3541 2168 illa
3562 2114 3733 2170 libido

2138 2198 2480 2257 adhinniret?
2517 2210 2695 2256 utrum
2722 2210 3072 2272 sequerentur
3100 2218 3240 2270 eain,
3271 2205 3522 2275 quoniam
3551 2207 3735 2262 suavis

2139 2305 2320 2362 esset;
2367 2312 2436 2351 an
2480 2305 2874 2367 repugnarent,
2927 2297 3180 2368 quoniam
3233 2298 3401 2368 turpis
3448 2300 3628 2355 esset?
3675 2298 3737 2356 Si

2138 2399 2510 2458 sequerentur,
2536 2388 2628 2444 ubi
2678 2398 2762 2444 est
2812 2389 3062 2459 cogitatio
3112 2391 3518 2463 qualiscumque
3560 2393 3734 2448 hone-

2139 2479 2331 2536 statis?
2370 2479 2426 2536 Si
2456 2488 2833 2550 repugnarent,
2859 2481 2950 2536 ubi
2977 2490 3062 2537 est
3102 2496 3205 2553 pax
3232 2492 3397 2540 tanta:
3422 2483 3735 2540 felicitatis?

2140 2570 2240 2626 llic
2268 2571 2313 2625 si
2351 2569 2489 2627 forte
2513 2570 2805 2638 erubuerit,
2838 2581 2892 2628 et
2918 2571 3115 2629 dixerit
3139 2582 3342 2631 tantam
3379 2591 3568 2646 pacem
3613 2576 3739 2632 feli-

2140 2663 2319 2718 citatis
2360 2663 2526 2730 illius,
2559 2673 2871 2736 tantumque
2915 2665 3160 2721 ordinem
3192 2666 3247 2722 in
3285 2665 3371 2722 his
3413 2667 3576 2724 rebus
3613 2683 3739 2725 esse

2091 2815 2096 2819 ,
2140 2755 2402 2825 potuisse,
2433 2762 2492 2810 ut
2532 2771 2806 2827 nunquam
2846 2756 3025 2812 carnis
3066 2758 3497 2829 concupiscentia
3541 2761 3742 2816 volun-

2141 2855 2305 2902 tatem
2353 2848 2564 2904 illorum
2616 2849 2890 2905 hominum
2939 2851 3292 2920 praeveniret;
3338 2851 3434 2908 sed
3460 2868 3587 2908 cum
3634 2853 3743 2924 ipsi

2141 2939 2359 3006 vellent,
2399 2949 2524 2995 tunc
2561 2939 2652 2994 illa
2695 2932 3086 3011 consurgeret:
3118 2950 3244 2998 tunc
3287 2951 3464 2998 autem
3509 2943 3740 3009 vellent,

2143 3031 2359 3102 quando
2400 3031 2468 3087 ad
2493 3031 2839 3089 seminandos
2865 3032 3003 3088 ﬁlios
3039 3047 3176 3104 opus
3213 3043 3390 3098 esset;
3418 3033 3492 3089 ita
3521 3044 3584 3089 ut
3608 3035 3741 3092 nul-

2141 3124 2223 3179 lus
2242 3124 2464 3182 seminis
2482 3132 2625 3181 esset
2659 3124 2840 3180 irritus
2857 3125 3053 3196 jactus,
3075 3124 3256 3181 nullus
3280 3124 3434 3181 fieret
3460 3125 3738 3181 concubi-

2143 3225 2228 3272 tus
2252 3232 2412 3287 quem
2439 3231 2546 3272 non
2573 3225 2890 3288 sequeretur
2911 3225 3204 3288 conceptus
3228 3225 3284 3272 et
3308 3216 3512 3287 partus,
3536 3217 3604 3271 ad
3635 3233 3745 3272 nu-

2141 3318 2254 3366 tum
2269 3309 2537 3365 serviente
2559 3323 2743 3375 carne,
2762 3309 2828 3365 ad
2851 3318 3033 3364 nutum
3059 3308 3326 3365 serviente
3344 3309 3599 3365 libidine:
3625 3310 3742 3366 hoc

2141 3403 2188 3459 si
2217 3403 2366 3470 dicit,
2411 3404 2600 3458 saltem
2629 3401 2935 3458 consideret
2980 3416 3123 3456 nunc
3166 3402 3222 3457 in
3269 3401 3576 3457 hominibus
3625 3416 3752 3460 non

2141 3509 2262 3550 esse
2281 3493 2423 3564 quod
2450 3493 2597 3549 dicit.
2630 3493 2698 3548 Et
2725 3493 2770 3548 si
2801 3508 2907 3548 non
2929 3492 3041 3548 vult
3066 3492 3361 3548 concedere
3385 3492 3576 3547 vitium
3613 3507 3753 3549 esse

2140 3584 2417 3641 libidinem
2441 3601 2454 3638 :
2481 3584 2625 3640 dicat
2649 3584 2839 3640 saltem
2868 3599 2965 3654 per
2994 3585 3207 3640 illorum
3231 3582 3508 3639 hominum
3544 3583 3754 3641 inobe-

2140 3675 2393 3732 dientiam
2431 3676 2590 3732 etiam
2622 3675 2790 3746 ipsam
2819 3673 3057 3730 vitiatam
3095 3687 3217 3730 esse
3255 3675 3433 3730 carnis
3471 3675 3754 3746 concupi-

2141 3765 2429 3835 scentiam;
2476 3778 2537 3824 ut
2574 3769 2661 3824 illa
2687 3783 2806 3840 qua:
2847 3767 3158 3824 obedienter
3183 3778 3240 3823 et
3265 3767 3509 3822 ordinate
3548 3783 3755 3823 move-

2142 3872 2309 3929 retur,
2350 3877 2494 3918 nuuc
2533 3861 2902 3918 inobedientcr
2954 3861 3363 3932 inordinateque
3408 3870 3748 3917 moveatur:

2141 3956 2215 4012 ita
2253 3965 2311 4012 ut
2337 3956 2465 4027 ipsis
2493 3970 2706 4028 quoque
2745 3955 2953 4027 pudicis
2993 3955 3061 4010 ad
3090 3962 3278 4010 nutum
3307 3970 3414 4010 nou
3453 3955 3754 4026 obtempe-

2140 4056 2226 4104 ret
2271 4047 2590 4119 conjugatis,
2632 4048 2729 4103 sed
2778 4056 2834 4103 et
2874 4045 3089 4117 quando
3139 4061 3247 4104 non
3289 4054 3374 4103 est
3425 4047 3753 4102 necessaria

2141 4149 2439 4205 moveatur,
2471 4147 2526 4195 et
2569 4139 2783 4209 quando
2830 4138 3132 4194 necessaria
3175 4147 3280 4206 est,
3322 4137 3614 4209 aliquando
3662 4140 3755 4194 ci-

2141 4231 2266 4300 tius,
2298 4230 2582 4302 aliquaudo
2611 4230 2836 4295 tardius,
2867 4228 3011 4286 non’
3049 4245 3237 4286 eorum
3265 4241 3517 4300 sequatur
3541 4238 3749 4298 nutus,

2139 4323 2236 4380 sed
2301 4337 2426 4380 suos
2489 4331 2702 4378 exserat
2753 4330 2950 4377 motus.
3000 4321 3150 4378 lianc
3194 4336 3323 4392 ergo
3372 4321 3489 4392 ejus
3545 4321 3752 4378 inobe-

2139 4415 2392 4473 dientiam
2430 4413 2798 4470 inobedientes
2831 4413 2906 4468 illi
2934 4422 3059 4469 tunc
3099 4412 3345 4470 homines
3387 4419 3748 4482 receperunt,

2139 4515 2195 4563 et
2233 4507 2288 4561 in
2329 4520 2428 4561 nos
2463 4505 2754 4576 propagine
2793 4503 3215 4562 transfuderunt.
3255 4503 3438 4575 Neque
3480 4505 3626 4560 enim
3672 4505 3752 4560 ad

2139 4613 2325 4655 eorum
2385 4605 2604 4666 nutum,
2655 4597 2752 4654 sed
2807 4597 2989 4668 utique
3039 4596 3340 4652 inordinate
3391 4596 3748 4665 movebatur,

2139 4689 2350 4762 quando
2394 4689 2638 4747 membra
2671 4689 2818 4760 prius
2845 4688 3142 4760 glorianda,
3170 4697 3296 4744 tunc
3327 4687 3436 4758 jam
3481 4687 3750 4758 pudenda

2139 4790 2409 4839 texerunt.

2209 4876 2298 4933 60.
2339 4874 2467 4944 Sed,
2497 4883 2556 4931 ut
2574 4875 2710 4941 dixi,
2738 4873 3040 4932 sentiat-de
3067 4873 3170 4930 ista
3211 4871 3430 4928 libidine
3457 4872 3558 4927 iste
3588 4870 3747 4940 quod

2137 4967 2291 5036 libet,
2321 4967 2575 5039 praedicet
2602 4974 2662 5022 ut
2702 4965 2850 5031 libet,
2880 4965 3063 5022 laudet
3095 4972 3351 5036 quantum
3391 4962 3522 5018 libet
3564 4962 3745 5033 (sicu

2135 5061 2281 5118 enim
2320 5059 2507 5115 multis
2538 5058 2670 5115 locis
2701 5057 2982 5128 signiﬁcat,
3010 5057 3237 5111 multum
3282 5053 3468 5128 libet),
3513 5064 3571 5110 ut
3614 5053 3746 5123 ejus

2135 5151 2183 5208 si
2230 5165 2334 5206 non
2377 5150 2583 5218 usibus,
2623 5148 2813 5204 saltem
2847 5147 3090 5204 laudibus
3133 5147 3405 5218 Pelagiani
3449 5146 3743 5202 oblecten-

2137 5251 2241 5308 tur,
2269 5242 2592 5313 quicumque
2617 5254 2801 5297 eorum
2847 5240 3125 5311 pmposito
3150 5237 3497 5294 continentia:
3527 5237 3744 5293 carnali

2135 5335 2383 5408 conjugio
2411 5351 2516 5392 non
2545 5333 2823 5390 fruuntur‘
2855 5351 2870 5388 :
2913 5343 3119 5390 tantum
3155 5332 3396 5404 parvulis
3435 5343 3644 5404 parcat,
3677 5344 3748 5389 ut.

2133 5445 2242 5485 non
2288 5443 2384 5484 eos
2427 5429 2606 5484 laudet
2664 5427 2945 5495 inutiliter,
2991 5426 3349 5497 defendatque
3398 5426 3739 5494 crudeliter;

2135 5522 2314 5578 salvos
2337 5536 2458 5577 esse
2485 5536 2587 5576 non
2609 5520 2784 5587 dicat;
2816 5535 2920 5576 non
2949 5518 3013 5574 ad
3055 5517 3387 5576 laudatorem
3425 5517 3740 5590 Pelagium,

2200 5661 2216 5691 ί
2251 5658 2322 5708 sic
2339 5655 2524 5720 aliquot
2545 5663 2652 5707 Mss.
2679 5663 2733 5707 At
2756 5654 3150 5720 editl,_oolzmtas.

2199 5722 2220 5794 ξ
2251 5720 2398 5794 miti:
2423 5711 2973 5794 ῑιωφηιςερνοριςτῇιεος
3251 5715 3556 5794 Hasse
3580 5711 3737 5777 de“?

2134 5789 2232 5842 aut,
2251 5783 2334 5832 sed
2352 5778 2449 5832 sive
2469 5778 2774 5843 cmzcept'ura'.
2794 5781 3092 5843 Castigantur
3115 5779 3176 5843 ad
3198 5778 3576 5838 manuscriptos.

2200 5846 2428 5902 hnmnes
2441 5856 2591 5907 prolve
2615 5842 2920 5905 manuscripti
2935 5842 3024 5890 hic
3044 5842 3292 5907 omittunt,
3313 5851 3423 5890 non.

2197 5907 2220 5940 ⁸
2252 5913 2303 5957 In
2325 5903 2458 5968 ως
2477 5903 2621 5956 reme
2643 5903 2897 5968 cory‘uguin
2915 5915 3008 5953 non
3029 5903 3270 5966 fruamur.
