3938 6492
248 428 322 490 473
1177 423 1550 483 ADMONITIO
1588 424 1656 482 IN
1693 419 2230 494 SUBSEQUENTES
2268 423 2537 484 LIBROS.
3366 423 3474 489 ιιι

245 544 309 602 sed
335 540 383 598 ad
405 541 733 600 salvatorem
772 543 1042 602 Christum
1083 544 1267 601 venire
1305 545 1599 616 permittat.
1646 543 1778 599 Nam
1884 543 2141 615 scriptum
2181 553 2266 601 est
2303 545 2357 600 in
2403 544 2719 617 Evangelio,
2749 542 2821 600 Et
2863 545 3110 603 vocabunt
3137 563 3318 603 mea
3361 551 3474 619 ejus

243 649 283 694 ut
298 638 376 707 jam
400 635 532 691 liber
571 636 682 694 iste
711 638 1014 706 claudatur,
1043 639 1292 710 quoniam
1332 639 1404 694 ita
1432 653 1609 694 sermo
1638 637 1780 694 illius
1883 634 2097 700 Iesum;
2127 637 2233 707 ipse
2269 637 2402 690 enim
2427 635 2624 691 salvum
2667 637 2815 708 faciet
2856 639 3101 710 populum
3125 656 3272 695 suum
3297 656 3329 693 a
3355 655 3443 709 pec

241 728 487 786 terminatus
508 739 619 794 est,
653 731 748 800 qui
785 731 837 785 in
860 731 1098 786 chartula
1126 747 1287 802 quam
1308 731 1520 798 misisti,
1551 731 1780 800 scriptus
1882 738 2011 783 cans
2037 744 2208 782 eorum
2237 725 2449 800 (Matth.
2479 744 2518 795 ι,
2541 726 2658 800 21).
2692 727 2816 784 Ideo
2841 745 2970 801 ergo
2993 731 3197 797 Jesum,
3221 731 3472 802 quoniam

236 832 307 886 est,
326 830 371 875 ιιι
392 820 628 887 diceret,
669 821 798 876 Vere
823 823 1012 877 credito
1031 823 1152 891 quia
1180 840 1268 893 per
1291 821 1469 877 Iesum
1499 824 1635 893 facta
1661 831 1780 878 sunt
1883 818 2039 875 Jesus
2064 819 2229 874 latine
2253 817 2500 873 Salvator
2528 826 2630 873 est.
2658 816 2784 888 Ipse
2809 820 2942 874 enim
2967 822 3162 876 salvum
3187 821 3338 892 faciet
3373 838 3469 892 p0-

233 893 436 977 omnia,et
464 912 580 966 sine
608 912 727 982 ipso
756 917 950 985 factum
989 922 1060 968 est
1099 914 1269 979 nihil;
1305 913 1564 969 concedat
1595 913 1778 968 Jesum
1884 913 2063 983 pulum
2107 928 2276 979 suum,
2318 911 2371 966 in
2410 927 2516 980 quo
2560 910 2756 980 populo
2793 920 2919 967 sunt
2954 913 3134 984 utique
3163 921 3220 968 et
3245 913 3471 983 parvuli.

231 1004 346 1056 ctiam
368 1003 598 1070 parvulis
620 1017 744 1058 esse
769 1004 954 1059 Jesum
976 1023 987 1057 :
1013 1013 1066 1060 et
1093 1013 1151 1060 ut
1177 1019 1271 1074 per
1291 1020 1414 1060 eum
1438 1003 1577 1060 facta
1598 1006 1777 1060 omnia
1882 1003 2098 1060 Salvum
2130 1014 2307 1059 autem
2352 1003 2502 1076 faciet
2531 1018 2563 1056 a
2589 1003 2807 1074 peccatis
2845 1019 3017 1057 eorum
3045 1019 3064 1058 :
3111 1013 3236 1060 sunt
3263 1020 3390 1076 ergo
3415 1013 3472 1061 et

226 1096 379 1150 fatetur
420 1111 516 1165 per
575 1097 629 1151 id
677 1097 822 1167 quod
877 1105 959 1153 est
996 1096 1234 1153 Verbum
1279 1097 1455 1163 Deus;
1503 1097 1573 1151 ita
1617 1097 1777 1151 etiam
1883 1098 1934 1152 in
1963 1097 2195 1168 parvulis
2238 1108 2453 1168 peccata
2498 1096 2795 1168 originalia,
2828 1105 3048 1168 propter
3070 1114 3188 1170 qua:
3213 1098 3390 1168 Jesus,
3413 1095 3470 1155 id

223 1189 425 1260 parvulos
449 1191 519 1245 ab
538 1205 606 1245 eo
624 1191 807 1246 salvos
841 1191 955 1246 fieri
981 1191 1207 1246 fateatur
1227 1206 1323 1261 per
1349 1189 1400 1246 id
1416 1188 1556 1260 quod
1583 1197 1666 1244 est
1683 1187 1776 1244 Je-
1884 1201 1984 1259 est,
2015 1191 2260 1248 Salvator
2287 1193 2456 1263 possit
2480 1205 2602 1247 esse
2625 1199 2681 1248 et
2709 1191 2970 1263 ipsorum.

221 1294 313 1345 sus,
355 1281 394 1333 si
438 1280 555 1334 vult
600 1264 902 1337 catholicus
945 1296 1064 1337 esse
1109 1281 1461 1337 Christianus.
1506 1280 1594 1334 Sic
1631 1280 1775 1334 enim

241 1377 243 1380 .
264 1372 2056 1386 _______________________.________

220 1363 3468 1427 ﬂ

1307 1413 2404 1604 meum

667 1662 763 1724 IN
828 1661 1427 1740 SUBSEQUENTES
1469 1663 1752 1726 LIBROS
1793 1664 1898 1724 DE
1946 1659 2207 1722 ANIMA
2255 1659 2360 1720 ΕΤ
2406 1657 2591 1722 EJUS
2636 1656 2991 1720 OBIGINE.

1668 1836 1708 1843 ..
1810 1835 1893 1859 α.

256 1909 336 1964 llis
369 1918 610 1979 quatuor
655 1909 807 1964 libris
845 1911 1119 1965 materiam
1160 1909 1582 1965 subministravit
1615 1908 1927 1965 Vincentius
1970 1907 2182 1975 Victor,
2211 1905 2423 1977 juvenis
2463 1903 2520 1961 in
2558 1903 2875 1961 Mauritania
2912 1901 3241 1961 Caesareensi
3277 1909 3436 1956 natus
3459 1939 3477 1967 ,

203 2013 244 2056 et
263 2017 317 2056 ex
341 2000 751 2072 Rogatistarum
779 1999 1009 2056 factione
1035 2000 1178 2072 (qua:
1207 2001 1608 2057 Donatistarum
1633 2002 1868 2058 scissura
1891 2009 2028 2065 erat,
2054 2008 2263 2071 partem
2292 1997 2576 2070 quamdam
2607 1997 2937 2052 Mauritaniae
2959 1996 3104 2052 circa
3128 1995 3316 2051 urbem
3343 1994 3477 2051 Car-

203 2102 383 2147 tennam
411 2090 718 2162 occupans)
741 2091 810 2147 ad
837 2091 1153 2147 catholicam
1177 2092 1472 2148 Ecclesium
1493 2106 1785 2148 conversus
1809 2111 1822 2146 :
1851 2107 2009 2162 quem
2029 2091 2299 2147 Victorem
2330 2089 2592 2156 ferebant,
2625 2087 2884 2144 Vincentii
2906 2088 3069 2155 illius,
3099 2086 3190 2157 qui
3219 2094 3340 2156 post
3363 2085 3478 2139 Bo-

201 2194 346 2257 gatum
370 2184 597 2239 factioni
630 2183 806 2239 eidem
852 2183 1154 2254 praefuerat,
1187 2199 1434 2255 magnam
1473 2185 1922 2240 existimationem
1967 2185 2224 2240 hactenus
2260 2183 2438 2238 animo
2467 2191 2653 2238 tenere
2675 2223 2687 2246 ,
2716 2190 2777 2236 ut
2813 2196 2929 2236 eam
2957 2180 3028 2235 ob
3055 2193 3268 2234 causam
3312 2175 3481 2246 ipsius

199 2293 384 2344 nomen,
415 2292 584 2332 suum
616 2277 851 2332 voluerit
881 2292 1005 2333 esse
1032 2292 1328 2348 cognomen
1361 2275 1456 2350 (a).
1485 2277 1582 2333 Hic
1606 2278 1766 2348 igitur
1798 2277 1977 2332 Victor
2001 2292 2120 2331 cum
2150 2277 2202 2330 in
2234 2275 2519 2346 quamdam
2546 2273 2828 2344 Augustini
2875 2272 3220 2344 scriptionem
3258 2269 3481 2324 incidis-

197 2379 279 2434 set,
302 2383 399 2438 qua
426 2368 526 2424 ille
552 2383 614 2422 se
639 2367 861 2438 quidem
889 2369 1134 2438 ignorare
1156 2368 1438 2435 fatebatur,
1469 2384 1538 2424 an
1565 2383 1752 2424 omnes
1777 2368 1967 2423 animae
1994 2384 2059 2423 ex
2081 2383 2186 2422 una
2206 2365 2397 2422 Adami
2421 2366 2597 2420 anima
2620 2374 3000 2436 propagentur,
3031 2379 3098 2418 an
3120 2361 3342 2432 singulis
3364 2359 3480 2430 qui-

194 2462 373 2531 busque
401 2461 725 2516 hominibus
755 2461 979 2531 singulie
1007 2477 1036 2515 a
1067 2461 1200 2526 Deo,
1231 2461 1368 2516 sicut
1394 2461 1496 2532 ipsi
1535 2461 1762 2528 Adamo,
1787 2461 1902 2516 sine
1933 2460 2315 2531 propagatione
2337 2457 2561 2523 dentur;
2591 2455 2685 2512 sed
2715 2465 2892 2510 tamen
2920 2455 3060 2510 scire
3101 2452 3334 2517 dicebat,
3363 2449 3480 2506 ani-

192 2569 314 2610 mam
343 2563 541 2609 natura
570 2553 821 2624 spiritum
853 2567 991 2618 esse,
1024 2567 1130 2607 non
1160 2567 1354 2623 corpus
1379 2569 1393 2607 :
1423 2560 1708 2622 utrumque
1737 2550 2007 2621 diSplicuit
2035 2565 2099 2604 ex
2131 2557 2284 2619 aequo
2314 2546 2539 2614 Victori,
2569 2555 2625 2601 et
2663 2545 2806 2615 quod
2832 2543 3154 2614 Augustinus
3185 2542 3265 2595 vir
3295 2549 3475 2594 tantus

189 2649 248 2706 de
265 2651 453 2704 animus
481 2649 696 2718 origine
720 2646 849 2718 quid
879 2647 1163 2702 tenendum
1191 2645 1260 2701 sit
1290 2661 1396 2701 non
1426 2627 1542 2701 sine
1567 2645 1904 2700 cunctatione
1942 2643 2178 2707 doceret,
2213 2639 2510 2712 praesertim
2541 2637 2980 2709 propagationem
3009 2635 3306 2689 animarum
3331 2633 3478 2687 veri-

185 2742 402 2798 similem
431 2757 560 2798 esse
589 2741 816 2805 ducens,
840 2747 895 2795 et
922 2737 1063 2809 quod
1091 2738 1283 2793 animae
1304 2747 1551 2792 naturam
1573 2744 1944 2793 asseveranter
1963 2734 2330 2804 pronuntiaret
2355 2733 2746 2801 incorpoream.
2778 2729 2917 2797 Ergo
2942 2725 3198 2781 adversus
3225 2723 3482 2794 Augusti-

184 2851 306 2890 num
325 2835 430 2890 hac
457 2833 529 2888 de
560 2849 620 2887 re
650 2831 987 2901 conscriptos
1009 2830 1142 2885 duos
1163 2830 1326 2885 libros
1354 2830 1515 2884 Petro
1541 2829 1780 2900 Hispano
1806 2827 2119 2899 presbytero
2154 2823 2508 2894 nuncupavit,
2536 2821 2730 2893 placita
2752 2818 3128 2876 haereticorum
3162 2813 3478 2885 Pelagiano-

183 2943 307 2984 rum
325 2927 599 2993 nonnulla,
627 2935 682 2980 et
709 2925 812 2980 alia
843 2925 908 2978 iis
935 2925 1114 2994 pejora
1142 2925 1498 2978 continentes.

263 3020 500 3075 Renatus
537 3016 830 3073 monachus
852 3058 868 3083 ,
895 3016 984 3086 qui
1022 3014 1281 3070 Caesareae
1321 3023 1448 3069 tunc
1475 3022 1609 3079 erat,
1639 3012 1780 3068 idem
1827 3010 1937 3075 ille,
1966 3019 2022 3064 ut
2061 3008 2289 3075 videtur,
2317 3006 2409 3077 qui
2446 3003 2744 3075 Augustino
2770 3002 2823 3057 in
2850 3000 3037 3057 eadem
3067 2997 3200 3054 urbe
3226 3004 3483 3052 autumno

182 3113 319 3168 anni
344 3112 456 3168 418
483 3110 737 3175 existenti,
773 3107 954 3178 Optati
984 3107 1221 3178 episcopi
1247 3106 1314 3162 de
1344 3105 1534 3160 animae
1572 3104 1779 3175 origine
1808 3101 2140 3159 consulentis
2177 3100 2457 3172 epistolam
2485 3097 2799 3154 exhibuerat
2825 3094 2898 3166 (b)
2924 3111 2937 3147 :
2970 3091 3058 3148 hic
3093 3092 3272 3162 itaque
3296 3103 3364 3144 ex
3389 3103 3483 3143 or-

177 3201 309 3257 dine
352 3199 571 3271 quidem
602 3199 880 3265 laicorum,
915 3197 1010 3253 sed
1057 3197 1160 3254 fide
1185 3196 1470 3253 admodum
1515 3195 1814 3252 orthodoxa
1834 3235 1850 3262 ,
1881 3193 2178 3263 descriptos
2208 3191 2494 3261 diligenter
2523 3189 2740 3246 eosdem
2786 3187 2950 3241 libros
2979 3183 3208 3240 Victoris
3240 3178 3484 3236 Caesarea

179 3294 479 3364 [ipponem
509 3293 804 3348 transmisit
832 3292 1015 3346 aestiva
1042 3299 1360 3361 tempestate
1386 3306 1399 3343 :
1429 3304 1564 3360 quos
1607 3298 1785 3345 tamen
1826 3297 2056 3343 exeunte
2098 3295 2300 3341 tantum
2337 3295 2593 3340 autumno
2633 3283 2838 3352 accepit
2863 3279 3193 3352 Augustinus
3213 3319 3228 3345 ,
3257 3291 3397 3332 anno
3423 3281 3486 3330 ut

177 3395 360 3458 putant
390 3386 525 3442 419.
560 3386 682 3441 Mox
711 3393 768 3439 ut
799 3385 917 3439 illos
946 3383 1072 3454 legit
1098 3390 1312 3446 sanctus
1354 3383 1572 3449 Doctor,
1623 3382 1853 3453 primum
1896 3397 1962 3437 ex
2003 3391 2230 3452 quatuor
2264 3379 2712 3449 subsequentibus
2741 3377 2892 3432 libris
2929 3375 3045 3431 sine
3082 3374 3188 3429 ulla
3230 3371 3485 3429 dilatione

175 3475 503 3544 conscripsit
531 3474 602 3529 ad
628 3475 896 3529 Renatum
925 3474 1248 3529 monachum
1273 3490 1287 3527 :
1315 3473 1610 3529 secundum
1641 3471 1856 3541 deinde,
1884 3473 2123 3542 epistolae
2149 3471 2318 3526 forma
2336 3513 2350 3538 ,
2381 3471 2448 3526 ad
2477 3471 2690 3526 Petrum
2735 3469 3105 3540 presbyterum
3143 3483 3158 3521 :
3197 3465 3332 3521 duos
3354 3476 3486 3520 vero

175 3577 478 3635 postremos
509 3565 579 3620 ad
608 3567 782 3637 ipsum
807 3565 1098 3631 Victorem,
1129 3565 1224 3621 sed
1250 3565 1520 3636 aliquanto
1548 3574 1667 3636 post
1692 3572 1952 3635 tempore,
1985 3573 2042 3619 ut
2065 3580 2130 3621 ex
2160 3564 2262 3618 illis
2291 3563 2603 3635 intelligitur
2637 3563 2817 3619 verbis
2845 3561 2967 3617 libri
2994 3559 3051 3631 2,
3083 3576 3139 3614 ιι.
3168 3559 3223 3624 7,
3275 3556 3337 3614 Si
3386 3571 3484 3609 au-

175 3665 264 3709 tem
293 3656 562 3712 Dominus
609 3657 844 3721 voluerit,
879 3665 934 3710 ut
968 3657 1034 3710 ad
1058 3657 1203 3710 illum
1228 3657 1396 3726 ipsum
1416 3657 1652 3725 juvenem
1688 3656 1925 3724 scribam,
1955 3657 2087 3711 sicut
2113 3655 2363 3712 desidero.
2409 3655 2466 3710 ln
2505 3653 2990 3712 Retractationibus
3041 3651 3157 3707 haec
3202 3645 3487 3720 Augustini

171 3747 480 3805 lucubratio
505 3751 762 3818 proxime
785 3751 886 3805 sub
912 3751 1179 3822 opusculis
1207 3743 1332 3806 aiini
1378 3751 1484 3808 M9
1513 3758 1842 3819 recensetur,
1883 3749 2069 3820 quinto
2109 3749 2364 3806 videlicet
2403 3749 2521 3804 loco
2555 3757 2679 3820 post
2720 3745 2880 3802 Gesta
2909 3759 3030 3800 cum
3057 3741 3297 3798 Emerito
3317 3781 3333 3808 ,
3361 3753 3482 3811 quae

175 3840 310 3908 apud
340 3841 663 3896 Cassaream
690 3858 833 3896 anno
856 3842 982 3910 418,
1012 3857 1200 3898 mense
1227 3842 1521 3912 septembri
1549 3841 1792 3898 confecta
1813 3850 1937 3898 sunt
1968 3859 1980 3896 :
2014 3841 2248 3912 pertinet
2271 3841 2448 3912 itaque
2469 3841 2536 3897 ad
2564 3839 2725 3897 ﬁnem
2756 3838 2885 3894 anni
2903 3836 3031 3905 H9,
3061 3851 3158 3892 seu
3181 3834 3248 3890 ad
3273 3831 3484 3889 initium

169 3931 292 3997 ιιιο,
317 3935 531 4003 scripta
559 3943 685 4004 post
708 3934 1024 4004 Pelagianos
1053 3936 1402 3991 conciliorum
1429 3935 1812 3992 catholicorum
1838 3947 1893 3994 et
1927 3937 2081 3994 Sedis
2109 3938 2434 4009 Apostolicte
2458 3937 2772 3993 auctoritate
2790 3936 2904 4007 jam
2933 3932 3148 4006 quidem
3179 3931 3482 3998 damnatos,

170 4027 256 4081 sed
286 4029 625 4098 nuperrime
652 4030 726 4101 (ε)
763 4049 775 4084 :
808 4030 952 4100 quod
976 4045 1117 4086 anno
1147 4031 1346 4105 Christi
1369 4031 1475 4087 418
1500 4031 1731 4089 feliciter
1758 4035 2072 4106 contigerat.

232 4118 291 4172 ln
318 4122 514 4188 primo
542 4121 682 4175 libro
711 4120 776 4175 ad
805 4121 1070 4177 Renatum
1098 4123 1319 4193 scripto,
1351 4123 1685 4181 demonstrat
1710 4141 1860 4182 suam
1886 4127 1954 4183 de
1980 4127 2172 4183 animae
2211 4137 2398 4183 natura
2427 4130 2746 4185 sententiam
2770 4169 2787 4196 ,
2815 4136 2870 4183 et
2902 4125 2970 4181 de
3013 4122 3253 4196 ejusdem
3277 4119 3485 4191 origine

166 4213 578 4268 cunctationem
609 4212 803 4282 injuria
834 4214 1154 4284 reprehendi
1184 4231 1216 4270 a
1245 4215 1481 4272 Victore.
1514 4217 1812 4299 Juvenilem
1847 4229 2062 4277 coercet
2092 4221 2324 4277 hominis
2348 4222 2707 4293 arrogantiam
2729 4262 2745 4287 ,
2773 4235 2932 4291 quem
2965 4219 3018 4274 iu
3057 4231 3269 4273 errores
3295 4224 3486 4286 graves

166 4314 224 4354 ac
249 4302 562 4370 inauditos,
587 4304 717 4358 dum
750 4305 1102 4375 quaestionem
1150 4307 1460 4362 solvendam
1501 4323 1624 4366 suas
1650 4311 1790 4367 vires
1815 4311 2165 4368 excedentem
2193 4313 2464 4382 suscipere
2489 4312 2670 4378 audet,
2702 4310 3007 4381 prolapsum
3036 4306 3296 4372 ostendit;
3327 4312 3487 4373 atque

165 4393 360 4462 ipsum,
400 4406 463 4451 ut
492 4405 700 4452 statuat
725 4399 935 4455 animas
957 4415 1062 4455 non
1090 4416 1155 4456 ex
1186 4403 1478 4474 pr0pagine
1496 4402 1633 4470 ﬁeri,
1659 4403 1754 4460 sed
1784 4419 1950 4460 novas
1970 4405 2192 4476 singulis
2213 4405 2554 4483 nascentibus
2575 4419 2606 4459 a
2636 4404 2750 4460 Deo
2772 4401 3055 4468 insufﬂari,
3088 4398 3483 4468 Scripturarum

166 4487 486 4544 testimonia
516 4490 770 4547 conferre
795 4491 1064 4562 ambigua,
1097 4509 1197 4550 nec
1218 4494 1285 4550 ad
1309 4509 1427 4550 eam
1455 4511 1570 4550 rem
1593 4498 1722 4554 satis
1752 4496 1963 4553 idonea.

227 4581 288 4636 In
317 4582 603 4650 secundo,
631 4584 853 4640 Petrum
875 4586 1149 4652 admonet,
1177 4603 1245 4643 ne
1269 4587 1590 4656 committat,
1620 4598 1676 4643 ut
1703 4589 1869 4644 libros
1890 4588 1956 4643 de
1982 4589 2174 4645 anima:
2199 4589 2403 4660 origine
2423 4604 2454 4643 a
2481 4588 2697 4643 Victore
2721 4586 2788 4662 ad
2815 4586 2990 4656 ipsum
3010 4583 3238 4654 scriptos
3261 4579 3484 4635 laudan-

161 4675 228 4730 do
251 4679 634 4748 approbasse,
669 4689 760 4734 aut
781 4694 902 4753 quae
935 4689 1136 4736 temere
1160 4682 1372 4751 juvenis
1399 4683 1486 4738 ille
1526 4683 1887 4752 pronuntiavit
1919 4682 2042 4738 fidei
2072 4683 2376 4738 christiana:
2404 4681 2691 4747 contraria,
2721 4695 2818 4750 pro
2842 4676 3179 4749 dogmatibus
3211 4671 3489 4730 catholicis

157 4763 366 4824 habere
399 4770 772 4826 existimetur.
805 4770 1032 4826 Errorcs
1054 4771 1282 4829 Victoris
1305 4774 1508 4842 varios,
1532 4790 1731 4844 eosque
1761 4774 2105 4845 gravissimos
2127 4783 2296 4842 notat,
2321 4785 2375 4830 et
2395 4775 2572 4831 verbis
2595 4773 2836 4830 confutet
2859 4770 3062 4842 paucis.
3090 4770 3250 4826 Petro
3268 4766 3485 4823 demum

157 4857 255 4927 ipsi
275 4861 518 4927 suadet,
554 4869 614 4916 ut
641 4860 913 4917 Victorem
938 4863 1003 4918 ad
1025 4878 1119 4918 eos
1147 4865 1496 4937 corrigendos
1531 4866 1782 4922 adducat.

221 4951 286 5007 In
311 4955 519 5023 tertio,
543 4954 614 5010 ad
641 4955 816 5026 ipsum
843 4955 1120 5013 Victorem
1149 4957 1371 5030 scripto,
1396 4969 1660 5016 monstrat
1681 4977 1926 5032 quaenam
1951 4963 2004 5016 in
2032 4961 2144 5018 suis
2169 4961 2352 5019 Victor
2371 4962 2522 5018 libris
2541 4961 2830 5020 emendare
2853 4960 3064 5026 debeat,
3084 4958 3130 5014 si
3149 4957 3277 5014 velit
3303 4953 3485 5011 haberi

152 5044 479 5102 catholicus
514 5065 530 5100 :
567 5063 738 5119 eaque
764 5048 931 5120 ipsius
958 5049 1154 5120 placita
1189 5059 1243 5105 et
1272 5051 1540 5120 paradoxa
1561 5093 1576 5119 ,
1607 5053 1661 5107 in
1689 5054 2051 5125 superioribus
2079 5053 2144 5108 ad
2176 5053 2437 5109 [lentatum
2465 5063 2520 5110 et
2553 5053 2618 5108 ad
2646 5053 2860 5109 Petrum
2888 5050 3037 5107 libris
3055 5049 3169 5119 jam
3189 5044 3484 5110 confutata.

155 5134 255 5191 hoc
279 5139 466 5193 tertio
493 5137 638 5194 libro
667 5139 980 5210 perstringit
1007 5140 1262 5208 breviter,
1290 5151 1343 5198 et
1367 5142 1434 5198 ad
1464 5143 1711 5200 undecim
1741 5159 1984 5201 errorum
2008 5146 2178 5215 capita
2201 5156 2434 5202 revocat.

147 5234 157 5266 τ
222 5227 285 5284 1η
321 5241 539 5301 quarto
567 5231 638 5287 ad
664 5232 914 5288 eumdem
947 5233 1213 5289 Victorem
1240 5234 1398 5301 libro,
1422 5237 1652 5307 primum
1679 5239 2072 5294 cunctationem
2099 5253 2249 5294 suam
2284 5239 2350 5293 de
2371 5238 2670 5294 animarum
2699 5234 2904 5307 origine
2934 5231 3204 5289 immerito
3251 5230 3478 5299 culpari,

154 5333 327 5391 seque
359 5324 444 5379 ab
469 5325 624 5395 ipso,
657 5324 785 5394 quia
811 5324 946 5380 nihil
988 5325 1111 5380 hinc
1147 5324 1374 5382 delinire
1402 5342 1565 5383 ausus
1595 5328 1682 5395 sit,
1711 5327 1902 5399 injuria
1931 5331 2217 5402 pecoribus
2244 5330 2544 5400 comparari
2573 5329 2925 5384 demonstrat.
2959 5324 3161 5380 Deinde
3189 5337 3314 5376 vero
3343 5316 3484 5388 quod

154 5411 560 5474 incunctanter
578 5417 930 5483 asseveravit,
963 5419 1192 5474 animam
1218 5419 1465 5487 spiritum
1491 5433 1630 5486 esse,
1655 5435 1760 5475 non
1787 5436 1999 5492 corpus,
2024 5422 2124 5478 hoc
2145 5433 2344 5478 temere
2366 5424 2526 5478 ctiam
2547 5419 2831 5492 improbari
2856 5411 2884 5472 a
2909 5417 3140 5482 Victore,
3170 5422 3230 5468 ut
3252 5411 3486 5466 animam

159 5518 499 5580 corpoream
527 5520 720 5569 natura
746 5527 869 5580 sua,
897 5521 954 5568 et
977 5513 1220 5583 spiritum
1247 5514 1316 5568 ab
1346 5513 1458 5584 ipsa
1485 5514 1667 5570 anima
1694 5515 1749 5570 in
1774 5516 1992 5573 homine
2013 5518 2320 5573 distinctum
2349 5533 2490 5584 esse,
2523 5515 2665 5571 inani
2696 5523 2890 5569 conatu
2916 5516 3232 5582 propugnet.

241 5602 576 5689 {viliores
609 5612 913 5689 quatuor;
953 5605 1030 5689 d_e
1073 5605 1304 5669 Anima
1324 5611 1387 5668 et
1438 5606 1576 5688 ejus
1608 5606 1894 5689 Origine,
1922 5611 2064 5673 vide
2087 5611 2195 5689 lib:
2226 5611 2290 5685 2,
2341 5629 2475 5689 cap.
2507 5609 2608 5681 56,
2639 5603 3213 5689 Retractationum,
3244 5607 3391 5662 tom.
3426 5597 3488 5674 1,

169 5680 287 5742 col.
322 5683 481 5759 653,
529 5707 569 5748 a
594 5680 831 5755 verbis,
864 5685 1105 5747 Eodem
1135 5689 1445 5766 tempore,
1469 5680 1690 5768 'usquc
1714 5680 1795 5751 ad
1820 5680 2024 5762 verba,
2063 5680 2485 5754 Scribendtfm
2517 5680 2762 5768 putavi.
2846 5684 2933 5746 M.

249 5806 304 5884 El
338 5809 470 5884 Ϊὲίὲθ
493 5809 638 5884 intra,
657 5809 757 5884 lib:
785 5808 837 5884 3'
855 5821 914 5884 .9:
927 5804 991 5884 ἓξ

249 5806 304 5913 (ἔ)
341 5809 470 5884 Vide
493 5809 638 5872 infra,
785 5808 914 5880 3,.n.
942 5804 991 5916 ἓ.
1076 5869 1167 5920 190
1293 5870 1314 5919 1

227 5804 302 5992 ἱες
337 5871 466 5986 at:
483 5879 754 5992 sane:
774 5878 1088 5992 esse.
1216 5883 1269 5992 ι
1291 5905 1337 5984 .2

247 5931 298 5992 ε)
337 5935 461 5986 Vide
483 5931 629 5999 infra,
658 5934 754 5984 lib.
774 5931 833 5994 2,
856 5943 906 5979 ιι.
933 5931 1010 5994 17,
1037 5939 1088 5982 et
1110 5933 1195 5982 lib.
1226 5933 1269 5995 l,
1291 5945 1341 5984 ιι.
1367 5931 1446 5986 34.
