3938 6520
123 382 210 442 ΛΠ

125 496 191 554 vel
219 493 609 567 perniciosum,
639 498 690 553 si
714 513 834 554 cum
863 498 1108 556 laudatur
1133 497 1456 568 eloquentia,
1478 509 1704 569 persua-

127 591 288 647 deatur
315 588 656 660 insipientia,
680 599 736 647 et
760 591 815 646 in
837 593 1071 666 pretioso
1093 590 1285 662 poculo
1306 589 1516 644 bibatur
1538 587 1703 660 pesti-

124 686 213 741 fera
243 683 406 754 potio.
1005 677 1012 682 ’

178 776 394 833 CAPUT
443 775 542 832 IV.
583 807 660 819 —
697 778 753 834 4.
794 777 865 834 Ut
892 777 1032 832 enim
1056 776 1168 847 jam
1197 775 1446 849 incipiam
1473 773 1698 832 demon-

121 877 283 934 strare,
302 883 428 939 quae
447 870 728 941 praecipue
744 870 852 924 sint
876 869 926 923 in
945 869 1062 939 ejus
1077 867 1434 944 disputatione
1448 865 1659 922 vitanda
1681 884 1698 923 :

121 963 338 1019 Animam
385 961 582 1015 dicita
613 961 727 1016 Deo
771 960 984 1035 quidem
1033 960 1256 1024 factam,
1304 973 1403 1013 nec
1444 958 1533 1015 Dei
1579 972 1700 1014 esse

121 1065 295 1125 partem
322 1054 444 1109 sive
472 1064 758 1121 naturam;
786 1053 929 1126 quod
971 1052 1188 1108 omnino
1227 1067 1408 1107 verum
1444 1057 1526 1105 est
1555 1067 1568 1104 :
1600 1049 1697 1105 sed

114 1163 212 1202 cum
247 1162 366 1200 eam
399 1161 516 1201 non
541 1148 657 1204 vult
693 1164 759 1202 ex
788 1147 956 1205 nihilo
980 1145 1176 1202 factam
1221 1143 1409 1211 fateri,
1444 1152 1500 1199 et
1535 1141 1696 1201 aliam

110 1239 284 1292 nullam
312 1247 627 1296 creaturam
657 1238 801 1294 unde
827 1238 898 1293 sit
926 1237 1060 1292 facta
1093 1243 1501 1301 commemorat,
1532 1242 1694 1305 atque

107 1331 166 1386 ita
191 1330 263 1383 illi
291 1328 390 1384 dat
418 1339 698 1386 auctorem
725 1331 910 1402 Deum,
936 1337 992 1384 ut
1018 1344 1188 1398 neque
1213 1343 1278 1383 ex
1301 1327 1458 1382 nullis
1479 1334 1696 1381 exstan-

104 1423 244 1490 tibus,
273 1423 328 1476 id
357 1432 479 1492 est,
515 1441 584 1481 ex
612 1423 797 1489 nihilo,
830 1439 1002 1499 neque
1030 1437 1095 1477 ex
1124 1422 1298 1492 aliqua
1329 1435 1408 1485 re,
1437 1434 1554 1488 quae
1583 1433 1691 1474 non

101 1525 169 1572 est
187 1516 329 1586 quod
360 1516 514 1571 Deus
541 1529 645 1580 est,
676 1517 769 1571 sed
796 1515 862 1571 de
889 1531 948 1572 se
971 1516 1092 1590 ipso
1121 1529 1238 1569 eam
1275 1512 1462 1568 fecisse
1493 1512 1689 1570 creda-

100 1617 203 1671 tur;
229 1610 406 1662 nescit
434 1623 501 1664 eo
529 1625 590 1664 se
620 1609 848 1674 revolvi,
873 1605 1010 1678 quod
1034 1606 1330 1665 declinasse
1357 1621 1416 1661 se
1442 1613 1610 1678 putat,
1628 1611 1690 1660 ut

97 1700 280 1754 scilicet
309 1699 453 1753 nihil
477 1699 632 1758 aliud
659 1700 835 1754 anima
866 1715 1022 1770 quam
1051 1698 1150 1753 Dei
1175 1707 1361 1754 natura
1389 1697 1495 1765 sit;
1523 1714 1586 1754 ac
1608 1697 1687 1754 sic

95 1798 478 1860 consequenter
519 1801 577 1845 et
619 1789 688 1846 de
714 1791 807 1846 Dei
839 1800 1022 1848 natura
1055 1790 1144 1844 ﬁat
1171 1789 1369 1863 aliquid
1399 1791 1466 1845 ab
1493 1788 1684 1845 eodem

93 1883 208 1949 Deo,
239 1882 324 1937 cui
359 1881 620 1940 faciendo
649 1884 872 1940 materia
902 1882 967 1937 de
996 1897 1097 1956 qua
1136 1881 1292 1949 facit,
1331 1883 1401 1937 sit
1437 1881 1552 1954 ipse
1592 1881 1682 1954 qui

91 1973 234 2029 facit:
262 1990 324 2028 ac
355 1990 461 2043 per
491 1975 602 2030 hoc
632 1985 687 2033 et
716 1976 812 2030 Dei
841 1976 911 2030 sit
932 1983 1119 2032 natura
1149 1976 1416 2031 mutabilis
1435 2015 1452 2045 ,
1478 1985 1533 2030 et
1557 1991 1680 2030 mu-

91 2077 184 2122 tata
203 2068 254 2122 in
275 2068 528 2122 deterius
553 2069 806 2139 ejusdem
833 2069 996 2139 ipsius
1017 2068 1108 2124 Dei
1132 2067 1200 2122 ab
1219 2067 1404 2123 eodem
1433 2066 1547 2138 ipso
1569 2067 1680 2123 Deo

93 2171 251 2213 natura
282 2158 608 2214 damnetur.
642 2159 796 2229 Quod
840 2175 938 2231 pro
981 2168 1069 2214 tua
1117 2158 1261 2215 ﬁdeli
1302 2158 1674 2230 intelligentia,

87 2268 224 2323 quam
245 2267 358 2307 non
388 2253 466 2306 sit
492 2253 853 2323 opinandum,
881 2263 934 2309 et
959 2269 1115 2326 quam
1145 2253 1216 2309 sit
1243 2268 1272 2306 a
1301 2253 1462 2310 corde
1486 2252 1675 2308 catho—

85 2341 172 2397 lico
216 2342 655 2411 seciudendum,
703 2345 963 2416 longeque
1009 2344 1335 2418 fugiendum,
1381 2344 1549 2402 vides.
1599 2345 1675 2400 Ita

83 2433 256 2504 quippe
284 2435 471 2490 anima
499 2435 593 2490 vel
617 2434 690 2490 de
717 2435 846 2490 ﬂatu
876 2433 1045 2502 facta,
1075 2435 1162 2494 vel
1194 2435 1284 2491 Dei
1315 2434 1472 2491 flatus
1505 2435 1675 2491 factus

81 2534 150 2579 est
184 2526 320 2595 ipsa,
367 2537 432 2581 ut
479 2541 594 2582 non
643 2527 714 2583 de
755 2528 870 2597 ipso
913 2527 1000 2593 sit,
1031 2527 1127 2586 sed
1156 2528 1223 2584 ab
1256 2529 1372 2600 ipso
1401 2527 1467 2582 de
1505 2526 1674 2584 nihilo

80 2628 236 2672 creata
279 2619 372 2672 sit.
402 2617 601 2689 Neque
638 2620 783 2674 enim
829 2620 965 2674 sicut
1009 2619 1170 2674 homo
1215 2619 1428 2690 quando
1472 2618 1668 2688 sufllat,

76 2722 170 2764 non
198 2718 382 2780 potest
410 2709 484 2765 de
509 2709 684 2765 nihilo
713 2709 896 2765 flatum
926 2710 1121 2776 facere,
1151 2710 1245 2765 sed
1276 2725 1434 2785 quem
1469 2711 1536 2766 de
1565 2711 1671 2766 isto

71 2815 188 2856 aere
216 2800 390 2870 ducit,
419 2801 568 2857 hunc
597 2801 814 2869 reddit;
841 2801 913 2856 ita
941 2800 1053 2856 Deo
1081 2801 1376 2873 putandum
1405 2809 1488 2858 est
1512 2817 1670 2858 auras

71 2897 268 2966 aliquas
319 2893 675 2950 circumfusas
725 2893 837 2964 jam
898 2893 1089 2959 fuisse,
1144 2906 1366 2962 quarum
1421 2889 1665 2959 exiguam

65 2987 367 3057 quamdun
391 2987 709 3056 particulam
750 2984 1003 3056 spirando
1034 2983 1288 3051 traheret,
1321 2989 1375 3037 et
1397 2981 1667 3050 respiran-

67 3081 134 3136 do
161 3079 516 3146 refunderet,
540 3080 742 3151 quando
795 3079 849 3134 in
895 3078 1129 3134 hominis
1174 3076 1366 3132 faciem
1414 3074 1667 3144 sufﬂavit,

70 3174 220 3244 eique
249 3173 358 3228 illo
401 3174 567 3228 modo
610 3173 837 3228 animam
883 3171 1028 3227 fecit.
1059 3170 1211 3240 Quod
1240 3179 1294 3225 et
1323 3170 1368 3224 si
1400 3170 1470 3223 ita
1499 3176 1665 3238 esset,

72 3268 270 3323 net-sic
297 3266 372 3321 de
398 3267 539 3338 ipso,
589 3267 683 3322 sed
729 3267 796 3322 de
842 3267 1138 3337 subiacenti
1191 3281 1249 3321 re
1295 3265 1467 3337 aliqua
1505 3263 1669 3318 ﬁabili

75 3367 248 3432 posset
275 3371 406 3411 esse
435 3357 578 3426 quod
606 3358 772 3412 ﬂavit.
805 3356 913 3412 Sed
954 3357 1090 3411 absit
1125 3365 1182 3410 ut
1220 3371 1473 3424 negemus
1504 3354 1674 3412 omni-

65 3449 338 3509 potentem
377 3441 448 3498 de
483 3443 655 3498 nihilo
692 3443 878 3500 ﬂatum
902 3444 1026 3499 vita:
1065 3443 1243 3500 facere
1272 3445 1529 3516 potuisse,
1562 3460 1669 3518 quo

67 3532 213 3587 ﬁeret
237 3531 411 3588 homo
439 3535 498 3589 in
523 3535 760 3591 animam
788 3536 961 3592 vivam
987 3554 1001 3591 :
1029 3544 1189 3608 atque
1226 3537 1279 3591 in
1318 3550 1411 3594 eas
1447 3544 1670 3594 contru-

61 3623 252 3680 damw
273 3629 586 3698 angustias,
609 3639 670 3684 ut
693 3630 778 3686 vel
801 3629 910 3701 jam
941 3631 1106 3687 fuisse
1139 3629 1358 3700 aliquid,
1387 3629 1528 3702 quod
1554 3631 1669 3703 ipse

59 3731 168 3772 Iun
205 3729 357 3776 esset
378 3763 396 3786 ,
422 3722 569 3778 unde
597 3720 782 3777 ﬂatum
815 3723 1044 3790 faceret,
1075 3723 1388 3793 cpinemur;
1415 3723 1498 3778 vel
1525 3723 1668 3796 quod

59 3812 314 3868 mutabile
336 3813 546 3868 factum
563 3814 828 3882 videmus,
847 3814 914 3869 de
933 3829 992 3870 se
1013 3815 1128 3884 ipso
1155 3815 1343 3870 fecisse
1363 3815 1664 3877 credamus.

63 3905 213 3971 Quod
238 3907 394 3961 enim
421 3907 492 3963 de
515 3908 641 3979 ipso
666 3918 767 3973 est,
796 3922 1020 3964 necesse
1051 3916 1134 3963 est
1161 3915 1218 3962 ut
1241 3908 1478 3978 ejusdem
1509 3919 1667 3964 natu-

61 4009 132 4049 ra
149 3997 225 4051 sit
241 3998 409 4068 cujus
432 3998 553 4069 ipse
578 4009 682 4066 est,
706 4015 770 4053 ac
795 4015 890 4069 per
912 3999 1012 4053 hoc
1037 3999 1198 4053 etiam
1223 3997 1551 4054 immutabile
1575 3999 1665 4054 sit.

71 4089 250 4143 Anima
275 4082 441 4156 vero,
463 4090 612 4161 quod
643 4105 832 4146 omnes
857 4089 1106 4157 fatentur,
1132 4091 1400 4146 mutabilis
1427 4100 1527 4147 est.
1550 4090 1666 4146 Non

63 4194 185 4248 ego
222 4181 291 4235 de
313 4182 468 4252 ipso,
494 4183 622 4252 quia
643 4198 756 4237 non
783 4190 867 4237 est
905 4175 1249 4237 immutabilis
1277 4183 1414 4238 sicut
1452 4183 1586 4254 ipse.
1609 4181 1668 4238 Si

63 4287 238 4327 sum
265 4274 338 4330 de
379 4276 531 4330 nulla
574 4291 636 4331 re
678 4276 786 4331 alia
831 4275 966 4332 facta
1006 4283 1109 4345 est,
1137 4276 1205 4333 de
1230 4277 1400 4332 nihilo
1423 4276 1560 4333 facta
1585 4285 1668 4332 est

63 4369 249 4433 μορυς
268 4366 460 4434 dubio,
485 4368 582 4423 sed
611 4370 680 4424 ab
705 4368 849 4438 ipso.

123 4457 364 4516 CAPUT
405 4460 476 4514 ν.
519 4491 593 4501 --
629 4461 684 4518 5.
725 4461 880 4528 Quod
923 4477 1056 4517 vero
1093 4476 1210 4517 eam
1249 4476 1355 4516 non
1400 4461 1664 4532 spiritum,

57 4548 150 4603 sed
189 4567 395 4622 corpus
444 4568 568 4609 esse
611 4554 922 4620 contendit;
955 4554 1081 4625 quid
1110 4555 1254 4610 aliud
1290 4556 1402 4610 vult
1432 4556 1664 4630 efﬁcere,

59 4658 218 4710 quam
251 4661 353 4702 nos
382 4661 495 4702 non
527 4663 594 4702 ex
633 4650 812 4703 anima
856 4657 910 4703 et
948 4663 1204 4718 corpore,
1241 4649 1335 4706 sed
1366 4665 1430 4704 ex
1459 4649 1668 4708 duobus

57 4736 138 4788 vd
163 4737 336 4791 etiam
368 4737 547 4794 tribus
573 4748 825 4796 constare
853 4741 1204 4812 corporibus?
1229 4741 1360 4798 Cum
1387 4743 1529 4798 enim
1554 4743 1666 4814 spi-

58 4825 184 4893 τίειι,
221 4829 446 4897 anima,
477 4840 539 4887 et
563 4847 796 4904 corpore
825 4843 1071 4889 constare
1100 4849 1199 4888 nos
1219 4833 1376 4903 dicit,
1409 4844 1462 4888 et
1490 4835 1668 4889 omnia

63 4914 312 4976 he-tria
337 4937 569 4993 corpora
594 4939 716 4980 esse
746 4925 972 4991 asserit;
995 4925 1238 4997 profecto
1261 4939 1324 4979 ex
1353 4924 1526 4979 tribus
1549 4939 1670 4979 cor-

61 5012 290 5078 m
333 5030 435 5070 nus
475 5025 631 5087 putat
675 5033 797 5073 esse
826 5029 1164 5088 compactos.
1197 5018 1252 5072 In
1282 5032 1384 5088 qua
1416 5016 1668 5086 opinione

57 5114 264 5172 gata
293 5122 416 5162 eum
445 5117 710 5180 sequatur
731 5108 1056 5177 absurditas,
1087 5109 1160 5163 illi
1193 5109 1368 5181 potius
1388 5124 1545 5184 quam
1575 5107 1667 5170 tibi

53 5194 549 5255 damnandum
571 5210 722 5271 puto.
746 5201 946 5257 Verum
976 5203 1075 5258 iste
1101 5203 1392 5260 tolerabilis
1416 5217 1566 5257 error
1587 5209 1670 5257 est

53 5283 334 5356 mis,
370 5290 462 5361 qui
503 5293 742 5348 nondum
790 5295 1040 5364 COgnovit
1088 5309 1207 5353 esse
1251 5295 1476 5365 aliquid,
1525 5293 1668 5365 quod

51 5393 174 5435 tam
199 5397 420 5453 corpus
441 5400 559 5441 non
589 5387 690 5456 sit,
718 5388 962 5459 corporis
993 5396 1168 5444 tamen
1198 5388 1481 5465 quamdam
1513 5388 1664 5445 simi-

51 5472 355 5530 Ebtlinem
377 5492 565 5548 gerere
591 5479 778 5548 possit.

117 5567 375 5624 CAPUT
411 5569 782 5640 Yl.—6._lllud
809 5572 968 5642 plane
990 5574 1108 5646 quis
1138 5572 1291 5646 ferat,
1322 5573 1466 5650 quod
1496 5573 1549 5630 in
1577 5586 1666 5632 se-

55 5658 232 5716 cando
279 5659 467 5728 libro,
503 5678 626 5724 cam
665 5666 1017 5735 qustionem
1051 5663 1420 5722 difficillimam
1457 5667 1667 5722 solvere

55 5761 369 5807 secaretur
403 5752 472 5808 de
513 5755 750 5826 originali
790 5765 1026 5826 peccato,
1068 5765 1330 5829 quatenus
1367 5757 1433 5814 ad
1472 5771 1668 5825 corpus

55 5843 424 5914 utinamque
461 5850 752 5918 pertineat.
795 5850 842 5910 si
879 5847 1058 5913 anima
1093 5865 1204 5911 non
1245 5849 1315 5910 de
1355 5849 1668 5928 parentibus

729 383 816 438 DE
852 380 1060 440 ANIMA
1101 380 1192 440 ΕΤ
1227 380 1397 444 EJUS
1431 379 1732 452 ORIGINE,
1770 381 1829 444 S.
1867 381 2237 442 AUGUSTINI
2271 383 2478 448 LIBER
2514 386 2787 446 PRIMUS.

3281 397 3398 458 478

1815 495 2064 564 trahitur,
2097 498 2193 556 sed
2217 514 2248 555 a
2275 500 2388 556 Deo
2414 515 2555 557 nova
2583 502 2915 573 insufﬂatur;
2967 503 3105 564 hanc
3131 522 3260 580 ergo
3283 517 3395 567 tam

1808 591 2087 646 molestam
2116 600 2172 648 et
2191 602 2305 647 tam
2331 593 2646 664 profundam
2674 597 2852 653 nitens
2877 598 3112 656 enodare
3139 601 3394 672 quaestio-

1806 697 1928 740 nem
1953 701 1968 738 :
1999 683 2237 753 «Merito,
2269 704 2289 739 ι
2318 685 2508 757 inquit,
2542 705 2560 739 ‹
2591 703 2685 758 per
2713 703 2950 760 carnem,
2981 691 3207 762 priscam
3234 707 3394 766 repa-

1811 784 1924 832 «rat
1941 776 2328 844 habitudinem,
2357 793 2515 850 quam
2534 780 2646 836 visa
2668 780 2841 838 fuerat
2858 784 3127 856 paulisper
3147 786 3390 844 amisisse

1811 887 1831 922 t
1854 884 1950 940 per
1975 884 2212 939 carnem,
2246 880 2304 926 ut
2333 887 2427 942 per
2455 886 2572 926 eam
2597 872 2819 945 incipiat
2845 878 3074 942 renasci,
3105 888 3201 948 per
3227 893 3388 950 quam

1807 978 1829 1017 ι
1853 973 2119 1020 meruerat
2153 964 2435 1037 inquinari.
2475 983 2496 1020 ι
2527 965 2716 1022 Cernis
2754 983 2948 1038 nempe
2986 969 3255 1028 hominem
3293 987 3388 1030 au:

1800 1070 1920 1111 sum
1959 1056 2236 1129 suscipere
2277 1056 2418 1129 quod
2451 1057 2594 1114 vires
2623 1058 2738 1129 ejus
2773 1060 3016 1128 excedit,
3057 1063 3112 1117 in
3147 1071 3253 1117 tam
3281 1064 3385 1120 im-

1800 1162 1957 1204 mane
1979 1147 2330 1220 praecipitium
2353 1149 2642 1219 decidisse,
2674 1159 2733 1206 ut
2759 1150 2957 1208 diceret
2981 1152 3246 1230 inquinari
3271 1154 3386 1209 ani-

1796 1255 1940 1296 mam
1967 1243 2226 1298 meruisse
2262 1255 2360 1313 per
2395 1257 2644 1311 carnem;
2686 1258 2808 1299 cum
2837 1243 3015 1300 dicere
3049 1244 3197 1299 nullo
3223 1244 3385 1302 modo

1795 1331 1995 1403 possit,
2039 1329 2180 1389 unde
2217 1333 2321 1388 hoc
2359 1333 2604 1389 meritum
2635 1336 2857 1390 traxerit
2898 1342 3021 1390 ante
3053 1349 3291 1392 carnem.
3319 1334 3383 1392 Si

1795 1424 1935 1478 enim
1963 1437 1994 1478 a
2024 1437 2184 1480 carne
2208 1425 2392 1496 incipit
2415 1427 2665 1481 meritum
2687 1426 2888 1483 habere
2912 1426 3139 1497 peccati,
3169 1426 3310 1482 dicat
3333 1425 3381 1482 si

1791 1524 1984 1584 potest,
2016 1513 2154 1571 unde
2183 1525 2306 1571 ante
2331 1526 2606 1588 peccatum
2637 1532 2790 1572 suum
2820 1533 2980 1573 carne
3008 1517 3265 1573 meruerit
3292 1516 3379 1572 in-

1790 1609 2017 1678 quinari.
2049 1608 2182 1666 Nam
2219 1609 2322 1664 hoc
2357 1609 2604 1666 meritum
2634 1627 2740 1682 quo
2769 1612 2820 1666 in
2858 1627 3072 1668 carnem
3112 1611 3376 1684 peccatri-

1788 1713 1904 1755 cem
1939 1700 2101 1756 missa
2135 1710 2238 1766 est,
2277 1710 2336 1757 ut
2367 1702 2736 1774 inquinaretur
2771 1719 2838 1759 ex
2875 1704 2986 1770 illa,
3026 1704 3263 1775 profecto
3286 1713 3378 1762 aut

1786 1805 1852 1846 ex
1883 1793 2168 1864 semetipsa
2196 1791 2413 1858 habuit,
2456 1803 2576 1863 aut,
2610 1795 2753 1870 quod
2779 1811 2907 1854 vero
2938 1797 3105 1851 multo
3145 1796 3376 1873 amplius

1785 1881 2058 1950 abhorret,
2089 1898 2157 1940 ex
2185 1884 2319 1940 Deo.
2351 1885 2431 1940 Ex
2460 1900 2621 1942 carne
2649 1888 2845 1963 quippe
2871 1888 3120 1943 meritum
3143 1903 3251 1944 non
3277 1902 3376 1962 po-

1784 1977 1884 2030 tuit
1911 1976 2109 2032 habere
2133 1985 2259 2032 ante
2283 1993 2520 2046 carnem,
2550 1994 2656 2052 quo
2681 1980 2874 2036 merito
2899 1980 3222 2055 inquinanda
3250 1981 3375 2037 mit-

1783 2078 1985 2126 teretur
2015 2071 2066 2126 in
2088 2086 2323 2128 carnem.
2355 2071 2414 2128 Si
2439 2087 2566 2144 ergo
2597 2088 2629 2129 a
2668 2073 2949 2142 semetipsa
2988 2071 3092 2133 hoc
3121 2073 3372 2130 meritum

1781 2159 1998 2227 habuit;
2027 2160 2294 2232 quomodo
2321 2161 2524 2228 habuit,
2552 2179 2672 2236 quae
2697 2174 2821 2219 ante
2845 2179 3060 2224 carnem
3087 2163 3217 2217 nihil
3243 2163 3370 2218 mali

1780 2249 2008 2308 fecit'ISi
2027 2261 2204 2309 autem
2230 2253 2333 2308 hoc
2358 2255 2604 2310 meritum
2631 2270 2696 2309 ex
2725 2256 2834 2310 Deo
2864 2254 3056 2314 dicitur
3075 2254 3366 2321 habuisse;

1778 2344 1896 2416 quis
1914 2344 2011 2398 hoc
2029 2344 2249 2399 audiat?
2275 2344 2396 2416 quis
2413 2339 2586 2400 ferat?
2612 2346 2731 2416 quis
2759 2345 2863 2401 dici
2893 2346 3107 2414 impune
3138 2344 3365 2415 permit-

1777 2434 1895 2488 tat?
1923 2434 2037 2489 Non
2068 2434 2211 2490 enim
2241 2434 2345 2490 hoc
2373 2434 2491 2490 loco
2517 2435 2805 2506 quaeritur,
2836 2435 2962 2510 quid
2993 2435 3277 2500 meruerit,
3310 2443 3369 2490 ut

1769 2525 2100 2598 judicaretur
2126 2527 2423 2583 damnanda
2451 2536 2574 2598 post
2597 2541 2811 2582 carnem
2842 2543 2855 2580 :
2883 2526 2978 2582 sed
3005 2526 3129 2597 quid
3155 2540 3366 2582 merue-

1773 2621 1844 2680 rit
1866 2628 1989 2675 ante
2009 2633 2228 2675 carnem
2253 2619 2324 2674 ita
2350 2619 2611 2685 damnari,
2639 2627 2698 2673 ut
2721 2618 3041 2689 inquinanda
3066 2618 3366 2674 mitteretur

1772 2710 1828 2767 in
1854 2723 2090 2766 carnem.
2119 2710 2369 2782 Explicet
2395 2709 2499 2766 hoc
2523 2711 2565 2764 si
2588 2717 2783 2784 potest,
2814 2711 2903 2781 qui
2929 2717 3010 2770 est
3033 2725 3194 2766 ausus
3213 2709 3363 2772 dice-

1742 2833 1746 2837 -
1771 2820 1854 2874 re,
1883 2803 2148 2875 inquinari
2177 2803 2410 2858 animam
2439 2802 2699 2859 meruisse
2731 2817 2824 2874 per
2854 2817 3091 2858 carnem.

1841 2895 2067 2953 CAPUT
2087 2893 2271 2951 VII.-—-
2290 2897 2343 2950 7.
2367 2895 2495 2951 Item
2522 2896 2627 2950 alio
2651 2896 2791 2964 loco,
2819 2911 2941 2950 cum
2966 2893 3232 2962 eamdem,
3256 2908 3362 2966 qua

1769 3003 1830 3046 se
1872 2990 1986 3064 ipse
2031 2989 2400 3060 implicuerat,
2442 2989 2586 3045 velut
2628 2987 2998 3058 explicandam
3039 2996 3360 3059 proponeret

1769 3081 2138 3151 qumstionem,
2167 3089 2418 3152 tanquam
2444 3096 2509 3136 ex
2535 3095 2762 3150 persona
2801 3079 3226 3135 adversariorum
3250 3078 3358 3134 ait:

1776 3169 1946 3239 «Cur,
1994 3171 2270 3242 inquiunt,
2315 3171 2456 3227 Deus
2488 3171 2718 3226 animam
2751 3179 2857 3224 tam
2887 3168 3080 3240 injusta
3115 3166 3360 3223 animad-

1775 3281 1798 3316 ι
1824 3264 2070 3318 versione
2100 3263 2405 3331 mulctavit,
2435 3272 2493 3318 ut
2519 3263 2573 3316 in
2601 3273 2796 3332 corpus
2825 3276 2944 3316 eam
2975 3261 3178 3332 peccati
3214 3261 3358 3316 rele-

1775 3372 1798 3408 c
1822 3369 1948 3426 gare
1971 3356 1987 3387 ⁸
2012 3355 2256 3420 voluerit,
2288 3369 2408 3411 cum
2443 3355 2716 3410 consortio
2741 3354 2916 3408 carnis
2943 3353 3215 3430 peccatrix
3241 3367 3362 3409 esse

1775 3463 1797 3499 ι
1824 3447 2039 3518 incipit,
2079 3463 2196 3517 quae
2222 3447 2491 3518 peccatrix
2520 3461 2642 3504 esse
2671 3462 2776 3501 non
2808 3445 3020 3517 potuit?
3057 3464 3076 3498 ›
3110 3444 3169 3502 1η
3201 3445 3360 3515 hujus

1769 3537 2080 3610 qumstionis
2105 3546 2360 3608 tanquam
2390 3537 2676 3608 scopuloso
2700 3538 2935 3611 gurgite,
2968 3536 3150 3592 debuit
3175 3537 3360 3608 utique

1769 3646 1957 3689 cavere
1969 3631 2323 3703 naufragium,
2342 3647 2442 3687 nec
2461 3646 2527 3687 eo
2549 3644 2608 3686 se
2628 3630 2988 3696 committere,
3011 3629 3151 3684 unde
3171 3643 3228 3683 se
3249 3643 3355 3683 non

1769 3732 1982 3782 erueret
2006 3725 2332 3780 transeundo
2353 3767 2368 3793 ,
2396 3723 2490 3779 sed
2519 3723 2655 3782 forte
2685 3721 2958 3778 redeundo
2978 3764 2992 3787 ,
3023 3720 3075 3776 id
3103 3729 3214 3788 est,
3243 3735 3359 3796 pm-

1771 3815 2008 3871 nitendo.
2040 3815 2174 3872 Nam
2201 3815 2268 3871 de
2292 3814 2626 3891 prtescientia
2665 3812 2766 3868 Dei
2793 3828 2850 3868 se
2874 3812 3059 3868 nititur
3098 3810 3359 3880 liberare,

1767 3908 1866 3964 sed
1883 3908 2097 3963 frustra.
2120 3907 2462 3962 Praescientia
2482 3905 2677 3978 quippe
2700 3905 2792 3961 Dei
2813 3919 2907 3960 eos
2927 3918 3062 3976 quos
3079 3911 3361 3962 sanaturus

1771 4008 1873 4064 est,
1909 4007 2214 4068 peccatores
2239 3998 2544 4069 praenoscit,
2577 4012 2682 4052 non
2713 3997 2857 4051 facit.
2888 3995 3022 4052 Nam
3052 3994 3096 4050 si
3124 4011 3216 4050 eas
3241 3993 3360 4055 ani-

1770 4105 1887 4145 mas
1927 4090 2117 4144 liberat
2157 4104 2186 4143 a
2221 4099 2481 4160 peccato,
2527 4103 2661 4166 quas
2692 4089 3003 4143 innocentes
3044 4096 3098 4142 et
3137 4086 3361 4142 mundas

1767 4181 2031 4252 implicuit
2051 4181 2165 4252 ipse
2185 4191 2429 4251 peccato,
2452 4181 2642 4236 vulnus
2663 4188 2815 4235 sanat
2834 4179 2973 4250 quod
2992 4179 3166 4233 intulit
3184 4178 3358 4246 nobis,

1767 4289 1876 4330 non
1912 4275 2052 4345 quod
2090 4275 2291 4330 invenit
2329 4276 2381 4330 in
2418 4274 2592 4329 nobis.
2638 4273 2860 4337 Avertat.
2889 4281 3065 4328 autem
3096 4272 3268 4338 Deus,
3307 4282 3361 4328 et

1770 4368 1987 4423 omnino
2017 4366 2176 4436 absit,
2194 4378 2250 4423 ut
2262 4367 2522 4434 dicamus,
2537 4365 2750 4440 quando
2766 4366 2976 4422 lavacro
2989 4363 3356 4436 regeneratio-

1771 4461 1855 4516 nis
1882 4462 2024 4516 Deus
2051 4461 2272 4517 mundat
2297 4462 2502 4518 animas
2527 4461 2888 4538 parvulorum,
2922 4468 3045 4516 tunc
3073 4474 3193 4514 cum
3219 4456 3361 4512 mala

1771 4568 1868 4610 sua
1908 4555 2198 4626 corrigere,
2240 4570 2358 4626 quae
2393 4554 2498 4609 illis
2536 4555 2650 4626 ipse
2688 4551 2836 4624 fecit,
2878 4568 2998 4608 cum
3036 4567 3127 4606 eas
3156 4550 3362 4606 nullum

1771 4647 2031 4709 habentes
2073 4657 2346 4724 peceatum
2383 4646 2668 4719 peccatrici
2694 4644 2888 4720 ,σω-υἱ,
2931 4645 3082 4715 cujus
3116 4642 3364 4717 originali

1773 4749 1989 4810 peccato
2017 4739 2528 4810 contaminarentur,
2554 4736 2858 4793 admiscuit.
2889 4735 3032 4808 Quas
3058 4743 3233 4790 tamen
3260 4735 3364 4790 iste

1772 4848 2032 4892 accusans
2074 4831 2202 4887 dicit
2239 4830 2501 4902 inquinari
2539 4830 2805 4890 meruisse
2841 4845 2941 4907 per
2984 4843 3220 4897 carnem,
3265 4841 3364 4883 nec

1772 4933 1952 4996 potest
1987 4923 2166 4980 dicere
2195 4921 2337 4985 unde
2363 4930 2570 4978 tantum
2605 4922 2730 4976 mali
2763 4921 3060 4982 meruerint
3087 4928 3211 4980 ante
3241 4907 3394 4992 car-3

1773 5035 1896 5076 nem
1906 5059 1918 5075 ο

1844 5108 2070 5168 CAPUT
2106 5107 2223 5169 VIII
2245 5139 2320 5150 —
2346 5108 2399 5164 8.
2453 5107 2603 5168 Hanc
2631 5121 2758 5185 ergo
2786 5107 3135 5184 qumstionem
3167 5105 3358 5164 frustra

1772 5217 1832 5260 se
1859 5212 2049 5274 putans
2076 5201 2144 5259 de
2167 5199 2502 5275 praescientia
2521 5201 2614 5256 Dei
2643 5215 2799 5274 posse
2826 5199 3122 5256 dissolvere
3139 5239 3158 5272 ,
3189 5198 3359 5259 adhuc

1773 5309 1834 5351 se
1855 5293 2099 5361 involvit,
2124 5303 2177 5348 et
2201 5293 2367 5352 dicit:
2393 5311 2412 5344 ι
2437 5292 2627 5350 Anima
2649 5291 2692 5347 si
2716 5291 2982 5362 peccatrix
3007 5305 3125 5346 esse
3147 5289 3363 5358 meruit,

1772 5402 1890 5458 quae
1935 5385 2198 5458 peccatrix
2225 5399 2345 5442 esse
2391 5400 2497 5438 non
2537 5382 2730 5455 potuit,
2761 5391 2936 5438 tamen
2969 5398 3140 5459 neque
3165 5381 3218 5438 in
3244 5394 3362 5458 pec-

1774 5485 1894 5534 cato
1922 5476 2196 5542 remansit,
2228 5475 2350 5547 quia
2377 5475 2431 5531 in
2461 5474 2672 5532 Christo
2702 5474 3033 5547 prmﬁgnrata
3061 5474 3112 5528 in
3147 5480 3367 5546 peccato

1773 5585 1892 5626 esse
1945 5587 2052 5626 non
2110 5569 2323 5638 debuit,
2363 5570 2499 5630 sicut
2535 5583 2654 5624 esse
2690 5583 2796 5626 non
2838 5567 3030 5642 potuit.
3061 5585 3082 5620 ι
3114 5563 3252 5639 Quid
3281 5571 3366 5626 est

1774 5661 1915 5734 quod
1938 5661 2084 5729 dicit,
2114 5680 2133 5714 ι
2162 5662 2429 5734 peccatrix
2457 5676 2576 5716 esse
2601 5677 2705 5716 non
2728 5659 2926 5737 potuit,
2959 5677 2977 5711 ι
3002 5657 3086 5714 vel
3113 5675 3132 5710 ι
3162 5658 3214 5718 in
3241 5671 3366 5736 pec-

1779 5799 1940 5925 ‘eg'
1958 5804 2086 5862 Mss,
2111 5795 2338 5863 religare.
2377 5798 2450 5848 sic
2471 5795 2613 5860 infra,
2658 5809 2706 5848 n.
2752 5795 2846 5858 l5.
2895 5791 3363 5862 νεκυομα-
