4042 6504
653 437 759 500 479

597 571 600 574 ’
655 587 776 634 cato
804 593 924 636 esse
953 593 1057 634 non
1097 577 1304 648 potuit,
1338 594 1359 630 ι
1388 575 1514 644 nisi,
1545 573 1743 640 credo,
1788 572 1835 628 si
1885 584 1992 626 non
2031 565 2243 623 veniret

656 672 710 726 in
739 670 996 726 carnem?
1023 669 1206 741 Neque
1233 669 1376 726 enim
1408 669 1578 739 potuit
1603 665 1848 738 originali
1877 670 2098 734 peccato
2125 673 2246 716 esse

657 763 944 834 peccatrix,
971 771 1065 818 aut
1086 777 1299 833 quoque
1322 762 1483 818 modo
1505 761 1561 816 in
1585 756 1832 830 originali
1859 763 2076 824 peccato
2099 765 2236 816 esse,

659 856 762 912 nisi
789 872 886 926 per
907 870 1146 925 carnem,
1175 856 1220 911 si
1247 855 1314 911 de
1339 864 1559 926 parente
1584 868 1690 909 non
1715 849 1962 906 trahitur.
1993 846 2247 902 Videmus

657 961 788 1018 ergo
823 961 944 1003 eam
980 962 1078 1018 per
1117 948 1340 1018 gratiam
1388 944 1606 1001 liberari
1641 958 1674 998 a
1715 951 1934 1013 peccato
1963 956 1976 992 :
2007 937 2102 994 sed
2139 950 2246 992 non

657 1038 902 1094 videmus
927 1039 1071 1094 unde
1094 1039 1355 1096 meruerit
1377 1038 1586 1094 haerere
1611 1043 1851 1107 peccato.
1882 1030 2019 1100 Quid
2047 1037 2131 1086 est
2157 1043 2248 1084 er-

657 1145 725 1201 go
753 1129 893 1200 quod
921 1131 1084 1186 dicit:
1114 1149 1134 1183 ‹
1159 1131 1217 1187 Si
1247 1130 1513 1202 peccatrix
1538 1144 1658 1186 esse
1683 1126 1900 1192 meruit,
1933 1140 2042 1181 non
2069 1133 2247 1179 tamen

659 1221 716 1276 in
759 1231 977 1292 peccato
1019 1223 1318 1278 remansit?
1353 1242 1373 1276 ι
1405 1222 1464 1278 Si
1487 1221 1629 1278 enim
1666 1219 1850 1276 abillo
1869 1231 2122 1289 quaeram,
2154 1230 2249 1269 cur

659 1328 767 1370 non
811 1314 866 1370 in
907 1326 1130 1385 peccato
1169 1316 1520 1382 remanserit,
1564 1313 1866 1370 rectissime
1905 1307 2248 1381 respondebit

661 1405 804 1478 quod
832 1421 952 1462 eam
989 1405 1188 1464 Christi
1217 1408 1386 1479 gratia
1417 1405 1742 1462 liberaverit.
1789 1403 1938 1459 Sicut
1966 1417 2094 1472 ergo
2121 1398 2251 1456 dicit

661 1496 803 1552 unde
823 1497 1000 1552 anima
1023 1499 1228 1568 parvuli
1250 1497 1409 1554 fuerit
1427 1497 1648 1554 liberata
1671 1494 1960 1568 peccatrix,
1987 1493 2065 1548 sic
2087 1492 2248 1548 etiam

662 1585 806 1644 dicat
833 1587 975 1644 unde
1001 1589 1258 1644 meruerit
1284 1605 1405 1646 esse
1429 1587 1717 1660 peccatrix.

733 1677 790 1733 9.
829 1677 936 1736 Sed
975 1679 1102 1751 quid
1142 1679 1289 1748 dicit,
1332 1681 1416 1736 cui
1457 1679 1560 1736 hoc
1595 1677 1737 1750 quod
1779 1677 2101 1749 praelocutus
2129 1681 2248 1742 est,

664 1769 928 1840 contigit?
963 1769 1203 1841 Namque
1243 1778 1304 1826 ut
1339 1770 1499 1826 istam
1538 1769 1891 1840 quaestionem
1921 1766 2021 1822 sibi
2051 1778 2250 1836 propo-

666 1869 852 1927 neret,
899 1861 973 1916 ait
1002 1880 1016 1916 :
1049 1881 1069 1912 ‹
1104 1861 1224 1916 Alia
1266 1861 1649 1918 substruuntur
1687 1858 1971 1932 opprobria
2013 1855 2250 1928 querulis

664 1952 1176 2008 murmurationibus
1241 1952 1618 2008 oblatrantium
1642 1993 1658 2020 ,
1719 1959 1776 2007 et
1838 1949 2048 2006 excussi
2096 1945 2251 2018 quasi

663 2041 896 2112 quodam
939 2043 1182 2112 turbine,
1235 2042 1524 2104 identidem
1554 2043 1695 2098 inter
1719 2040 1972 2097 immania
1995 2053 2124 2094 saxa
2149 2039 2253 2094 col-

657 2125 896 2190 lidimur.
941 2152 963 2188 ι
989 2133 1105 2190 Hoc
1154 2136 1200 2191 si
1242 2151 1341 2206 ego
1369 2135 1437 2191 de
1465 2136 1557 2190 illo
1583 2134 1839 2201 dicerem,
1871 2130 2094 2187 forsitan
2125 2145 2249 2186 suc-

659 2235 924 2283 censeret.
957 2226 1132 2283 Verba
1160 2237 1286 2284 sunt
1312 2229 1431 2298 ejus
1464 2245 1477 2283 :
1505 2227 1700 2298 quibus
1731 2223 2021 2297 praemissis
2051 2237 2248 2294 propo-

649 2317 768 2372 ‘suit
807 2317 1191 2389 quaestionem,
1235 2319 1288 2374 in
1332 2334 1436 2390 qua
1479 2319 1594 2388 ipsa
1631 2332 1760 2372 saxa
1801 2315 1996 2388 quibus
2032 2313 2250 2368 collisus

655 2409 1018 2482 naufragavit,
1051 2410 1379 2468 ostenderet.
1407 2409 1488 2466 Ad
1515 2410 1619 2466 hoc
1643 2411 1787 2466 enim
1814 2407 2104 2480 perductus
2131 2413 2246 2470 est,

657 2511 713 2558 et
736 2511 844 2557 tam
867 2501 1146 2558 horrendis
1171 2503 1414 2558 cautibus
1437 2503 1614 2557 illatus
1635 2504 1651 2534 ί
1678 2545 1693 2570 ,
1721 2501 2000 2572 impulsus,
2028 2497 2245 2565 inﬁxus,

659 2602 720 2650 ut
747 2609 936 2650 eruere
960 2609 1020 2652 se
1048 2595 1151 2650 nisi
1177 2594 1509 2651 emendando
1537 2595 1679 2666 quod
1705 2595 1860 2662 dixit,
1893 2593 2113 2648 omnino
2138 2606 2247 2646 non

661 2683 870 2752 possit;
912 2699 1019 2738 non
1059 2686 1244 2739 valens
1271 2684 1551 2740 ostendere
1588 2700 1694 2754 quo
1728 2685 1920 2740 merito
1959 2684 2136 2739 anima
2177 2681 2249 2738 sit

656 2771 798 2828 facta
830 2775 1130 2844 peccatrix,
1168 2791 1330 2846 quam
1366 2775 1546 2832 dicere
1584 2792 1692 2832 non
1731 2777 1905 2831 timuit
1937 2786 2060 2830 ante
2086 2789 2246 2830 omne

609 2919 618 2928 ,
651 2881 816 2922 suum
845 2877 1120 2938 peccatum
1150 2869 1410 2925 meruisse
1436 2867 1548 2924 fieri
1577 2869 1947 2940 peccatricem.
1978 2868 2106 2938 Quis
2135 2875 2242 2924 tam

652 2956 890 3018 immane
911 2960 1224 3030 supplicium
1251 2969 1486 3016 meretur
1509 2961 1625 3016 sine
1648 2972 1888 3032 peccato,
1917 2970 1973 3016 ut
1993 2962 2046 3016 in
2072 2961 2242 3016 aliena

655 3046 934 3119 iniquitate
962 3059 1284 3120 conceptus,
1325 3061 1607 3122 antequam
1649 3061 1804 3106 exeat
1843 3052 1911 3108 de
1950 3051 2243 3107 visceribus

653 3141 860 3206 matris,
883 3142 993 3212 jam
1017 3159 1122 3198 non
1148 3144 1217 3198 sit
1243 3144 1360 3199 sine
1383 3145 1637 3214 peccato?
1662 3145 1736 3200 De
1759 3145 1858 3200 hac
1880 3155 2056 3202 autem
2083 3161 2242 3216 pinna

653 3231 1000 3299 parvulorum
1044 3233 1290 3302 animas,
1335 3234 1426 3304 qui
1467 3245 1849 3305 regenerantur
1893 3236 1944 3290 in
1990 3234 2238 3303 Christo,

654 3321 817 3376 nullis
850 3338 1034 3378 eorum
1078 3325 1503 3395 praecedentibus
1543 3326 1748 3381 meritis
1785 3328 2012 3398 gratuita
2049 3327 2242 3384 liberat

654 3413 822 3484 gratia
849 3433 861 3467 :
885 3415 1119 3485 alioquin
1157 3418 1328 3486 gratia
1359 3417 1469 3488 jam
1505 3433 1610 3473 non
1649 3427 1732 3474 est
1761 3421 1929 3490 gratia
1952 3418 2129 3495 (Rom.
2157 3438 2236 3488 xl,

653 3503 734 3574 6).
768 3504 997 3562 Proinde
1044 3508 1146 3564 iste
1197 3508 1358 3564 homo
1389 3510 1540 3565 valde
1570 3509 1902 3582 intelligens,
1934 3514 2020 3569 cui
2049 3513 2240 3584 displi-

655 3603 742 3650 cet
764 3594 818 3650 in
847 3605 993 3652 tanta
1017 3599 1394 3669 profunditate,
1423 3602 1520 3656 etsi
1547 3617 1652 3658 non
1678 3603 1854 3672 docta,
1883 3613 2058 3660 tamen
2086 3614 2236 3660 cauta

647 3695 830 3742 nostra
858 3690 1149 3758 cunctatio,
1181 3691 1322 3747 dicat
1348 3693 1392 3748 si
1416 3702 1613 3764 potest,
1641 3694 1694 3748 in
1722 3695 1858 3750 hanc
1887 3711 2100 3766 pmnam
2130 3712 2237 3768 quo

647 3781 952 3849 pervenerit
978 3783 1154 3837 anima
1189 3785 1413 3851 merito,
1443 3785 1511 3840 de
1539 3801 1641 3857 qua
1669 3801 1827 3860 pcena
1858 3788 2048 3844 liberat
2071 3790 2238 3860 gratia

651 3869 770 3926 sine
799 3873 1008 3930 merito.
1043 3873 1212 3940 Dicat,
1244 3885 1303 3930 ut
1331 3877 1470 3946 quod
1500 3877 1653 3944 dixit,
1685 3879 1884 3950 aliqua,
1917 3879 1962 3936 si
1991 3882 2237 3953 valuerit,

646 3959 853 4017 ratione
881 3961 1152 4019 defendat.
1204 3965 1320 4020 Non
1351 3967 1493 4022 enim
1523 3967 1628 4023 hoc
1654 3971 1961 4041 exigerem,
1993 3973 2094 4028 nisi
2124 3973 2239 4044 ipse

647 4047 872 4107 dixisset
911 4055 1057 4124 quod
1098 4057 1276 4111 anima
1315 4059 1571 4114 meruerit
1599 4074 1721 4116 esse
1762 4063 2052 4131 peccatrix.
2087 4063 2240 4120 Dicat

645 4143 896 4200 meritum
924 4146 1071 4217 ejus,
1107 4158 1283 4204 utrum
1312 4149 1509 4205 bonum
1539 4150 1729 4220 fuerit,
1761 4169 1900 4210 anne
1929 4157 2146 4212 malum.
2180 4158 2236 4214 Si

645 4233 868 4304 bonum,
897 4253 1002 4307 quo
1026 4241 1220 4295 merito
1245 4241 1388 4296 bono
1415 4243 1561 4298 venit
1584 4243 1638 4298 in
1666 4246 1902 4300 malum?
1928 4248 1984 4303 Si
2011 4247 2233 4316 malum,

645 4327 789 4384 unde
817 4329 1031 4400 aliquod
1060 4333 1257 4386 malum
1289 4334 1536 4390 meritum
1569 4345 1691 4391 ante
1719 4353 1879 4395 onme
1909 4351 2184 4410 peccatum
2212 4342 2236 4396 ?

646 4417 781 4476 Item
809 4421 928 4477 dico
957 4440 970 4476 :
997 4422 1053 4479 Si
1079 4422 1277 4490 bonum
1298 4467 1314 4492 ,
1349 4441 1456 4482 non
1483 4443 1612 4498 ergo
1641 4444 1758 4484 eam
1787 4432 1954 4502 gratis
1972 4473 1988 4502 ,
2021 4433 2116 4489 sed
2145 4449 2234 4488 se-

643 4511 876 4567 cundum
903 4513 1140 4569 debitum
1167 4515 1358 4572 liberat
1379 4519 1548 4588 gratia
1570 4520 1612 4588 ,”
1632 4521 1784 4591 cujus
1817 4524 2092 4592 praecessit
2119 4540 2235 4580 me-

646 4603 806 4660 ritum
839 4605 1038 4661 bonum
1059 4626 1080 4686 ;_.
1113 4623 1176 4664 ac
1208 4609 1287 4665 sic
1323 4611 1492 4682 gratia
1527 4613 1638 4682 jam
1673 4629 1779 4668 non
1818 4616 1921 4671 erit
1949 4617 2138 4687 gratia.
2175 4618 2232 4674 Si

645 4703 824 4748 autem
851 4697 1072 4764 malum,
1101 4715 1282 4768 quaero
1310 4701 1450 4770 quod
1476 4702 1544 4757 sit
1568 4722 1581 4758 :
1603 4717 1672 4758 an
1699 4703 1843 4773 quod
1867 4706 2012 4760 venit
2035 4707 2090 4762 in
2116 4722 2232 4762 car-

635 4775 769 4840 nem
789 4827 803 4852 ,
835 4802 940 4857 quo
970 4805 1077 4844 non
1105 4791 1364 4859 venisset,
1393 4791 1496 4847 nisi
1523 4793 1662 4864 apud
1691 4811 1849 4866 quem
1877 4812 1985 4852 non
2014 4807 2097 4854 est
2144 4799 2231 4854 in-

641 4879 853 4950 iquitas,
880 4881 995 4949 ipse
1008 4881 1276 4938 misisset?
1288 4883 1568 4956 Nunquam
1593 4887 1752 4958 igitur
1771 4889 1874 4944 nisi
1895 4905 1954 4946 se
1973 4891 2028 4945 in
2049 4892 2232 4964 pejora

639 4971 999 5042 prmeipitans,
1027 4972 1166 5030 hanc
1188 4991 1337 5032 suam
1359 4980 1676 5034 sententiam
1699 4979 1949 5038 molietur
1967 4993 2229 5054 astruere,

639 5077 744 5132 qua
769 5063 909 5119 dixit
934 5065 1080 5136 quod
1101 5067 1274 5122 anima
1305 5071 1497 5124 meruit
1518 5087 1636 5128 esse
1659 5075 1948 5142 peccatrix.
1971 5077 2038 5132 Et
2059 5077 2126 5133 de
2147 5079 2230 5135 bis

641 5155 856 5226 quidem
873 5160 1127 5230 parvulis,
1146 5176 1376 5231 quorum
1391 5163 1446 5218 in
1457 5163 1729 5235 Baptismo
1741 5167 1961 5224 diluitur
1973 5171 2231 5242 originale

638 5258 941 5318 peccatum,
971 5251 1173 5307 invenit
1199 5253 1657 5328 qualitercumque
1683 5261 1824 5330 quod
1848 5262 2071 5328 diceret,
2101 5280 2230 5334 quo-

637 5341 782 5396 niam
811 5344 1140 5412 pracscientia
1171 5347 1265 5402 Dei
1295 5349 1682 5418 prmdestinatis
1702 5354 1756 5409 in
1784 5355 1945 5410 vitam
1971 5366 2227 5412 aeternam

642 5433 776 5490 nihil
801 5435 991 5492 obesse
1015 5439 1296 5509 potuisset,
1325 5443 1596 5513 paulisper
1620 5446 1794 5502 alieno
1820 5447 2083 5504 inhaerere
2107 5465 2230 5520 pec-

638 5535 779 5582 cato.
814 5525 964 5596 Quod
997 5530 1342 5586 tolerabiliter
1379 5533 1674 5604 diceretur,
1707 5538 1752 5592 si
1779 5553 1886 5592 non
1919 5539 2020 5593 iste
2048 5540 2226 5596 verbis

639 5620 751 5675 suis
791 5621 1187 5692 implicaretur,
1219 5625 1402 5681 dicens
1439 5628 1578 5698 quod
1607 5631 1864 5686 meruerit
1903 5633 2078 5688 anima
2107 5649 2228 5689 esse

638 5715 943 5782 peccatrix;
975 5715 1118 5772 unde
1142 5732 1201 5773 se
1230 5718 1446 5775 omnino
1476 5736 1583 5776 non
1607 5721 1818 5792 liberat,
1847 5725 1948 5781 nisi
1976 5727 2078 5783 hoc
2101 5743 2226 5784 eum

635 5800 836 5862 dixisse
859 5811 1136 5877 pcenitcat.

754 5964 830 6012 llr.
868 5971 921 6016 et
940 5968 1072 6031 hom,
1419 5980 1613 6042 αωο,
1637 5973 1816 6031 illatus-

793 6077 806 6082 ..
813 6065 868 6086 α...-
879 6057 894 6078 “.
905 6056 1008 6086 Phr..-
1015 6077 1024 6082 .

1547 429 1636 487 DE
1672 425 1884 488 ANIMA
1928 426 2015 482 ET
2053 423 2216 482 EJUS
2258 415 2550 486 ORIGINE,
2577 421 2635 476 S.
2677 419 3042 480 AUGUSTINI

2421 557 2649 616 CAPUT
2677 559 2932 616 lX.—10.
2959 559 3036 615 De
3061 557 3167 614 illis
3188 569 3364 616 autem
3390 557 3630 630 parvulis
3653 559 3746 632 qui
3769 573 3938 620 morte

2349 651 2746 724 praeveniuntur
2771 652 3079 722 priusquam
3105 651 3446 722 baptizentur
3471 653 3530 707 in
3553 651 3793 724 Christo,
3819 671 3938 712 cum

2348 741 2677 812 respondere
2705 741 2991 808 voluisset,
3023 756 3184 798 ausus
3220 751 3304 798 est
3329 741 3408 798 eis
3445 744 3796 812 promittere,
3836 760 3940 804 nou

2350 833 2524 890 solum
2568 833 2896 906 paradisum,
2941 849 3126 890 verum
3165 834 3326 890 etiam
3366 849 3590 906 regnum
3625 837 3886 892 calorum
3922 857 3937 894 :

2350 943 2460 982 non
2487 926 2768 984 inveniens
2796 941 2902 998 qua
2930 927 3120 994 exiret,
3153 942 3222 983 ne
3253 927 3418 983 Deum
3448 927 3656 984 animas
3683 929 3941 986 innocen-

2351 1025 2434 1074 tes
2455 1017 2638 1074 dicere
2659 1027 2941 1088 cogeretur
2958 1028 3160 1074 aeterna
3183 1029 3356 1074 morte
3375 1017 3651 1088 damnare,
3675 1036 3811 1092 quas
3835 1022 3948 1078 nul-

2349 1109 2404 1166 lo
2423 1112 2616 1166 merito
2637 1111 2977 1182 praecedente
3001 1111 3224 1182 peccati,
3253 1112 3400 1168 carni
3427 1113 3612 1169 inserit
3634 1115 3941 1186 peccatrici.

2351 1199 2458 1258 Sed
2485 1210 2774 1273 utcumque
2799 1204 3036 1258 sentiens
3062 1201 3190 1273 quid
3219 1203 3346 1258 mali
3375 1203 3393 1234 ¹
3421 1203 3646 1271 dixerit,
3689 1206 3810 1260 sine
3841 1206 3942 1262 ulla

2350 1291 2549 1348 Christi
2577 1294 2744 1364 gratia
2773 1293 2979 1349 animas
3008 1294 3201 1350 redimi
3233 1295 3574 1366 parvulorum
3606 1297 3662 1352 in
3686 1308 3944 1355 aeternam

2351 1383 2514 1438 vitam
2543 1398 2876 1456 regnumque
2903 1375 3185 1454 ctelorurii,
3215 1395 3269 1442 et
3295 1385 3350 1440 in
3379 1385 3457 1440 eis
3485 1402 3644 1456 posse
3669 1388 3806 1444 solvi
3834 1390 3942 1446 ori-

2351 1475 2528 1548 ginale
2552 1487 2829 1546 peccatum
2865 1477 2982 1533 sine
3009 1477 3282 1548 Baptismo
3307 1477 3525 1546 Christi,
3555 1481 3608 1536 in
3637 1496 3743 1550 quo
3773 1479 3839 1536 fit
3863 1497 3944 1537 re-

2353 1568 2540 1624 missio
2569 1580 2909 1641 peccatorum
2937 1588 2950 1624 :
2978 1570 3166 1626 videns
3192 1587 3340 1644 ergo,
3373 1571 3421 1625 in
3449 1589 3612 1643 quam
3641 1589 3700 1629 se
3727 1573 3944 1644 profun-

2352 1659 2574 1718 ditatem
2601 1662 2904 1736 naufragosi
2931 1663 3154 1735 gurgitis
3176 1665 3398 1734 jecerit,
3437 1683 3456 1716 ‹
3485 1664 3647 1732 Sane,
3685 1685 3704 1719 ι
3741 1667 3942 1738 inquit,

2359 1770 2378 1804 ι
2413 1768 2513 1824 pro
2561 1754 2641 1810 eis
2685 1755 2982 1810 oblationes
3021 1753 3264 1810 assiduas
3286 1797 3302 1822 ,
3343 1764 3398 1810 et
3431 1752 3712 1813 efferenda
3749 1758 3946 1832 iugiter

2351 1851 2658 1901 sanctorum
2685 1860 2881 1903 censeo
2907 1845 3168 1902 sacrificia
3199 1845 3554 1902 sacerdotum.
3589 1870 3606 1900 ι
3635 1849 3776 1906 Ecce
3803 1851 3944 1908 aliud

2352 1937 2495 1994 unde
2523 1953 2791 2008 nunquam
2821 1939 3062 1994 exiturus
3090 1949 3200 2006 est,
3247 1939 3350 1994 nisi
3378 1954 3500 1994 eum
3532 1941 3736 1998 dixisse
3765 1945 3942 2013 paeni-

2353 2037 2482 2085 teat.
2513 2030 2640 2098 Quis
2670 2031 2810 2085 enim
2853 2029 3042 2086 offerat
3072 2046 3265 2101 corpus
3306 2031 3546 2100 Christi,
3587 2035 3687 2090 nisi
3729 2053 3834 2107 pro
3871 2039 3946 2094 eis

2352 2123 2442 2192 qui
2471 2123 2709 2178 membra
2739 2135 2862 2178 sunt
2891 2123 3134 2180 Christi?
3162 2125 3238 2180 Ex
3269 2141 3375 2198 quo
3419 2135 3596 2183 autem
3627 2130 3695 2186 ab
3737 2131 3838 2187 illo
3871 2133 3948 2189 di-

2351 2223 2495 2270 ctum
2521 2228 2624 2282 eSt,
2669 2215 2785 2271 Nisi
2808 2217 2918 2288 quis
2941 2227 3158 2273 renatus’
3171 2221 3324 2291 fuerit
3351 2238 3414 2276 ea:
3433 2237 3563 2293 aqua
3587 2235 3636 2277 et
3664 2223 3873 2295 Spiritu
3901 2227 3944 2296 ⁸,

2353 2323 2454 2362 non
2479 2317 2640 2378 potest
2664 2309 2856 2364 intrare
2892 2310 2946 2364 in
2975 2327 3183 2382 regnum
3209 2309 3303 2366 Dei
3319 2311 3500 2383 (Joan.
3530 2331 3608 2380 ιιι,
3631 2315 3686 2387 5)
3709 2334 3724 2381 ;
3757 2327 3820 2373 et
3847 2319 3945 2375 alio

2352 2397 2490 2468 loco,
2523 2399 2623 2463 Qui
2648 2400 2924 2470 perdiderit
2943 2402 3164 2478 animum
3199 2420 3346 2457 suam
3383 2415 3589 2474 propter
3608 2424 3705 2472 me,
3727 2409 3946 2466 invem'et

2325 2481 2462 2546 eam
2501 2491 2713 2561 (Matth.
2744 2510 2798 2559 x,
2827 2493 2921 2563 39)
2949 2512 2962 2548 :
2989 2509 3146 2549 nemo
3179 2494 3238 2548 fit
3264 2496 3560 2552 membrum
3586 2498 3818 2562 Christi,
3851 2501 3946 2557 nisi

2352 2593 2446 2638 aut
2475 2583 2793 2654 Baptismate
2820 2585 2872 2640 in
2911 2582 3253 2652 Christo,aut
3281 2596 3453 2644 morte
3481 2603 3574 2658 pro
3597 2587 3844 2648 Christo.

2423 2675 2508 2728 11.
2554 2674 2707 2731 Unde
2743 2685 2799 2732 et
2837 2676 2972 2732 latro
3019 2677 3130 2746 ille,
3159 2693 3263 2734 non
3307 2687 3434 2734 ante
3475 2695 3692 2736 crucem
3733 2683 3946 2740 Domini

2349 2767 2626 2832 scctator’,
2650 2767 2746 2824 sed
2769 2767 2820 2823 in
2838 2784 2997 2824 cruce
3012 2767 3308 2838 confessor,
3341 2771 3409 2828 de
3441 2788 3548 2843 quo
3563 2789 3944 2847 nonnunquam

2349 2857 2713 2927 pra-judicium
2741 2869 3002 2930 captatur,
3026 2863 3138 2918 sive
3161 2872 3412 2932 tentatur,
3431 2874 3622 2922 contra
3647 2867 3946 2938 Baptisma-

2351 2949 2416 3003 tis
2463 2961 2876 3021 sacramentum,
2915 2969 2948 3008 a
2984 2953 3250 3027 Cypriano
3288 2968 3476 3014 sancto
3517 2959 3659 3015 inter
3681 2973 3944 3034 martyres

2347 3051 2686 3110 computatur
2710 3043 3044 3116 (Cyprianus,
3077 3047 3246 3119 Epist.
3267 3049 3337 3103 ad
3353 3048 3389 3102 .1
3393 3049 3714 3124 ubaianum),
3735 3055 3831 3124 qui
3851 3070 3943 3110 suo

2347 3133 2605 3203 sanguine
2640 3135 3004 3208 baptizantur,
3046 3139 3188 3210 quod
3216 3140 3485 3213 plerisque
3517 3159 3624 3200 non
3663 3144 3942 3217 baptizatis

2346 3221 2587 3282 fervente
2631 3231 3001 3298 persecutione
3055 3234 3300 3304 provenit
3331 3233 3467 3307 (a).
3496 3236 3668 3294 Tanto
3712 3255 3942 3311 namque

2345 3317 2582 3387 pondere
2610 3334 2903 3390 appensum
2929 3331 3032 3388 est,
3075 3332 3386 3398 tantumque
3425 3327 3594 3384 valuit
3635 3333 3780 3401 apud
3826 3349 3942 3389 eum

2344 3409 2436 3480 qui
2465 3407 2581 3466 haec
2606 3412 2752 3466 novit
2787 3415 3114 3485 appendere,
3145 3417 3288 3488 quod
3330 3418 3608 3478 confessus
3633 3431 3720 3478 est
3755 3423 3942 3482 Domi-

2345 3516 2472 3556 num
2500 3503 2831 3574 crucifixum,
2860 3515 3116 3576 quantum
3145 3509 3191 3564 si
3223 3509 3410 3566 fuisset
3429 3526 3527 3582 pro
3569 3513 3806 3572 Domino
3823 3533 3942 3572 cru-

2344 3592 2553 3651 cifixus.
2586 3595 2736 3652 Tunc
2759 3597 2902 3653 enim
2933 3598 3065 3656 fides
3092 3601 3209 3672 ejus
3236 3601 3304 3658 de
3331 3603 3474 3676 ligno
3504 3605 3702 3676 ﬂoruit,
3729 3610 3944 3680 quando

2343 3687 2723 3760 discipulorum
2743 3694 2969 3750 marcuit
2988 3713 3003 3764 ;
3023 3695 3160 3752 nisi"
3186 3697 3338 3770 cujus
3367 3701 3558 3756 mortis
3573 3711 3794 3764 terrore
3811 3721 3948 3762 mar-

2343 3792 2546 3852 cuerat,
2566 3784 2681 3854 ejus
2701 3788 3092 3844 resurrectione
3111 3790 3480 3850 reviresceret.
3501 3791 3584 3849 Illi
3601 3795 3744 3852 enim
3757 3797 3946 3868 despe-

2341 3881 2595 3929 raverunt
2612 3874 2677 3929 de
2693 3877 2976 3944 moriente,
2997 3879 3084 3936 ille
3100 3884 3338 3951 speravit
3349 3884 3402 3938 in
3420 3887 3820 3946 commoriente
3836 3909 3850 3944 :
3866 3906 3948 3946 rc-

2343 3963 2591 4038 fugcrunt
2631 3967 2703 4022 illi
2750 3980 3023 4027 auctorem
3061 3974 3220 4042 vitae;
3264 3977 3469 4048 rogavit
3507 3978 3596 4034 ille
3631 3991 3944 4038 consortem

2343 4072 2514 4127 pinnae
2535 4077 2546 4112 :
2563 4061 2847 4118 doluerunt
2860 4064 2936 4119 illi
2949 4075 3198 4137 tanquam
3211 4069 3440 4128 hominis
3451 4081 3704 4140 mortem,
3715 4075 3951 4132 credidit

2341 4151 2431 4207 ille
2443 4163 2784 4224 regnaturum
2803 4172 2920 4214 esse
2933 4168 3053 4230 post
3063 4170 3290 4218 mortem
3305 4179 3320 4216 :
3335 4162 3686 4222 deseruerunt
3699 4167 3783 4223 illi
3795 4183 3951 4238 spon-

2341 4259 2516 4300 sorem
2538 4247 2744 4316 salutis,
2767 4247 3047 4307 honoravit
3067 4252 3157 4308 ille
3183 4253 3386 4312 socium
3407 4256 3600 4312 crucis.
3615 4257 3844 4316 Inventa
3865 4269 3947 4316 est

2341 4337 2393 4391 in
2413 4353 2478 4392 eo
2496 4353 2746 4395 mensura
2772 4344 3043 4415 martyris,
3067 4347 3156 4415 qui
3175 4355 3300 4402 tunc
3325 4348 3380 4404 in
3401 4347 3674 4406 Christum
3691 4352 3945 4419 credidit,

2340 4428 2552 4498 quando
2592 4429 2904 4488 defecerunt
2937 4435 3028 4505 qui
3055 4435 3212 4492 futuri
3243 4447 3396 4496 erant
3423 4449 3712 4512 martyres.
3747 4442 3820 4497 Et
3847 4442 3951 4499 hoc

2339 4521 2553 4590 quidem
2583 4525 2756 4605 oculis;
2775 4525 2984 4582 Domini
3015 4529 3215 4584 clarum
3247 4529 3360 4598 fuit,
3399 4533 3490 4603 qui
3517 4547 3623 4588 non
3645 4533 3946 4605 baptizata,

2339 4619 2594 4682 tanquam
2621 4603 2860 4686 martyrii
2881 4618 3140 4692 sanguine
3166 4620 3366 4690 abluto,
3397 4631 3598 4678 tantam
3627 4603 3948 4682 felicitatem

2337 4705 2518 4759 statim
2540 4707 2926 4782 contulit(Lue.
2946 4725 3101 4777 χχιιι,
3119 4713 3231 4784 45).
3253 4712 3358 4770 Sed
3377 4715 3536 4770 etiam
3555 4727 3804 4774 nostrum
3825 4719 3948 4788 quis

2338 4813 2445 4852 non
2467 4799 2790 4868 consideret,
2827 4812 3020 4872 quanta
3039 4803 3162 4872 fide,
3185 4815 3378 4878 quanta
3409 4824 3526 4879 spe,
3543 4819 3744 4880 quanta
3759 4811 3946 4868 chari-

2337 4895 2446 4943 tate
2472 4901 2700 4946 mortem
2727 4907 2824 4962 pro
2845 4893 3060 4952 Christo
3083 4897 3293 4952 vivente
3317 4899 3589 4970 suscipere
3619 4903 3820 4972 potuit,
3853 4905 3949 4974 qui

2337 4977 2496 5034 vitam
2526 4981 2576 5034 in
2609 4983 2871 5039 moriente
2895 4987 3157 5054 quaesivit.
3178 4988 3291 5044 lluc
3319 4991 3541 5058 accedit,
3573 4993 3696 5063 quia
3727 5010 3840 5050 non
3865 4994 3950 5050 in-

2335 5071 2662 5128 credibiliter
2687 5072 2909 5145 dicitur,
2945 5077 3202 5136 latronem
3241 5082 3330 5154 qui
3361 5091 3484 5139 tunc
3511 5085 3762 5156 credidit,
3789 5088 3948 5157 juxta

2337 5161 2620 5218 Dominum
2642 5166 2979 5236 crucifixum,
2999 5183 3134 5240 aqua
3157 5171 3244 5228 illa
3273 5189 3393 5244 quae
3408 5174 3477 5230 de
3501 5177 3720 5232 vulnere
3747 5177 3948 5236 lateris

2336 5252 2450 5322 ejus
2493 5255 2730 5324 emicuit,
2774 5267 3024 5330 tanquam
3064 5263 3428 5321 saeratissimo
3459 5265 3728 5338 baptismo
3771 5269 3952 5328 fuisse

2335 5343 2632 5414 perfusum.
2661 5349 2732 5404 Ut
2767 5351 3006 5408 omittam
3033 5355 3178 5426 quod
3215 5373 3360 5426 eum,
3385 5369 3672 5432 antequam
3703 5362 3948 5420 damna-

2335 5445 2504 5507 retur,
2523 5439 2846 5510 baptizatum
2873 5460 2978 5502 non
3005 5445 3192 5518 fuisse,
3217 5451 3465 5521 quoniam
3493 5469 3654 5512 nemo
3681 5465 3950 5518 nostrum
4015 5455 4019 5458 ’

2402 5617 2418 5682 ξ
2454 5613 2622 5682 Plures
2643 5625 2773 5680 Mss.,
2799 5621 2928 5682 quod
2944 5621 3089 5674 male.

2398 5678 2590 5758 :Eﬂm»
2611 5693 2678 5730 επ
2699 5678 2828 5745 αῖαά
2847 5689 2895 5735 ετ
2916 5685 3097 5749 Spiritu
3112 5695 3290 5741 πωπω.
3328 5691 3494 5757 Abest,
3510 5697 3692 5758 semoto,
3713 5707 3748 5746 a
3766 5707 3954 5747 mann-

2333 5747 2700 5878 saéuggstimnus
2723 5811 2827 5866 Ms.,
2850 5817 3054 5861 secutor.

2395 5863 2417 5932 ξ
2451 5863 2580 5932 idem
2607 5863 2856 5932 viaticanus
2879 5879 2981 5932 Ms.,
3005 5880 3072 5924 ut.

2396 5924 2469 6008 (ἐξ
2493 5926 2609 6008 Viae
2633 5925 2852 6008 libuerit?
2872 5924 3006 6008 ῥιψὶ.
3030 5943 3196 6008 contra
3212 5945 3397 6008 Donat,
3421 5953 3472 5993 n.
3493 5940 3572 6008 29,
3609 5949 3661 5998 et
3685 5943 3742 5996 in
3776 5946 3954 6002 L67".

2335 5987 2502 6054 ‘1-8‘:
2545 5987 2629 6044 ω)-
2655 5991 2686 6042 2
2721 5987 2948 6058 “eum;
2969 6009 3024 6054 cc
3066 5997 3128 6051 ιθ
3151 5987 3397 6056 ειδδζ““”
3421 5987 3572 6008 “’””
3612 5987 3661 5998 "
3685 5987 3742 5996 "
3776 5987 3946 6033 "““.
