3938 6524
98 409 178 470 m
1459 399 1660 456 LIBER
1699 399 1969 460 PRIMUS.

97 527 234 588 novit,
264 536 425 580 nemo
465 522 768 580 convincit.
803 520 996 578 Verum
1022 519 1137 575 haec
1173 525 1234 575 ut
1255 517 1399 573 volet
1441 517 1664 589 quisque

95 619 308 689 accipiat,
335 616 469 670 dum
520 625 707 670 tamen
732 615 802 671 de
834 613 1104 685 Baptismo
1136 626 1241 667 non
1285 611 1662 682 prmscribatur

95 709 355 770 Salvatoris
399 716 704 779 praecepto,
735 707 890 777 hujus
927 705 1148 760 latronis
1177 703 1441 773 exemplo;
1465 710 1518 759 et
1555 716 1664 758 non

97 800 347 874 baptizatis
373 799 616 870 parvulis
641 815 800 856 nemo
821 798 1090 870 promittat
1114 797 1252 852 inter
1266 795 1662 852 damnationem

98 905 398 965 regnumque
431 890 723 955 caelorum,
751 890 949 959 quietis
979 886 1066 942 vel
1090 885 1357 942 felicitatis
1385 884 1667 954 cujuslibet

98 996 225 1055 atque
275 981 508 1038 ubilibet
546 981 700 1052 quasi
744 979 975 1036 medium
1012 979 1208 1034 locum.
1255 977 1365 1032 Hoc
1405 977 1546 1032 enim
1587 976 1666 1031 eis

95 1081 226 1135 etiam
268 1074 499 1130 haeresis
526 1073 812 1144 Pelagiana
848 1071 1132 1144 promisit:
1158 1070 1279 1141 quia
1319 1085 1417 1126 nec
1439 1069 1665 1124 damna-

96 1174 270 1227 tionem
316 1167 520 1223 metuit
567 1166 824 1238 parvulis.
859 1180 994 1236 quos
1039 1165 1239 1219 nullum
1279 1171 1430 1234 putat
1466 1161 1664 1218 habere

90 1259 320 1332 originale
346 1268 656 1329 peccatum;
689 1273 788 1312 nec
818 1266 998 1327 sperat
1023 1257 1100 1311 eis
1134 1271 1355 1326 regnum
1382 1255 1660 1321 caelorum,

88 1356 122 1411 ti
152 1368 250 1407 non
291 1351 628 1423 perveniunt
646 1350 713 1404 ad
747 1349 1084 1420 Baptismatis
1117 1357 1528 1403 sacramentum.
1560 1347 1665 1403 Isle

88 1456 241 1500 autem
287 1458 420 1498 cum
460 1442 782 1498 conﬁteatur
814 1441 1062 1512 parvulos
1103 1439 1342 1511 originali
1380 1439 1664 1495 obstrictos

87 1552 184 1594 esse
225 1543 478 1605 peccato,
502 1534 584 1589 eis
607 1533 769 1589 etiam
803 1547 1024 1602 regnum
1061 1531 1318 1586 caelorum
1359 1544 1466 1586 non
1495 1531 1665 1602 bapti-

88 1629 193 1685 tatis
216 1642 386 1682 ausus
403 1634 489 1681 est
501 1625 740 1696 polliceri
766 1623 932 1694 :‘quod
949 1637 1047 1678 nec
1061 1621 1136 1677 illi
1153 1621 1267 1676 ausi
1291 1625 1435 1688 Sunt,
1463 1622 1552 1692 qui
1569 1637 1663 1678 eos

85 1709 306 1776 asserunt
325 1719 452 1773 sine
477 1717 588 1772 ullo
609 1730 831 1788 prorsus
853 1730 971 1770 esse
998 1721 1236 1784 peccato.
1259 1713 1396 1769 Ecce
1419 1713 1663 1786 qualibus

85 1829 128 1868 te
163 1810 373 1882 laqueis
435 1808 870 1880 praesumptionis
916 1807 1180 1872 innectat,
1227 1807 1326 1861 uisi
1369 1820 1492 1862 eum
1536 1805 1661 1862 talia

85 1906 337 1973 scripsisse
366 1904 670 1974 paeniteat.

135 1994 354 2050 CAPUT
397 1993 473 2049 Χ.
502 2024 577 2034 -
602 1993 690 2049 12.
734 1992 806 2047 De
832 1991 996 2047 fratre
1022 2000 1199 2044 autem
1227 1997 1424 2044 sanetae
1451 1989 1652 2058 Perpe-

87 2099 170 2143 tua:
193 2087 510 2152 Dinocrate,
554 2099 657 2140 nec
682 2085 941 2154 scriptura
986 2082 1097 2152 ipsa
1125 2081 1380 2136 canonica
1421 2089 1523 2148 est,
1561 2095 1659 2135 nec

84 2180 153 2234 illa
173 2177 247 2231 sic
269 2176 519 2245 scripsit,
548 2175 637 2230 vel
658 2174 974 2245 quicumque
1002 2171 1131 2226 illud
1160 2170 1392 2241 scripsit,
1422 2180 1480 2225 ut
1508 2170 1658 2225 illum

82 2283 281 2338 puerum
311 2267 411 2338 qui
449 2266 729 2339 septennis
762 2275 1000 2320 mortuus
1031 2262 1223 2330 fuerat,
1252 2265 1368 2319 sine
1389 2262 1659 2332 Baptismo

81 2361 260 2415 diceret
300 2358 477 2415 fuisse
523 2357 834 2413 defunctum
870 2374 884 2410 :
917 2371 1014 2428 pro
1053 2370 1160 2417 quo
1212 2355 1300 2410 illa
1348 2353 1660 2410 imminente

79 2454 322 2527 martyrio
351 2452 603 2508 creditur
625 2450 894 2515 exaudita,
925 2457 984 2505 ut
1011 2464 1042 2504 a
1078 2448 1250 2519 poenis
1282 2447 1659 2503 transferretur

78 2549 131 2602 ad
164 2545 432 2617 requiem.
482 2543 617 2599 Nam
657 2543 800 2597 illius
831 2540 1000 2597 aetatis
1025 2539 1195 2612 pueri,
1238 2547 1293 2594 et
1325 2539 1561 2605 mentiri,
1605 2545 1657 2593 et

75 2653 242 2692 verum
275 2635 452 2706 loqui,
483 2642 542 2690 et
572 2633 836 2696 conﬁteri,
873 2640 927 2687 et
966 2646 1160 2701 negare
1185 2630 1292 2699 jam
1320 2639 1559 2700 possunt.
1590 2627 1658 2684 Et

77 2730 185 2785 ideo
212 2745 338 2785 cum
365 2729 727 2797 baptizantur,
759 2726 870 2796 jam
896 2732 949 2780 et
988 2723 1285 2794 symbolum
1326 2722 1574 2788 reddunt,
1604 2731 1658 2777 et

70 2823 160 2892 ipsi
182 2835 286 2890 pro
312 2835 372 2874 se
393 2819 464 2873 ad
492 2820 818 2886 interrogata
843 2814 1186 2886 respondent.
1227 2814 1357 2882 Quis
1381 2814 1538 2884 igitur
1559 2814 1657 2868 scit

70 2925 243 2970 utrum
273 2930 409 2985 puer
453 2913 543 2968 ille
568 2920 688 2982 post
733 2911 1080 2979 Baptismum,
1111 2907 1496 2978 persecutionis
1524 2915 1657 2960 tem—

65 3019 204 3073 pore
233 3019 270 3058 a
295 3010 454 3073 patre
470 3002 627 3070 impio
655 3015 750 3070 per
779 2997 1128 3053 idololatriam
1156 2992 1315 3050 fuerit
1337 2995 1599 3049 alienatus
1625 3010 1656 3049 a

65 3094 320 3158 Christo,
368 3102 580 3163 propter
601 3090 736 3162 quod
768 3090 820 3144 in
852 3083 1245 3143 damnationem
1286 3087 1472 3141 mortis
1513 3085 1654 3152 ierit,

67 3201 157 3241 nec
195 3183 338 3239 inde
368 3185 478 3238 nisi
500 3198 593 3253 pro
620 3181 833 3238 Christo
873 3181 1145 3236 moriturae
1181 3180 1383 3234 sororis
1409 3176 1657 3250 precibus

67 3276 290 3331 donatus
313 3274 546 3330 exierit?

130 3365 364 3422 CAPUT
404 3365 498 3420 XI.
526 3366 704 3420 —-IS.
744 3365 850 3420 Sed
883 3364 1089 3418 etiamsi
1130 3362 1231 3418 hoc
1275 3361 1361 3417 isti
1397 3360 1658 3417 conceda-

69 3473 159 3525 tur,
179 3457 330 3529 quod
363 3457 516 3512 salva
546 3457 650 3511 ﬁde
685 3455 944 3511 catholica
977 3465 1032 3510 et
1055 3454 1419 3510 ecclesiastica
1451 3453 1654 3529 regula,

68 3527 444 3604 nulla—ratione
477 3546 813 3611 conceditur,
837 3556 894 3600 ut
923 3559 1018 3614 pro
1038 3559 1144 3598 non
1173 3543 1454 3613 baptizatis
1485 3527 1656 3612 cujus-

65 3641 181 3695 libet
222 3640 412 3694 aetatis
439 3639 750 3693 hominibus
780 3636 1032 3692 oﬂeratur
1059 3635 1375 3691 sacriﬁcium
1417 3635 1657 3704 corporis

68 3742 112 3786 et
128 3731 410 3802 sanguinis
439 3730 668 3795 Christi,
698 3739 944 3800 tanquam
966 3744 1062 3798 per
1080 3727 1378 3798 huiusmodi
1407 3735 1654 3799 pietatem

67 3840 267 3878 suorum
295 3823 374 3878 ad
395 3838 628 3894 regnum
652 3822 911 3878 calorum
937 3836 1044 3892 quo
1069 3830 1378 3891 perveniant
1403 3820 1658 3890 adjuven-

68 3926 156 3980 tur,
191 3915 330 3987 quid
379 3929 748 3984 responsurus
787 3921 870 3968 est
897 3912 965 3967 de
995 3920 1073 3966 tot
1109 3910 1354 3966 millibus
1375 3910 1654 3975 infantum,

67 4013 139 4080 qui
166 4019 484 4065 nascuntur
511 4024 580 4064 ex
613 4008 807 4078 impiis,
835 4021 935 4062 nec
960 4007 1012 4061 in
1036 4019 1225 4060 manus
1255 4006 1458 4069 piorum
1484 4003 1658 4075 aiiqua

67 4106 131 4159 vel
153 4105 350 4160 divina
385 4104 476 4160 vel
510 4104 742 4157 humana
780 4101 1121 4156 miseratione
1144 4098 1477 4168 perveniunt,
1511 4105 1564 4152 et
1591 4096 1658 4152 de

69 4199 146 4251 ista
176 4197 287 4250 vita
317 4196 386 4250 in
418 4193 516 4249 illa
543 4192 830 4249 tenerrima
857 4200 1033 4256 aetate,
1063 4191 1178 4246 sine
1196 4189 1409 4243 lavacro
1438 4203 1660 4258 regene-

67 4290 265 4342 ntionis
289 4283 652 4341 abscedunt?
681 4283 851 4350 Dicat,
877 4282 922 4336 si
943 4289 1137 4351 potest,
1167 4279 1308 4335 unde
1331 4281 1446 4334 ista:
1467 4279 1660 4333 anima:

63 4380 122 4433 sic
145 4377 501 4447 peccatrices
532 4375 650 4430 ﬁeri
694 4380 1024 4440 meruerunt,
1065 4381 1121 4426 ut
1155 4387 1183 4425 a
1211 4381 1430 4441 peccato
1470 4370 1657 4424 saltem

64 4485 142 4523 lrt
165 4482 364 4540 postea
411 4469 732 4523 liberentur.
780 4464 835 4521 Si
882 4465 1026 4520 enim
1069 4479 1326 4533 qureram,
1357 4476 1523 4532 quare
1562 4460 1658 4514 da—

61 4563 209 4617 mnari
239 4569 603 4625 mereantur,
628 4559 676 4614 si
703 4573 810 4613 non
851 4557 1219 4628 baptizantur;
1253 4564 1396 4610 recte
1421 4552 1550 4607 mihi
1577 4568 1662 4608 re-

66 4655 371 4721 spondetur,
408 4661 636 4722 propter
668 4649 924 4720 originale
946 4655 1241 4719 peccatum.
1277 4645 1405 4700 Item
1446 4645 1491 4698 si
1517 4659 1662 4714 quaa-

65 4761 176 4811 πίω,
205 4746 369 4801 unde
398 4743 669 4798 traxerint
697 4740 952 4810 originale
972 4747 1280 4808 peccatum;
1309 4737 1412 4790 iste
1438 4750 1663 4806 respon-

71 4837 203 4902 tirbit,
245 4853 317 4894 ex
362 4850 544 4889 carne
581 4833 768 4902 utique
807 4829 1118 4900 peccatrice.
1155 4829 1209 4883 Si
1241 4842 1368 4897 ergo
1401 4841 1658 4895 qureram,

73 4931 182 4985 aede
207 4931 477 4985 damnari
507 4924 811 4981 meruerint
833 4923 882 4976 in
905 4921 1253 4993 peccatricem
1276 4934 1514 4984 carnem,
1544 4934 1662 4983 qua:

70 5023 173 5075 Bshll
211 5024 351 5076 mali
386 5019 640 5074 fecerant
688 5024 814 5071 ante
853 5029 1100 5080 carnem;
1139 5013 1222 5066 bic
1263 5011 1496 5068 inveniat
1535 5011 1662 5080 quid

67 5115 384 5184 respondeat
406 5114 457 5175 ¹;
515 5121 574 5167 et
612 5110 694 5165 sic
719 5109 960 5164 damnari
989 5107 1055 5162 ad
1083 5106 1372 5161 alienorum
1416 5115 1663 5173 peccato-

63 5220 161 5259 tam
195 5204 497 5260 subeunda
534 5201 807 5273 contagia,
855 5209 917 5256 ut
953 5215 1052 5254 nec
1082 5197 1346 5267 Baptisma
1387 5202 1664 5265 regeneret

67 5297 182 5350 male
205 5307 540 5367 generatos,
590 5309 693 5349 nec
717 5293 969 5348 samilicia
998 5290 1215 5360 expiem
1240 5287 1558 5356 inquinatos.
1589 5283 1663 5338 Ibi

65 5390 187 5442 enim
214 5399 273 5444 et
321 5388 404 5442 de
435 5386 638 5441 talibus
683 5383 738 5438 hi
767 5383 974 5454 parvuli
1011 5381 1120 5436 nati
1166 5383 1312 5442 sunt,
1352 5379 1463 5431 sive
1492 5375 1666 5429 adhuc

71 5497 216 5554 Eque
257 5489 603 5544 nascuntur,
654 5485 713 5532 ut
760 5477 841 5531 eis
888 5474 1030 5528 nullo
1073 5472 1162 5546 tali
1192 5470 1362 5540 possit
1403 5467 1667 5536 adjutorio

72 5578 358 5632 sehveniri.
402 5574 504 5630 Hic
546 5583 690 5626 Certe
715 5569 892 5624 omnis
916 5567 1302 5638 argumentatio
1324 5563 1520 5618 deficit.
1550 5562 1664 5616 Non

74 5670 191 5724 enim
209 5667 558 5740 querimus,
585 5661 726 5717 unde
753 5661 946 5714 anima:
973 5657 1209 5712 damnari
1239 5655 1528 5710 meruerint
1550 5662 1670 5723 post

125 5783 138 5812 ¹
173 5781 357 5830 ιξιὼκε
385 5776 582 5832 verba,
625 5769 700 5823 hic
724 5767 929 5822 ὶπυεηὶαι
952 5767 1069 5832 quid
1081 5767 1394 5832 respondeat,
1430 5763 1673 5832 nonnullis

75 5840 114 5888 ι
551 5826 834 5897 impunita
877 5826 988 5882 sunt
1022 5829 1144 5880 infra
1174 5826 1327 5892 post,
1365 5827 1557 5890 expiem
1597 5826 1672 5876 in-

1780 519 1954 575 carnis
1994 522 2319 580 consortium
2361 528 2669 595 peccatricis
2697 547 2709 585 :
2737 531 2831 587 sed
2860 535 3169 605 quaerimus,
3207 539 3352 596 unde

1774 609 1964 665 animae
1989 610 2229 668 damnari
2250 618 2540 672 meruerint
2566 618 2632 674 ad
2660 620 2987 680 subeundum
3014 628 3190 682 carnis
3209 643 3342 684 cou-

1774 702 1994 758 sortium
2021 707 2352 774 peccatricis,
2386 710 2584 766 nullum
2625 722 2899 783 peccatum
2927 717 3184 776 habentes
3221 730 3348 780 ante

1773 795 1949 849 carnis
1980 799 2303 854 consortium
2357 803 2682 871 peccatricis.
2726 805 2843 862 Non
2888 821 2970 865 est
3011 819 3071 866 ut
3116 813 3343 882 dicatur,

1778 904 1798 938 ι
1825 887 1964 944 Nihil
1986 889 2064 946 eis
2081 891 2254 948 obfuit
2271 893 2432 949 alieni
2450 898 2650 964 peccati
2674 899 2938 970 paulisper
2958 907 3347 963 communicata

1770 981 2036 1052 contagio,
2064 982 2257 1053 quibus
2280 984 2332 1040 in
2362 986 2456 1041 Dei
2479 989 2816 1057 prwscientia
2841 990 3014 1050 fuerat
3037 1007 3219 1065 parata
3257 1015 3349 1055 re-

1771 1069 2026 1142 demptio.
2058 1093 2077 1126 ι
2113 1075 2188 1130 De
2229 1077 2312 1132 his
2347 1079 2492 1134 enim
2527 1096 2668 1136 nunc
2691 1082 2974 1154 loquimur,
3003 1089 3196 1158 quibus
3224 1100 3347 1149 ante

1769 1161 2096 1234 Baptismum
2125 1167 2192 1224 de
2232 1183 2458 1241 corpore
2504 1174 2820 1230 exeuntibus
2858 1177 3158 1248 redemptio
3202 1183 3347 1239 nulla

1770 1256 2053 1312 succurrit.
2096 1257 2212 1314 Non
2250 1268 2333 1315 est
2375 1269 2432 1316 ut
2469 1261 2692 1330 dicatur,
2744 1283 2762 1316 ‹
2793 1266 2896 1321 Eas
2922 1283 3054 1338 quas
3079 1269 3346 1340 Baptisma

1771 1360 1878 1400 non
1921 1347 2106 1413 abluit,
2164 1350 2418 1407 sacriﬁcia
2460 1368 2558 1424 pro
2612 1355 2691 1409 eis
2742 1357 2927 1412 crebra
2978 1359 3342 1428 mundabunt;

1766 1436 1907 1506 quod
1950 1441 2234 1508 praesciens
2278 1443 2436 1508 Deus,
2483 1446 2752 1514 paululum
2801 1448 2915 1503 illas
2959 1451 3125 1507 voluit
3157 1453 3345 1509 alienis

1767 1527 1971 1586 haerere
1997 1535 2248 1602 peccatis,
2273 1535 2389 1590 sine
2417 1537 2522 1591 ullo
2543 1538 2704 1593 exitio
2727 1539 3079 1599 damnationis
3107 1552 3339 1612 aeternae,

1765 1628 1954 1676 etcum
1980 1637 2076 1693 spe
2110 1623 2374 1680 felicitatis
2398 1635 2632 1683 aeternae.
2663 1647 2684 1682 ι
2715 1629 2792 1687 De
2817 1631 2900 1686 his
2923 1633 3067 1689 enim
3089 1650 3232 1691 nunc
3258 1635 3343 1690 lo-

1766 1713 1995 1784 quimur,
2033 1730 2252 1785 quarum
2281 1718 2528 1774 nativitas
2568 1720 2707 1790 apud
2744 1722 2935 1792 impios
2973 1733 3027 1780 et
3067 1739 3132 1780 ex
3160 1726 3342 1796 impiis

1765 1804 1903 1859 nulla
1936 1805 2056 1860 talia
2087 1808 2318 1877 potuerit
2343 1809 2580 1866 invenire
2609 1814 2874 1883 priesidia.
2899 1816 3027 1884 Quae
3047 1817 3260 1887 quidem
3289 1820 3337 1874 si

1763 1896 2000 1953 adhiberi
2040 1908 2277 1968 possent,
2309 1903 2496 1972 procul
2520 1902 2682 1958 dubio
2710 1921 2814 1960 non
2859 1907 3136 1977 baptizatis
3174 1909 3339 1980 prod-

1762 2001 1882 2043 esse
1924 2004 2028 2044 uon
2070 2001 2322 2060 possent:
2353 1993 2491 2047 sicut
2520 2011 2618 2050 nec
2657 1996 2746 2052 illa
2789 2013 2908 2068 qua:
2948 1998 3016 2054 de
3057 2000 3193 2055 libro
3221 2001 3334 2056 Ma-

1761 2077 2098 2134 cbabzeorum
2119 2086 2554 2139 commemoravit
2579 2088 2833 2142 sacriﬁcia
2858 2103 2954 2158 pro
2971 2091 3336 2159 peccatoribus

1763 2173 1985 2227 mortuis
2011 2172 2079 2244 (ll
2105 2173 2340 2229 Machab.
2373 2192 2468 2245 xu,
2485 2178 2598 2250 45),
2625 2180 2703 2234 eis
2717 2179 2913 2252 aliquid
2932 2182 3271 2252 profuissent,
3289 2185 3335 2241 si

1759 2261 2061 2319 circumcisi
2086 2280 2190 2320 non
2215 2265 2456 2322 fuissent.

1833 2353 1920 2409 14.
1961 2353 2197 2410 Inveniat
2224 2371 2372 2428 ergo,
2419 2362 2464 2413 si
2507 2365 2701 2428 potest,
2741 2360 2842 2416 iste
2870 2360 2997 2432 quid
3023 2363 3184 2433 dicat,
3212 2379 3337 2421 cum

1759 2443 1826 2498 ab
1853 2444 1941 2498 illo
1961 2456 2236 2515 quaeritur,
2270 2447 2395 2518 quid
2424 2450 2681 2506 meruerit
2708 2451 2906 2519 anima,
2933 2453 3050 2509 sine
3078 2455 3186 2511 ullo
3212 2471 3338 2526 pec-

1759 2546 1899 2603 cato,
1938 2538 2021 2592 vel
2063 2540 2324 2610 originali,
2367 2541 2452 2595 vel
2493 2545 2729 2612 proprio,
2774 2543 2851 2598 sic
2894 2543 2960 2598 ad
3003 2546 3336 2602 subeundum

1758 2628 1986 2684 alienum
2017 2640 2290 2699 peccatum
2319 2631 2574 2702 originale
2613 2633 2876 2699 damnari,
2923 2641 3114 2689 utnon
3150 2637 3217 2691 ab
3244 2638 3337 2692 illo

1758 2723 1932 2774 valeat
1953 2721 2163 2775 liberari
2195 2739 2208 2776 :
2238 2731 2292 2777 et
2317 2723 2493 2777 videat
2517 2722 2644 2792 quid
2672 2724 2832 2795 eligat
2857 2724 3130 2793 eduobus,
3161 2737 3337 2783 utrum

1758 2811 1900 2867 dicat
1923 2813 2084 2868 etiam
2111 2828 2204 2868 eas
2229 2813 2433 2869 animas
2457 2815 2794 2869 morientium
2825 2818 3184 2886 parvulorum,
3217 2835 3338 2890 quae

1759 2905 1884 2961 lunc
1928 2908 2042 2961 sine
2085 2907 2295 2962 lavacro
2335 2908 2752 2977 regenerationis
2793 2909 3105 2976 abscedunt,
3149 2919 3204 2966 et
3241 2927 3338 2982 pro

1757 2999 1950 3073 quibus
1971 3001 2175 3056 nullum
2201 3000 2521 3056 sacriﬁcium
2547 3001 2786 3072 corporis
2807 3001 3068 3058 Dominici
3093 3002 3334 3070 offertur,

1758 3108 1788 3148 a
1811 3109 1952 3149 nexu
1983 3094 2185 3164 peccati
2207 3093 2482 3165 originalis
2506 3093 2746 3161 absolvi;
2777 3109 2896 3149 eum
2921 3096 3210 3165 Apostolus
3241 3097 3339 3152 do—

1757 3197 1894 3254 ceat,
1917 3202 1982 3242 ex
2012 3201 2117 3240 uno
2148 3187 2223 3241 ire
2253 3201 2440 3242 omnes
2468 3186 2518 3240 in
2546 3187 3044 3242 condemnationem
3078 3188 3254 3260 (Rom.
3280 3205 3335 3256 v,

1759 3276 1872 3344 16),
1902 3277 2096 3347 quibus
2124 3278 2305 3346 utique
2332 3291 2436 3331 non
2474 3277 2717 3333 subvenit
2737 3277 2927 3348 gratia,
2964 3286 3025 3332 ut
3051 3293 3148 3348 per
3177 3293 3339 3333 unum

1757 3378 2011 3424 eruantur
2039 3368 2090 3422 in
2121 3367 2541 3439 redemptionem
2565 3385 2578 3434 ;
2607 3383 2673 3422 an
2702 3368 2845 3423 dicat
2869 3369 3075 3423 animas
3104 3384 3210 3423 non
3247 3369 3341 3423 ha-

1759 3463 1945 3518 bentes
1981 3461 2144 3515 ullum
2168 3461 2252 3515 vel
2280 3462 2575 3530 proprium,
2613 3461 2698 3515 vel
2746 3461 3002 3531 originale
3040 3470 3337 3530 peccatum,

1759 3561 1816 3610 et
1843 3553 1988 3607 omni
2028 3551 2189 3608 modo
2234 3552 2568 3617 innocentes,
2610 3551 2901 3620 simplices,
2931 3565 3112 3621 puras,
3145 3551 3340 3622 ajusto

1761 3647 1892 3712 Deo,
1930 3661 2050 3700 cum
2079 3659 2170 3700 eas
2200 3644 2312 3714 ipse
2343 3658 2448 3697 non
2489 3643 2792 3698 liberandas
2821 3643 2968 3699 carni
3007 3643 3191 3699 inserit
3215 3659 3340 3715 pec-

1759 3737 1961 3803 catrici,
1990 3745 2187 3791 aeterna
2213 3734 2552 3790 damnatione
2578 3734 2772 3804 puniri.

1830 3826 2057 3884 CAPUT
2097 3825 2208 3882 XII.
2241 3857 2308 3867 —
2327 3827 2416 3882 15.
2458 3826 2571 3897 Ego
2599 3825 2731 3880 nihil
2757 3827 2978 3881 istorum
3008 3825 3233 3881 duorum
3259 3825 3341 3881 di-

1761 3921 1988 3976 cendum
2013 3933 2133 3975 esse
2163 3919 2423 3974 conﬁrmo
2449 3935 2462 3982 ;
2495 3933 2596 3975 nec
2628 3917 2756 3971 illud
2791 3917 3020 3980 tertium,
3058 3915 3184 3971 alibi
3216 3931 3341 3985 pec-

1761 4027 1914 4068 casse
1941 4013 2146 4066 animas
2170 4017 2294 4066 ante
2319 4025 2558 4076 carnem,
2587 4018 2645 4062 ut
2667 4008 2908 4062 damnari
2933 4017 3264 4062 mererentur
3285 4007 3339 4062 in

1761 4120 1998 4162 carnem.
2027 4103 2318 4174 Apostolus
2345 4103 2540 4173 quippe
2562 4101 2897 4171 apertissime
2924 4100 3180 4165 deﬁnivit,
3210 4115 3342 4154 non-

1762 4197 1886 4252 dum
1942 4196 1995 4250 in
2046 4210 2206 4250 carne
2257 4204 2412 4247 natos
2474 4192 2600 4247 nihil
2654 4192 2827 4262 egisse
2894 4192 3018 4246 boni
3075 4206 3168 4246 seu
3216 4192 3342 4246 mali

1764 4290 1938 4360 (Rom.
1970 4305 2042 4351 ix,
2071 4285 2181 4356 Il).
2211 4285 2363 4343 Unde
2388 4294 2615 4349 constat,
2653 4285 2921 4355 parvulos,
2953 4294 3010 4338 ut
3031 4283 3341 4340 remissione

1765 4381 2034 4451 indigeant
2063 4389 2424 4450 peccatorum,
2473 4375 2686 4432 nonnisi
2719 4377 2976 4448 originale
3011 4374 3343 4430 Contraxissc

1765 4481 2062 4544 peccatum.
2094 4469 2204 4525 Nec
2259 4469 2386 4523 illud
2418 4477 2687 4538 quartum,
2732 4482 2823 4523 eas
2866 4468 3070 4522 animas
3097 4467 3370 4536 parvulo-'

1770 4579 1888 4620 rum
1911 4563 2026 4618 sine
2055 4562 2378 4631 Baptismate
2406 4561 2786 4614 moriturorum
2809 4575 2840 4614 a
2855 4559 2999 4628 justo
3025 4559 3130 4612 Deo
3155 4558 3206 4611 in
3229 4573 3346 4613 car-

1767 4671 1888 4710 nem
1915 4653 2265 4725 peccatricem
2306 4651 2531 4722 relegari
2578 4658 2736 4721 atque
2760 4649 3020 4714 damnari,
3049 4663 3180 4718 quas
3211 4645 3368 4718 prae-5

1765 4747 1940 4811 scivit,
1988 4745 2030 4798 si
2061 4727 2363 4798 adtratatem
2393 4741 2783 4811 pervenissent,
2819 4741 2870 4794 in
2898 4755 3000 4807 qua
3037 4740 3202 4794 libero
3227 4749 3344 4794 utc-

1768 4847 1952 4892 rentur
1985 4835 2224 4900 arbitrio,
2271 4833 2410 4888 male
2461 4832 2624 4886 fuisse
2672 4831 2923 4884 victuras.
2966 4829 3077 4884 Hoc
3118 4843 3344 4898 namque

1769 4946 1864 4985 nec
1906 4930 2004 4984 iste
2032 4943 2193 4981 ausus
2217 4925 2521 4990 estdicere,
2554 4925 2606 4978 in
2647 4923 2808 4977 tantis
2850 4920 3103 4991 angustiis
3146 4922 3344 4975 consti-

1769 5033 1912 5079 tutus
1944 5041 1956 5076 :
1989 5021 2099 5076 imo
2141 5021 2299 5075 etiam
2342 5024 2525 5071 contra
2566 5015 2722 5068 istam
2753 5013 3037 5068 vanitatem
3063 5012 3172 5081 jam
3217 5013 3370 5067 satis

1771 5117 2048 5173 manifeste
2074 5129 2136 5168 ac
2166 5112 2397 5167 breviter
2431 5117 2514 5164 est
2539 5109 2765 5173 locutus,
2798 5107 2882 5161 ubi
2911 5106 3003 5170 ait,
3039 5124 3058 5157 ο
3093 5105 3346 5174 Injustum

1771 5211 1938 5264 Deum
1962 5208 2194 5260 futurum
2228 5203 2411 5265 fuisse,
2440 5201 2486 5255 si
2513 5215 2618 5254 non
2642 5198 2889 5268 perfectis
2913 5197 3138 5266 propriae
3162 5194 3350 5249 volun-

1773 5301 1893 5355 tatis
1918 5296 2186 5368 operibus,
2214 5295 2373 5349 vellet
2403 5293 2671 5348 bominem
2696 5289 2937 5360 judicare
2962 5303 3064 5341 non
3094 5295 3300 5340 natum.
3327 5305 3344 5336 ι

1771 5391 1884 5446 Hoc
1928 5390 2071 5444 enim
2105 5385 2396 5456 reSpondit,
2439 5398 2559 5438 cum
2601 5389 2853 5435 tractaret
2891 5377 3238 5448 qumstionem
3268 5374 3353 5429 ad-

1773 5495 1957 5536 versus
1994 5495 2087 5535 eos
2117 5478 2203 5548 qui
2236 5477 2436 5538 dicunt,
2481 5473 2587 5529 Cur
2632 5473 2768 5526 Deus
2799 5470 3067 5522 hominem
3099 5466 3348 5531 faciebat,

1773 5590 1953 5646 quem,
1983 5581 2165 5638 utpote
2194 5569 2470 5639 pnescius,
2504 5564 2706 5618 sciebat
2731 5561 2962 5615 futurum
2989 5573 3091 5612 non
3119 5557 3355 5610 bonum?

1776 5669 1888 5724 Non
1921 5676 2101 5721 natum
2151 5662 2293 5717 enim
2315 5659 2596 5730 judicaret,
2634 5655 2676 5708 si
2709 5662 2988 5724 propterea
3033 5664 3217 5705 creare
3262 5663 3355 5704 no-

1776 5761 1982 5824 luisset,
2012 5755 2132 5826 quia
2165 5769 2268 5807 non
2307 5751 2502 5804 bonum
2529 5747 2764 5800 futurum
2791 5757 2909 5798 esse
2941 5740 3256 5810 prmscisset.
3291 5740 3354 5794 Et

1784 5856 1962 5926 utique
1989 5854 2124 5906 sicut
2158 5861 2209 5906 et
2246 5848 2370 5908 huic
2399 5844 2568 5899 visum
2594 5852 2693 5907 est,
2723 5840 2792 5897 de
2822 5835 3068 5908 perfectis
3091 5833 3205 5908 ejus
3230 5849 3360 5908 opt;—
