3938 6516
585 431 700 508 483

590 563 738 625 ribus
760 557 1030 621 debuisset
1054 553 1328 614 hominem
1357 549 1614 626 judicare,
1645 566 1750 605 non
1778 547 1844 603 de
1872 542 2165 620 prtecogni-

592 662 682 728 tis,
723 673 822 715 nec
865 653 980 711 ﬁeri
1019 649 1301 724 aliquando
1345 647 1638 720 permissis.
1669 641 1800 700 Nam
1843 641 1885 696 si
1933 647 2169 712 peccata,

593 769 712 824 quae
746 750 790 806 si
819 747 978 806 homo
1013 745 1214 800 viveret
1253 737 1638 798 commissurus
1676 744 1837 802 esset,
1868 733 2025 788 etiam
2063 745 2166 784 non

590 835 874 900 commissa
909 835 1227 896 damnantur
1253 835 1306 890 in
1348 845 1576 898 mortuo,
1610 831 1810 886 nullum
1851 825 2194 928 beneﬁcium;

589 935 839 992 collatum
863 943 946 990 est
985 929 1059 986 illi
1086 931 1176 1002 qui
1206 938 1384 1000 raptus
1424 937 1496 981 est
1526 942 1588 984 ne
1622 921 1818 994 malitia
1841 928 2054 975 mutaret
2085 919 2169 972 in-'

590 1026 842 1084 tellectum
867 1023 975 1096 ejus
1006 1019 1160 1097 (Sap.
1194 1035 1272 1088 tv,
1302 1019 1390 1090 11)
1416 1037 1428 1072 :
1454 1015 1883 1090 quandoquidem
1909 1009 2172 1083 judicabi-

592 1127 679 1174 tur
703 1111 997 1173 secundum
1029 1127 1168 1178 eam,
1192 1127 1312 1184 quae
1354 1109 1407 1164 in
1450 1109 1541 1164 illo
1576 1107 1746 1163 fuerat
1789 1105 1984 1168 futura,
2014 1101 2172 1158 mali-

592 1203 754 1274 tiam;
787 1221 894 1262 non
931 1203 1224 1260 secundum
1271 1216 1413 1264 eam,
1447 1214 1564 1270 qua:
1611 1193 1662 1252 in
1690 1195 1784 1251 illo
1827 1196 2039 1250 inventa
2067 1201 2170 1260 est,

591 1297 948 1356 innocentiam
979 1315 992 1351 :
1022 1305 1077 1352 et
1116 1293 1186 1352 de
1235 1293 1380 1348 nullo
1417 1298 1630 1346 mortuo
1673 1287 1938 1360 baptizata
1978 1287 2173 1358 poterit

590 1407 710 1448 esse
747 1390 1042 1455 securitas;
1072 1387 1194 1458 quia
1235 1394 1291 1442 et
1329 1393 1448 1456 post
1490 1381 1842 1454 Baptismum,
1874 1395 1980 1434 non
2011 1379 2174 1450 quali-

592 1493 898 1554 tercumque
929 1495 1171 1554 peccare,
1201 1493 1386 1534 verum
1409 1477 1566 1532 etiam
1596 1483 1898 1546 apostatare
1921 1471 2170 1528 homines

588 1582 829 1648 possunt.
856 1571 995 1644 Quid
1021 1572 1068 1626 si
1105 1586 1236 1644 ergo
1254 1569 1348 1646 qui
1371 1568 1670 1640 baptizatus
1699 1565 1822 1622 hinc
1844 1571 2028 1636 raptus
2057 1573 2165 1630 est,

589 1663 830 1740 apostata
857 1674 974 1724 erat
1001 1663 1230 1730 futurus,
1259 1663 1304 1718 si
1326 1661 1564 1726 viveret;
1595 1655 1870 1716 nullumne
1897 1655 1971 1710 illi
2003 1655 2170 1712 bene-

588 1759 765 1818 ﬁcium
793 1758 1098 1831 putabimus
1141 1770 1262 1812 esse
1294 1754 1566 1820 collatum,
1614 1751 1758 1822 quod
1797 1759 1972 1822 raptus
2012 1758 2082 1804 est
2109 1763 2173 1804 ne

588 1831 785 1905 malitia
811 1855 1024 1904 mutaret
1047 1845 1360 1904 intellectum
1390 1845 1538 1916 ejus;
1571 1850 1627 1898 et
1653 1849 1872 1913 propter
1911 1840 2006 1896 Dei
2037 1855 2172 1912 prat-

587 1933 892 2008 scicntiam,
927 1954 1032 1995 non
1081 1939 1218 1992 sicut
1264 1935 1420 1992 ﬁdele
1466 1935 1766 1992 membrum
1809 1932 2030 1998 Christi,
2076 1930 2172 1987 sed

589 2030 1036 2102 sicutapostatam
1055 2025 1403 2100 iudicandum
1423 2041 1543 2082 esse
1567 2023 1903 2080 censebimus
1923 2021 1946 2077 ‘t
1963 2022 2171 2090 Quanto

583 2121 728 2178 enim
762 2119 973 2188 melius,
1017 2117 1065 2174 si
1090 2125 1308 2190 peccata
1338 2116 1574 2172 nondum
1613 2117 1772 2183 facta,
1806 2115 2044 2176 nondum
2087 2129 2170 2168 co-

583 2209 766 2282 gitata,
799 2209 894 2267 sed
919 2211 1240 2282 przecognita
1282 2219 1337 2264 et
1375 2207 1548 2264 futura
1585 2207 1896 2278 puniuntur,
1945 2207 2165 2278 projice-

581 2313 768 2364 rentur
791 2304 866 2366 illi
893 2303 1002 2360 duo
1031 2302 1098 2362 de
1131 2301 1375 2374 paradiso
1401 2309 1524 2356 ante
1547 2309 1850 2371 peccatum,
1873 2315 1940 2356 ne
1967 2299 2017 2354 in
2047 2299 2166 2354 loco

583 2403 692 2452 tam
729 2403 915 2452 sancto
955 2403 1010 2450 et
1037 2393 1284 2450 beatiﬁco
1319 2391 1672 2462 peccaretur?
1701 2391 1860 2459 Quid,
1890 2391 2032 2462 quod
2059 2392 2170 2462 ipsa

582 2483 884 2542 exinanitur
907 2484 1123 2540 omnino
1153 2483 1518 2558 prmscientia,
1532 2484 1576 2538 si
1593 2477 1734 2554 quod
1757 2482 2037 2554 praescitur
2063 2498 2168 2538 non

582 2577 722 2635 erit?
750 2575 1027 2646 Quomodo
1067 2567 1209 2632 enim
1236 2583 1382 2632 recte
1418 2575 1611 2632 dicitur
1643 2574 1881 2645 praasciri
1910 2574 2168 2641 futurum,

581 2668 726 2741 quod
771 2685 878 2726 non
925 2676 1010 2726 est
1061 2667 1331 2726 futurum?
1386 2665 1664 2736 Quomodo
1710 2681 1838 2738 ergo
1883 2668 2171 2738 puniuntur

580 2770 798 2834 peccata
818 2777 937 2832 qua:
967 2760 1112 2822 nulla
1129 2769 1288 2827 sunt;
1313 2759 1368 2818 id
1387 2768 1492 2828 est,
1516 2774 1634 2832 qua:
1661 2773 1762 2814 nec
1781 2759 1889 2814 vita
1915 2760 2016 2814 ista
2037 2775 2174 2816 non-

579 2853 710 2912 dum
752 2853 1040 2922 incipiente
1088 2851 1375 2910 commissa
1427 2858 1550 2908 sunt
1602 2857 1726 2906 ante
1770 2864 2020 2918 carnem,
2070 2865 2170 2906 nec

579 2949 753 3002 morte
775 2944 1140 3016 praeveniente
1160 2949 1284 3014 post
1306 2933 1565 2998 carnem?

651 3037 878 3100 CAPUT
915 3037 1057 3096 Xlll.
1082 3036 1264 3092 —t6.
1305 3035 1418 3092 Hoc
1449 3035 1628 3108 itaque
1667 3031 1925 3102 medium,
1959 3047 2024 3088 ex
2063 3047 2169 3104 quo

579 3132 756 3190 anima
784 3131 946 3188 missa
977 3136 1062 3190 est
1103 3129 1155 3186 in
1191 3143 1430 3194 carnem,
1461 3143 1568 3198 quo
1591 3140 1759 3200 usque
1799 3127 2096 3181 solveretur
2138 3139 2170 3180 a

532 3261 550 3280 .
579 3205 1042 3292 carne,iquoniam
1069 3219 1274 3292 parvuli
1309 3218 1484 3276 anima
1511 3229 1614 3286 est,
1647 3233 1748 3273 nec
1784 3217 1936 3272 liberi
1964 3213 2170 3272 arbitrii

579 3315 748 3387 gessit
790 3320 1028 3378 aetatem.
1077 3327 1186 3370 non
1229 3310 1430 3368 invenit
1482 3309 1622 3368 unde
1664 3307 2010 3366 damnaretur
2061 3323 2168 3362 non

581 3412 834 3477 percepto
861 3403 1156 3474 Baptismo,
1196 3401 1300 3462 nisi
1327 3401 1585 3473 originale
1612 3408 1916 3472 peccatum.
1959 3397 2036 3455 Ex
2064 3397 2169 3454 hoc

579 3505 799 3567 peccato
827 3496 969 3566 iuste
1008 3494 1254 3552 damnari
1297 3493 1530 3550 animam
1573 3508 1678 3550 non
1721 3508 1978 3564 negamus
2006 3509 2022 3548 :
2048 3493 2169 3564 quia

579 3593 802 3659 peccato
839 3587 1156 3658 supplicium
1184 3586 1270 3641 lex
1309 3585 1462 3657 justa
1497 3585 1792 3640 constituit.
1825 3583 1932 3640 Sed
1972 3583 2039 3639 ad
2069 3583 2169 3642 hoc

578 3685 858 3750 peccatum
897 3675 1230 3732 subeundum
1262 3689 1359 3732 cur
1384 3673 1632 3734 damnata
1661 3673 1750 3742 sit,
1783 3675 2095 3746 quaerimus,
2123 3673 2168 3730 si

577 3786 688 3827 non
714 3785 794 3839 ex
837 3769 936 3832 illa
977 3783 1086 3830 una
1125 3767 1377 3836 trahitur,
1425 3782 1545 3838 quin
1585 3765 1641 3824 in
1686 3765 1906 3838 generis
1949 3763 2167 3826 humani

521 3859 532 3864 ’
577 3863 753 3935 primo
796 3872 946 3934 patre
981 3859 1238 3932 peccavit.
1268 3855 1624 3928 Quamobrem
1673 3859 1718 3914 si
1747 3853 1891 3914 Deus
1929 3873 2037 3914 non
2076 3857 2171 3914 da-

577 3965 728 4014 mnat
761 3955 1094 4022 innocentes,
1139 3967 1241 4010 nec
1279 3949 1410 4008 facit
1451 3960 1708 4008 nocentes
1751 3966 1886 4022 quos
1912 3949 2168 4022 pempicit

577 4049 926 4116 innocentes;
951 4056 1010 4104 et
1035 4045 1082 4102 si
1116 4045 1326 4104 animas
1348 4059 1457 4102 non
1479 4043 1676 4100 liberat
1707 4041 1819 4100 sive
1842 4043 1910 4100 ab
1932 4041 2165 4114 origina-

579 4141 740 4208 libus,
767 4138 880 4198 sive
907 4154 940 4194 a
961 4137 1194 4210 propriis
1215 4135 1470 4208 peccatis,
1497 4135 1596 4192 nisi
1623 4137 1679 4192 in
1706 4134 1946 4192 Ecclesia
1965 4131 2168 4190 Christi

577 4231 880 4302 Baptismus
907 4227 1136 4297 Christi;
1176 4237 1231 4288 et
1254 4227 1300 4284 si
1327 4227 1520 4286 animus
1549 4236 1674 4282 ante
1701 4241 1921 4284 carnem
1962 4225 2165 4284 nullum

577 4323 880 4382 habuerunt
901 4321 1121 4378 omnino
1146 4330 1459 4394 peccatum;
1484 4329 1538 4376 et
1562 4319 1608 4376 si
1635 4327 1850 4390 peccata
1881 4307 2166 4392 antequam

577 4417 998 4482 committantur,
1049 4424 1104 4476 et
1139 4413 1309 4474 multo
1345 4411 1516 4484 magis.
1557 4428 1678 4486 qua:
1717 4427 1986 4482 nunquam
2018 4427 2166 4466 com-

576 4508 742 4566 missa
769 4504 1176 4574 sunt,.damnari
1199 4504 1343 4576 justa
1365 4505 1480 4574 lege
1501 4517 1605 4558 non
1631 4510 1890 4575 possunt;
1921 4503 2048 4557 nihil
2072 4499 2167 4558 ho-

576 4613 702 4658 rum
725 4606 952 4670 quatuor
979 4597 1084 4658 iste.
1108 4595 1288 4656 dicat:
1319 4605 1394 4662 et,
1441 4596 1488 4656 si
1526 4601 1724 4666 potest,
1756 4593 2004 4664 explicet,
2023 4583 2164 4664 par-

576 4691 828 4748 vulorum
872 4689 1106 4756 animat,
1149 4703 1270 4759 quae
1318 4688 1436 4746 sine
1483 4687 1751 4756 Baptismo
1802 4694 2058 4742 exeuntes
2109 4687 2164 4741 in

577 4779 982 4838 damnationem
1037 4779 1352 4846 mittuntur,
1408 4793 1515 4848 quo
1577 4775 1772 4834 merito
1825 4777 1878 4834 in
1945 4791 2160 4832 carnem

577 4871 930 4946 peccatricem
955 4887 1076 4942 qua:
1105 4870 1236 4926 nihil
1279 4877 1652 4940 peccaverunt,
1695 4867 1872 4924 missa:
1919 4876 2060 4934 sunt,
2105 4876 2164 4923 ut

575 4966 688 5023 illic
729 4964 1036 5022 invenirent
1076 4971 1382 5034 peccatum,
1405 4970 1623 5032 prepter
1658 4959 1802 5032 quod
1845 4961 2037 5016 merito
2062 4962 2160 5016 da-

575 5065 910 5119 mnarentur.
937 5057 1110 5114 Porro
1131 5057 1176 5114 si
1203 5065 1430 5128 quatuor
1453 5056 1554 5112 ista
1583 5055 1846 5120 devitans,
1883 5072 2002 5126 qua:
2027 5071 2160 5113 sana

575 5152 822 5210 doctrina
845 5149 1190 5216 condemnat,
1219 5147 1272 5206 id
1297 5155 1400 5212 est,
1422 5147 1466 5202 si
1493 5162 1596 5206 non
1623 5146 1825 5202 audens
1845 5146 2044 5216 dicere,
2075 5149 2158 5203 vel

571 5250 692 5307 sine
714 5247 830 5304 ullo
846 5253 1068 5317 peccato
1101 5245 1420 5312 existentes,
1452 5257 1488 5304 ξι
1515 5243 1625 5322 Deo
1653 5241 1766 5300 ﬁeri
1795 5244 2000 5298 animas
2029 5257 2159 5312 pec-

570 5342 828 5408 catriens,
845 5338 1073 5396 autsine
1101 5336 1300 5398 Christi
1319 5335 1670 5396 Sacramenta
1693 5334 1746 5390 in
1775 5335 1854 5390 eis
1882 5334 2014 5390 solvi
2043 5335 2156 5390 ori-

569 5435 746 5508 ginale
773 5441 1076 5504 peccatur,
1105 5439 1198 5486 aut
1216 5445 1316 5486 eas
1341 5429 1534 5484 alicubi
1569 5443 1836 5498 peccasse,
1868 5439 2156 5499 antequam

569 5529 915 5592 mitterentur
941 5525 1000 5580 in
1029 5537 1268 5591 carnem,
1299 5531 1392 5580 aut
1427 5537 1488 5578 ea
1519 5538 1638 5594 qua:
1664 5539 1934 5594 nunquam
1955 5521 2155 5580 habue-

567 5631 692 5678 runt
728 5621 784 5676 in
823 5621 910 5677 eis
928 5627 1142 5691 peccata
1173 5617 1456 5672 damnari:
1487 5617 1534 5672 si
1562 5617 1678 5674 ltazc
1713 5617 1872 5674 nobis
1907 5631 2014 5674 non
2054 5632 2152 5672 au-

571 5715 704 5772 dens
721 5715 926 5784 dicere,
941 5714 1194 5786 quoniam
1214 5727 1322 5768 non
1347 5719 1472 5768 sunt
1497 5712 1676 5782 utique
1695 5710 1938 5774 dicenda,
1960 5711 2155 5766 dixerit

569 5808 820 5882 parvulos
841 5821 946 5864 non
977 5805 1192 5864 trahere
1217 5805 1480 5877 originale
1505 5813 1800 5875 peccatum,
1829 5818 1930 5860 nec
1954 5803 2202 5888 habere;

569 5897 710 5955 unde
731 5897 1068 5961 damnentur.
1097 5901 1143 5955 si
1172 5913 1276 5955 non
1306 5907 1526 5964 accepto
1554 5897 1899 5954 Sacramenta
1929 5911 2154 5965 regene-

1472 435 1560 490 DE
1597 432 1808 490 ANIMA
1845 430 1933 486 ET
1973 423 2134 484 EJUS
2173 421 2471 494 ORIGIXE,
2513 427 2568 481 S.
2611 429 2974 487 AUGUSTlNl

3757 443 3859 509 186

2281 541 2502 597 rationis
2544 542 2666 598 hinc
2714 555 2938 614 exeant;
2981 545 3032 604 in
3073 533 3322 611 haeresim
3365 549 3706 628 Pelagianam
3749 561 3862 621 sine

2278 634 2604 692 dubitatione
2642 637 2992 698 damnabilem
3020 641 3350 703 damnandus
3405 649 3660 708 incurret.
3710 653 3866 725 Quod

2279 727 2328 782 ei
2357 743 2422 782 ne
2458 729 2748 802 contingat,
2780 745 2977 802 quanto
3018 737 3205 792 melius
3233 749 3376 795 tenet
3407 741 3475 798 de
3518 743 3714 802 anima:
3754 749 3862 804 ori-

2277 821 2402 894 gine
2430 825 2821 882 cunctationem
2849 845 3044 895 meam,
3069 847 3137 886 ne
3178 833 3371 889 audeat
3407 837 3698 904 afﬁrmare,
3723 841 3864 911 quod

2279 930 2379 970 nec
2406 913 2635 972 humana
2661 920 2867 974 ratione
2895 923 3320 992 comprehendit,
3353 943 3453 982 nec
3482 929 3658 986 divina
3685 945 3868 988 aucto-

2279 1008 2441 1064 ritate
2483 1009 2748 1080 defendit;
2803 1029 2871 1069 ne
2918 1027 3140 1086 cogatur
3189 1017 3546 1088 insipientiam
3599 1025 3868 1094 proﬁteri,

2278 1099 2404 1156 dum
2429 1111 2640 1158 veretur
2660 1105 3006 1173 ignorantiam
3032 1103 3294 1164 conﬁteri.

2349 1191 2574 1249 CAPUT
2613 1191 2845 1250 XIV.—
2875 1197 2960 1254 17.
3005 1197 3100 1254 llic
3143 1199 3280 1256 forte
3321 1201 3484 1270 dicat,
3538 1207 3868 1265 sententiam

2277 1302 2427 1344 suam
2454 1287 2629 1344 divina
2654 1293 2968 1348 auctoritate
2992 1295 3210 1351 defendi
3240 1315 3254 1350 :
3281 1300 3532 1372 quoniam
3557 1313 3874 1359 sanctarum

2276 1377 2668 1452 Scripturarum
2711 1384 3028 1441 testimoniis
3052 1389 3279 1458 prOhare
3324 1406 3384 1447 se
3427 1393 3722 1461 existimat,
3750 1397 3874 1452 ani-

2277 1486 2394 1526 mas
2419 1488 2448 1526 a
2479 1473 2611 1539 Deo,
2641 1490 2747 1530 non
2789 1491 2857 1532 ex
2888 1479 3174 1550 propagine
3199 1480 3338 1552 ﬁeri,
3366 1483 3460 1539 sed
3492 1501 3656 1542 novas
3691 1487 3876 1558 singu-

2278 1565 2345 1621 lis
2383 1565 2662 1622 insulﬁari.
2703 1568 2922 1636 Probet,
2966 1572 3012 1626 si
3040 1581 3236 1642 potest,
3266 1583 3320 1630 et
3363 1573 3570 1632 fatebor
3613 1593 3704 1636 me
3731 1577 3876 1634 didi-

2277 1655 2418 1712 cisse
2452 1657 2518 1713 ab
2545 1657 2654 1726 illo,
2683 1660 2826 1729 quod
2862 1677 3051 1732 magna
3079 1663 3374 1721 intentione
3406 1668 3735 1738 quaerebam.
3765 1667 3880 1726 Sed

2277 1757 2480 1820 quaerat
2511 1747 2642 1817 alia,
2665 1765 2732 1805 ne
2773 1749 3015 1808 fortassis
3045 1753 3316 1810 inveniat:
3345 1771 3468 1812 nam
3507 1756 3618 1814 hoc
3639 1759 3766 1816 istis
3801 1768 3876 1816 te-

2278 1837 2578 1908 stimoniis,
2629 1856 2747 1910 quae
2787 1841 2898 1912 jam
2947 1844 3150 1912 posuit,
3197 1861 3305 1900 non
3361 1847 3621 1917 probavit.
3673 1845 3877 1906 Omnia

2277 1930 2472 2000 quippe
2495 1946 2613 2001 qute
2640 1931 2727 1988 hic
2764 1933 3024 2004 adhibuit,
3065 1935 3134 1992 ad
3175 1935 3377 2008 aliquid
3419 1947 3564 1995 certa
3609 1948 3781 2006 sunt;
3814 1941 3878 1996 ad

2277 2021 2380 2078 hoc
2407 2039 2554 2090 vero,
2583 2024 2725 2096 quod
2767 2025 2836 2082 de
2876 2027 3068 2083 animae
3104 2028 3309 2101 origine
3336 2031 3612 2102 quaeritur,
3641 2032 3878 2090 demon-

2276 2125 2513 2174 strantur
2551 2119 2816 2189 ambigua.
2857 2119 3077 2176 Certum
3122 2129 3205 2178 est
3252 2123 3400 2182 enim
3442 2121 3608 2182 Deum
3645 2125 3882 2184 dedisse

2277 2209 2580 2266 hominibus
2615 2211 2800 2266 ﬂatum
2828 2219 2886 2268 et
2923 2213 3192 2283 spiritum,
3219 2214 3432 2272 dicente
3456 2215 3756 2290 propheta,
3789 2217 3878 2274 Sic

2275 2302 2398 2356 dicit
2427 2302 2672 2360 Dominus
2709 2305 2796 2376 qui
2820 2306 2940 2376 fecit
2977 2307 3184 2375 calum,
3227 2318 3278 2364 et
3306 2307 3537 2381 fundavit
3567 2321 3798 2380 terrm,
3835 2321 3880 2366 et

2274 2409 2389 2464 qua:
2413 2405 2528 2456 sunt
2557 2396 2612 2450 in
2652 2412 2734 2466 ea,
2775 2398 2861 2467 qui
2889 2396 2976 2450 dat
3013 2399 3192 2466 ﬂatum
3220 2401 3408 2471 papula
3451 2416 3604 2470 super
3638 2417 3794 2468 eam,
3833 2411 3878 2458 et

2275 2485 2508 2556 spiritum
2527 2487 2834 2544 calcantibus
2864 2505 2974 2544 eam
3007 2489 3155 2560 (Isai.
3186 2506 3313 2556 xw,
3341 2491 3420 2562 5).
3461 2491 3572 2548 Hoc
3614 2493 3874 2548 testimo-

2275 2579 2422 2634 nium
2443 2580 2543 2636 iste
2567 2581 2620 2636 in
2649 2596 2768 2638 eam
2789 2583 3107 2638 sententiam
3137 2585 3253 2639 vult
3279 2585 3468 2656 accipi,
3499 2602 3664 2658 quam
3684 2587 3880 2646 defen-

2274 2670 2370 2736 dit,
2401 2681 2459 2728 ut
2483 2669 2628 2744 quod
2654 2673 2746 2738 ait,
2775 2674 2863 2728 dat
2885 2675 3064 2744 ﬂatum
3093 2676 3304 2747 populo,
3346 2692 3452 2732 non
3480 2693 3544 2736 ex
3573 2681 3882 2752 propagine

2273 2760 2450 2818 facere
2479 2764 2684 2819 animas
2709 2765 2922 2835 p0pulo,
2951 2765 3044 2822 sed
3083 2781 3251 2824 novas
3289 2768 3562 2825 insumere
3589 2771 3874 2828 credatur.

2274 2853 2483 2909 Audeat
2509 2869 2637 2926 ergo
2667 2854 2845 2912 dicere
2865 2871 2972 2912 non
2999 2855 3172 2928 ipsum
3203 2858 3354 2914 nobis
3379 2859 3592 2916 dedisse
3618 2877 3874 2930 carnem,

2273 2944 2396 3016 quia
2424 2945 2491 3000 de
2517 2947 2825 3014 parentibus
2863 2949 3012 3018 origo
3052 2950 3228 3006 carnis
3257 2961 3480 3008 attracta
3519 2962 3626 3010 est.
3667 2951 3754 3010 Et
3791 2953 3876 3012 ubi

2272 3036 2348 3091 ait
2375 3037 2664 3106 Apostolus
2693 3037 2762 3092 de
2803 3037 3056 3098 frumenti
3081 3055 3272 3112 grano,
3299 3041 3436 3098 Deus
3462 3041 3542 3100 illi
3569 3045 3663 3098 dat
3685 3061 3878 3116 corpus

2273 3126 2522 3198 quomodo
2558 3128 2771 3186 uoluerit
2802 3128 2980 3201 (lCor.
3015 3147 3112 3197 xv,
3145 3131 3276 3204 58);
3301 3143 3478 3204 neget,
3508 3134 3554 3192 si
3583 3136 3785 3202 audet,
3807 3137 3874 3194 dc

2274 3219 2450 3274 tritico
2476 3217 2706 3276 triticum
2737 3223 2902 3286 nasci,
2929 3233 2984 3278 et
3014 3223 3231 3279 herbam
3257 3225 3372 3295 ejus
3413 3241 3488 3282 ex
3529 3229 3756 3286 semine
3796 3245 3884 3286 se-

2273 3311 2504 3366 cundum
2529 3327 2715 3382 genus.
2745 3312 2900 3382 Quod
2925 3313 2970 3370 si
3002 3329 3198 3386 negare
3223 3330 3328 3370 non
3356 3315 3551 3383 audet;
3589 3318 3751 3376 unde
3779 3321 3879 3391 igi-

2275 3409 2362 3459 tur
2413 3403 2514 3460 scit
2557 3404 2828 3474 quomodo
2879 3404 3082 3464 dictum
3122 3407 3211 3474 sit,
3270 3407 3359 3462 dat
3395 3411 3580 3480 ﬂatum
3639 3414 3882 3484 popula:

2273 3501 2450 3550 utrum
2487 3510 2614 3552 eum
2637 3496 2854 3554 trahens
2881 3497 2950 3554 de
2979 3500 3308 3572 parentibus,
3353 3517 3422 3560 an
3449 3504 3754 3562 insutﬂans
3781 3523 3878 3564 no-

2273 3586 2436 3640 vum?

2347 3681 2432 3738 18.
2463 3681 2619 3739 Unde
2638 3683 2800 3742 etiam
2825 3685 2960 3755 scit,
2988 3693 3166 3744 utrum
3191 3689 3438 3759 repetitio
3465 3691 3772 3748 sententia:
3794 3695 3884 3760 sit,

2277 3774 2376 3842 Qui
2403 3775 2490 3832 dat
2511 3775 2694 3846 ﬂatum
2737 3779 2924 3850 popula
2953 3797 3106 3852 super
3131 3798 3278 3852 eant,
3308 3791 3356 3840 et
3398 3785 3644 3856 spiritum
3669 3787 3890 3844 calcan-

2274 3867 2408 3922 tibus
2423 3883 2538 3924 eam
2551 3885 2570 3922 ε
2584 3869 2718 3928 utde
2737 3885 2842 3926 una
2857 3885 2918 3926 re
2938 3880 3218 3944 utrumque
3232 3874 3432 3930 dictum
3448 3875 3826 3946 intellimtur,
3837 3889 3894 3934 et

2272 3973 2380 4016 non
2409 3959 2642 4016 animam
2681 3963 2762 4018 vel
2825 3963 3070 4032 spiritum
3103 3981 3210 4036 quo
3225 3976 3416 4024 natura
3441 3969 3570 4024 vivit
3615 3971 3890 4040 humana,

2272 4051 2366 4110 sed
2388 4051 2642 4122 Spiritum
2661 4061 2902 4110 sanctum
2921 4056 3222 4126 signiﬁcare
3246 4058 3496 4116 voluerit?
3509 4060 3562 4116 Si
3580 4063 3750 4118 enim
3763 4063 3894 4118 natu

2273 4159 2384 4202 non
2409 4155 2594 4216 posset
2627 4146 2912 4216 signiﬁcari
2944 4148 3174 4220 Spiritus
3197 4159 3440 4218 sanctus,
3466 4168 3582 4208 nor:
3614 4155 3900 4212 Dominus

2273 4245 2394 4306 post
2431 4238 2884 4294 resurrectionem
2929 4239 3254 4297 insul‘ﬂasset
3275 4242 3550 4314 discipulis
3563 4285 3594 4308 ,.
3616 4256 3686 4301 et
3709 4246 3894 4302 dixis-

2271 4335 2354 4382 set
2372 4367 2388 4392 ,
2410 4326 2632 4398 Accipite
2658 4327 2911 4397 Spiritum
2931 4339 3160 4384 sanctum
3189 4330 3380 4404 (Joan.
3405 4348 3500 4396 xx,
3525 4332 3652 4404 ἓν).
3695 4335 3898 4408 Neque

2271 4419 2532 4488 scriptum
2581 4429 2724 4474 esset
2773 4422 2826 4478 in
2853 4420 3073 4478 Actibus
3111 4423 3526 4492 Apostolorum,
3567 4425 3794 4483 Factus
3823 4439 3898 4484 est

2271 4511 2435 4566 subito
2463 4510 2526 4566 de
2570 4511 2695 4568 calo
2724 4529 2878 4568 sanus
2901 4552 2920 4580 ,
2939 4513 3084 4584 quasi
3124 4517 3340 4585 ferretur
3365 4517 3522 4586 ﬂatus
3565 4519 3862 4576 vellemus
3879 4561 3900 4588 ,

2271 4610 2318 4656 et
2345 4602 2464 4658 uiue
2487 4611 2602 4658 sunt
2629 4603 2732 4658 illis
2763 4605 2950 4676 tinguet:
2989 4603 3165 4662 diuisa
3204 4605 3334 4660 sicut
3360 4607 3492 4678 ignis
3509 4647 3526 4672 ,
3549 4610 3651 4678 qui
3677 4621 3734 4666 et
3762 4611 3902 4666 inse-

2271 4691 2346 4745 dit
2372 4709 2526 4762 super
2547 4709 2946 4764 unumquemque
2972 4711 3180 4763 eorum,
3215 4706 3262 4750 et
3301 4697 3494 4770 impleti
3529 4710 3666 4754 sunt
3715 4719 3904 4758 anuus

2271 4782 2474 4852 Spiritu
2491 4793 2662 4838 sancto
2680 4785 2814 4854 (Act.
2834 4800 2894 4847 ll,
2915 4784 3058 4856 2-4).
3079 4786 3216 4856 Quid
3235 4789 3281 4843 si
3308 4788 3410 4844 hoc
3433 4788 3720 4860 Propheta
3749 4808 3902 4863 pra-

2269 4875 2562 4942 nuntiavit,
2593 4875 2808 4940 dicens,
2843 4876 2943 4944 Qui
2973 4877 3059 4932 dat
3077 4879 3260 4948 ﬂatum
3299 4882 3490 4952 popula
3527 4899 3706 4953 super
3733 4887 3904 4940 eam!

2268 4976 2322 5024 et
2373 4977 2624 5038 tanquam
2651 4983 2924 5039 exponens
2971 4971 3097 5042 quid
3136 4973 3330 5030 dixerit
3371 4975 3586 5044 ﬂatum,
3621 4981 3908 5050 repetivit

2266 5068 2428 5130 atque
2452 5059 2557 5126 ait,
2583 5070 2630 5116 et
2649 5062 2884 5132 spiritum
2909 5064 3220 5122 calcantibus
3239 5083 3350 5124 eam
3367 5069 3393 5123 2
3415 5069 3564 5124 Tunc
3587 5073 3760 5128 enim
3779 5073 3906 5130 evi-

2266 5151 2576 5210 dentissime
2627 5154 2826 5212 factum
2871 5165 2986 5226 est,
3013 5159 3224 5230 quando
3267 5161 3472 5232 impleti
3519 5174 3658 5220 sunt
3687 5183 3910 5224 omnes

2265 5244 2468 5314 Spiritu
2485 5257 2692 5304 sancto.
2725 5249 2836 5304 Aut
2859 5249 2910 5306 si
2932 5251 3170 5308 nondum
3211 5253 3468 5310 dicendus
3495 5265 3578 5312 est
3607 5263 3904 5332 populus,

2265 5348 2478 5396 centum
2503 5341 2686 5410 viginti
2713 5341 2986 5408 homines,
3007 5345 3100 5414 qui
3119 5355 3246 5402 tunc
3271 5348 3326 5404 in
3347 5348 3466 5404 loco
3491 5365 3598 5404 uno
3613 5352 3916 5422 aderant.

2264 5441 2410 5490 certe
2433 5434 2648 5503 quando
2669 5434 2826 5492 sitnul
2851 5443 3081 5505 quatuor
3114 5438 3195 5494 vel
3239 5440 3474 5510 quinque
3528 5443 3712 5498 millia
3765 5461 3874 5502 cre

2263 5523 2548 5590 diderunt,
2574 5535 2628 5582 et
2674 5525 2922 5596 baptizati
2961 5540 3284 5600 acceperunt
3313 5531 3569 5602 Spiritum
3611 5547 3910 5594 sanctum

2263 5615 2374 5690 (Μ.
2407 5633 2480 5684 tv,
2509 5617 2604 5686 51)
2626 5657 2644 5682 ,
2690 5617 2809 5688 quis
2833 5617 3158 5676 dubitaverit
3207 5621 3368 5678 simul
3404 5624 3668 5694 populum
3717 5643 3904 5684 acoe-

2263 5710 2405 5780 pisse
2437 5709 2692 5780 Spiritum
2723 5719 2990 5780 sanctum,
3019 5721 3076 5768 et
3097 5713 3487 5771 multitudinem
3517 5732 3636 5790 quae
3671 5720 3912 5776 ambu-

2265 5803 2404 5856 labat
2433 5805 2484 5856 in
2517 5812 2678 5869 terra,
2706 5803 2758 5858 id
2782 5813 2886 5868 est,
2919 5805 3676 5868 llosninesealmuestemn
3701 5813 3732 5868 2
3753 5814 3916 5870 Nam

2263 5896 2350 5954 ille
2375 5896 2466 5968 qui
2490 5895 2647 5953 datur
2671 5895 2739 5954 ad
2777 5905 3019 5954 naturam
3049 5898 3280 5958 hominis
3306 5902 3598 5974 pertinens,
3641 5903 3794 5965 sive
3833 5921 3914 5964 ex
