3938 6524
162 526 428 603 propagine
450 524 638 599 detur,
669 526 790 587 sitve
815 534 989 587 novas
1008 518 1307 587 insuliletur
1329 522 1353 607 (
1360 538 1584 604 quorum
1611 520 1743 585 nihil

161 612 510 676 aliirmahdum
561 635 692 678 esse
738 622 864 679 dico
887 664 901 689 ,
929 621 1103 679 donec
1132 618 1455 678 alterutrum
1486 622 1602 678 sine
1640 618 1746 678 ulla

159 709 468 767 dubitatione
493 706 800 783 clarescat)
828 728 933 768 non
962 704 1118 767 datur
1153 710 1484 768 calcantibus
1509 720 1704 767 terram
1726 752 1743 779 ,

161 794 242 859 sed
264 801 430 856 adhuc
460 812 716 858 materno
742 810 898 860 utero
936 796 1176 861 inclusis.
1222 794 1379 860 Dedit
1407 816 1533 874 ergo
1560 802 1742 858 natum

160 895 336 971 populo
377 906 541 965 super
571 892 775 951 terram
798 939 814 964 ,
842 904 898 953 et
948 890 1192 966 spiritum
1221 890 1547 951 calcantibus
1587 908 1704 951 eam
1725 937 1741 963 ,

161 988 354 1062 quando
384 989 534 1044 multi
560 980 729 1044 simul
752 976 1054 1055 credentes,
1085 984 1244 1044 simul
1267 982 1456 1060 repleti
1481 994 1603 1045 sunt
1626 989 1744 1060 Spi-

159 1087 250 1142 ritu
288 1091 499 1138 sancto.
532 1074 597 1139 Et
640 1098 757 1154 ipse
806 1083 898 1140 dat
952 1092 1071 1139 eum
1112 1083 1307 1156 populo
1348 1094 1480 1151 suo,
1507 1084 1605 1139 etsi
1637 1099 1742 1138 non

155 1174 295 1233 simul
324 1174 579 1230 omnibus
597 1218 614 1243 ,
641 1162 739 1231 sed
765 1163 784 1208 ί
810 1184 909 1232 suo
940 1173 1129 1246 euique
1152 1183 1410 1245 tempore,
1432 1174 1603 1230 donec
1630 1173 1742 1229 dis-

159 1262 389 1324 cedendo
419 1268 487 1323 de
516 1260 616 1322 hac
640 1266 747 1323 vita
773 1309 790 1335 ,
828 1268 883 1323 et
909 1260 1246 1323 succedendo
1276 1266 1328 1321 in
1370 1265 1509 1323 hanc
1535 1264 1697 1321 vitam
1722 1309 1738 1335 ,

155 1359 430 1416 universus
471 1358 716 1430 ejusdem
762 1354 940 1430 populi
989 1366 1243 1414 numerus
1279 1354 1611 1431 compleatur
1639 1375 1654 1413 :
1682 1364 1741 1413 ut

153 1454 245 1509 hoc
281 1456 487 1508 Sanctae
506 1446 802 1522 licripturatl
838 1448 957 1507 loco
982 1456 1088 1506 non
1117 1444 1258 1506 aliud
1286 1449 1355 1506 sit
1382 1448 1572 1518 ﬂatus,
1600 1448 1746 1505 aliud

153 1542 395 1617 spiritus:
428 1536 531 1601 sed
557 1543 801 1615 ejusdem
846 1542 1124 1599 sententiae
1162 1540 1429 1613 repetitio.
1459 1538 1608 1598 Sicut
1635 1556 1741 1598 non

151 1644 225 1696 est
258 1634 399 1694 alius
428 1636 520 1709 qui
549 1624 753 1692 habitat
773 1632 830 1691 in
856 1631 1046 1704 etelis,‘
1079 1626 1131 1691 et
1156 1635 1293 1690 alius
1318 1633 1612 1700 Dominus;
1642 1644 1741 1689 nec

150 1722 282 1787 aliud
319 1735 405 1786 est
453 1724 711 1797 irridere,
744 1739 800 1784 et
836 1724 977 1798 aliud
1016 1724 1344 1784 subsannare
1381 1726 1519 1784 :sed
1553 1724 1740 1782 eadem

149 1818 404 1881 sententia
423 1820 657 1893 repetita
682 1828 785 1886 est,
812 1816 898 1876 ubi
926 1816 1136 1892 legitur,
1163 1818 1265 1887 Qui
1288 1819 1480 1875 habitat
1503 1819 1557 1875 in
1577 1819 1737 1890 cretis,

149 1914 366 1971 irridebit
387 1928 477 1970 eos
497 1956 513 1979 ,
542 1924 593 1970 et
632 1912 885 1968 Dominus
908 1908 1235 1967 sudsannabit
1261 1928 1365 1969 eos.
1389 1911 1485 1968 Vel
1511 1926 1632 1968 cum
1659 1910 1740 1967 di-

149 2014 277 2063 ctum
305 2014 387 2061 est
422 2001 616 2061 :Dalto
659 1996 747 2060 tibi
773 2010 943 2077 gentes
978 2004 1318 2061 hereditatem
1343 2014 1480 2060 tuam
1499 2046 1514 2071 ,
1541 2014 1589 2060 et
1617 2020 1739 2075 pos-

151 2095 405 2153 sessionem
430 2098 579 2152 tuam
595 2096 725 2168 ﬁnes
756 2104 905 2153 terra:
924 2090 1092 2171 (Psal.
1124 2104 1191 2165 tt,
1219 2098 1275 2165 4,
1303 2096 1383 2170 8).
1409 2092 1526 2153 Non
1556 2097 1739 2169 utique

150 2182 279 2247 aliud
303 2184 442 2245 dixit
470 2182 824 2245 hereditatem
841 2232 856 2259 ,
886 2187 1029 2245 aliud
1059 2191 1444 2260 possessionem;
1469 2204 1570 2245 nec
1592 2188 1739 2245 aliud

144 2291 299 2355 gentes
321 2324 337 2349 ,
365 2280 521 2336 aliud
548 2272 681 2352 ﬁnes
707 2291 858 2335 terra:
884 2296 904 2335 :
927 2281 1022 2337 sed
1061 2280 1300 2352 ejusdem
1347 2282 1626 2338 sententiae
1653 2295 1739 2337 re-

142 2376 313 2447 petitio
349 2382 457 2430 est.
486 2365 562 2429 Et
588 2372 1007 2431 innumerabiles
1054 2373 1287 2430 inteniet
1325 2372 1630 2444 huiusmodi
1658 2372 1739 2429 lo-

141 2468 370 2523 cutiones
424 2461 744 2523 divinorum
785 2466 1153 2538 eloquiorum,
1210 2465 1258 2524 si
1303 2458 1545 2523 advertat
1593 2460 1743 2539 quod

135 2556 272 2631 legit.

198 2648 285 2707 i9.
312 2648 473 2717 Quod
496 2657 687 2706 autem
715 2660 923 2722 graecus
952 2644 1083 2707 dicit
1110 2662 1277 2718 πνοήν,
1308 2648 1414 2708 ltoc
1440 2648 1617 2708 Latini
1643 2665 1735 2709 va-

132 2730 209 2800 rie
253 2743 598 2816 interpretati
640 2748 806 2810 sunt;
854 2736 1141 2815 aliquando
1188 2738 1407 2813 ﬂatum,
1446 2740 1734 2816 aliquando

129 2834 394 2905 spiritum,
429 2824 724 2906 aliquando
756 2828 1180 2905 inspiratiouem.
1207 2824 1338 2888 Nam
1371 2828 1473 2889 hoc
1510 2834 1733 2890 verbum

125 2924 334 2981 labent
358 2922 571 2980 codices
592 2920 765 2997 grmcl'
786 2926 841 2980 in
887 2922 991 2980 isto
1034 2922 1345 2995 prophetico
1385 2924 1691 2981 testimonio
1712 2967 1730 2996 ,

129 3013 210 3070 de
232 3030 344 3086 quo
367 3028 508 3070 nunc
526 3016 755 3087 agimus,
778 3010 872 3071 ubi
905 3014 1105 3071 dictum
1149 3024 1265 3083 est,
1297 3012 1398 3082 Qui
1428 3016 1516 3071 dat
1548 3012 1733 3089 ﬂatum

126 3105 338 3177 popqu
362 3120 519 3176 super
536 3116 641 3160 eam
664 3122 687 3161 :
712 3102 817 3162 hoc
859 3114 943 3162 est
962 3149 977 3176 ,
1006 3118 1168 3170 πνοήν.
1200 3102 1377 3179 ipsum
1404 3108 1623 3164 verbum
1649 3118 1733 3166 est

124 3205 186 3253 et
210 3196 306 3251 ubi
333 3194 505 3251 homo
547 3198 812 3252 animatus
837 3206 922 3253 est
954 3210 973 3253 ε
999 3192 1069 3252 Et
1109 3196 1375 3270 insufﬂauit
1402 3196 1540 3255 Deus
1564 3200 1618 3255 in
1642 3198 1729 3274 fa;

126 3289 251 3344 dett:
274 3288 394 3361 ejus
414 3285 602 3359 ﬂatum
632 3288 749 3344 vita
776 3284 927 3360 (Gen.
960 3298 999 3343 li
1017 3330 1032 3356 ,
1062 3284 1138 3361 'l)'.
1168 3284 1273 3346 Sed
1302 3291 1476 3361 ipsum
1504 3290 1729 3347 verbum

124 3386 209 3437 est
250 3386 305 3435 et
348 3379 404 3435 in
450 3378 668 3435 Psaltno
707 3376 803 3437 ubi
836 3381 1045 3436 canitur
1074 3397 1088 3435 :
1116 3378 1293 3439 Omnis
1319 3380 1530 3452 spiritus
1558 3383 1733 3441 laudet

120 3469 408 3525 Damonem
437 3464 617 3544 (Psat.
645 3486 731 3537 cn,
761 3466 840 3543 6).
870 3464 1046 3542 ipsum
1100 3480 1186 3528 est
1222 3480 1276 3529 et
1318 3470 1374 3528 in
1415 3472 1554 3529 libro
1582 3475 1683 3531 Job
1707 3516 1725 3544 ,

121 3561 211 3618 ubi
252 3562 527 3632 scriptum
580 3572 665 3619 est
689 3580 707 3618 :
731 3556 992 3635 Aspiratio
1033 3574 1203 3619 autem
1247 3562 1618 3638 Omnipotentis
1656 3568 1733 3624 est

119 3666 230 3726 quae
251 3653 431 3709 docet.
460 3650 648 3710 Noluit
672 3652 853 3711 dicere
871 3697 886 3722 ,
918 3656 1133 3723 Fiatus;
1160 3652 1276 3722 sed,
1298 3657 1581 3730 aspiratio;
1605 3672 1727 3714 cum

116 3746 168 3800 iu
213 3758 407 3817 graeco
456 3744 533 3802 sit
584 3759 703 3810 πνοή
732 3764 747 3800 :
779 3736 920 3819 quod
959 3750 1119 3804 etiam
1160 3748 1214 3803 in
1260 3746 1365 3803 illis
1395 3744 1571 3806 verbis
1599 3750 1731 3808 Pro-

114 3839 315 3909 pbetae,
346 3839 424 3895 de
441 3840 642 3911 quibus
662 3854 805 3897 nunc
823 3838 1174 3912 disputamus.
1202 3838 1271 3897 Et
1290 3851 1435 3899 certe
1454 3843 1558 3900 hoc
1586 3844 1724 3913 loco,

116 3933 302 3988 nescio
336 3945 526 3988 utrum
554 3932 750 3990 debeat
786 3930 1014 3991 dubitari
1055 3932 1307 4007 Spiritum
1338 3945 1578 3992 sanctum
1609 3952 1729 3996 esse

114 4024 511 4095 significatum.
542 4026 818 4098 Agebatur
844 4029 987 4082 enim
1040 4027 1105 4083 de
1151 4027 1444 4099 sapientia,
1490 4030 1631 4086 unde
1659 4032 1730 4088 sit

114 4117 163 4172 in
184 4116 519 4174 hominibus
547 4135 562 4174 :
588 4118 726 4187 Quia
745 4134 844 4173 non
869 4136 931 4174 ea:
958 4132 1164 4174 numero
1189 4130 1460 4188 annorum,
1489 4123 1579 4176 sed
1599 4121 1727 4194 Spi-

116 4210 259 4279 ritu,
293 4210 520 4282 inquit,
550 4218 627 4265 est
645 4212 700 4265 in
724 4210 1030 4280 hominibus;
1056 4212 1303 4284 aspiratio
1327 4221 1499 4267 autem
1540 4212 1726 4269 Omni-

116 4303 338 4372 potatis
360 4309 441 4358 est
475 4303 753 4375 quedam
781 4290 1072 4378 (Job—xxx"
1094 4347 1108 4372 ,
1141 4304 1195 4375 7,
1219 4304 1274 4375 8,
1295 4321 1398 4362 sec.
1418 4304 1587 4380 LXX)
1622 4325 1637 4363 :
1669 4317 1730 4365 ut

114 4394 526 4469 intelligeretur
546 4394 651 4454 ista
677 4394 1021 4467 repetitione,
1044 4410 1149 4454 nan
1172 4412 1230 4455 se
1256 4397 1323 4455 de
1342 4400 1532 4471 spiritu
1552 4400 1728 4458 homi-

114 4488 191 4546 ὡ
208 4488 454 4556 dixisse,
470 4489 616 4559 quod
644 4484 738 4556 ait,
760 4484 983 4557 Spiritus
1005 4500 1077 4546 est
1103 4486 1158 4545 in
1184 4490 1487 4547 hominibus.
1501 4488 1731 4551 Volebat

115 4580 253 4637 enim
281 4576 593 4636 ostendere
624 4578 768 4637 unde
784 4578 1018 4642 habeant
1045 4582 1381 4655 sapientiam,
1412 4583 1535 4656 quia
1562 4596 1668 4640 non
1695 4600 1728 4642 a

114 4684 173 4726 se
213 4671 390 4744 ipsis;
425 4678 481 4727 et
506 4671 805 4742 repetendo
830 4670 883 4728 id
927 4675 1173 4744 exposuit
1214 4674 1435 4745 dicens,
1467 4675 1727 4744 Aspiratio

121 4760 505 4839 Omnipotentis
541 4772 617 4820 est
640 4778 755 4836 qua
794 4764 955 4822 docet.
987 4764 1118 4823 item
1140 4768 1264 4843 alio
1294 4766 1413 4829 loco
1454 4770 1508 4826 in
1536 4770 1727 4829 eodem

118 4854 246 4911 Ebro
264 4898 280 4922 ,
314 4853 638 4911 Intellectus
658 4898 674 4925 ,
704 4852 909 4935 inquit,
936 4856 1189 4913 (abiaram
1216 4875 1441 4916 meorum
1489 4879 1619 4935 pura
1646 4863 1728 4920 in-

118 4942 293 5018 tdﬁgit
314 4961 337 5002 :
370 4942 613 5018 Spiritus
655 4946 857 5003 divinus
881 4946 969 5022 qui
996 4948 1114 5021 fecit
1140 4962 1219 5006 me
1239 4992 1255 5018 ,
1286 4951 1530 5024 aspiratio
1558 4964 1728 5012 autem

120 5037 509 5109 (impotentis
530 5079 549 5107 ,
597 5056 713 5111 quas
750 5040 892 5096 docet
929 5058 1008 5099 me
1040 5040 1163 5116 (Id.
1192 5056 1386 5115 χχχιιι,
1424 5038 1493 5116 3,
1524 5042 1595 5117 4,
1624 5065 1725 5104 νο.

116 5126 300 5204 ιιι).
335 5128 419 5188 Et
442 5130 535 5188 hic
575 5130 721 5215 quod
766 5133 875 5203 ait,
905 5134 1148 5209 aspiratio
1172 5179 1187 5204 ,
1213 5140 1297 5196 vel
1327 5140 1642 5212 inspiratio.
1671 5144 1729 5201 in

114 5234 286 5292 grano
314 5232 412 5280 est
442 5235 565 5285 «nni
583 5265 603 5293 ,
632 5223 723 5298 qui
755 5222 807 5280 in
829 5222 934 5281 illis
954 5214 1229 5303 propincus
1250 5230 1430 5287 verbis
1458 5232 1728 5308 interpre-

115 5320 251 5372 tatus
280 5325 399 5384 est,
432 5313 619 5373 ﬂatus.
653 5316 1010 5387 Quamobrem
1039 5336 1159 5377 cum
1190 5332 1391 5381 temere
1412 5339 1637 5398 negetur
1659 5328 1729 5386 de

115 5409 291 5464 anima
336 5406 586 5464 hominis
614 5406 702 5466 vel
747 5409 817 5466 de
855 5414 1045 5487 spiritu
1074 5413 1305 5471 hominis
1351 5434 1471 5483 esse
1496 5419 1724 5489 dictum,

119 5494 213 5562 Qui
239 5499 337 5553 dat
363 5500 562 5572 ﬂatum
600 5501 795 5573 pottqu
822 5520 976 5574 super
1002 5522 1113 5561 eam
1136 5548 1152 5573 ,
1184 5516 1231 5563 et
1258 5510 1494 5581 spiritum
1519 5514 1726 5570 calcan-

118 5586 244 5645 βυ
265 5606 431 5657 eam;
457 5593 711 5662 quamvis
738 5594 811 5650 ibi
845 5605 901 5651 et
922 5594 1152 5666 Spiritus
1179 5610 1395 5658 sanctus
1420 5604 1588 5661 multo
1610 5621 1730 5663 cre-

119 5678 341 5740 dibilius
385 5685 568 5756 possit
593 5686 816 5758 intelligi
849 5704 992 5763 :qua
1033 5691 1246 5749 tandem
1272 5696 1476 5753 ratione
1514 5698 1729 5756 audebit

1501 5828 1727 5944 tempore.

1513 404 1717 473 LIBER
1754 400 2025 477 PRiMUS.

3339 424 3450 500 ait

1853 528 2044 601 aliquis
2095 524 2350 604 delinire,
2393 533 2628 596 animam
2659 518 2755 605 vei
2790 536 3062 616 spiritum,
3096 550 3200 622 quo
3252 552 3440 614 natura

1851 630 2046 716 nostra,
2073 625 2238 716 vivit,
2280 627 2401 684 loco
2442 628 2535 688 illo
2578 630 2811 691 voluisse
2852 634 3156 711 significare
3198 635 3429 716 1³ιόρῆιὲ-

1854 724 1959 771 tam
1996 717 2014 750 ί
2033 714 2215 775 ἵϐιιηι
2245 716 2488 791 proiecto
2517 725 2563 780 si
2599 728 2939 797 apertissime
2957 726 3188 801 diceret,
3220 714 3323 804 Qui
3350 736 3454 796 dat

1854 806 2085 862 animam
2113 810 2311 881 populo
2338 820 2500 884 super
2529 821 2746 882 terram,
2778 814 2959 876 adhuc
2979 816 3326 894 quaerendum
3352 843 3441 886 csa

1851 906 1960 965 set,
1984 904 2159 953 utrum
2185 908 2301 956 eam
2332 894 2472 959 Dens
2502 912 2568 960 ex
2612 906 2823 978 origine
2838 915 3189 979 prteccdentis
3228 920 3445 990 generis

1850 988 1967 1059 ipse
1992 988 2087 1084 det
2102 1033 2116 1058 ,
2147 992 2282 1049 sicut
2304 1006 2368 1050 ex
2399 990 2607 1068 origine
2638 1000 2993 1070 praecedentis
3013 988 3256 1079 generis,
3285 1010 3443 1084 ipse"

1850 1089 2027 1137 tamen
2055 1076 2145 1139 dat
2172 1084 2388 1157 corpus,
2422 1100 2525 1145 non
2553 1090 2723 1147 Solum
2755 1092 2961 1151 homini
2983 1076 3074 1154 aut
3102 1076 3278 1170 pecori
3339 1100 3445 1164 sed

1848 1172 2006 1228 etiam
2029 1175 2218 1230 semini
2241 1176 2433 1246 tritici,
2461 1190 2553 1236 aut
2572 1180 2795 1254 alicujus
2832 1186 3151 1245 dmterorum
3170 1172 3442 1264 quomodo

1847 1265 2075 1321 voluerit
2105 1278 2123 1321 :
2152 1284 2216 1322 an
2256 1284 2384 1327 vero
2409 1282 2605 1329 novant
2624 1317 2641 1344 ,
2672 1274 2813 1334 sicut
2853 1272 3016 1337 litium
3046 1282 3250 1353 primus
3277 1294 3434 1346 accea

1846 1354 1957 1426 pit,
1987 1356 2237 1415 instiliiet.

1917 1446 2007 1504 20.
2036 1444 2172 1506 Sunt
2197 1451 2359 1507 etiam
2400 1453 2498 1525 qui
2523 1452 2636 1515 haec
2672 1458 2839 1517 νει-ω·
2869 1458 3189 1536 prophetica
3224 1464 3306 1526 sic
3351 1468 3434 1529 iti-

1845 1537 2124 1634 tclligatt‘t,
2170 1550 2233 1597 ut
2282 1544 2424 1615 quod
2470 1544 2575 1616 ait,
2620 1548 2777 1607 Dedit
2819 1550 3003 1625 ﬂatum
3050 1560 3247 1632 populo
3280 1562 3443 1634 super

1845 1644 1956 1684 eam
1977 1672 1992 1698 ,
2021 1626 2075 1687 id
2120 1640 2204 1689 est
2221 1677 2236 1702 ,
2268 1644 2435 1708 super
2462 1642 2658 1697 terram
2677 1684 2695 1711 ,
2722 1654 2837 1699 non
2876 1642 2980 1704 nisi
3007 1626 3245 1707 animum
3267 1626 3441 1712 velint

1844 1718 2014 1792 accipi
2056 1720 2241 1783 uatum
2267 1740 2285 1781 :
2311 1718 2458 1798 quod
2493 1738 2623 1787 vero
2662 1733 2937 1805 adiuuit,
2965 1740 3014 1793 et
3038 1740 3285 1811 spiritum
3320 1744 3435 1801 εαιει

1842 1812 2070 1872 cantibus
2090 1829 2218 1887 eam,
2252 1818 2509 1892 Spiritum
2528 1832 2771 1884 sanctum
2791 1826 3151 1902 signiﬁcatum
3170 1833 3441 1896 arbitretur

1844 1912 1930 1961 tur
1956 1924 1972 1962 :
2000 1907 2091 1965 illo
2115 1908 2320 1968 scilicet
2358 1912 2566 1983 ordine,
2595 1928 2703 1989 quo
2730 1924 2786 1975 et
2806 1918 3092 1993 Apostolus
3119 1924 3278 1998 dicit,
3306 1926 3439 1989 Noti

1844 2000 2081 2098 primmn
2100 2004 2243 2098 quodr
2257 2006 2533 2079 spirituale
2553 2020 2653 2098 ext,
2681 2015 2776 2070 sed
2793 2019 2933 2087 quod
2953 2018 3204 2091 animale:
3222 2024 3430 2098 postea,

1841 2093 2109 2163 spirituale
2134 2095 2181 2170 (ι
2197 2096 2314 2154 Cor.
2348 2110 2437 2169 xv,
2460 2100 2574 2176 to).
2595 2094 2730 2161 Nam
2755 2102 2824 2164 ei
2852 2106 2953 2166 liae
2972 2093 3285 2185 prophetica
3307 2093 3433 2176 seu;

1845 2186 2010 2278 tentia
2026 2185 2193 2278 etiam
2216 2186 2436 2263 elegans
2465 2192 2559 2250 ille
2582 2202 2774 2255 Senms
2801 2201 3151 2275 “sculpitur,
3174 2204 3325 2278 Quod
3355 2206 3435 2266 na

1841 2275 2070 2368 dixerit,
2093 2277 2405 2339 calcantibus
2432 2298 2563 2353 eam,
2592 2295 2655 2343 ut
2686 2286 2854 2348 vellet
2890 2289 3111 2368 intelligi
3133 2340 3150 2366 ,
3177 2275 3433 2358 (lanterna

1841 2362 2090 2426 nem'ibus
2110 2384 2250 2463 eam.
2292 2373 2397 2444 Qui
2422 2377 2566 2433 enim
2592 2380 2861 2452 accipiuntI
2877 2362 3145 2455 Spiritum
3159 2394 3423 2463 sanctum,

1840 2473 2025 2518 amore
2071 2462 2371 2523 caelestium
2429 2479 2637 2528 terrena
2683 2478 3049 2534 contemnunt.
3103 2474 3205 2538 fiat
3240 2494 3434 2543 omnes

1839 2554 2120 2648 sentcntiae
2150 2568 2271 2648 non
2311 2569 2435 2617 sunt
2477 2572 2662 2619 contra
2712 2562 2912 2648 ﬁdem:
2945 2571 3067 2627 sive
3105 2578 3425 2648 utrimque,

1839 2646 1893 2703 id
1921 2659 2037 2719 est,
2066 2659 2120 2707 et
2140 2644 2324 2709 flatum
2366 2658 2421 2712 et
2448 2652 2692 2727 spiritum
2736 2644 2831 2731 qui
2871 2662 3105 2733 pertinet
3138 2666 3206 2723 ad
3231 2644 3426 2726 lin—ma;

1838 2754 1961 2795 nam
1992 2751 2232 2831 naturam
2257 2783 2273 2811 ,
2305 2746 2530 2817 quisque
2569 2746 2831 2823 intelligat
2854 2766 2873 2820 ;
2896 2748 3315 2831 sive‘utrumque
3340 2760 3425 2817 di-

1837 2836 1981 2887 ctum
2028 2830 2256 2906 accipiat
2283 2835 2357 2892 de
2378 2832 2579 2909 Spiritu
2625 2849 2843 2909 sancto;
2871 2845 2983 2902 sive
3008 2847 3189 2904 ﬂatum
3216 2830 3285 2907 ad
3310 2852 3427 2908 ani-

1835 2934 1999 2993 mam,
2027 2922 2272 2997 Spiritum
2292 2942 2421 2985 vero
2442 2930 2516 2985 ad
2533 2926 2795 3003 Spiritum
2815 2944 3064 2992 sanctum
3086 2938 3299 2999 referat.
3317 2942 3428 3001 sed

1834 3016 1885 3071 si
1906 3014 2083 3072 anima
2112 3026 2167 3074 et
2212 3018 2431 3105 spiritus
2459 3016 2688 3079 hominis
2716 3031 2772 3079 et
2793 3024 2878 3082 hic
2903 3024 3276 3101 intelligendus
3301 3042 3420 3105 est,

1835 3109 1973 3164 sicut
2021 3120 2133 3164 non
2173 3104 2522 3167 dubitandum
2560 3120 2647 3170 est
2685 3115 2827 3187 quod
2877 3124 3001 3173 eum
3032 3118 3172 3178 Deus
3200 3124 3327 3193 dat;
3351 3104 3429 3184 ita

1834 3200 2179 3272 quaerendum
2204 3200 2287 3259 eSt
2314 3203 2493 3261 adhuc
2520 3204 2660 3261 unde
2679 3205 2789 3275 det,
2812 3208 2991 3265 utrum
3014 3222 3082 3267 ex
3100 3215 3420 3286 propagine,

1839 3293 1976 3349 sicut
2013 3292 2127 3364 ipse
2165 3294 2383 3366 quidem
2413 3294 2540 3366 dat,
2570 3298 2669 3355 sed
2692 3307 2875 3356 tamen
2912 3312 2979 3358 ex
3017 3306 3310 3378 propagine
3333 3306 3431 3366 dat

1833 3387 2076 3458 corporis
2114 3386 2396 3457 membra;
2424 3402 2493 3444 an
2521 3402 2649 3447 vero
2682 3403 2876 3448 novum
2897 3435 2913 3460 ,
2943 3400 3119 3467 neque
3157 3408 3428 3473 propaga-

1834 3486 1948 3536 tum
1979 3476 2204 3552 singulis
2229 3474 2552 3541 insuiliando
2589 3482 2875 3542 distribuat
2905 3503 2918 3541 :
2950 3486 3095 3559 Quod
3113 3502 3217 3546 non
3247 3492 3422 3550 ambi-

1832 3588 1956 3644 gua,
1988 3574 2126 3630 sicut
2174 3572 2273 3630 iste
2303 3574 2430 3631 facit
2451 3618 2468 3644 ,
2510 3574 2606 3634 sed
2645 3578 2821 3652 aliqua
2844 3578 3141 3640 certissima
3179 3584 3427 3647 volumus

1832 3664 2132 3722 divinorum
2158 3666 2491 3739 eloquiorum
2522 3672 2841 3729 auctoritate
2857 3670 3101 3731 defendi.

1900 3757 1992 3814 21.
2015 3757 2217 3814 Eadem
2238 3759 2444 3816 ratione
2469 3771 2628 3817 Pllam
2658 3765 2801 3834 quod
2848 3764 2977 3821 dicit
3005 3766 3165 3836 Deus,
3197 3768 3431 3835 Spiritus

1832 3849 1964 3905 enim
1991 3867 2023 3904 a
2040 3867 2120 3905 me
2144 3849 2306 3920 exiet,
2338 3861 2387 3907 et
2404 3849 2601 3907 onmem
2626 3850 2807 3924 ﬂatum
2828 3872 2920 3930 ego
2948 3860 3050 3931 feci
3073 3858 3239 3934 (Isai.
3270 3878 3379 3920 Lm
3400 3881 3440 3935 ,-

1832 3941 1923 4015 16)
1953 3941 2057 3997 :de
2080 3940 2278 4012 Spiritu
2305 3943 2518 4014 quidem
2547 3952 2732 4001 sancto
2760 3944 3128 4021 accipiendum
3167 3964 3250 4009 est
3277 3950 3427 4026 quod

1831 4030 1938 4101 ait,
1972 4028 2199 4104 Spiritus
2235 4050 2268 4088 a
2295 4051 2375 4089 me
2420 4036 2588 4101 exiet;
2616 4037 2684 4094 de
2730 4052 2837 4110 quo
2866 4050 2921 4097 et
2955 4036 3201 4101 SalVator
3225 4045 3333 4114 ait,
3377 4049 3423 4105 Δ

1833 4124 1992 4184 Patre
2020 4128 2243 4201 procedit
2270 4128 2449 4203 (Joan.
2480 4148 2551 4188 xv
2569 4173 2585 4202 ,
2612 4130 2705 4207 26)
2735 4153 2748 4190 :
2777 4132 2876 4191 sed
2901 4139 3045 4209 quod
3071 4134 3270 4195 dictum
3299 4148 3382 4198 est
3402 4185 3419 4211 ,

1836 4218 2048 4280 Omnem
2084 4222 2267 4293 ﬂatum
2304 4240 2395 4296 ego
2441 4224 2574 4299 feci,
2622 4224 2692 4283 de
2721 4226 2865 4283 omni
2893 4226 3070 4291 anima
3099 4226 3299 4288 dictum
3322 4242 3423 4291 ne-

1830 4312 1944 4385 gari
1974 4330 2079 4368 non
2124 4323 2319 4384 potest.
2366 4310 2471 4373 Sed
2500 4326 2661 4374 omne
2695 4318 2858 4374 etiam
2883 4330 3078 4392 cerpus
3106 4322 3223 4393 ipse
3248 4320 3378 4381 facit
3404 4338 3428 4381 τ

1831 4402 1979 4475 quod
2003 4411 2180 4461 autem
2224 4421 2290 4461 ex
2334 4409 2624 4480 propagine
2660 4422 2857 4482 corpus
2897 4406 3191 4470 humanum
3226 4408 3430 4485 faciat,

1830 4497 2010 4553 nullus
2037 4498 2275 4569 ambigit.
2304 4499 2381 4557 Ac
2410 4515 2507 4570 per
2542 4499 2643 4557 hoc
2682 4502 2751 4559 de
2783 4488 2979 4571 anima,
3002 4520 3124 4561 cum
3150 4522 3425 4566 eamcon-

1833 4596 1938 4645 stct
1959 4586 2027 4644 ab
2070 4588 2161 4647 illo
2187 4588 2332 4657 ﬁeri,
2361 4588 2503 4648 unde
2530 4604 2651 4649 eam
2695 4590 2850 4650 faciat
2869 4636 2884 4665 ,
2914 4602 3093 4653 utrum
3121 4608 3191 4654 et
3214 4608 3419 4673 prom-

1832 4680 1956 4753 gine
1980 4682 2117 4737 sicut
2137 4698 2334 4760 corpus
2354 4726 2370 4752 ,
2403 4699 2472 4739 an
2493 4681 2811 4747 insuillando
2837 4686 2976 4745 sicut
2999 4684 3226 4761 primam
3253 4690 3379 4750 fecit
3403 4722 3422 4765 δ

1831 4773 2007 4831 adhuc
2035 4772 2218 4847 utique
2246 4776 2624 4849 requirendum
2652 4786 2755 4836 est.

1902 4864 1994 4923 22.
2024 4866 2235 4939 Adjecit
2258 4869 2418 4925 etiam
2454 4871 2675 4927 tertium
2716 4868 3074 4931 testimonium
3094 4917 3109 4943 ,
3138 4874 3259 4948 quia
3283 4874 3423 4934 scri-

1832 4968 1981 5032 ptum
2027 4969 2145 5028 est,
2172 4958 2275 5030 Qui
2296 4961 2441 5033 ﬁngit
2482 4962 2714 5033 spiritum
2759 4964 2973 5021 hominis
3001 4965 3053 5021 in
3084 4967 3193 5037 ipso
3223 4966 3421 5042 (Zach.

1834 5067 1912 5109 xu
1932 5094 1945 5117 ,
1970 5049 2046 5123 l).
2077 5050 2239 5123 Quasi
2266 5050 2370 5109 hoc
2388 5062 2614 5126 negetur
2637 5071 2653 5109 :
2679 5053 2778 5111 sed
2803 5055 2943 5113 unde
2963 5070 3083 5113 eum
3112 5054 3296 5131 tingat,
3322 5058 3425 5118 hoc

1833 5144 2107 5219 quaeritur.
2130 5143 2261 5200 Nam
2283 5154 2338 5200 et
2352 5142 2683 5218 corporalem
2703 5147 2934 5206 hominis
2960 5152 3168 5206 oculum
3199 5152 3317 5223 quis
3336 5153 3421 5209 ni-

1834 5232 1881 5292 si
1900 5234 2038 5292 Deus
2059 5234 2249 5307 lingit?
2266 5234 2334 5292 Et
2355 5247 2483 5308 puto
2503 5240 2646 5310 quod
2667 5254 2772 5296 non
2798 5251 2965 5308 extra,
2986 5240 3083 5299 sed
3108 5243 3163 5299 in
3190 5244 3303 5315 ipso
3321 5240 3423 5317 (a);

1834 5334 1891 5384 et
1915 5336 2093 5384 tamen
2112 5369 2130 5398 ,
2159 5336 2219 5385 ut
2242 5339 2448 5386 certum
2476 5339 2586 5402 est,
2615 5347 2681 5388 ex
2714 5335 3025 5406 propagine.
3062 5334 3199 5391 Cum
3220 5348 3351 5407 ergo
3369 5344 3425 5391 et

1832 5419 2078 5491 spiritum
2125 5419 2363 5480 hominis
2400 5422 2455 5477 in
2496 5420 2616 5494 ipso
2662 5422 2857 5495 ﬁngat,
2904 5426 3249 5495 quaerendum
3296 5435 3381 5482 est
3402 5465 3422 5496 ,

1834 5522 2011 5570 utrum
2058 5527 2194 5570 nova
2220 5513 2620 5585 insultatione,
2652 5530 2721 5573 an
2758 5526 2988 5574 tractum
3015 5534 3080 5573 ex
3109 5520 3421 5592 propagine.

1899 5630 2436 5699 {sicka
2462 5632 2549 5683 ille
2592 5630 2747 5694 locus,
2783 5631 2981 5684 αιάάίι
3220 5633 3425 5699 Λιβύν

2247 5938 2416 6005 ma.
