3938 6530
462 415 563 478 48⁵1

538 528 629 584 25.
665 521 918 580 Novimus
957 514 1116 570 etiam
1166 504 1589 563 Macbabaaorum
1633 498 1884 569 juvenum
1935 509 2052 550 ma-

470 631 627 686 trem,
659 611 1017 670 fecundiorem
1047 599 1329 658 virtutibus
1358 593 1570 666 quando
1601 591 1694 648 filii
1733 588 1874 661 passi
1907 592 2054 652 sunt,

1354 387 1441 443 DE
1479 382 1686 442 ANIMA
1730 379 1814 436 ET
1857 375 2020 434 EJUS
2056 370 2356 440 ORIGINE,
2396 373 2453 430 S.
2493 368 2866 430 AUGUSTINI

2167 488 2222 542 in
2250 488 2366 558 ejus
2395 497 2602 543 uterum
2633 487 2905 553 venerint;
2935 485 3058 556 quia
3093 484 3161 540 de
3191 483 3306 540 viro
3349 497 3444 541 eos
3467 498 3528 540 se
3553 496 3740 540 conce-

2167 581 2304 650 pisse
2331 578 2573 634 dubitare
2597 594 2704 632 non
2737 587 2962 648 poterat.
2989 576 3352 632 Confitebatur
3386 576 3546 632 etiam
3565 616 3585 644 ,
3614 577 3734 648 quia

471 668 630 784 quam
662 705 852 762 fetibus
875 696 1088 771 quando
1115 692 1226 748 nati
1269 695 1396 746 sunt
1416 728 1430 753 ,
1459 701 1553 742 eos
1579 684 1656 740 sic
1674 683 1839 738 fuisse
1864 679 2059 734 adhor-
2163 681 2218 728 et
2246 672 2347 728 hoc
2373 672 2554 744 utique
2580 671 2801 738 sciebat,
2827 669 2970 742 quod
2996 669 3137 724 Deus
3161 669 3264 723 illis
3292 668 3524 722 animam
3558 676 3613 723 et
3635 668 3738 738 spi-

1185 783 1190 784 κ
1379 780 1392 784 -
1665 775 1676 784 -
1876 773 1886 784 .
1925 772 1953 784 .-
2013 770 2024 782 .
2259 783 2262 784 ν
2307 783 2316 784 ,
2372 766 2421 784 ._
2638 763 2769 784 μ-)
2803 763 2912 784 ευ,
2957 762 3059 784 ειη,
3090 761 3264 784 ___..___
3297 771 3344 784 Α.
3374 761 3610 784 μηδ--
3638 759 3714 784 ρ.-

473 770 636 859 tatam
661 841 675 862 ,
716 803 774 852 ut
797 770 1002 848 diceret
1027 804 1042 842 :
1073 783 1228 852 Filii,
1257 780 1424 837 nescio
1458 775 1708 850 quomodo
1738 772 1978 846 paruistis
2007 770 2062 824 in

473 900 692 950 ventrem
729 904 897 944 meum
918 887 958 938 ¹.
993 882 1173 953 Neque
1213 876 1348 933 enim
1385 888 1474 944 ego
1511 869 1743 941 spiritum
1764 875 1811 920 et
1840 865 2064 918 animam

476 983 659 1039 donavi
686 980 852 1045 vobis,
878 993 968 1033 nec
989 972 1202 1044 singulis
1229 966 1366 1024 vobis
1393 963 1556 1020 vultus
1594 971 1640 1017 et
1681 957 1903 1013 membra
1950 959 2060 1027 for-

475 1076 607 1131 mavi
641 1090 660 1128 :
687 1071 774 1128 sed
807 1069 942 1124 Deus
965 1067 1052 1139 qui
1078 1063 1192 1138 fecit
1221 1059 1470 1114 mundum
1491 1064 1540 1110 et
1583 1053 1749 1108 omnia
1776 1064 1889 1120 qua:
1924 1047 1978 1100 in
2009 1062 2065 1101 eo

477 1177 630 1232 sunt,
677 1164 889 1235 fecitque
929 1137 1189 1214 hominum
1246 1167 1438 1226 genus,
1488 1155 1536 1200 et
1583 1143 1808 1198 omnium
1862 1137 2068 1209 inquirit

480 1231 688 1316 actum;
713 1299 730 1324 ,
757 1231 937 1325 et-ipse
981 1250 1120 1306 vobis
1146 1245 1380 1316 spiritum
1423 1248 1470 1294 et
1496 1238 1718 1292 animam
1753 1231 1928 1286 reddet
1956 1245 2070 1283 cum

483 1371 666 1426 magna
693 1322 1039 1406 misericordia
1065 1340 1132 1413 (ll
1160 1335 1400 1394 Machab.
1426 1347 1527 1396 VII,
1557 1329 1648 1396 22,
1677 1325 1792 1396 2'5).
1816 1322 2071 1378 Novimus

483 1411 600 1506 haec
628 1443 877 1517 quidem;
908 1436 1002 1494 sed
1048 1411 1172 1489 huic
1211 1424 1480 1500 quomodo
1521 1420 1878 1490 suffragentur
1921 1413 1988 1468 ad
2020 1411 2072 1468 id

488 1538 628 1610 quod
645 1509 845 1592 asserit
861 1573 877 1600 ,
904 1544 1012 1585 non
1036 1524 1296 1580 videmus.
1326 1518 1457 1588 Quis
1481 1515 1623 1571 enim
1648 1509 2073 1568 Christianorum

489 1637 647 1700 neget
676 1628 845 1682 Deum
863 1598 1082 1678 donare
1104 1612 1412 1671 hominibus
1437 1608 1670 1664 animam
1709 1611 1764 1658 et
1789 1598 2075 1672 spiritum?

491 1721 598 1779 Sed
627 1718 816 1776 eodem
861 1713 1023 1770 modo
1051 1707 1300 1767 existimo
1349 1705 1508 1760 istum
1543 1710 1738 1769 negare
1763 1708 1870 1749 non
1894 1703 2072 1763 posse,

493 1815 661 1871 Deum
699 1809 899 1864 donare
926 1800 1229 1859 hominibus
1271 1796 1506 1866 linguam
1531 1831 1546 1858 ,
1577 1802 1761 1844 aurem
1787 1826 1804 1854 ,
1825 1797 2040 1840 manum
2059 1823 2076 1851 ,

493 1905 684 1979 pedem
707 1945 723 1970 ,
766 1911 1059 1968 omnesque
1095 1891 1336 1960 corporis
1374 1898 1562 1944 sensus
1600 1891 1656 1939 et
1697 1881 1934 1936 omnium
1965 1877 2078 1934 for-

495 2013 638 2056 mam
669 2003 1022 2062 naturamque
1065 1984 1450 2042 membrorum.
1493 1974 1774 2047 Quomodo
1795 1973 1938 2030 enim
1967 1971 2083 2027 haec

498 2089 596 2146 Dei
622 2088 764 2144 dona
788 2098 910 2140 esse
931 2087 1217 2152 negaturus
1241 2083 1346 2139 est,
1375 2071 1476 2126 nisi
1504 2084 1563 2124 se
1591 2066 1936 2122 obliviscatur
1965 2077 2083 2118 esse

496 2173 884 2237 christianum?
903 2151 1021 2228 Sed
1059 2169 1198 2226 sicut
1234 2171 1445 2222 constat
1487 2176 1554 2216 ex
1581 2156 1872 2231 propagine
1904 2154 1972 2209 ab
1993 2151 2085 2208 illo

497 2274 617 2330 haec
664 2269 780 2326 fieri
819 2276 980 2337 atque
1018 2260 1206 2324 donari
1235 2258 1348 2313 :ita
1384 2251 1733 2326 quaerendum
1771 2255 1854 2304 est
1881 2246 2043 2302 etiam
2066 2285 2084 2313 ,

499 2364 716 2438 spiritus
757 2368 813 2416 et
845 2357 1023 2414 anima
1065 2349 1299 2409 hominis
1345 2345 1488 2402 unde
1511 2343 1580 2398 ab
1615 2342 1707 2396 illo
1734 2337 2018 2404 efficiatur,
2049 2351 2083 2390 a

499 2432 607 2530 quo
629 2452 898 2511 efﬁciente
941 2448 1200 2508 donatur;
1228 2449 1407 2496 utrum
1446 2452 1512 2494 ex
1549 2432 1858 2506 parentibus
1882 2471 1897 2496 ,
1931 2443 1996 2482 an
2021 2443 2090 2484 ex

501 2523 703 2613 nihilo;
731 2559 798 2599 an
823 2540 962 2612 quod
984 2539 1084 2594 iste
1112 2535 1346 2590 affirmat
1365 2572 1380 2597 ,
1408 2528 1504 2586 sed
1537 2525 1682 2583 omni
1709 2523 1869 2580 modo
1896 2535 2092 2577 caven-

501 2640 627 2696 dum
658 2645 740 2692 est
760 2675 777 2702 ,
809 2649 874 2690 ex
904 2631 1080 2701 aliqua
1103 2629 1262 2683 ﬂatus
1284 2623 1400 2694 ejus
1431 2620 1698 2678 existente
1719 2623 1910 2672 natura
1935 2655 1951 2681 ,
1982 2627 2088 2667 non

501 2733 571 2789 de
596 2730 762 2786 nihilo
780 2735 977 2792 creata,
1000 2722 1096 2780 sed
1121 2721 1190 2778 de
1211 2721 1346 2790 ipso.

439 2819 450 2828 ’
574 2820 800 2880 CAPUT
826 2817 944 2874 XV.
965 2845 1036 2856 —
1052 2813 1144 2870 24.
1171 2811 1305 2868 Cum
1333 2808 1494 2879 igitur
1518 2803 1911 2874 Scripturarum
1941 2797 2094 2854 testi-

505 2915 683 2972 monia
706 2925 825 2982 quae
843 2909 1250 2968 commemorat,
1272 2911 1608 2970 nequaquam
1631 2895 1858 2950 doceant
1879 2891 1928 2946 id
1951 2888 2093 2962 quod

503 3003 828 3079 persuadere
853 3007 1076 3057 conatur
1103 2993 1286 3070 (quod
1309 2991 1452 3048 enim
1477 2986 1546 3044 ad
1577 2988 1714 3042 hanc
1743 2983 2092 3055 quaestionem

505 3071 715 3162 attinet,
746 3093 967 3149 omnino
993 3105 1100 3144 non
1129 3081 1488 3155 exprimunt);
1517 3078 1643 3150 quid
1665 3085 1750 3133 est
1775 3073 1916 3146 quod
1944 3071 2089 3138 dicit,

505 3189 742 3244 Animam
766 3201 829 3240 ex
852 3185 982 3255 ﬂatu
1002 3179 1099 3234 Dei
1123 3183 1412 3232 constanter
1441 3171 1710 3227 asserimus
1726 3208 1742 3234 ,
1771 3183 1874 3222 non
1900 3181 1962 3220 ea:
1987 3171 2096 3218 tra-

506 3282 660 3347 duce,
687 3278 808 3351 quia
831 3290 894 3330 ea:
921 3272 1030 3326 Deo
1056 3269 1250 3324 datur?
1279 3265 1441 3334 Quasi
1465 3275 1660 3332 corpus
1688 3275 1755 3316 ex
1783 3259 1890 3314 alio
1919 3257 2094 3323 detur,

507 3387 666 3444 quam
692 3384 759 3426 ex
788 3367 878 3422 illo
905 3380 938 3421 a
967 3378 1073 3436 quo
1098 3367 1331 3424 creatur,
1354 3373 1420 3414 ex
1441 3369 1547 3427 quo
1568 3352 1747 3408 omnia
1768 3392 1786 3419 ,
1816 3365 1911 3422 per
1937 3361 2096 3420 quem

507 3441 708 3528 omnia,
738 3461 792 3516 in
820 3471 926 3530 quo
953 3455 1130 3511 omnia
1157 3450 1333 3526 (Rom.
1360 3464 1436 3513 XI,
1469 3445 1562 3516 56)
1585 3462 1600 3500 :
1624 3441 1867 3514 quamvis
1897 3455 2002 3494 non
2031 3454 2096 3496 ex

509 3555 627 3626 ejus
641 3561 849 3616 natura,
869 3546 964 3603 sed
981 3561 1043 3602 ex
1059 3543 1174 3613 ejus
1186 3539 1418 3612 opiﬁcio.
1439 3535 1620 3610 Neque
1637 3549 1698 3588 ea:
1709 3532 1892 3596 nihilo,
1905 3530 2096 3601 inquit,

508 3625 628 3720 quia
646 3661 709 3702 ea:
729 3643 834 3696 Deo
857 3637 1214 3714 proﬁciscitur.
1233 3633 1344 3688 Hoc
1365 3631 1522 3701 plane
1538 3642 1643 3682 non
1665 3625 1840 3680 adhuc
1854 3637 2102 3694 quaeren-

509 3719 636 3794 dum
655 3746 955 3798 monemus,
979 3737 1156 3784 utrum
1185 3727 1256 3781 ita
1282 3724 1388 3778 sit:
1413 3719 1508 3776 sed
1537 3732 1754 3790 prorsus
1777 3730 1961 3770 verum
1993 3728 2099 3768 non

511 3843 630 3890 esse
650 3825 791 3896 quod
810 3823 956 3888 dicit,
981 3821 1033 3876 id
1050 3827 1157 3888 est,
1187 3815 1328 3889 quod
1356 3814 1532 3869 anima
1562 3825 1662 3864 nec
1685 3823 1751 3864 ex
1769 3807 1985 3863 traduce
2010 3805 2098 3873 sit,

519 3934 620 3976 nec
641 3932 705 3974 ex
723 3913 1058 3980 nibilo;boc,
1077 3910 1314 3979 inquam,
1337 3919 1522 3960 verum
1551 3917 1656 3956 non
1683 3914 1803 3955 esse
1817 3899 1933 3954 sine
1957 3895 2104 3952 dubi-

514 4014 714 4068 tatione
735 4007 1029 4062 firmamus.
1047 4001 1224 4060 Unum
1255 4006 1339 4054 est
1364 3996 1508 4052 enim
1532 4009 1562 4049 e
1581 3992 1809 4058 duobus,
1832 3990 1874 4044 si
1901 4005 1966 4044 ex
1993 3997 2103 4042 tra-

519 4103 658 4160 duce
681 4115 790 4156 non
805 4107 908 4165 est,
926 4112 993 4153 ex
1013 4093 1180 4150 nihilo
1208 4100 1320 4156 est;
1339 4105 1408 4144 ne
1422 4089 1493 4143 ita
1509 4087 1580 4141 sit
1594 4101 1657 4140 ex
1677 4086 1807 4151 Deo,
1827 4092 1883 4138 ut
1899 4091 2103 4137 naturae

517 4195 587 4252 sit
613 4193 727 4262 Dei,
754 4189 897 4263 quod
921 4187 1140 4243 omnino
1165 4183 1484 4250 sacrilegum
1511 4187 1594 4233 est
1617 4175 1859 4232 credere.
1880 4172 1986 4229 Sed
2009 4173 2103 4228 ad-

518 4289 624 4346 huc
647 4294 824 4342 utrum
851 4296 958 4337 non
983 4278 1052 4334 sit
1076 4293 1142 4332 ex
1170 4273 1386 4331 traduce
1405 4312 1421 4340 ,
1450 4278 1595 4326 certa
1619 4265 1924 4324 testimonia
1950 4265 2102 4336 ﬂagi-

519 4393 696 4441 tamus
721 4387 816 4435 aut
841 4373 1128 4450 quaerimus
1155 4388 1168 4424 :
1197 4383 1305 4424 non
1331 4365 1510 4438 qualia
1541 4367 1644 4418 iste
1675 4359 1880 4432 posuit,
1913 4357 2104 4430 quibus

519 4463 623 4548 hoc
646 4471 788 4546 quod
815 4466 1103 4542 quaarimus
1129 4477 1232 4516 non
1257 4456 1580 4514 ostenditur.

588 4539 681 4626 25:
706 4564 810 4635 Qui
833 4539 1048 4618 utinam
1081 4557 1136 4612 in
1176 4560 1320 4608 tanta
1363 4545 1725 4622 profunditate
1761 4539 2103 4614 quaestionis,

521 4633 774 4738 quamdiu
801 4654 924 4728 quid
951 4652 1092 4707 dicat
1108 4649 1335 4718 ignorat,
1359 4641 1658 4697 imitaretur
1683 4633 2107 4690 Machabzeorum

523 4724 782 4809 matrem:
808 4724 928 4816 qua:
951 4758 1070 4800 eum
1097 4739 1258 4794 sciret
1285 4733 1353 4790 de
1375 4733 1492 4788 viro
1519 4745 1578 4786 se
1611 4728 1748 4782 filios
1774 4724 2104 4794 concepisse,

522 4855 580 4901 et
604 4857 636 4897 a
658 4815 912 4896 Creatore
939 4831 1175 4889 omnium
1195 4868 1211 4895 ,
1250 4826 1364 4882 sive
1403 4820 1695 4879 secundum
1734 4831 1927 4888 corpus
1946 4857 1960 4882 ,
1993 4815 2110 4870 sive

525 4929 816 4990 secundum
845 4923 1074 4980 animam
1104 4927 1160 4976 et
1191 4917 1432 4988 spiritum
1472 4911 1573 4968 sibi
1613 4917 1825 4965 creatos
1854 4921 2008 4974 esse,
2037 4905 2112 4960 ait

525 5036 742 5092 tamen,
783 5019 970 5076 Nescio
1008 5013 1258 5088 quomodo
1301 5007 1540 5080 paruistis
1579 5005 1632 5058 in
1667 5011 1886 5058 ventrem
1921 5017 2108 5055 meum.

527 5117 732 5174 Vellem
776 5115 874 5169 iste
907 5109 1138 5173 diceret,
1167 5103 1292 5175 quid
1337 5102 1435 5157 ista
1481 5095 1775 5154 nesciebat.
1807 5093 1932 5148 Haec
1968 5094 2110 5148 enim

527 5227 646 5286 quae
677 5207 805 5274 dixi,
834 5204 1013 5274 utique
1040 5199 1243 5256 sciebat
1261 5237 1275 5260 ,
1306 5191 1573 5265 quomodo
1599 5188 1890 5244 secundum
1917 5201 2114 5258 corpus

591 5331 608 5360 ι
623 5333 698 5376 Er.
711 5321 856 5385 Lugd.
883 5327 936 5369 et
958 5325 1075 5366 Ven.
1097 5315 1176 5385 hie
1185 5318 1236 5385 e_t
1249 5303 1692 5385 pauloposthnes‘cio
1706 5301 1948 5385 giﬁomodg'
1962 5315 2115 5366 σρρα-

529 5365 698 5442 ruistis
711 5365 807 5435 17:"
812 5365 972 5442 ventre
999 5365 1102 5427 meo
1117 5365 1342 5436 ;\’ulg'ata
1377 5365 1488 5419 huic
1511 5365 1738 5442 lectioni
1754 5367 1884 5442 favet
1905 5365 2109 5436 dicens,

722 5425 928 5510 (idaliter
947 5425 1178 5510 innuero
1193 5425 1313 5510 meo
1336 5509 1340 5510 ί
1350 5428 1746 5510 ςρρανυίδιὶεκέῑ
1779 5433 1920 5510 L9“,
1952 5425 2117 5510 nescio

531 5489 1006 5578 Wﬁa‘d'ﬁdiiiain
1029 5501 1080 5551 in
1099 5505 1310 5578 ventrem
1330 5489 1519 5578 meum;
1537 5505 1645 5578 eum
1667 5489 2110 5578 hacladuotatign'e:

539 5549 1289 5624 i'"s'i'o"oBB§EniE{-insnuscnpii
1322 5569 1416 5605 non
1449 5549 1540 5604 hoc
1561 5561 1744 5624 tantum
1767 5549 1900 5609 loco,
1931 5549 2020 5598 sed
2045 5551 2116 5622 in-

539 5613 1058 5704 iiiiiﬁiéiér'ea
1093 5613 1283 5696 duobus
1306 5633 1319 5669 :
1359 5630 1456 5690 qua
1477 5617 1868 5704 v.ersione.usum
1893 5613 2114 5704 Augusti-

831 5699 840 5704 -
918 5703 921 5704 ν
1099 5697 1200 5704 μ-..
1235 5687 1492 5704 ................
1519 5691 1542 5704 ..
1581 5687 1800 5704 nm-..“
1846 5685 2062 5704 “mm,

539 5677 956 5748 dudm—arbitror,
999 5694 1054 5737 ut
1076 5677 1546 5754 _quaa_septu'aginta
1574 5677 1812 5754 proxime
1829 5677 2114 5754 Δφερξςὶιηέξεξ

539 5733 864 5811 ZEBi'e'diiii
1215 5733 1459 5814 legiturf}
1487 5733 1677 5789 Graiam
1721 5735 1841 5786 fert:
1869 5733 1972 5786 ouk
2015 5733 2118 5786 oid’

661 5819 731 5871 eis
748 5809 1481 5886 W_W_€P"é"“‘£.’_‘9‘£““£;
1493 5814 1569 5886 ἕξ

599 5865 926 5946 ίῖἷεὲἷήδυω
945 5865 1154 5940 videtur,
1180 5875 1354 5924 ortwn.
1383 5877 1572 5920 Grtecus
1592 5867 1758 5925 habet,
1777 5865 1987 5928 génesin.

2167 767 2325 822 ritum
2363 765 2602 828 dederit,
2632 763 2772 834 quod
2803 763 2917 834 ipse
2957 762 3062 816 illis
3090 761 3268 818 vultus
3291 771 3348 817 et
3374 761 3616 818 membra
3637 759 3744 816 for-

2173 861 2414 916 maverit.
2446 859 2582 927 Quid
2612 873 2738 930 ergo
2770 857 3074 914 nesciebat?
3111 856 3194 912 An
3234 857 3369 914 forte
3406 857 3551 928 quod
3575 860 3746 914 nesei-

2175 967 2293 1008 mus
2319 961 2374 1009 et
2401 968 2500 1008 nos
2518 994 2532 1018 ,
2563 960 2740 1007 utrum
2769 950 3003 1006 animam
3036 957 3091 1006 et
3123 950 3399 1020 spiritum,
3421 965 3584 1020 quem
3613 951 3751 1006 Deus

2177 1046 2282 1102 illis
2301 1046 2418 1102 sine
2442 1045 2602 1100 dubio
2634 1043 2813 1110 dedit,
2844 1043 2909 1098 de
2935 1041 3245 1113 parentibus
3276 1042 3530 1110 traxerit,
3558 1057 3624 1097 an
3651 1055 3716 1096 ne
3734 1071 3752 1084 α

2173 1154 2295 1193 vum
2327 1138 2464 1193 sicut
2489 1135 2690 1192 homini
2719 1135 2893 1205 primo
2923 1132 3316 1190 insufllaverit?
3345 1133 3458 1190 Sed
3481 1133 3592 1190 sive
3619 1134 3716 1189 hoc

2174 1230 2286 1284 sive
2312 1227 2452 1283 aiiud
2483 1227 2680 1297 aliquid
2707 1226 2775 1282 de
2801 1235 3008 1282 naturae
3031 1225 3278 1282 humana:
3309 1225 3639 1282 institutione
3667 1241 3758 1282 ne-

2177 1323 2406 1387 sciebat,
2437 1323 2642 1378 nescire
2665 1335 2724 1378 se
2747 1320 2990 1386 dicebat;
3024 1335 3132 1378 non
3162 1321 3303 1392 quod
3335 1321 3637 1389 nesciebat,
3666 1330 3747 1378 te-

2181 1430 2328 1469 mere
2355 1412 2693 1469 defendebat.
2721 1411 2830 1470 Nec
2860 1421 3036 1468 tamen
3070 1413 3172 1469 iste
3209 1413 3334 1470 huic
3361 1413 3562 1470 diceret
3579 1456 3596 1480 ,
3621 1414 3762 1485 quod

2183 1509 2374 1564 nobis‘
2403 1507 2584 1564 dicere
2622 1521 2726 1562 non
2769 1506 3021 1563 erubuit:
3055 1505 3222 1562 Homo
3262 1507 3317 1561 in
3345 1507 3535 1562 honore
3573 1508 3764 1578 positus

2192 1617 2294 1656 non
2323 1599 2601 1664 intellexit;
2635 1607 2963 1669 comparatus
2991 1607 3065 1653 est
3093 1597 3353 1668 pecoribus
3391 1598 3686 1662 insensatis,
3713 1609 3764 1653 et

2183 1694 2362 1748 similis
2389 1694 2553 1764 factus
2577 1701 2649 1748 est
2667 1691 2771 1746 illis
2797 1690 2966 1763 (Psal.
2994 1707 3178 1760 XLVIII,
3209 1688 3300 1761 15)
3327 1708 3340 1746 :
3365 1690 3504 1746 Ecce
3532 1690 3632 1746 ista
3652 1707 3768 1746 mu-

2187 1784 2288 1840 lier
2316 1784 2452 1839 dixit
2491 1783 2560 1839 de
2601 1783 2723 1838 ﬁliis
2762 1783 2871 1838 suis
2895 1824 2911 1850 ,
2945 1781 3132 1838 Nescio
3173 1783 3423 1854 quomodo
3451 1782 3686 1853 paruistis
3711 1783 3768 1838 in

2189 1887 2406 1933 ventrem
2437 1894 2600 1932 meum
2622 1893 2641 1931 :
2663 1891 2762 1932 nec
2788 1885 2964 1932 tamen
3007 1885 3347 1945 comparatur
3383 1875 3662 1944 pecoribus
3688 1875 3772 1930 in-

2190 1971 2436 2024 sensatis.
2465 1968 2672 2048 Nescio,
2697 1967 2830 2022 dixit
2854 1985 2865 2020 :
2889 1974 2944 2022 et
2972 1967 3121 2037 quasi
3147 1972 3450 2038 quaererent
3476 1968 3545 2021 ab
3567 1981 3650 2032 ea,
3676 1981 3774 2022 cur

2190 2063 2440 2127 nesciret,
2465 2060 2724 2131 adjunxit,
2751 2058 2929 2131 Neque
2954 2059 3086 2114 enim
3115 2073 3207 2129 ego
3232 2058 3465 2128 spiritum
3487 2065 3534 2112 et
3553 2057 3774 2112 animam

2191 2152 2375 2206 donavi
2402 2151 2557 2206 vobis.
2587 2151 2678 2206 llle
2709 2165 2840 2222 ergo
2861 2148 2953 2220 qui
2983 2149 3234 2213 donavit,
3265 2149 3366 2204 scit
3406 2147 3550 2203 unde
3591 2149 3774 2205 fecerit

2195 2243 2338 2315 quod
2366 2245 2615 2310 donavit,
2645 2251 2819 2297 utrum
2851 2257 2916 2298 ex
2947 2242 3236 2312 propagine
3261 2241 3556 2306 attraxerit,
3581 2255 3650 2296 an
3676 2256 3774 2296 no-

2191 2352 2315 2392 vum
2347 2335 2693 2391 insufflaverit
2721 2352 2733 2388 :
2763 2332 2905 2404 quod
2931 2347 3062 2404 ego,
3085 2332 3282 2404 inquit,
3312 2333 3518 2388 nescio.
3544 2330 3655 2386 Nec
3674 2332 3777 2388 sin-

2199 2429 2333 2500 gulis
2378 2429 2514 2482 vobis
2559 2427 2722 2481 vultus
2768 2434 2814 2479 et
2860 2425 3085 2480 membra
3131 2425 3342 2495 formavi
3373 2439 3392 2478 :
3421 2423 3511 2480 ille
3549 2424 3651 2480 scit
3691 2426 3778 2496 qui

2208 2520 2473 2584 formavit,
2499 2531 2676 2572 utrum
2701 2517 2860 2572 simul
2880 2531 3000 2572 cum
3017 2516 3194 2571 anima
3216 2515 3544 2582 formaverit,
3568 2530 3638 2570 an
3657 2532 3779 2573 vero

2195 2613 2306 2685 jam
2336 2612 2577 2668 formatis
2603 2611 2835 2665 animam
2865 2609 3092 2666 dederit.
3111 2609 3228 2676 Quo
3253 2623 3382 2680 ergo
3403 2609 3588 2676 modo,
3607 2617 3781 2666 utrum

2213 2706 2304 2760 illo
2325 2721 2393 2760 an
2422 2705 2524 2759 isto
2550 2705 2602 2758 in
2629 2703 2745 2773 ejus
2773 2710 3016 2758 ventrem
3045 2701 3290 2756 venerint
3315 2699 3408 2754 ﬁlii
3428 2742 3444 2764 ,
3477 2699 3783 2766 nesciebat;

2206 2803 2262 2851 et
2293 2795 2422 2850 illud
2454 2803 2628 2850 tamen
2657 2792 2895 2856 sciebat,
2923 2800 3095 2847 totum
3121 2789 3265 2862 quod
3287 2790 3434 2846 dedit
3455 2790 3790 2848 redditurum

2199 2903 2320 2944 esse
2341 2887 2432 2957 qui
2459 2885 2624 2940 dedit.
2651 2883 2756 2941 Sed
2783 2884 2942 2954 eligat
2971 2883 3071 2940 iste
3097 2884 3150 2938 in
3178 2892 3383 2938 naturae
3413 2881 3667 2939 humanae
3687 2892 3792 2938 tam

2207 2977 2470 3050 profundo
2497 2975 2785 3046 abditoque
2815 2985 3044 3042 secreto,
3076 2973 3202 3046 quid
3229 2973 3426 3030 mulier
3451 2973 3554 3029 ista
3583 2976 3796 3030 nescie-

2199 3071 2271 3128 rit
2292 3089 2305 3125 :
2331 3079 2535 3126 tantum
2551 3084 2657 3124 non
2675 3067 2879 3139 judicet
2895 3067 3264 3134 mentientem,
3285 3083 3384 3124 nec
3405 3069 3702 3138 pecoribus
3721 3069 3801 3124 in-

2205 3164 2434 3220 sensatis
2453 3169 2728 3232 comparet
2749 3161 3095 3216 nescientem.
3119 3159 3384 3230 Quidquid
3405 3169 3522 3214 erat
3541 3159 3692 3230 quod
3715 3161 3809 3216 illa

2206 3257 2510 3325 nesciebat,
2539 3253 2783 3326 profecto
2807 3252 2874 3307 ad
2907 3261 3150 3306 naturam
3188 3251 3420 3306 hominis
3445 3252 3764 3321 pertinebat
3791 3272 3810 3308 :

2206 3349 2350 3422 quod
2379 3356 2556 3404 tamen
2593 3329 2736 3402 sine'
2749 3343 2905 3413 culpa
2949 3343 3110 3399 homo
3139 3342 3431 3398 nesciebat.
3457 3345 3816 3414 Quapropter

2215 3443 2334 3498 dico
2362 3441 2520 3496 etiam
2549 3453 2649 3511 ego
2673 3437 2742 3493 de
2761 3438 2936 3492 anima
2963 3450 3100 3501 mea,
3129 3433 3320 3490 Nescio
3343 3435 3615 3506 quomodo
3641 3451 3820 3492 vene-

2216 3536 2285 3592 rit
2311 3535 2364 3590 in
2395 3548 2588 3602 corpus
2613 3545 2826 3596 meum;
2856 3543 3030 3599 neque
3065 3527 3210 3584 enim
3236 3542 3335 3598 ego
3363 3527 3506 3584 illam
3533 3526 3674 3582 mihi
3708 3528 3822 3584 do-

2205 3627 2328 3683 navi
2353 3645 2366 3681 :
2395 3626 2496 3680 scit
2521 3623 2610 3678 ille
2636 3622 2728 3693 qui
2757 3621 2998 3688 donavit,
3029 3628 3208 3674 utrum
3233 3617 3378 3674 illam
3399 3619 3468 3674 de
3499 3629 3660 3688 parte
3685 3635 3828 3676 meo

2212 3717 2466 3784 traxerit,
2515 3730 2581 3768 an
2625 3713 2764 3768 sicut
2812 3711 2984 3781 primo
3031 3709 3234 3764 homini
3278 3723 3467 3764 novam
3507 3713 3828 3766 creaverit.

2207 3809 2382 3866 Sciam
2409 3797 2571 3863 etiam
2600 3819 2700 3876 ego
2725 3804 2771 3860 si
2797 3804 2912 3872 ipse
2940 3801 3202 3870 docuerit,
3229 3801 3684 3874 quandocumque
3717 3819 3833 3860 vo-

2213 3901 2390 3956 luerit.
2421 3899 2574 3954 Nune
2599 3905 2776 3951 autem
2809 3895 2991 3950 nescio
3011 3934 3026 3960 ,
3056 3909 3156 3950 nec
3181 3909 3268 3950 me
3293 3893 3488 3964 pudet,
3519 3902 3580 3949 ut
3609 3895 3794 3951 istum
3813 3938 3834 3964 ,

2208 3992 2362 4048 fateri
2391 3991 2597 4046 nescire
2625 3987 2767 4058 quod
2796 3985 2980 4041 nescio
3000 3986 3046 4038 ³.

2279 4081 2506 4140 CAPUT
2534 4079 2675 4134 XVI.
2695 4077 2876 4132 —26.
2914 4075 3064 4130 Disce
3086 4115 3102 4142 ,
3140 4075 3340 4145 inquit,
3382 4089 3495 4129 ecce
3523 4075 3842 4146 Apostolus

2213 4177 2374 4230 docet.
2417 4174 2626 4227 Diseam
2675 4170 2864 4238 plane,
2893 4167 2940 4222 si
2968 4166 3256 4236 Apostolus
3283 4165 3474 4222 docet:
3505 4180 3620 4220 non
3663 4169 3844 4224 enim

2213 4267 2314 4324 nisi
2343 4265 2486 4321 Deus
2511 4276 2610 4334 per
2635 4257 2952 4330 Apostolum
2982 4257 3157 4312 docet.
3185 4255 3290 4312 Sed
3323 4255 3450 4325 quid
3475 4265 3556 4311 est
3585 4256 3844 4314 tandem

2211 4359 2354 4432 quod
2380 4359 2537 4415 docet
2563 4354 2889 4427 Apostolus?
2917 4353 3082 4418 Ecce,
3113 4351 3316 4423 inquit,
3343 4367 3458 4405 cum
3476 4351 3844 4407 Atheniensi-

2211 4451 2301 4507 bus
2333 4451 2634 4522 loqueretur,
2663 4449 2756 4501 hoc
2783 4453 3067 4501 constanter
3094 4443 3358 4514 exposuit,
3384 4443 3552 4496 dicens
3569 4484 3586 4508 ,
3629 4461 3650 4494 ‹
3684 4441 3849 4500 Cum

2210 4543 2320 4616 ipse
2347 4542 2429 4596 det
2458 4540 2686 4596 omnibus
2723 4539 2880 4592 vitam
2911 4544 2960 4592 et
3003 4536 3257 4607 spiritum.
3297 4554 3318 4588 ι
3347 4534 3479 4602 Quis
3507 4535 3660 4592 enim
3717 4537 3852 4596 hoc

2177 4681 2180 4684 .
2211 4633 2410 4704 negat?
2431 4633 2536 4689 Sed
2559 4629 2804 4702 intellige,
2826 4627 3015 4698 inquit,
3035 4624 3171 4697 quod
3195 4626 3268 4680 ait
3291 4625 3565 4696 Apostolus
3593 4641 3646 4680 :s
3667 4627 3800 4694 det,
3817 4648 3842 4682 s

2211 4725 2408 4798 inquit;
2437 4740 2558 4788 non,
2588 4721 2778 4786 Dedit;
2802 4717 2870 4773 ad
2893 4717 3150 4788 inﬁnitum
3191 4724 3238 4770 et
3268 4717 3394 4788 juge
3423 4725 3624 4786 tempus
3663 4734 3850 4772 resto-

2215 4834 2356 4884 cans,
2387 4831 2488 4871 non
2518 4813 2580 4869 de
2605 4813 2859 4886 praeterito
2883 4819 2932 4864 et
2953 4811 3174 4880 perfecto
3207 4808 3558 4880 pronuntians.
3581 4809 3656 4863 Et
3677 4813 3852 4882 quod

2215 4911 2323 4966 sine
2348 4907 2623 4963 cessatione
2641 4905 2750 4972 dat,
2772 4917 2967 4974 semper
2990 4901 3078 4955 dat
3094 4916 3112 4955 :
3127 4901 3258 4955 sicut
3276 4917 3473 4970 semper
3493 4909 3566 4954 est
3591 4902 3718 4970 ipse
3743 4905 3856 4972 qui

2218 5005 2325 5057 dat.
2353 5001 2530 5056 Verba
2555 4999 2670 5069 ejus
2697 4996 2884 5070 posui,
2919 4994 3057 5050 sicut
3096 4993 3150 5047 in
3180 5007 3366 5049 eorum
3409 5008 3544 5062 quos
3577 4995 3810 5050 misisti
3829 5039 3850 5061 ,

2219 5093 2452 5153 secundo
2481 5091 2622 5146 libro
2649 5090 2768 5162 ejus
2793 5087 2989 5144 inveni.
3016 5085 3120 5144 Ubi
3146 5086 3376 5158 primum
3403 5085 3524 5140 vide
3550 5101 3669 5156 quo
3693 5101 3856 5158 pro-

2217 5200 2434 5260 gressus
2460 5183 2637 5248 fuerit,
2668 5181 2796 5236 dum
2816 5179 3003 5234 nititur
3022 5175 3291 5232 afﬁrmare
3315 5175 3456 5247 quod
3487 5177 3692 5232 nescit.
3719 5180 3828 5234 Au

2219 5291 2310 5333 sus
2337 5285 2418 5330 est
2441 5274 2585 5328 enim
2611 5271 2824 5336 dicere,
2849 5269 3015 5325 Deum
3045 5281 3154 5322 non
3193 5281 3334 5321 nunc
3361 5263 3533 5321 solum
3563 5278 3754 5338 atque
3793 5271 3866 5326 in

2221 5373 2323 5427 isto
2369 5365 2736 5425 tantummodo
2774 5362 3006 5428 saeculo,
3047 5359 3143 5416 sed
3183 5375 3276 5430 per
3303 5358 3566 5413 infinitum
3599 5367 3864 5432 tempus

2222 5464 2336 5519 sine
2355 5460 2675 5522 cessatione,
2699 5465 2858 5526 atque
2882 5453 3099 5509 omnino
3120 5467 3334 5522 semper
3353 5451 3558 5506 animas
3584 5467 3864 5508 nascen-
3885 5491 3896 5521 δ

2222 5557 2361 5613 tibus
2390 5554 2536 5614 dare.
2565 5553 2796 5622 Semper,
2839 5547 3044 5619 inquit,
3076 5546 3193 5612 dat,
3226 5546 3355 5600 sicut
3379 5561 3574 5616 semper
3605 5557 3696 5602 est
3721 5547 3874 5618 ipso

2287 5735 2305 5767 ⁸
2339 5739 2545 5793 Quatuor
2566 5735 2698 5788 Mss,
2721 5726 2850 5792 quod
2871 5727 2933 5778 de
2954 5723 3106 5776 nobis.

2595 5785 2802 5903 civem,
2825 5802 2912 5840 nec
2927 5801 3006 5842 me
3027 5785 3192 5862 pudet,
3207 5790 3258 5839 ut
3279 5785 3898 5866 istud
