3938 6506
239 449 314 520 qui
337 447 441 502 dat.
469 441 606 515 Quid
630 443 649 478 ¹
677 442 975 517 Apostolus
1001 439 1221 511 dixerit,
1255 442 1377 515 quia
1403 442 1532 500 satis
1557 452 1802 515 apertum

233 551 331 602 est,
358 555 441 594 me
472 537 798 608 intelligere,
828 538 969 595 absit
997 546 1054 593 ut
1079 552 1266 609 negem
1293 553 1306 591 :
1334 537 1476 607 quod
1501 545 1675 592 autem
1704 537 1805 593 iSte

231 629 383 695 dicit,
412 627 574 684 debet
601 628 766 684 etiam
795 629 911 700 ipse
935 628 1231 699 intelligere
1267 640 1452 686 contra
1494 629 1651 685 ﬁdem
1683 643 1804 685 esse

230 722 580 785 christianam,
603 730 767 792 atque
790 719 1013 776 ulterius
1033 735 1221 775 cavere
1242 736 1309 776 ne
1328 721 1486 776 dicat.
1502 718 1635 776 Cum
1659 719 1802 774 enim

231 815 407 868 mortui
432 813 847 876 resurrexerint,
868 812 977 884 jam
1000 828 1157 868 nemo
1178 823 1429 869 nascetur
1453 831 1467 868 :
1494 820 1654 883 atque
1676 811 1800 867 ideo

230 917 338 960 tunc
363 920 468 959 non
495 904 645 959 dabit
674 905 1020 961 nascentibus
1046 905 1255 960 animas
1273 946 1287 971 ,
1316 905 1411 961 sed
1439 920 1531 961 eas
1555 919 1687 976 quas
1710 903 1802 960 dat

226 997 265 1046 ἱοι
313 996 413 1049 isto
456 995 657 1050 sarculo
687 1011 810 1050 cum
841 995 1154 1066 corporibus
1190 995 1467 1065 judicabit.
1510 995 1627 1050 Non
1673 1009 1800 1067 ergo

224 1102 424 1156 semper
446 1085 572 1149 dat,
603 1088 849 1157 quamvis
879 1088 993 1158 ipse
1019 1102 1232 1156 semper
1273 1088 1345 1142 sit
1372 1087 1462 1157 qui
1503 1101 1643 1142 nunc
1685 1087 1796 1142 dat.

227 1180 319 1233 Nec
345 1187 523 1233 tamen
551 1180 807 1249 quoniam
831 1179 1020 1235 beatus
1039 1178 1328 1250 Apostolus
1360 1195 1463 1234 non
1491 1178 1659 1245 dixit,
1689 1179 1797 1234 De-

223 1270 328 1334 dit;
354 1269 450 1325 sed
469 1311 486 1335 ,
511 1271 632 1335 det;
662 1269 788 1324 inde
813 1269 1096 1326 conﬁcitur
1121 1269 1264 1340 quod
1296 1270 1405 1325 vult
1434 1270 1537 1326 iste
1561 1269 1797 1326 coniice-

225 1379 302 1431 re,
328 1377 434 1418 non
460 1378 585 1417 eum
614 1378 682 1419 ex
711 1364 1005 1432 prepagine
1028 1362 1236 1417 animas
1273 1360 1420 1417 dare.
1454 1360 1573 1432 Ipse
1602 1362 1798 1432 quippe

225 1456 319 1521 dat,
338 1457 499 1511 etiam
517 1455 654 1511 side
675 1456 968 1527 propagine
996 1455 1105 1511 dat.
1127 1455 1260 1523 Quia
1288 1465 1343 1511 et
1367 1458 1609 1526 corporis
1630 1456 1818 1511 mem-°

225 1550 402 1614 bra,et
424 1551 671 1620 corporis
705 1564 931 1615 sensus,
963 1559 1014 1604 et
1039 1549 1279 1619 corporis
1319 1548 1573 1616 formam,
1599 1558 1652 1605 et
1677 1564 1799 1605 cor-

224 1639 356 1712 poris
383 1641 608 1696 omnino
636 1642 987 1697 substantiam
1017 1641 1127 1711 ipse
1150 1640 1452 1697 hominibus
1478 1642 1588 1707 dat,
1615 1658 1802 1713 quam-

222 1735 293 1789 vis
317 1751 379 1788 ex
410 1734 707 1805 propagine
735 1734 845 1789 det.
876 1734 1056 1804 Neque
1080 1735 1221 1790 enim
1255 1735 1377 1805 quia
1408 1735 1665 1790 Dominus
1691 1735 1796 1802 ait,

224 1828 279 1882 Si
294 1829 463 1899 fenum
487 1827 625 1898 agri,
656 1827 793 1897 quod
811 1826 961 1881 Itodie
979 1836 1052 1882 est
1077 1835 1122 1881 et
1150 1844 1263 1883 cras
1288 1828 1340 1881 in
1363 1828 1617 1883 elibanum
1640 1829 1797 1882 mitti-

224 1930 312 1986 tur,
337 1917 477 1972 Dm
506 1919 584 1974 sic
608 1919 753 1973 vestit
783 1917 804 1992 (
826 1918 1013 1974 Matth.
1039 1934 1112 1983 vr,
1143 1917 1282 1992 50);
1312 1934 1411 1979 nec
1436 1920 1529 1988 ait,
1555 1920 1795 1985 Vestivit,

220 2013 345 2066 sicut
362 2010 599 2079 primum
625 2010 840 2082 quando
866 2011 1129 2076 instituit;
1159 2011 1254 2067 sed
1280 2012 1374 2078 ait,
1396 2014 1558 2080 vestit,
1585 2013 1725 2084 quod
1747 2023 1799 2069 et

222 2117 347 2157 nunc
370 2101 537 2168 facit;
573 2102 699 2160 ideo
725 2104 1038 2175 negabimus
1068 2104 1173 2160 lilia
1205 2104 1273 2160 de
1299 2105 1504 2176 origine
1529 2105 1612 2163 sui
1636 2120 1800 2176 gene-

220 2196 285 2250 ris
305 2197 601 2265 procreari.
625 2195 764 2263 Quid
789 2197 832 2252 si
860 2211 990 2268 ergo
1017 2198 1094 2252 sic
1122 2197 1281 2252 etiam
1308 2196 1485 2252 anima
1507 2206 1562 2253 et
1581 2198 1799 2267 spiritus

218 2285 436 2340 hominis
462 2292 523 2341 et
551 2302 583 2340 a
615 2288 725 2342 Deo
749 2286 926 2355 datur,
951 2287 1202 2360 quamdiu
1231 2288 1423 2354 datur;
1449 2298 1503 2344 et
1524 2296 1700 2343 tamen
1732 2304 1799 2344 ex

217 2379 494 2449 popagine
522 2378 609 2433 sui
635 2380 846 2451 generis
874 2379 1068 2434 datur?
1097 2379 1252 2449 Quod
1277 2395 1376 2452 ego
1406 2390 1506 2435 nec
1528 2379 1759 2435 defendo
1778 2421 1794 2445 ,

215 2484 307 2525 nec
327 2468 538 2525 refello.
564 2470 674 2526 Sed
696 2471 741 2525 si
763 2469 1158 2527 defendendum
1183 2479 1285 2539 est,
1308 2470 1391 2527 vel
1415 2469 1794 2537 refellendum,

212 2561 522 2632 perspicuis,
548 2577 659 2616 non
681 2562 945 2633 ambiguis
967 2562 1285 2619 testimoniis
1314 2562 1366 2617 id
1393 2562 1656 2632 agendum
1678 2577 1799 2618 esse

212 2668 541 2710 commoneo.
575 2653 689 2711 Nec
720 2667 1005 2726 pr0pterea
1048 2655 1334 2726 pecoribus
1364 2654 1650 2711 insensatis
1679 2670 1799 2711 sum

210 2746 616 2818 comparandam,
649 2748 774 2818 quia
797 2748 897 2802 hoc
924 2763 1011 2803 me
1037 2747 1276 2803 nondum
1305 2748 1446 2803 scire
1472 2748 1795 2819 pronuntio;

210 2838 305 2894 sed
331 2839 503 2908 potius
528 2840 705 2895 cautis
747 2838 1084 2905 hominibus,
1112 2839 1237 2910 quia
1262 2854 1370 2895 non
1400 2838 1574 2896 audeo
1603 2839 1800 2896 docere

209 2929 359 3000 quod
378 2930 575 2986 nescio.
603 2930 769 2986 Istum
796 2939 975 2986 autem
1002 2945 1108 2987 non
1134 2946 1232 3002 ego
1253 2930 1510 2997 vicissim,
1536 2931 1686 3001 quasi
1710 2946 1796 2986 re-

217 3022 461 3092 pendens
495 3021 830 3078 maledictum
863 3039 961 3094 pro
987 3022 1301 3089 maledicto,
1332 3022 1620 3094 pecoribus
1651 3037 1800 3079 com-

209 3128 393 3184 paro;
422 3114 516 3169 sed
545 3122 783 3186 tanquam
814 3115 979 3170 lilium
1011 3129 1224 3182 moneo,
1254 3124 1313 3169 ut
1340 3114 1483 3186 quod
1510 3114 1704 3180 nescit,
1735 3129 1797 3172 se

206 3206 426 3261 nescire
450 3206 699 3276 fateatur,
740 3223 917 3278 neque
944 3208 995 3263 id
1020 3207 1163 3279 quod
1199 3207 1438 3263 nondum
1460 3207 1664 3274 didicit,
1697 3208 1797 3263 do-

208 3313 334 3354 nare
378 3299 669 3357 moliatur:
699 3316 768 3356 ne
813 3311 1176 3372 comparetur,
1219 3317 1328 3357 non
1367 3301 1674 3372 pecoribus,
1703 3301 1798 3358 sed

206 3391 310 3446 illis
327 3391 635 3448 hominibus
656 3408 793 3463 quos
820 3392 948 3449 dicit
973 3393 1279 3465 Apostolus,
1303 3393 1521 3449 volentes
1545 3409 1651 3449 esse
1676 3393 1800 3466 legis

198 3483 457 3551 doctores,
488 3502 592 3540 non
617 3486 952 3558 intelligente:
978 3504 1136 3559 neque
1168 3503 1282 3558 qua
1316 3487 1609 3560 loquatur,
1639 3504 1801 3555 neque

196 3578 465 3650 deguilms
492 3580 745 3650 affirmant
774 3580 816 3653 (ι
838 3580 974 3635 Tim.
1001 3596 1040 3648 ι,
1069 3581 1149 3653 7).

262 3670 506 3728 CAPUT
533 3672 696 3727 XVll.
720 3673 899 3728 —27.
928 3673 1061 3729 Nam
1087 3672 1231 3731 unde
1253 3682 1356 3742 est,
1384 3672 1524 3745 Quod
1554 3672 1627 3729 ita
1656 3671 1801 3732 Scri-

188 3770 425 3833 pturas,
453 3763 523 3819 de
550 3764 748 3834 quibus
785 3764 1046 3835 loquitur,
1075 3779 1181 3820 non
1213 3773 1366 3820 curat
1394 3763 1673 3820 advertere
1691 3806 1707 3830 ,
1739 3773 1801 3821 ut

187 3869 315 3909 eum
350 3853 550 3925 legerit
576 3855 825 3911 homines
853 3870 976 3912 esse
999 3871 1066 3927 ex
1097 3856 1227 3925 Deo,
1258 3871 1363 3911 non
1388 3870 1483 3911 eos
1509 3857 1672 3912 etiam
1702 3871 1798 3913 se-

184 3948 442 4002 cundum
485 3962 717 4018 corpus,
764 3948 859 4004 sed
905 3956 1112 4004 tantum
1151 3948 1442 4004 secundum
1471 3949 1704 4004 animam
1744 3956 1801 4006 et

182 4042 453 4113 spiritum
476 4056 546 4096 ex
570 4042 685 4097 Deo
701 4056 824 4097 esse
848 4041 1176 4098 contendat?
1200 4042 1352 4110 Quod
1383 4043 1527 4097 enim
1556 4044 1631 4099 ait
1654 4043 1799 4114 Apo-

181 4136 391 4200 stolus,
434 4133 516 4189 Ex
538 4135 655 4205 ipso
676 4150 851 4190 sumus
870 4134 1008 4205 (Act.
1039 4150 1167 4202 xvn,
1197 4134 1329 4213 2§);
1355 4149 1461 4190 non
1485 4135 1596 4190 vult
1616 4134 1717 4191 iste
1733 4134 1799 4191 ad

180 4244 425 4299 corpus,
455 4227 555 4283 sed
586 4236 792 4283 tantum
818 4228 886 4282 ad
906 4228 1140 4282 animam
1168 4236 1223 4283 et
1241 4228 1486 4300 spiritum
1512 4242 1634 4284 esse
1657 4227 1799 4283 refe-

182 4321 457 4376 rendum.
478 4319 537 4375 Si
568 4334 697 4390 ergo
722 4335 789 4376 ex
811 4320 926 4375 Deo
946 4335 1052 4375 non
1079 4328 1203 4380 sunt
1228 4335 1476 4390 corpora,
1501 4318 1696 4376 falsum
1718 4327 1801 4374 est

178 4412 330 4482 quod
365 4412 638 4482 scriptum
669 4422 772 4478 est,
806 4411 888 4466 Ea:
911 4428 1012 4484 quo
1041 4411 1229 4476 omnia,
1254 4426 1345 4481 per
1366 4426 1515 4481 quem
1534 4411 1724 4477 omnia,
1746 4409 1801 4465 in

178 4520 283 4573 quo
308 4504 504 4558 omnia
531 4501 711 4575 (Rom.
740 4518 814 4570 xx,
837 4501 955 4574 56).
1000 4502 1201 4558 Deinde
1228 4502 1321 4557 ubi
1346 4502 1478 4557 dicit
1503 4502 1644 4557 idem
1674 4517 1802 4572 apo-

180 4598 386 4662 stolus,
424 4594 581 4651 Sicut
616 4596 754 4651 enim
790 4594 970 4650 mulier
989 4611 1053 4650 ea:
1071 4596 1177 4650 viro
1194 4636 1210 4661 ,
1236 4593 1310 4649 ita
1336 4602 1383 4649 et
1411 4595 1488 4649 uir
1515 4610 1604 4665 per
1625 4596 1802 4651 mulie-

178 4704 323 4753 rm;
348 4697 600 4759 exponat
621 4686 778 4742 nobis
804 4687 904 4743 iste
934 4702 1091 4759 quam
1120 4688 1468 4758 propaginem
1497 4687 1800 4757 significare

178 4780 454 4845 voluerit,
484 4777 708 4844 animai,
740 4791 810 4832 an
838 4779 1102 4848 corporis,
1134 4793 1202 4833 an
1230 4778 1529 4849 utriusque.
1559 4777 1667 4835 Sed
1696 4795 1801 4834 non

180 4871 299 4926 vult
328 4885 469 4926 esse
489 4868 704 4923 animas
729 4884 797 4923 ex
818 4869 1129 4938 propagine.
1150 4867 1338 4923 Restat
1360 4883 1510 4939 ergo,
1537 4877 1594 4923 ut
1612 4882 1803 4924 secun-

179 4962 316 5017 dum
359 4963 552 5034 ipsum
593 4968 753 5029 atque
782 4974 970 5015 omnes
994 4959 1083 5030 qui
1113 4960 1412 5016 animarum
1454 4960 1800 5032 prepagiuem

181 5051 527 5117 destruunt,
556 5065 756 5120 corpus
782 5058 988 5105 tantum
1017 5050 1369 5105 masculinum
1399 5058 1452 5106 et
1480 5048 1799 5105 femininum

176 5142 636 5211 significaret-iv
661 5140 952 5211 Apostolus
971 5182 988 5207 ,
1019 5141 1237 5208 dicens,
1265 5141 1413 5196 Sicut
1450 5142 1584 5196 enim
1622 5142 1806 5197 mulier

174 5251 246 5288 ea:
274 5238 397 5289 uiro
415 5275 437 5302 ,
476 5235 555 5288 ita
596 5241 642 5287 et
677 5234 756 5286 uir
782 5249 872 5304 per
896 5233 1157 5288 mulierem
1184 5248 1203 5287 :
1222 5233 1346 5304 quia
1371 5232 1564 5289 mulier
1591 5248 1656 5290 ex
1686 5235 1803 5289 viro

173 5327 331 5384 hct:
359 5336 479 5395 est,
509 5337 570 5381 ut
596 5327 757 5381 etiam
787 5325 869 5379 vir
892 5341 990 5396 per
1016 5326 1294 5381 mulierem
1334 5335 1516 5396 postea
1547 5341 1825 5404 nascere-g

172 5428 292 5473 tur.
323 5418 387 5474 Si
418 5430 558 5489 ergo
584 5416 697 5471 haec
726 5416 1016 5486 Apostolus
1044 5415 1250 5480 dicens,
1276 5431 1386 5471 non
1413 5417 1573 5472 etiam
1596 5417 1803 5473 animas

173 5520 232 5565 et
257 5508 535 5583 spiritus,
579 5507 675 5564 sed
712 5516 918 5562 tantum
946 5521 1170 5578 corpora
1203 5507 1481 5577 utriusque
1519 5521 1680 5563 sexus
1708 5524 1806 5564 vo-

170 5602 342 5657 lebat
363 5599 621 5671 intelligi,
641 5614 737 5654 cur
753 5598 1007 5654 continuo
1027 5598 1320 5669 subjunxit,
1349 5597 1532 5654 Omnia
1551 5607 1720 5654 autem
1739 5616 1805 5655 ea:

236 5766 260 5798 ί
306 5774 429 5815 uno
452 5764 734 5826 manna

236 5797 265 5862 ἰ
304 5797 879 5890 ι’ξιωιςῖῗξὶξῖἥέανει.

458 5910 691 5977 Sacr.
745 5913 1021 5974 Ausus'r.
1065 5913 1148 5977 X.

1600 324 1823 386 LIBER.
1841 321 2109 386 PRLMUS.

3384 342 3493 402 ιοο

1911 442 2016 497 Deo
2048 443 2104 514 (1
2135 444 2252 499 (λον.
2281 461 2368 513 x1,
2399 445 2530 518 l2);
2562 445 2662 503 nisi
2689 447 2811 520 quia
2832 454 2887 506 et
2906 464 3129 525 corpora
3149 468 3216 512 ex
3234 455 3380 512 Deo?
3414 460 3489 516 Ita

1904 537 2099 606 quippe
2123 538 2196 592 ait
2219 557 2232 591 :
2258 538 2398 603 Sicut
2425 543 2556 598 enim
2577 543 2759 600 mulier
2777 563 2840 602 ea:
2857 547 2984 616 viro,
3002 548 3074 602 ita
3094 558 3140 603 et
3167 549 3243 604 uir
3267 566 3356 620 per
3372 568 3490 605 mu-

1905 626 2105 695 lierem;
2134 631 2301 685 omnia
2328 643 2494 688 autent
2518 651 2583 691 ex
2601 635 2727 692 Deo.
2759 638 2933 711 Eligat
2957 656 3083 713 ergo
3116 643 3213 698 iste
3240 642 3381 699 unde
3414 643 3488 699 sit

1903 719 2121 776 dictum.
2150 722 2205 779 Si
2231 718 2299 779 de
2326 728 2659 796 corporibus,
2692 730 2931 800 profecto
2955 743 3010 789 et
3034 749 3260 804 corpora
3280 750 3344 790 ex
3371 735 3480 791 Deo

1903 822 2044 867 sunt.
2068 813 2203 883 Quid
2224 825 2305 870 est
2323 832 2468 888 ergo,
2492 819 2631 889 quod
2656 821 2976 894 ubicumque
2997 825 3095 881 iste
3117 828 3167 882 iu
3191 826 3484 899 Scripturis

1902 903 2050 976 legit,
2082 923 2145 961 ea:
2170 905 2277 962 Deo
2300 952 2313 973 ,
2353 908 2566 979 quando
2596 911 2663 966 de
2694 911 2998 970 hominibus
3040 918 3230 986 agitur,
3278 935 3382 972 non
3431 927 3486 974 et

1901 1010 2145 1066 corpora,
2175 999 2267 1055 sed
2298 1011 2499 1055 tantum
2533 1002 2739 1057 animas
2764 1013 2817 1058 ct
2841 1005 3061 1074 spiritus
3087 1009 3196 1062 vult
3224 1002 3486 1079 intelligi?

1900 1087 1954 1144 Si
1983 1104 2108 1144 vero
2138 1090 2278 1161 quod
2309 1091 2508 1146 dictum
2535 1102 2618 1149 est
2640 1136 2655 1160 ,
2683 1092 2868 1150 Omnia
2893 1106 3059 1150 autem
3081 1114 3143 1153 ex
3164 1098 3309 1164 Deo;
3337 1112 3390 1156 et
3420 1102 3489 1154 de

1876 1174 2124 1250 corpore
2142 1181 2413 1252 utriusque
2433 1191 2613 1250 sexus,
2633 1194 2685 1240 et
2706 1186 2771 1240 de
2797 1186 2971 1241 anima
2994 1203 3055 1242 ac
3072 1190 3260 1259 spiritu
3288 1191 3486 1245 dictum

1901 1277 2019 1324 est:
2048 1287 2173 1342 ergo
2200 1272 2493 1329 secundum
2514 1276 2690 1329 omnia
2712 1286 2793 1331 est
2824 1277 3021 1332 mulier
3041 1294 3106 1333 ex
3132 1278 3265 1333 viro.
3294 1280 3486 1333 Mulier

1901 1362 2032 1416 enim
2067 1379 2130 1417 ex
2153 1365 2289 1431 viro,
2318 1364 2393 1417 vir
2420 1382 2509 1436 per
2534 1367 2830 1433 mulierem;
2855 1369 3025 1423 omnia
3062 1380 3226 1423 autent
3264 1386 3326 1424 ex
3358 1370 3481 1426 Deo.

1899 1452 2029 1521 Quae
2053 1455 2220 1508 omnia
2239 1497 2253 1520 ,
2288 1456 2389 1510 uisi
2420 1457 2487 1510 de
2514 1458 2707 1528 quibus
2738 1459 3075 1531 loquebatur,
3105 1461 3157 1516 id
3184 1471 3287 1530 cst,
3320 1471 3373 1518 et
3400 1464 3487 1518 illc

1899 1545 1981 1598 vir
2009 1561 2071 1600 ex
2098 1562 2203 1616 quo
2232 1547 2440 1613 mulier,
2473 1558 2526 1603 et
2552 1550 2642 1605 illa
2674 1552 2864 1607 mulier
2890 1570 3008 1623 qua:
3036 1569 3100 1609 ex
3135 1555 3277 1619 viro,
3313 1563 3368 1610 et
3398 1556 3488 1610 ille

1898 1636 1980 1691 vir
2002 1638 2091 1707 qui
2122 1653 2217 1707 per
2244 1639 2522 1695 mulierem
2545 1642 2568 1695 ?
2588 1641 2771 1712 Neque
2795 1646 2937 1699 enim
2967 1645 3053 1700 ille
3079 1645 3159 1700 vir
3180 1663 3275 1721 per
3302 1648 3489 1703 mulie-

1900 1742 2033 1790 rem,
2058 1742 2121 1783 ex
2145 1745 2250 1800 quo
2274 1731 2390 1785 viro
2414 1732 2604 1788 mulier
2631 1751 2644 1787 :
2678 1734 2770 1789 sed
2793 1738 2875 1789 vir
2900 1736 2990 1806 qui
3020 1747 3174 1792 natus
3195 1746 3279 1793 est
3302 1747 3487 1808 postea

1900 1833 1964 1873 ex
1996 1818 2109 1873 viro
2135 1835 2230 1890 per
2261 1822 2540 1879 mulierem
2566 1864 2582 1891 ,
2621 1826 3073 1895 quemadmodum
3106 1828 3368 1901 hodieque
3394 1846 3490 1886 na-

1899 1921 2136 1966 scuntur.
2158 1914 2234 1968 Ac
2264 1928 2357 1982 per
2382 1915 2483 1970 hoc
2506 1917 2550 1972 si
2573 1932 2695 1972 cum
2722 1919 2821 1973 ista
2851 1918 3056 1975 diceret
3078 1921 3386 1992 Apostolus,
3417 1922 3489 1979 de

1899 2004 2212 2073 corporibus
2242 2005 2581 2077 loquebatur.
2614 2011 2799 2079 procul
2838 2012 3001 2067 dubio
3028 2030 3251 2085 corpora
3284 2017 3487 2072 utrius-

1899 2096 2003 2166 que
2027 2111 2186 2153 sexus
2211 2114 2275 2153 ex
2301 2099 2429 2155 Deo.
2456 2101 2623 2156 Porro
2652 2103 2696 2158 si
2728 2120 2833 2160 non
2862 2106 2975 2161 vult
3004 2123 3122 2162 esse
3152 2125 3216 2164 ex
3246 2109 3358 2164 Deo
3384 2109 3489 2166 ho-

1900 2188 2099 2243 minum
2125 2189 2225 2244 nisi
2248 2191 2453 2249 animas
2483 2203 2538 2249 et
2564 2194 2816 2264 spiritus;
2844 2197 3081 2266 profecto
3109 2201 3269 2256 etiam
3295 2217 3491 2258 secun-

1899 2279 2024 2335 dum
2051 2283 2280 2337 animam
2309 2293 2365 2339 et
2391 2286 2639 2354 Spiritum
2670 2286 2859 2343 mulier
2885 2305 2951 2344 ex
2973 2291 3108 2355 viro,
3132 2300 3186 2347 et
3211 2293 3343 2348 nihil
3372 2295 3486 2366 jam

1899 2371 2231 2442 relinquetur
2258 2374 2336 2428 eis
2364 2376 2451 2446 qui
2478 2385 2663 2432 contra
2682 2378 2975 2434 animarum
3001 2383 3346 2455 prepaginem
3372 2386 3490 2443 dis-

1899 2471 2107 2532 putant.
2125 2463 2178 2519 Si
2200 2474 2375 2521 autem
2395 2467 2464 2520 ita
2488 2466 2699 2536 dividit,
2722 2477 2779 2524 ut
2797 2470 2939 2526 dicat
2973 2473 3253 2530 mulierem
3277 2491 3344 2532 ex
3373 2477 3491 2534 viro

1901 2566 2022 2608 esse
2045 2555 2338 2610 secundum
2364 2573 2580 2629 corpus,
2610 2576 2676 2615 ex
2707 2560 2819 2617 Deo
2839 2571 3019 2617 autem
3050 2566 3342 2622 secundum
3378 2568 3494 2624 ani-

1899 2659 2040 2699 mam
2089 2655 2145 2701 et
2186 2648 2467 2718 Spiritum;
2521 2650 2791 2721 quomodo
2837 2652 2939 2708 erit
2984 2670 3168 2711 verum
3220 2659 3362 2729 quod
3418 2660 3495 2716 ait

1899 2736 2214 2806 Apostolus,
2251 2738 2434 2793 Omnia
2471 2751 2637 2796 autem
2666 2759 2729 2798 ea:
2756 2742 2898 2813 Deo,
2931 2746 2976 2801 si
3015 2748 3256 2805 mulieris
3296 2765 3494 2823 corpus

1900 2827 1971 2882 ita
1988 2836 2070 2883 est
2094 2843 2160 2884 ex
2181 2829 2315 2898 viro,
2339 2840 2397 2885 ut
2423 2847 2526 2887 non
2550 2833 2619 2888 sit
2644 2849 2711 2890 ex
2738 2835 2884 2891 Deo?
2906 2836 3245 2910 Quapropter
3268 2850 3328 2896 ut
3346 2843 3486 2914 Apo-

1898 2918 2068 2974 stolus
2112 2920 2290 2990 potius
2334 2936 2516 2977 verum
2563 2924 2831 2996 loquatur,
2874 2944 3034 2999 quam
3088 2931 3190 2987 iste
3233 2935 3493 3004 Apostolo

1901 3010 2230 3082 praeferatur,
2260 3014 2451 3070 mulier
2479 3031 2543 3071 ex
2571 3018 2685 3073 viro
2713 3028 2815 3085 est,
2847 3021 2960 3076 sive
2984 3023 3278 3079 secundum
3310 3026 3486 3081 solum

1898 3116 2128 3173 corpus,
2160 3104 2271 3159 sive
2300 3105 2591 3161 secundum
2636 3115 2806 3164 totum
2827 3150 2842 3174 ,
2882 3126 2988 3181 quo
3027 3123 3237 3169 constat
3260 3114 3494 3172 humana

1899 3204 2086 3253 natura
2117 3196 2284 3271 (nihil
2311 3200 2452 3255 enim
2484 3200 2675 3257 horum
2721 3210 2970 3275 tanquam
3010 3216 3216 3263 certum
3256 3208 3495 3265 affirma-

1900 3303 2039 3354 mus,
2058 3289 2151 3345 sed
2179 3290 2303 3359 quid
2333 3290 2520 3346 borum
2550 3307 2738 3348 verum
2765 3292 2835 3348 sit
2858 3294 3031 3353 adhuc
3058 3298 3371 3373 quwrimus)
3400 3318 3413 3355 :
3439 3309 3496 3358 et

1898 3381 1981 3437 vir
2005 3397 2101 3453 per
2124 3383 2425 3451 mulierem,
2453 3387 2566 3442 sive
2591 3402 2658 3442 ex
2684 3397 2833 3457 patre
2857 3390 2874 3421 ¹
2899 3398 3008 3445 tota
3040 3391 3272 3448 hominis
3294 3402 3488 3450 natura

1898 3471 2141 3539 ducatur,
2171 3490 2289 3544 qua:
2318 3490 2414 3545 per
2443 3476 2722 3533 mulierem
2753 3480 3007 3547 nascitur,
3037 3485 3150 3538 sive
3191 3484 3305 3539 sola
3335 3500 3486 3553 caro,

1898 3563 2040 3620 unde
2069 3563 2242 3620 adhuc
2265 3568 2491 3636 quaestio
2517 3577 2599 3623 est
2624 3587 2637 3623 :
2669 3571 2849 3625 omnia
2878 3578 3056 3628 tamen
3086 3589 3150 3629 ex
3181 3575 3314 3644 Deo,
3348 3577 3492 3633 unde

1898 3658 2041 3713 nulla
2071 3659 2294 3729 quaestio
2320 3670 2421 3726 est,
2454 3660 2505 3715 id
2532 3671 2634 3726 est,
2660 3671 2716 3718 et
2741 3678 2937 3734 corpus
2965 3674 3021 3721 et
3045 3667 3220 3721 anima
3247 3679 3301 3723 et
3332 3670 3493 3739 spiri-

1900 3755 2019 3814 tus,
2046 3761 2102 3805 et
2132 3748 2229 3805 viri
2257 3758 2312 3805 et
2339 3751 2599 3806 mulieris.
2631 3753 2698 3808 Et
2723 3753 2768 3807 si
2804 3754 2948 3810 enim
2979 3772 3083 3811 non
3121 3773 3186 3813 ex
3214 3759 3325 3815 Deo
3358 3769 3486 3817 nata

1899 3840 1986 3897 vel
2016 3850 2181 3897 tracta
2208 3851 2352 3911 sunt,
2376 3844 2461 3898 vel
2486 3853 2791 3910 manarunt,
2812 3847 2883 3901 ita
2902 3855 2959 3902 ut
2977 3848 3093 3919 ejus
3119 3862 3321 3906 natura:
3344 3852 3453 3908 sint
3473 3856 3521 3918 ;’

1900 3941 2076 3988 tamen
2102 3948 2169 3988 ex
2192 3933 2302 3989 Deo
2323 3942 2463 3989 sunt.
2495 3937 2540 3990 A
2565 3951 2671 4006 quo
2696 3937 2840 3993 enim
2864 3948 3063 4008 creata,
3091 3941 3327 4011 condita,
3354 3944 3492 3999 facta

1905 4032 2052 4090 sunt,
2080 4023 2149 4079 ab
2174 4024 2264 4079 illo
2295 4025 2493 4081 habent
2518 4034 2579 4081 ut
2606 4027 2732 4083 sint.

1972 4115 2065 4171 28.
2103 4133 2123 4169 ι
2159 4116 2263 4172 Sed
2288 4116 2534 4182 dicendo,
2562 4137 2582 4172 ι
2604 4120 2826 4190 inquit,¢
2851 4123 3157 4195 Apostolus,
3180 4123 3244 4180 Et
3273 4126 3381 4199 ipse
3406 4127 3493 4183 det

1902 4207 2131 4263 omnibus
2155 4207 2308 4263 vitam
2336 4218 2383 4264 et
2407 4210 2675 4281 spiritum;
2704 4211 2898 4270 deinde
2941 4214 3186 4272 addendo
3204 4259 3218 4284 ,
3251 4217 3493 4292 Fecitque

1903 4315 1967 4355 ea:
1988 4315 2091 4354 uno
2130 4300 2376 4373 sanguine
2402 4316 2550 4356 omne
2586 4319 2743 4374 genus
2771 4306 3031 4361 hominum
3061 4310 3197 4378 (Act.
3230 4325 3363 4379 xvu,
3390 4312 3485 4378 25,

1901 4388 1993 4462 26)
2021 4407 2034 4443 :
2056 4390 2288 4446 animam
2312 4400 2367 4447 et
2390 4392 2630 4462 spiritum
2662 4395 2990 4467 originaliter
3008 4400 3188 4455 retulit
3209 4401 3276 4457 ad
3301 4413 3489 4458 aucto-

1903 4497 2039 4549 rem,
2065 4497 2262 4554 oorpus
2287 4483 2353 4537 ad
2398 4484 2692 4541 traducem.
2732 4506 2752 4539 ι
2787 4486 2899 4544 lmo
2940 4505 3068 4544 vero
3108 4490 3201 4562 qui
3244 4506 3349 4547 non
3377 4494 3494 4549 vult

1901 4583 2107 4632 temere
2148 4576 2443 4630 animarum
2482 4591 2676 4647 negare
2703 4580 3074 4651 prepaginem,
3103 4591 3386 4654 antequam
3425 4586 3492 4640 li-

1903 4667 2065 4738 quido
2092 4667 2289 4723 clareat
2313 4675 2489 4722 utrum
2511 4667 2606 4735 ita,
2632 4684 2699 4724 au
2730 4687 2834 4727 non
2861 4674 2930 4727 ita
2962 4674 3049 4739 sit,
3075 4675 3235 4732 habet
3263 4678 3405 4748 quod
3435 4680 3491 4734 in

1904 4757 2022 4813 istis
2045 4759 2223 4814 verbis
2259 4758 2498 4827 Apostoli
2529 4759 2818 4832 intelligat,
2847 4781 2911 4819 ea;
2937 4781 3038 4819 uno
3080 4783 3203 4823 eum
3247 4772 3495 4843 sanguine

1902 4851 2102 4907 dixisse
2124 4892 2140 4915 ,
2171 4866 2235 4907 ex
2267 4866 2373 4907 uno
2418 4853 2632 4911 homine
2652 4897 2668 4923 ,
2697 4871 2727 4911 a
2765 4867 2913 4926 parte
2950 4865 3117 4912 totum
3161 4860 3496 4931 signiﬁcante

1904 4940 2185 4998 locutionis
2215 4944 2395 4999 modo.
2429 4944 2484 5000 Si
2514 4948 2654 5001 enim
2682 4947 2780 5018 ipsi
2808 4948 2933 5005 licet
2956 4950 3252 5023 intelligere
3277 4970 3307 5008 a
3338 4966 3491 5027 parte

1906 5039 2073 5087 totum
2112 5034 2251 5105 quod
2282 5034 2536 5106 scriptum
2566 5046 2681 5104 est,
2710 5038 2779 5093 Et
2807 5040 2974 5110 [actus
3000 5052 3073 5096 est
3112 5045 3263 5100 homo
3291 5048 3347 5102 in
3376 5050 3493 5105 ani-

1904 5141 2041 5178 mam
2065 5126 2225 5180 vivam
2255 5125 2407 5200 (Gen.
2439 5144 2497 5193 ll,
2526 5130 2583 5200 7)
2608 5147 2622 5196 ;
2651 5142 2711 5186 ut
2734 5132 2842 5188 illic
2878 5134 3202 5207 intelligatur
3229 5148 3285 5193 et
3327 5142 3491 5213 spiri-

1905 5224 2022 5282 tus,
2051 5216 2119 5272 de
2154 5233 2259 5288 quo
2287 5216 2557 5289 Scriptura
2584 5222 2659 5277 ibi
2699 5226 2860 5279 tacuit
2884 5244 2899 5281 :
2922 5242 3018 5282 cur
3042 5228 3161 5283 aliis
3191 5246 3295 5286 non
3338 5224 3497 5289 liceat

1905 5308 1984 5363 sic
2011 5310 2252 5380 accipere
2271 5312 2412 5382 quod
2433 5313 2631 5369 dictum
2658 5324 2761 5383 est,
2784 5333 2848 5372 ea:
2870 5333 2970 5373 uno
2996 5321 3275 5390 sanguine;
3306 5333 3361 5378 ut
3382 5324 3494 5381 illic

1906 5410 1961 5456 et
1987 5404 2162 5458 anima
2209 5411 2265 5459 et
2291 5405 2510 5475 spiritus
2551 5407 2717 5477 possit
2745 5409 3005 5481 intelligi,
3050 5415 3302 5482 quoniam
3330 5414 3493 5472 homo

1906 5493 2233 5564 significatus
2262 5498 2476 5553 nomine
2517 5500 2789 5570 sanguinis
2811 5542 2826 5567 ,
2856 5516 2960 5556 non
2993 5502 3164 5558 solum
3196 5514 3402 5561 constat
3427 5523 3496 5563 ex

1903 5602 2167 5657 corpore,
2219 5605 2406 5645 verum
2437 5591 2599 5646 etiam
2646 5608 2711 5647 ex
2756 5593 2933 5648 anima
2972 5604 3027 5649 et
3069 5595 3303 5665 spiritu?
3343 5598 3497 5655 Sicut

1902 5679 2044 5734 enim
2083 5680 2170 5751 qui
2201 5682 2540 5752 propaginem
2571 5681 2807 5739 defendit
2835 5685 3132 5741 animarum
3159 5729 3173 5752 ,
3208 5704 3312 5746 non
3363 5692 3486 5750 hinc

1968 5794 1985 5868 ξ
2019 5792 2158 5868 Editi,
2173 5806 2235 5868 ex.
2251 5799 2405 5868 parte.
2431 5793 2654 5868 Plerique
2676 5802 2806 5868 Mss,
2828 5810 2892 5848 ea:
2914 5803 3090 5863 patre:
3113 5801 3320 5868 melius,
3339 5811 3394 5857 ut
3416 5818 3497 5859 su-

1905 5867 2008 5925 pra,
2029 5869 2079 5905 n.
2099 5854 2177 5919 25,
2201 5854 2262 5907 de
2281 5864 2420 5919 patre
2441 5869 2545 5908 meo
2565 5854 2800 5910 traxerit;
2914 5854 2925 5863 ⁷

2945 5924 3220 6013 (Βάκι.)
