3938 6504
439 508 601 569 lstum
641 505 797 564 debet
824 501 1124 575 opprimere
1143 541 1158 568 ,
1187 499 1308 573 quia
1341 499 1410 556 de
1440 499 1611 571 primo
1640 498 1856 555 homine
1890 498 2021 553 scri-

439 604 590 674 ptum
615 608 715 666 est,
738 593 806 651 1η
830 611 926 660 quo
949 602 1122 648 omnes
1149 602 1470 663 peccaverunt
1489 589 1662 662 (Rom.
1689 607 1743 656 γ,
1771 582 1858 664 12)
1881 608 1893 644 :
1919 605 2024 651 non

440 693 582 750 enim
612 689 809 746 dictum
840 693 941 755 est,
974 685 1028 739 ln
1054 692 1158 757 qtio
1186 683 1424 738 omnium
1455 698 1581 738 caro
1606 684 1876 754 peccavit;
1907 681 2022 751 sed,

440 798 611 840 omnes
639 778 836 837 dictum
864 784 964 843 est,
995 775 1048 832 id
1072 784 1174 843 est,
1200 790 1387 831 omnes
1414 774 1687 841 homines;
1718 790 1838 830 cum
1865 773 2026 833 homo

440 886 548 932 non
575 872 685 929 sola
712 871 782 927 sit
809 876 971 926 caro:
995 868 1133 926 sicut
1158 883 1284 941 ergo
1310 865 1435 923 hinc
1464 867 1565 921 iste
1604 882 1710 919 non
1740 864 1897 929 debet
1925 879 2026 934 op.

438 957 616 1039 primi,
648 965 770 1037 quia
798 963 936 1019 forte
965 963 1035 1017 ita
1065 959 1262 1016 dictum
1280 969 1382 1026 est,
1422 958 1620 1015 Omnes
1654 958 1896 1013 homines
1920 998 1935 1023 ,
1970 964 2027 1015 ut

354 1081 403 1123 τοι
439 1057 731 1116 secundum
761 1055 927 1112 solam
952 1069 1167 1110 carnem
1207 1051 1658 1123 iutelligerentur;
1691 1050 1768 1105 sic
1793 1048 1891 1104 iste
1916 1062 2024 1111 non

329 1227 333 1230 ν
437 1153 564 1207 hinc
592 1149 748 1206 debet
772 1154 1015 1221 premere
1040 1145 1353 1202 defensores
1375 1141 1679 1214 propaginis
1702 1141 2022 1206 animarum.

437 1246 558 1321 quia
583 1242 780 1301 dictum
801 1250 902 1307 est,
928 1256 1075 1295 omne
1088 1254 1244 1315 genus
1271 1234 1528 1291 hominum
1551 1250 1614 1289 ea:
1637 1250 1737 1287 uno
1756 1232 2023 1306 sanguine,

1311 384 1401 443 DE
1440 378 1651 471 ΛΝΙΜΑ
1691 383 1779 440 ΕΤ
1819 374 1981 441 Ειυε
2017 370 2317 451 ORIGINE,
2360 382 2418 439 S.
2460 373 2824 469 AUGUSTINI

439 1347 688 1409 tanquam
732 1340 1009 1407 propterea
1054 1330 1166 1387 sola
1209 1344 1333 1385 caro
1364 1326 1625 1403 pertineat
1670 1324 1734 1379 ad
1774 1324 2037 1399 propagi-_

438 1417 583 1487 nem.
605 1427 661 1484 Si
689 1426 831 1484 enim
861 1424 963 1480 hoc
987 1431 1070 1480 est
1087 1437 1295 1487 verum,
1313 1419 1452 1492 quod
1481 1417 1567 1473 isti
1590 1426 1835 1472 asserunt
1852 1413 1948 1489 (α),
1968 1423 2026 1471 ιιι

441 1537 545 1577 non
575 1520 645 1576 sit
672 1520 847 1577 anima
877 1533 944 1574 ex
974 1517 1182 1581 anima,
1216 1510 1311 1568 sed
1348 1525 1472 1567 caro
1512 1526 1577 1567 ex
1613 1502 1772 1564 carne
1801 1510 1870 1563 sit
1906 1517 2024 1562 tan-

439 1625 551 1675 tum
578 1630 593 1681 ;
623 1610 693 1668 ita
720 1610 920 1668 dictum
951 1617 1070 1674 est,
1101 1624 1164 1663 ea:
1201 1622 1302 1660 uno
1329 1604 1609 1678 sanguine,
1640 1612 1697 1657 ut
1737 1614 1843 1658 uon
1882 1610 2023 1655 tctus

437 1708 602 1764 homo
631 1704 1020 1778 signiﬁcaretur
1047 1717 1077 1756 a
1103 1708 1283 1775 parte,
1312 1697 1406 1754 sed
1432 1706 1633 1752 tantum
1664 1695 1816 1749 unius
1845 1692 2022 1748 homi-

440 1799 523 1854 nis
553 1813 678 1853 caro
703 1814 716 1848 :
740 1793 870 1860 illud
911 1809 1037 1849 vero
1063 1790 1202 1865 quod
1244 1790 1442 1846 dictum
1482 1797 1592 1857 εει,
1632 1785 1700 1841 In
1726 1802 1824 1859 quo
1853 1801 2024 1840 omnes

440 1890 789 1959 peccaverunt,
822 1885 935 1941 sola
965 1878 1203 1939 omnium
1230 1881 1503 1935 hominum
1531 1894 1657 1939 caro
1680 1876 2024 1948 intelligenda

438 1981 541 2049 est,
571 1997 690 2057 quae
720 1976 842 2034 inde
866 1975 1126 2033 transfusa
1153 1984 1253 2040 est,
1281 1990 1310 2028 a
1330 1982 1439 2028 toto
1461 1980 1662 2045 partem
1693 1968 2025 2041 signiﬁcante

437 2072 729 2145 Scriptura.
755 2069 812 2125 Si
838 2077 1016 2127 autem
1041 2062 1168 2122 illud
1191 2074 1274 2122 est
1293 2079 1499 2130 verum,
1533 2060 1673 2134 quod
1703 2070 1843 2117 totus
1863 2061 2024 2123 homo

335 2234 343 2249 ἢ
437 2180 503 2220 ex
532 2168 642 2219 toto
666 2160 883 2217 homine
916 2168 1255 2233 propagatur,
1290 2156 1339 2212 id
1365 2164 1475 2223 est,
1503 2169 1699 2226 corpus
1723 2194 1740 2222 ,
1768 2154 1944 2211 anima
1969 2162 2025 2211 et

439 2255 694 2329 spiritus:
719 2252 792 2311 ibi
821 2252 1037 2325 proprie
1067 2251 1264 2309 dictum
1293 2258 1394 2316 est,
1421 2247 1480 2305 In
1506 2265 1612 2321 quo
1640 2263 1828 2305 omnes
1850 2247 2024 2305 homi-

436 2358 535 2404 nes
563 2348 947 2420 peccaverunt;
983 2342 1066 2398 hic
1090 2352 1264 2397 autem
1296 2332 1517 2412 tropice,
1542 2355 1604 2395 ea:
1631 2354 1733 2394 uno
1758 2338 2022 2417 sanguine,

442 2438 607 2496 totum
634 2437 962 2509 signiﬁcatur
990 2450 1021 2489 a
1047 2441 1220 2506 parte,
1252 2431 1304 2493 id
1330 2440 1431 2499 est,
1462 2440 1605 2489 totus
1630 2432 1810 2495 homo,
1837 2430 1928 2509 qui
1956 2444 2024 2487 ex

438 2532 614 2589 anima
633 2530 842 2585 eonsta't
864 2524 918 2582 et
942 2541 1122 2593 carne,
1154 2524 1232 2580 vel
1260 2525 1452 2595 potius,
1476 2533 1532 2581 ut
1563 2523 1661 2577 iste
1685 2529 1829 2579 amat
1855 2521 2023 2592 loqui,

440 2620 505 2683 ex
532 2622 705 2681 anima
734 2626 788 2675 et
814 2617 999 2688 Spiritu
1025 2618 1079 2672 et
1106 2602 1287 2671 carne.
1319 2614 1450 2669 Nam
1482 2623 1536 2669 et
1565 2628 1629 2668 ex
1661 2620 1810 2682 parte
1830 2620 2022 2678 totum,

440 2717 496 2767 et
524 2700 587 2767 ex
617 2714 730 2765 tcto
758 2717 963 2787 partem
1002 2706 1181 2765 divina
1210 2698 1421 2776 eloquia
1463 2704 1758 2774 signiﬁcare
1800 2715 2027 2759 consue-

438 2812 651 2861 verunt.
680 2800 757 2856 Ex
787 2804 935 2876 parte
963 2799 1104 2855 enim
1133 2806 1298 2857 totum
1327 2796 1677 2872 signiﬁcatum
1703 2804 1807 2861 est,
1836 2794 1922 2851 ubi
1951 2794 2028 2849 le-

439 2893 601 2965 g‘tur',
628 2888 709 2946 Ad
737 2900 783 2945 te
806 2890 968 2945 omnis
996 2904 1113 2944 coro
1139 2890 1297 2944 veniet
1328 2886 1497 2962 (Paul.
1529 2903 1668 2953 sxw,
1698 2887 1752 2959 5)
1777 2902 1790 2941 :
1813 2886 1935 2961 quia
1960 2900 2028 2945 ex

440 3000 603 3042 carne
633 2982 941 3055 intelligitur
979 2988 1120 3037 totus
1164 2978 1343 3036 homo.
1391 2976 1468 3036 Ex
1508 2989 1619 3035 toto
1655 2988 1831 3041 autem
1870 2980 2025 3048 pars,

443 3090 566 3133 cum
605 3070 801 3131 dicitur
825 3073 1064 3130 Christus
1101 3073 1341 3147 sepultus
1365 3111 1381 3138 ,
1425 3087 1546 3125 cum
1585 3072 1696 3125 sola
1740 3069 1857 3142 ejus
1902 3083 2028 3131 caro

442 3158 651 3239 sepulta
681 3166 767 3220 sit.
806 3158 925 3220 Jam
962 3160 1091 3218 illud
1121 3162 1263 3237 quod
1294 3162 1345 3217 in
1377 3159 1481 3217 hoc
1507 3161 1746 3239 Apostoli
1784 3160 2026 3219 testimo-

441 3259 534 3316 nio
560 3256 790 3330 posltum
816 3264 928 3324 est,
953 3257 1076 3331 quia
1107 3256 1215 3327 ipse
1238 3255 1325 3308 dat
1352 3254 1582 3310 omnibus
1621 3255 1775 3311 vitam
1803 3258 1849 3309 et
1873 3253 2028 3324 spiri-

445 3360 581 3420 tum,
609 3349 900 3406 seCundum
927 3347 1257 3421 superiorem
1287 3342 1700 3418 disputationem
1727 3354 1858 3416 puto
1883 3343 2028 3417 quod

444 3448 714 3505 neminem
746 3451 974 3498 moveat.
1018 3436 1136 3514 ipse
1163 3441 1304 3496 enim
1335 3439 1424 3496 dat
1448 3457 1461 3493 :
1485 3434 1577 3497 sed
1617 3438 1793 3495 adhuc
1830 3438 2030 3509 quaeri-

445 3554 567 3594 mus
604 3534 745 3593 unde
783 3536 893 3600 det,
931 3540 1107 3589 utrum
1147 3549 1212 3589 ex
1253 3547 1388 3587 nova
1431 3530 1818 3597 insufflatione.
1859 3546 1925 3591 an
1962 3545 2030 3589 ex

446 3631 757 3705 prepagine.
787 3631 907 3701 Ipse
945 3628 1140 3705 quippe
1178 3618 1306 3691 dare
1358 3627 1517 3685 etiam
1544 3624 1735 3697 Lcarnis
1784 3624 2032 3683 subsunt-«-

449 3723 576 3778 tiam
615 3721 909 3779 rectissime
935 3719 1127 3775 dicitur
1152 3759 1169 3789 ,
1194 3733 1352 3793 quam
1382 3725 1557 3775 tamen
1585 3715 1713 3781 dare
1738 3730 1803 3772 ex
1831 3729 2030 3786 propa-

452 3815 577 3887 gine
606 3829 713 3870 non
744 3819 985 3885 negatur.
1324 3874 1327 3877 ἤ

521 3907 747 3965 CAPUT
777 3902 963 3963 XVIII.
984 3900 1163 3959 —29.
1203 3896 1354 3958 Nunc
1377 3894 1651 3961 videamus
1676 3898 1806 3961 illud
1835 3898 1902 3954 de
1930 3897 2036 3957 Ge-

453 4001 570 4056 nesi
598 3999 976 4062 teStimonium,
1006 3995 1097 4051 ubi
1122 3989 1255 4051 facta
1284 3993 1474 4053 mulier
1497 3993 1563 4053 de
1588 3993 1754 4050 latere
1780 3991 1913 4056 viri.
1942 3989 2037 4054 ad-

453 4095 610 4153 ducta
650 4101 732 4148 est
766 4091 833 4151 ad
862 4106 984 4151 eum
1008 4128 1024 4157 ,
1055 4096 1110 4144 et
1134 4087 1266 4142 dixit
1290 4104 1304 4140 :
1331 4083 1445 4140 Hoc
1474 4100 1607 4145 nunc
1647 4100 1703 4141 os
1737 4098 1801 4138 ea:
1840 4078 2035 4143 ossibus

454 4186 577 4240 meis
596 4226 611 4253 ,
639 4186 688 4239 et
731 4199 849 4237 caro
888 4180 953 4234 de
978 4192 1129 4241 carne
1166 4194 1297 4235 mea.
1346 4170 1456 4233 Hoc
1484 4176 1680 4247 quippe
1707 4182 1854 4249 putat
1896 4172 1999 4237 iste
2018 4217 2037 4245 ,

456 4277 590 4353 quod
618 4277 782 4330 dicere
810 4272 1035 4329 debuerit
1058 4269 1242 4335 Adam,
1275 4268 1461 4323 Anima
1487 4283 1551 4325 ea:
1569 4267 1741 4323 anima
1768 4281 1910 4333 utea,
1937 4263 2037 4332 vel,

460 4370 681 4442 Spiritus
710 4356 773 4424 de
811 4366 992 4439 spiritu
1018 4379 1159 4427 meo,
1198 4364 1241 4423 si
1285 4360 1435 4415 etiam
1464 4358 1558 4419 hoc
1599 4360 1662 4413 de
1694 4356 1783 4419 ίιιο
1823 4363 2041 4417 tractum

457 4462 603 4523 esset.
644 4454 751 4517 Sed
793 4456 866 4515 illi
907 4456 994 4531 qui
1041 4452 1380 4527 propaginem
1427 4452 1671 4509 asserunt
1707 4448 2038 4519 animarum,

460 4554 584 4611 hinc
623 4552 682 4608 se
728 4558 912 4627 putant
956 4548 1199 4604 invictius
1237 4561 1387 4601 suam
1430 4544 1639 4605 munire
1685 4540 2041 4605 sententiam,

460 4645 583 4717 quia
613 4661 733 4701 cum
763 4642 1016 4715 scriptum
1043 4636 1147 4707 sit,
1176 4626 1474 4717 detraxisse
1515 4636 1681 4697 Deum
1726 4643 1929 4693 costam
1971 4631 2040 4688 de

460 4738 628 4793 latere
651 4736 786 4801 viri,
811 4750 1035 4807 eamque
1064 4734 1357 4788 aediﬁcasse
1396 4730 1450 4787 in
1478 4728 1757 4787 mulierem
1778 4768 1794 4793 ,
1821 4741 1930 4785 non
1957 4733 2044 4789 est

461 4827 700 4883 additum
728 4823 871 4896 quod
902 4827 951 4878 in
992 4818 1108 4899 ejus
1136 4820 1322 4879 faciem
1350 4820 1643 4877 sufﬁaverit
1668 4817 1846 4877 flatum
1876 4817 1998 4879 vitae
2023 4832 2038 4871 :

461 4904 598 4984 ideo,
633 4915 898 4989 inquiunt,
920 4912 1042 4989 quia
1064 4913 1174 4987 jam
1202 4912 1268 4966 de
1289 4911 1403 4965 viro
1429 4906 1600 4966 fuerat
1624 4909 1878 4967 animata.
1908 4906 2040 4963 Nam

460 5011 504 5065 si
532 5012 639 5067 non
665 5004 873 5072 fuisset,
896 5019 1226 5077 nequaquam
1256 5018 1374 5069 uos,
1402 5001 1664 5081 inquiunt,
1695 5008 1877 5057 sancta
1901 4997 2045 5055 Scri—

465 5108 617 5171 plura
649 5098 806 5177 hujus
848 5098 924 5152 rei
951 5094 1254 5166 cognitione
1295 5093 1604 5177 fraudasset.
1631 5092 1713 5147 Ad
1741 5090 1871 5149 illud
1911 5105 2043 5147 vero

461 5190 603 5263 quod
627 5192 700 5247 ait
723 5174 890 5245 Adam
912 5229 929 5258 ,
961 5184 1074 5241 Hoc
1099 5202 1232 5241 nunc
1260 5202 1315 5240 os
1340 5200 1403 5243 ea;
1431 5174 1623 5245 ossibus
1648 5182 1769 5246 meis
1789 5222 1806 5253 ,
1853 5190 1899 5239 et
1921 5197 2041 5243 caro

465 5288 529 5340 de
557 5298 710 5340 carne
733 5297 875 5346 mea;
900 5296 999 5336 nec
1023 5276 1129 5347 ait,
1158 5274 1385 5355 Spiritus
1408 5278 1493 5337 vel
1520 5266 1732 5344 anima,
1758 5275 1826 5334 de
1853 5276 2044 5348 spiritu

465 5385 590 5430 meo
618 5372 704 5430 vel
729 5372 797 5428 de
822 5371 995 5425 anima
1026 5384 1143 5427 mea
1169 5386 1182 5421 :
1206 5368 1283 5423 sic
1307 5367 1375 5422 ab
1406 5367 1483 5423 eis
1513 5366 1819 5438 responderi
1847 5373 2040 5439 potest,

464 5464 912 5538 quemadmodum
934 5462 1176 5534 superius
1195 5460 1616 5516 demonstratum
1637 5470 1737 5529 εει,
1760 5468 1816 5515 ιιι
1839 5473 1870 5519 a
1898 5468 2046 5535 parte

464 5566 634 5613 totum
680 5556 1002 5628 intelligatur
1028 5552 1130 5608 hoc
1167 5551 1366 5607 dictum
1390 5592 1405 5618 ,
1433 5568 1488 5605 os
1523 5560 1570 5605 et
1604 5566 1723 5605 caro
1753 5566 1862 5603 mea
1881 5566 1900 5615 ;
1944 5548 2041 5604 sed

465 5664 584 5720 qua:
623 5650 852 5705 animata
899 5644 1094 5703 fuerint
1129 5644 1368 5703 detracta
1393 5685 1411 5717 ,
1443 5658 1546 5697 non
1592 5651 1819 5698 mortua.
1863 5640 2047 5715 Neque

3613 379 3770 443 ιω

2127 497 2360 569 gendum
2387 505 2488 566 est,
2515 499 2639 571 quia
2664 498 2841 555 nullus
2859 497 3131 554 hominum
3158 505 3336 568 potest
3356 497 3558 568 aliquid
3590 516 3757 557 cum

2126 592 2304 647 anima
2330 591 2397 649 de
2420 591 2649 649 humana
2674 607 2835 649 carne
2858 589 3168 662 praecidere.
3198 589 3330 645 Nam
3367 590 3509 662 quod
3537 592 3753 648 Adam

2127 693 2341 741 secutus
2384 684 2625 757 adjunxit
2643 724 2659 751 ,
2692 683 2816 740 Haec
2844 684 3101 741 vocabitur
3128 683 3327 751 mulier,
3353 685 3473 754 quia
3500 684 3569 739 de
3597 686 3747 740 viro

2124 792 2218 835 suo
2245 786 2443 846 sumpta
2469 785 2537 833 est
2568 775 2715 847 (Gen.
2744 791 2803 842 tt,
2824 775 2918 846 23)
2940 792 2954 841 ;
2980 792 3076 831 cur
3102 791 3212 835 non
3241 776 3316 837 ait
3342 776 3539 845 potius,
3571 776 3751 832 unde

2127 867 2304 943 opinio
2332 866 2736 929 conﬁrmaretur
2774 868 2994 941 istorum
3018 906 3032 933 ,
3060 866 3321 935 Quoniam
3365 866 3433 922 de
3471 867 3592 925 viro
3616 881 3751 921 suo

2127 974 2252 1016 caro
2277 958 2393 1030 ejus
2417 968 2626 1030 sumpta
2653 959 2768 1027 est?
2802 959 2900 1021 Hic
2926 959 3102 1029 itaque
3140 959 3213 1017 illi
3252 959 3343 1028 qui
3370 967 3558 1015 contra
3585 974 3746 1015 sen-

2128 1051 2264 1107 tiunt
2283 1092 2296 1118 ,
2325 1059 2548 1127 possunt
2576 1050 2754 1107 dicere
2772 1091 2786 1117 ,
2813 1051 2934 1121 quia
2965 1066 3071 1105 non
3096 1050 3351 1120 scriptum
3381 1058 3465 1104 est
3487 1065 3741 1104 carnem

2126 1143 2366 1201 mulieris
2386 1184 2400 1207 ,
2429 1143 2524 1201 sed
2548 1143 2823 1201 mulierem
2852 1144 2921 1199 de
2951 1143 3065 1205 viro
3090 1156 3189 1197 suo
3213 1152 3508 1214 sumptam,
3544 1153 3743 1199 totam

2125 1234 2323 1293 debere
2347 1235 2514 1306 accipi
2541 1251 2660 1291 cum
2686 1236 2866 1292 anima
2892 1244 2951 1297 et
2988 1236 3200 1305 spiritu.
3230 1235 3363 1293 Nam
3399 1237 3500 1293 etsi
3532 1238 3745 1292 anima

2125 1341 2258 1387 sexu
2281 1334 2447 1393 caret,
2476 1341 2584 1399 non
2616 1334 2790 1385 tamen
2825 1327 3037 1397 quando
3065 1327 3399 1396 appellantur
3424 1328 3699 1385 mulieres
3717 1365 3739 1393 ,

2126 1425 2345 1488 excepta
2371 1416 2546 1477 anima
2575 1432 2668 1477 eas
2694 1432 2913 1475 necesse
2939 1427 3022 1473 est
3048 1417 3292 1488 intelligi.
3325 1417 3577 1487 Alioquin
3604 1432 3740 1473 non

2129 1509 2200 1581 ita
2230 1524 2290 1564 se
2327 1509 2743 1567 admonerentur
2781 1524 3009 1565 ornare:
3036 1508 3159 1565 Non
3184 1510 3237 1564 in
3283 1510 3426 1565 tortis
3453 1508 3736 1575 crinibus,

2125 1610 2212 1655 aut
2243 1617 2400 1669 auro,
2430 1603 2507 1656 vet
2536 1603 2853 1672 margaritis,
2883 1611 2971 1662 aut
2999 1610 3130 1657 ueste
3153 1601 3373 1672 pretiosa
3393 1640 3407 1665 ,
3438 1600 3526 1655 sed
3572 1604 3734 1669 quod

2126 1697 2284 1762 decet,
2316 1697 2504 1769 inquit,
2546 1696 2798 1763 mulieres,
2842 1696 3190 1770 promittentes
3229 1698 3465 1762 pietatem
3503 1711 3596 1764 per
3626 1694 3739 1748 bo-

2125 1807 2244 1845 nam
2271 1790 2697 1849 conversationem
2735 1787 2777 1858 (ι
2813 1787 2949 1843 Tim.
2986 1804 3040 1853 ιι,
3070 1788 3125 1853 9,
3158 1785 3270 1860 i0).
3298 1786 3494 1858 Utique
3540 1788 3737 1856 pietas

2126 1883 2271 1937 intus
2299 1891 2384 1943 est
2421 1882 2474 1965 in
2504 1882 2681 1939 anima
2710 1880 2796 1937 vel
2831 1881 2884 1934 iu
2911 1880 3121 1952 Spiritu,
3158 1888 3213 1935 et
3238 1890 3413 1937 tamen
3457 1881 3737 1943 mulieres

2126 1976 2406 2053 appellatae
2435 1982 2579 2040 sunt,
2607 1974 2769 2035 etiam
2799 1983 2857 2030 ut
2874 1989 2935 2037 se
2961 1973 3102 2033 iut'us
3125 1982 3404 2042 ornarent,
3426 1973 3516 2033 ubi
3536 1973 3735 2031 nullus

2127 2078 2210 2125 εει
2235 2083 2419 2130 sexus.

2199 2160 2288 2217 50.
2310 2156 2442 2216 Cum
2459 2159 2640 2231 itaque
2660 2158 2746 2214 isti
2769 2158 2846 2215 sic
2872 2159 3013 2221 inter
3050 2173 3109 2217 se
3139 2158 3437 2217 alternante
3461 2171 3732 2215 sermone

2126 2252 2485 2318 certaverint;
2518 2266 2617 2323 ego
2634 2253 2774 2310 inter
2799 2266 2894 2311 eos
2918 2252 2998 2313 sic
3023 2250 3224 2321 judico,
3256 2259 3313 2306 ut
3339 2265 3408 2306 ne
3427 2248 3732 2320 incognitis

2126 2345 2324 2409 ﬁdant,
2356 2353 2412 2401 et
2449 2353 2651 2403 temere
2688 2342 2917 2405 audeant
2953 2341 3224 2401 afﬁrmare
3250 2340 3393 2412 quod
3427 2339 3683 2399 nesciunt
3706 2379 3725 2404 ,

2129 2446 2380 2507 utrosque
2404 2449 2794 2493 eommoueam.
2820 2433 2876 2491 Si
2902 2434 3049 2490 enim
3069 2432 3326 2502 scriptum
3346 2439 3509 2497 esset,
3533 2430 3727 2489 lusuf~

2128 2529 2278 2584 ﬂavit
2309 2526 2493 2582 ﬂatum
2520 2528 2645 2582 vitae
2672 2527 2727 2583 in
2755 2524 2944 2585 faciem
2986 2524 3248 2591 mulieris,
3279 2532 3333 2581 ct
3372 2522 3508 2586 facta
3537 2530 3624 2578 est
3665 2522 3729 2578 in

2127 2622 2357 2679 animam
2401 2621 2607 2685 vivam;
2654 2634 2756 2677 nec
2797 2619 2875 2677 sic
2914 2625 3058 2679 esset
3098 2616 3209 2686 jam
3255 2630 3611 2686 consequens,
3661 2622 3729 2673 ut

2128 2729 2233 2773 nou
2260 2722 2642 2785 propagaretur
2670 2726 2735 2769 ex
2755 2709 3070 2782 parentibus
3088 2709 3289 2776 anima,
3321 2708 3424 2765 nisi
3453 2708 3617 2767 etiam
3646 2706 3727 2763 de

2128 2802 2240 2861 ﬁlio
2262 2818 2449 2861 eorum
2491 2801 2597 2857 hoc
2636 2800 2892 2872 scriptum
2944 2799 3190 2857 similiter
3233 2798 3518 2868 legeretur.
3569 2796 3723 2855 Fieri

2127 2894 2269 2951 enim
2299 2893 2466 2964 potuit
2496 2902 2554 2951 ut
2583 2891 2879 2949 membrum
2903 2905 3012 2947 non
3045 2890 3339 2948 animatum
3377 2888 3446 2947 de
3486 2903 3725 2959 corpore

2128 2994 2425 3047 extractum
2452 2984 2712 3055 indigeret
2733 2983 2980 3051 animari,
3009 2983 3101 3039 lilii
3127 2998 3257 3041 vero
3281 2983 3456 3039 anima
3475 2998 3541 3036 es
3568 2989 3727 3051 patre

2128 3094 2227 3149 per
2254 3088 2477 3137 matrem
2499 3077 2806 3151 propaginis
2838 3075 3198 3135 transfusioue
3226 3074 3547 3131 traheretur.
3578 3074 3718 3131 Cum

2127 3188 2258 3235 vero
2286 3173 2504 3229 tacitum
2529 3180 2632 3239 est,
2664 3171 2983 3235 occultatum
3019 3179 3121 3235 est,
3150 3184 3258 3229 non
3284 3176 3531 3239 negatum
3557 3185 3573 3234 ;
3619 3166 3731 3225 sed

2131 3280 2305 3339 neque
2346 3263 2687 3325 afﬁrmatum.
2717 3263 2797 3321 Ac
2822 3278 2915 3336 per
2943 3264 3046 3319 hoc
3071 3263 3238 3319 sicubi
3262 3261 3399 3319 forte
3441 3276 3550 3317 non
3586 3262 3722 3316 taei-

2130 3368 2243 3419 tum
2304 3366 2407 3425 est,
2453 3357 2772 3417 clarioribus
2815 3355 3150 3415 documentis
3195 3364 3278 3411 est
3337 3353 3710 3411 astruondum.

2130 3447 2283 3511 Unde
2302 3467 2406 3515 nec
2433 3452 2513 3536 δικ
2533 3451 2623 3523 qui
2669 3449 2961 3513 defendunt
3001 3449 3298 3515 animarum
3339 3447 3708 3518 propaginem,

2132 3561 2196 3600 ex
2224 3560 2291 3600 eo
2316 3543 2457 3613 quod
2485 3557 2588 3597 non
2613 3540 2845 3596 sufflavit
2869 3542 3010 3599 Deus
3031 3540 3084 3595 in
3113 3539 3302 3595 faciem
3331 3538 3590 3603 mulieris,
3613 3537 3715 3599 ali-

2133 3635 2261 3707 quid
2287 3634 2640 3712 sdjuvantur;
2686 3649 2788 3691 nec
2811 3632 2885 3689 illi
2910 3632 2998 3704 qui
3020 3647 3138 3688 eam
3161 3640 3375 3701 negant,
3422 3629 3549 3686 ideo
3592 3629 3716 3699 quia

2136 3744 2242 3783 non
2272 3726 2410 3785 dixit
2441 3725 2632 3791 Adam.
2656 3723 2848 3783 Anima
2897 3724 2966 3780 de
3002 3725 3178 3779 anima
3210 3738 3349 3789 mea,
3391 3721 3594 3778 debent
3619 3721 3720 3779 sibi

2135 3817 2460 3890 persuadere
2501 3816 2643 3888 quod
2691 3817 2957 3873 nesciunt.
3008 3814 3157 3877 Sicut
3205 3814 3354 3872 enim
3388 3814 3576 3875 eadem
3617 3828 3720 3869 non

2140 3910 2335 3975 soluta,
2386 3908 2762 3983 sed‘manente
2790 3907 3104 3979 quaestione,
3149 3906 3325 3979 potuit
3366 3915 3544 3965 tacere
3584 3903 3721 3961 Scri-

2139 4011 2313 4073 plura,
2355 4000 2498 4081 quod
2523 4000 2715 4057 mulier
2738 4000 2846 4054 Deo
2872 3997 3117 4061 sufflaute
3143 3998 3281 4059 sicut
3324 3998 3407 4055 vir
3427 3997 3547 4066 ejus
3571 4010 3721 4053 acea-

2137 4093 2277 4166 perit
2300 4093 2533 4153 animam
2565 4109 2578 4147 :
2607 4091 2687 4147 sic
2728 4089 2915 4149 eadem
2955 4106 3062 4151 non
3110 4089 3303 4157 soluta,
3348 4088 3442 4147 sed
3473 4096 3720 4145 manente

2140 4184 2458 4254 quaestione,
2486 4183 2659 4255 p0tuit
2691 4191 2869 4238 tacere
2899 4182 3195 4252 Scriptura,
3228 4190 3283 4241 ut
3309 4179 3478 4241 Adam
3509 4194 3614 4235 non
3641 4178 3719 4234 di-

2139 4284 2307 4343 ceret,
2335 4275 2525 4333 Anima
2567 4273 2633 4335 de
2678 4275 2854 4331 anima
2885 4286 3024 4335 mea.
3056 4273 3134 4335 Ac
3166 4287 3260 4343 per
3308 4271 3411 4328 hoc
3452 4271 3497 4327 si
3542 4271 3717 4341 prima:

2141 4368 2380 4427 mulieris
2408 4368 2586 4447 anima
2625 4382 2693 4425 ex
2727 4367 2843 4439 viro
2869 4374 2974 4432 est,
3001 4381 3033 4421 a
3062 4373 3214 4435 parte
3253 4373 3419 4427 totum
3456 4362 3714 4439 signiﬁca-

2142 4469 2253 4515 tum
2283 4468 2386 4525 est,
2413 4457 2502 4517 ubi
2534 4458 2744 4529 legitur,
2797 4454 2910 4515 Hoc
2933 4472 3068 4512 nunc
3103 4471 3158 4515 os
3180 4455 3457 4513 exossibus
3494 4454 3638 4521 meis,
3673 4462 3717 4509 et

2142 4568 2260 4606 caro
2287 4551 2348 4611 de
2370 4567 2519 4611 carne
2542 4566 2693 4615 mea;
2737 4564 2861 4611 cum
2892 4556 2998 4607 tota
3021 4565 3088 4609 ex
3114 4549 3230 4613 viro
3249 4589 3265 4617 ,
3294 4564 3399 4603 non
3434 4561 3561 4603 caro
3610 4547 3717 4602 sola

2143 4645 2213 4705 sit
2237 4653 2465 4723 sumpta.
2492 4642 2551 4709 Si
2570 4652 2747 4699 autem
2776 4657 2882 4705 non
2907 4652 2989 4699 est
3026 4657 3097 4701 ex
3123 4643 3258 4708 viro,
3307 4641 3400 4698 sed
3420 4656 3541 4696 eam
3584 4623 3719 4697 licus

2143 4737 2435 4801 insufflavit
2457 4738 2597 4793 sicut
2618 4738 2767 4803 viro;
2806 4751 2839 4792 a
2867 4744 2976 4790 toto
3006 4750 3128 4805 pars
3166 4733 3462 4806 signiﬁcata
3493 4742 3595 4797 est,
3634 4732 3717 4789 ubi

2145 4828 2357 4899 legitur,
2402 4826 2482 4885 De
2510 4830 2615 4885 viro
2639 4843 2733 4885 suo
2752 4836 2954 4900 sumpta
2989 4836 3061 4887 est
3087 4843 3106 4884 :
3130 4841 3251 4887 cum
3292 4839 3420 4889 caro
3454 4825 3572 4895 ejus
3616 4840 3714 4881 non

2148 4930 2257 4976 tota
2287 4922 2356 4983 sit
2383 4929 2615 4993 sumpta.
2800 4914 2803 4917 ﬁ

2218 5013 2307 5073 51.
2328 5012 2683 5089 Quapropter,
2705 5025 2825 5071 cum
2861 5011 2943 5073 his
2975 5011 3317 5078 testimoniis,
3342 5008 3483 5079 quod
3505 5009 3572 5067 ad
3588 5009 3712 5065 hanc

2147 5119 2261 5163 rem
2280 5105 2527 5175 pertinet,
2554 5105 2735 5175 utique
2759 5104 3041 5174 ambiguis,
3065 5118 3171 5161 non
3197 5102 3432 5161 solvatur
3452 5101 3565 5163 hac
3582 5117 3717 5170 (μιξε-

2149 5196 2290 5262 stio;
2318 5195 2446 5253 illud
2470 5204 2644 5255 tamen
2667 5196 2798 5260 scio,
2835 5196 2914 5253 sic
2936 5196 3295 5267 argumentari
3335 5195 3601 5262 homines,
3632 5195 3713 5264 qui

2149 5301 2213 5340 ex
2244 5285 2345 5345 hoc
2377 5294 2562 5359 putant
2596 5287 2827 5343 animam
2871 5287 3106 5347 mulieris
3145 5303 3251 5349 non
3276 5301 3400 5343 esse
3443 5285 3510 5345 de
3548 5287 3713 5343 ultima

2149 5376 2270 5444 viri,
2301 5377 2419 5448 quia
2437 5392 2543 5435 non
2569 5386 2650 5437 est
2674 5378 2896 5446 dictum,
2928 5379 3119 5437 Anima
3134 5378 3205 5435 de
3229 5379 3403 5435 anima
3429 5393 3575 5441 mea;
3603 5376 3709 5440 sed.

2150 5486 2269 5525 caro
2314 5469 2376 5526 de
2410 5487 2561 5526 carne
2608 5488 2720 5527 mea
2753 5472 3241 5542 :quemadmodutn
3296 5481 3712 5543 argumentantur

2150 5561 2563 5641 Apollinaristte,
2587 5564 2668 5619 vel
2696 5564 3013 5635 quicumque
3033 5574 3158 5621 sunt
3179 5564 3290 5631 alii,
3327 5565 3582 5625 adversus
3605 5563 3713 5619 ani-

2150 5668 2292 5708 mam
2322 5654 2560 5721 Domini;
2591 5670 2749 5725 quam
2780 5664 3061 5727 prOpterea
3087 5665 3299 5729 negant,
3321 5658 3443 5727 quia
3473 5656 3710 5724 scriptum

471 5740 637 5805 enim,
668 5740 770 5795 hoc
797 5738 1230 5810 Omnipotentem
1257 5732 1432 5792 facere
1474 5733 1744 5808 potuisse,
1787 5733 1909 5791 ideo
1946 5749 2041 5790 nc-
2072 5776 2104 5801 λ,
2153 5744 2366 5814 legunt,
2414 5744 2629 5801 Verbum
2659 5764 2778 5803 caro
2817 5752 3005 5821 factum
3055 5760 3127 5804 cst
3180 5747 3380 5823 (Joan.
3406 5765 3442 5817 r,
3497 5747 3562 5803 tt
3590 5747 3626 5820 ).
3661 5744 3711 5805 Si

527 5846 604 5915 (a)
624 5853 781 5914 forte,
804 5849 991 5903 asserit.

2054 5954 2109 5968 ρο
2136 5955 2201 5965 ὶνιι
2258 5951 2269 5964 ο

2108 5872 2123 5887 ο
2157 5842 2300 5895 enim
2330 5851 2383 5897 et
2405 5842 2600 5911 anima,
2632 5843 2895 5914 inquiunt,
2930 5843 3000 5901 ibi
3025 5848 3189 5914 esset,
3220 5841 3405 5902 debuit
3436 5840 3560 5911 dici,
3586 5834 3710 5899 Ver-
