3938 6522
43 0 265 167 Γ
334 13 373 19 ..κγ
457 19 543 33 ,κγ
588 22 647 25 τί
717 17 781 25 υτ
969 23 1053 30 -,
1331 25 1401 31 —_
1432 29 1487 33 -ςν

40 362 43 465 l

32 478 41 691 γ

24 714 31 829 Γ

260 398 359 467 λεδ
1632 398 1825 464 LIBER

1933 398 2151 467 RIMUS.
3421 416 3529 480 ιιι

251 524 371 577 bum
399 521 558 577 homo
593 518 786 575 factum
832 528 939 577 est.
976 518 1084 578 Sed
1129 521 1243 578 istis
1294 528 1574 602 propterea.
1617 521 1829 589 dicitur,

247 616 426 672 carnis
480 617 681 672 nomine
730 616 911 672 solere
959 615 1289 686 Scripturam
1335 624 1503 671 totum
1567 616 1834 671 hominem

245 726 575 779 nuncupare,
626 710 764 765 sicut
814 710 913 777 ibi,
946 711 1012 765 Et
1054 709 1235 765 uidebit
1275 711 1440 765 omnis
1458 725 1578 765 caro
1614 710 1838 765 salutare

243 798 336 854 Dei
358 798 523 873 (leui.
569 816 658 866 xu,
690 800 756 865 5;
804 799 936 854 Luc.
972 817 1053 867 lli,
1099 800 1188 874 6);
1228 815 1334 855 non
1373 801 1516 857 enim
1555 816 1682 856 caro
1722 801 1840 856 sine

238 892 416 945 anima
463 892 662 963 aliquid
689 891 873 947 videre
902 899 1081 961 potest
1107 910 1121 947 :
1143 892 1266 963 quia
1300 892 1538 969 plurimis
1567 892 1689 949 aliis
1710 907 1838 955 san.-

234 994 445 1039 ctarum
465 984 866 1055 Scripturarum
889 985 1041 1051 locis,
1075 1000 1178 1040 non
1196 982 1367 1039 solum
1387 990 1625 1051 carnem,
1649 999 1836 1041 verum

232 1080 392 1130 etiam
434 1078 675 1131 animam
721 1076 1036 1145 humanam,
1082 1076 1135 1132 id
1181 1087 1280 1142 est,
1315 1079 1629 1141 rationalem
1660 1078 1838 1135 inesse

230 1166 443 1220 homini
470 1166 709 1233 Christo,
732 1168 848 1223 sine
865 1169 969 1222 ulla
991 1168 1331 1239 ambiguitate
1350 1178 1695 1225 monstratur.
1728 1167 1843 1225 Un.

226 1259 290 1311 de
326 1267 386 1313 et
416 1259 539 1324 isti,
570 1269 602 1317 a
646 1257 838 1335 quibus
882 1257 1179 1321 animarum
1221 1264 1456 1335 propago
1500 1260 1836 1330 defenditur,

228 1358 458 1418 possent
495 1350 741 1420 accipere
782 1366 813 1405 a
856 1360 1009 1422 parte
1058 1360 1226 1406 totum
1251 1367 1372 1409 esse
1416 1354 1641 1418 dictum,
1666 1353 1739 1409 Or
1774 1354 1839 1410 de

225 1441 431 1493 ossibus
462 1442 612 1506 meis,
637 1449 685 1495 et
704 1458 823 1496 caro
850 1442 916 1497 de
936 1459 1089 1497 carne
1114 1460 1265 1509 mea;
1292 1453 1350 1499 ut
1374 1444 1483 1500 illic
1504 1446 1836 1523 intelligere-

224 1543 308 1586 tur
328 1542 388 1587 et
415 1535 626 1600 anima,
649 1535 1097 1605 quemadmodum
1126 1535 1353 1592 Verbum
1393 1552 1609 1594 carnem
1640 1538 1835 1594 factum

221 1638 329 1678 non
377 1624 511 1680 sine
553 1626 734 1680 anima
773 1626 1068 1697 accipimus
1095 1626 1184 1682 :sl
1230 1627 1679 1698 quemadmodum
1733 1630 1837 1686 alia

223 1714 550 1771 testimonia
590 1714 786 1772 docent
822 1714 1023 1772 habere
1065 1716 1349 1773 humanam
1402 1720 1635 1775 animam
1676 1719 1836 1776 Chri-

222 1813 395 1871 stum,
430 1807 509 1860 ita
538 1814 596 1862 et
640 1808 729 1863 isti
769 1808 1035 1880 aliquibus
1073 1826 1178 1865 nou
1221 1811 1484 1884 ambiguis
1518 1815 1836 1872 testimoniis

223 1897 595 1967 propaginem
636 1905 949 1955 astruerent
983 1900 1299 1957 animarum.
1346 1903 1471 1958 Pari
1516 1905 1631 1960 vice
1675 1906 1836 1976 igitur

223 1988 599 2046 admonemus
642 1993 800 2048 etiam
845 1992 966 2061 hos,
1014 1995 1100 2064 qui
1152 1996 1449 2051 animarum
1486 1999 1831 2069 propaginem

222 2081 546 2151 destruunt,
576 2092 634 2139 ut
670 2099 836 2140 novas
860 2101 890 2139 a
924 2085 1036 2142 Deo
1077 2085 1276 2142 suillari
1303 2088 1507 2142 animas
1549 2089 1708 2144 certis
1731 2090 1833 2145 do-

223 2175 506 2229 cumentis
525 2184 808 2242 asseram;
838 2186 895 2233 et
922 2184 1048 2233 tunc
1076 2178 1203 2234 illud
1228 2177 1370 2250 quod
1400 2179 1597 2236 dictum
1629 2189 1731 2249 est,
1762 2181 1834 2239 Os

225 2282 288 2321 et
310 2268 524 2324 ossibus
561 2271 708 2338 meis,
759 2279 807 2327 et
852 2286 971 2326 caro
1007 2271 1070 2327 de
1105 2289 1257 2327 carne
1282 2290 1411 2340 mea,
1436 2288 1542 2330 non
1571 2274 1772 2346 tropice
1800 2290 1834 2332 a

224 2369 383 2427 parte
409 2369 610 2427 totum,
643 2372 704 2417 ut
729 2362 887 2418 simul
915 2364 1241 2436 intelligatur
1269 2374 1323 2421 et
1346 2366 1544 2435 anima,
1580 2367 1676 2424 sed
1704 2383 1830 2439 pro-

228 2451 346 2519 prie
365 2451 438 2506 de
453 2453 573 2507 sola
596 2468 758 2509 carne
783 2453 985 2510 dictum
1013 2470 1129 2512 esse
1154 2456 1472 2513 defendant.

299 2541 539 2600 CAPUT
564 2543 709 2600 XIX.
731 2576 804 2587 —
825 2545 915 2601 32.
967 2547 1096 2615 Quae
1141 2561 1262 2605 cum
1289 2551 1360 2606 ita
1406 2551 1533 2621 sint,
1583 2550 1740 2609 video
1768 2552 1831 2610 li-
1869 2554 1879 2560 ’

230 2631 391 2691 hrum
435 2635 597 2690 istum
632 2638 743 2707 jam
792 2654 915 2695 esse
942 2640 1318 2698 claudendum.
1366 2641 1557 2699 Omnia
1609 2645 1826 2717 quippe,

231 2740 355 2795 qua:
384 2727 517 2782 mihi
546 2730 779 2784 maxime
818 2733 1119 2787 necessaria
1161 2732 1499 2803 videbantur,
1551 2737 1826 2804 continet;

235 2818 433 2886 quibus
460 2819 513 2873 hi
542 2820 633 2890 qui
662 2820 912 2891 legerint,
953 2823 1125 2879 sciant
1168 2839 1227 2880 se
1266 2836 1456 2882 cavere
1496 2827 1710 2894 debere,
1759 2845 1829 2886 ne

237 2910 371 2968 huic
393 2913 614 2981 homini,
664 2915 813 2987 cujus
840 2915 974 2972 duos
1026 2916 1190 2973 libros
1214 2918 1342 2973 mihi
1381 2919 1594 2988 misisti,
1641 2922 1694 2976 in
1724 2921 1829 2978 hoc

250 3005 590 3073 consentiant,
621 3012 682 3060 ut
705 3006 933 3063 credant
959 3008 1160 3065 animas
1191 3009 1268 3065 sic
1297 3020 1363 3066 ex
1390 3010 1517 3067 flatu
1547 3010 1641 3068 Dei
1683 3026 1824 3083 esse,

253 3103 313 3148 ut
335 3110 440 3150 non
466 3096 565 3150 sint
593 3112 659 3153 ex
690 3098 881 3153 nihilo.
919 3098 1033 3155 Hoc
1061 3102 1203 3157 enim
1230 3103 1317 3177 qui
1346 3102 1537 3172 credit,
1581 3105 1679 3161 etsi
1708 3121 1830 3161 ver-

242 3185 330 3241 bis
356 3193 525 3256 oegct,
552 3204 607 3244 re
631 3190 744 3259 ipsa
774 3191 971 3246 clamat
995 3193 1200 3250 animas
1227 3194 1320 3250 Dei
1359 3195 1557 3253 habere
1582 3198 1827 3257 substans

241 3275 389 3339 tiam,
420 3284 473 3331 et
497 3278 661 3348 ipsius
685 3294 857 3351 genus
889 3297 1027 3349 esse,
1059 3298 1166 3339 non
1205 3300 1450 3353 munere,
1490 3289 1586 3344 sed
1614 3299 1821 3351 natura.

237 3361 365 3419 Nam
395 3366 462 3422 de
500 3383 607 3438 quo
636 3372 861 3442 quisque
890 3383 1093 3430 natura:
1121 3386 1232 3431 suae
1267 3378 1527 3449 originem
1563 3380 1728 3449 ducit,
1757 3381 1825 3439 de

236 3454 326 3510 illo
376 3468 585 3515 natura:
630 3475 740 3517 sua:
785 3478 959 3533 genus
994 3462 1194 3522 ducere
1230 3468 1416 3538 negari
1467 3470 1648 3527 sobrie
1677 3472 1825 3528 nullo

235 3556 387 3616 pacto
412 3560 608 3620 potest.
647 3552 751 3608 iste
776 3563 957 3610 autem
984 3556 1053 3611 ita
1079 3553 1179 3614 sibi
1220 3568 1303 3614 est
1348 3559 1463 3631 ipse
1497 3565 1820 3633 contrarius,

233 3646 290 3693 ut
306 3655 477 3710 genus
506 3642 598 3698 Dei
627 3659 747 3700 esse
770 3646 979 3703 anhnas
1007 3648 1167 3718 dicat,
1196 3665 1305 3706 non
1332 3660 1542 3721 natura,
1574 3655 1668 3711 sed
1708 3672 1826 3713 mu-

231 3745 388 3797 nere;
419 3743 473 3788 et
499 3745 676 3790 tamen
706 3753 815 3793 non
842 3736 1010 3797 factas
1039 3755 1103 3797 ex
1134 3742 1325 3813 nihilo,
1357 3745 1451 3801 sed
1480 3762 1545 3803 ex
1571 3746 1662 3803 illo
1682 3748 1824 3806 dicat

230 3824 488 3894 originem
518 3826 718 3885 ducere
748 3847 764 3883 :
796 3845 860 3885 ac
889 3831 967 3887 sic
995 3847 1105 3900 eas,
1153 3835 1297 3905 quod
1333 3837 1480 3908 prius
1510 3850 1819 3912 negaverat,

228 3913 293 3968 ad
323 3916 419 3970 Dei
447 3926 692 3973 naturam
721 3935 978 3978 revocare
1004 3940 1109 3979 non
1132 3924 1358 3983 dubitat.

297 4006 388 4061 53.
430 4008 739 4065 Animarum
764 4022 943 4069 autem
986 4030 1240 4074 novarum
1275 4020 1392 4077 sine
1425 4027 1716 4095 propagine
1740 4025 1823 4082 in-

227 4096 625 4168 mulationem,
669 4103 885 4161 delendi
930 4108 1142 4178 quidem
1180 4112 1399 4170 minime
1438 4114 1817 4189 prohibemus,

226 4189 323 4245 sed
348 4191 419 4245 ab
446 4193 524 4249 eis
547 4196 636 4266 qui
665 4198 934 4267 potuerint
953 4200 1149 4273 aliquid
1179 4202 1440 4276 invenire,
1471 4210 1554 4266 vel
1582 4212 1632 4265 ln
1656 4228 1819 4269 cano.

226 4284 362 4339 uicis
390 4283 585 4353 Libris,
615 4291 756 4360 quod
782 4307 890 4346 non
913 4295 980 4348 sit
1003 4297 1306 4369 ambiguum
1324 4301 1673 4361 dissolvendae
1697 4307 1820 4367 huic

228 4375 627 4447 obligatissima:
657 4384 960 4453 quaestioni;
980 4388 1063 4442 vel
1091 4390 1142 4444 in
1164 4392 1657 4452 ratiocinationibus
1678 4400 1814 4470 suis,

232 4469 369 4537 quod
388 4485 493 4526 non
514 4475 920 4531 sitcontrarium
950 4480 1222 4538 catholica:
1240 4486 1446 4541 veritati
1468 4506 1481 4541 :
1503 4504 1608 4544 non
1645 4507 1674 4546 a
1695 4469 1818 4549 tali;

230 4559 512 4632 busqualis
538 4565 913 4638 isteapparuit,
936 4573 1024 4642 qui
1046 4588 1149 4630 non
1172 4575 1490 4634 inveniendo
1518 4581 1645 4652 quid
1672 4582 1819 4640 dice-

235 4655 851 4719 ret,etdeliberationem
880 4678 1027 4719 suam
1046 4667 1277 4724 nolendo
1301 4671 1647 4743 suspendere,
1677 4675 1815 4732 vires

227 4758 352 4800 suas
374 4749 590 4806 omnino
629 4765 736 4807 non
776 4755 1033 4825 metiens,
1060 4774 1130 4813 ne
1156 4767 1389 4829 taceret,
1422 4779 1583 4819 ausus
1621 4775 1702 4821 est
1732 4766 1814 4822 di-

228 4850 366 4905 cere,
400 4859 420 4892 ι
450 4838 717 4912 inquinari
748 4846 981 4901 animam
1028 4852 1288 4907 meruisse
1330 4869 1425 4924 per
1470 4871 1687 4912 carnem
1714 4900 1729 4925 ,
1762 4867 1816 4916 et

225 4945 341 4987 esse
366 4937 631 4992 meruiSSe
666 4940 898 4995 animam
946 4945 1330 5013 peccatricem;
1366 4968 1386 5002 ι
1417 4950 1570 5019 cujus
1607 4950 1815 5009 nullum

224 5025 493 5093 meritum,
524 5044 620 5084 seu
640 5028 840 5087 bonum
863 5047 958 5091 seu
984 5036 1182 5092 malum
1210 5080 1224 5103 ,
1253 5048 1377 5094 ante
1397 5055 1610 5097 carnem
1643 5044 1814 5113 potuit

225 5112 480 5173 invenire.
532 5119 603 5176 Et
651 5142 672 5176 ι
713 5127 948 5195 parvulis
1002 5128 1118 5183 sine
1163 5130 1429 5201 baptismo
1473 5132 1543 5189 de
1585 5112 1812 5205 corpore

224 5210 538 5268 exeuntibus
563 5214 696 5271 solvi
718 5230 875 5285 posse
899 5218 1157 5289 originale
1184 5231 1478 5293 peccatum,
1500 5234 1552 5281 et
1576 5226 1810 5282 oll'eren-

224 5299 343 5356 dum
367 5320 464 5373 pro
489 5307 570 5360 eis
597 5302 919 5363 sacriﬁcium
939 5310 1179 5380 corporis
1193 5310 1409 5383 Christi,
1440 5332 1460 5367 ι
1486 5318 1572 5386 qui
1592 5316 1810 5374 Christo

226 5408 326 5450 non
350 5405 476 5452 sunt
498 5398 827 5469 incorporati
854 5417 949 5472 per
974 5402 1092 5474 ejus
1112 5404 1459 5467 Sacramenta
1486 5408 1535 5462 in
1560 5407 1678 5479 ejus
1708 5411 1813 5467 Ec-

227 5487 379 5543 clesia
408 5507 422 5543 :
461 5508 481 5543 ‹
510 5507 714 5564 eosque
760 5494 877 5550 sine
906 5495 1118 5554 lavacro
1152 5501 1572 5571 regenerationis
1595 5501 1663 5557 de
1707 5501 1809 5558 hac

202 5570 323 5633 vita
349 5582 704 5653 emigrantes,
736 5590 845 5641 non
870 5587 939 5642 ad
973 5591 1208 5660 requiem
1226 5570 1441 5646 itaMum
1470 5592 1547 5648 ire
1568 5635 1583 5660 ,
1613 5594 1707 5650 sed
1739 5594 1809 5651 ad

224 5685 437 5744 regnum
472 5676 740 5735 calorum
793 5694 952 5751 posse
991 5681 1152 5738 etiam
1194 5685 1496 5755 pervenire.
1528 5706 1548 5743 ι
1599 5687 1667 5744 Ει
1702 5686 1808 5746 alia

227 5765 381 5822 multa
392 5767 645 5836 absurda,
665 5786 787 5841 quae
803 5773 979 5829 omnia
994 5777 1267 5848 colligere,
1285 5787 1445 5852 atque
1460 5781 1513 5837 in
1541 5782 1645 5837 isto
1666 5783 1807 5840 libro

226 5854 460 5927 digerere
489 5859 713 5931 longum
734 5862 908 5919 visum
934 5872 1035 5921 est.
1060 5866 1212 5925 Absit
1239 5885 1365 5941 ergo
1392 5882 1450 5929 ut
1496 5875 1800 5933 animarum

1952 537 2204 595 propago,
2227 524 2271 580 si
2299 523 2427 581 falsa
2451 535 2552 596 εει,
2574 529 2808 586 atalibus
2832 529 3138 598 refellatur;
3160 532 3527 593 etanimarum
3560 542 3563 549 '

1944 630 2199 671 novarum
2226 617 2533 687 insufﬂatlo,
2556 620 2602 675 si
2639 637 2763 677 vera
2781 631 2884 691 est,
2906 638 2935 678 a
2961 622 3156 681 talibus
3180 625 3546 687 defendatur.-

2013 705 2104 762 54.
2126 706 2505 778 Quamobrem,
2526 710 2845 782 quicumque
2871 716 3057 772 volunt
3071 716 3357 776 defendere
3377 720 3537 791 quod-

1942 797 2190 854 dicuntur
2215 800 2411 856 animae
2437 818 2588 857 novas
2619 806 2961 863 nascentibus
2997 808 3260 867 insuﬂlari
3277 850 3297 880 ,
3325 826 3433 868 non
3458 812 3528 871 de
3558 826 3569 841 '

1944 889 2253 967 parentibus
2280 892 2447 961 trahi,
2473 894 2671 969 aliquid
2714 896 2925 953 illorum
2954 910 3183 970 quatuor
3219 919 3337 973 quae
3363 918 3553 976 supra,

1942 983 2353 1040 commemoravi
2372 1023 2389 1049 ,
2418 990 2642 1047 caveant
2676 987 2823 1042 omni
2851 988 3012 1045 modo
3045 1008 3060 1045 :
3089 991 3193 1048 hoc
3218 1003 3321 1060 est,
3354 1010 3423 1051 ne
3448 995 3530 1050 di-

1942 1081 2085 1138 cant,
2114 1087 2147 1133 a
2172 1073 2281 1129 Deo
2300 1072 2415 1137 fieri
2449 1075 2654 1137 animas
2682 1080 3004 1147 peccatrices
3030 1096 3128 1152 per
3153 1085 3385 1141 alienum
3421 1088 3530 1142 ori-

1940 1166 2116 1236 ginale
2147 1174 2429 1239 peccatum
2455 1187 2468 1223 :
2500 1184 2569 1226 ne
2592 1170 2791 1239 dicant,
2817 1175 3065 1243 parvulos
3088 1176 3179 1246 qui
3208 1178 3323 1234 sine
3343 1180 3527 1250 Bapti-

1941 1271 2059 1316 Smo
2103 1258 2361 1325 exierint,
2408 1262 2687 1333 pervenire
2731 1277 2889 1335 posse
2939 1265 3008 1321 ad
3054 1267 3215 1322 vitam
3272 1280 3526 1326 aeternam

1945 1346 2279 1421 regnumque
2307 1346 2589 1422 caelorum,
2618 1355 2861 1427 originali
2894 1367 3114 1428 peccato
3138 1376 3232 1429 per
3254 1363 3532 1433 quodlibet

1939 1441 2085 1495 aliud
2128 1445 2402 1499 resoluto:
2435 1462 2503 1502 ne
2540 1447 2755 1516 dicant,
2796 1450 3002 1506 animas
3041 1466 3292 1521 peccasse
3333 1454 3529 1512 alicubi

1940 1541 2064 1589 ante
2088 1549 2337 1603 carnem,
2366 1545 2421 1592 et
2460 1538 2564 1595 hoc
2600 1539 2794 1596 merito
2830 1541 2883 1595 in
2926 1556 3144 1599 carnem
3173 1546 3527 1614 peccatricem

1939 1610 2107 1680 fuisse
2147 1625 2392 1687 detrusus
2424 1644 2538 1689 :ne
2578 1630 2778 1699 dicant,
2811 1642 3058 1703 peccata,
3087 1610 3207 1706 qua:
3247 1636 3299 1692 in
3343 1638 3424 1693 eis
3448 1639 3533 1695 in—

1939 1724 2098 1771 venta
2138 1733 2244 1772 non
2292 1729 2445 1789 sunt,
2473 1723 2597 1792 quia
2644 1725 2886 1793 praescii:
2924 1736 3082 1795 sunt,
3122 1730 3316 1786 merito
3361 1729 3530 1789 fuisse

1942 1808 2123 1876 punita
2150 1850 2165 1875 ,
2192 1824 2315 1869 cum
2362 1812 2429 1873 ad
2476 1828 2594 1871 eam
2640 1815 2834 1883 vitam,
2864 1817 2953 1873 ubi
2995 1834 3060 1875 ea
3104 1822 3525 1891 committerent,

1938 1898 2211 1977 permissae
2238 1916 2344 1957 non
2389 1902 2587 1969 fuerint
2625 1908 2924 1975 pervenire.
2964 1908 3107 1967 Nihil
3143 1927 3272 1984 ergo
3295 1912 3524 1972 istorum

1943 1999 2174 2060 quatuor
2208 1990 2483 2069 dicentes,
2513 1997 2764 2068 quoniam
2794 2000 3071 2071 quodlibet
3109 2019 3293 2061 eorum
3335 2005 3528 2064 falsum

1936 2089 2094 2152 atque
2136 2083 2355 2154 impium
2384 2096 2501 2154 est;
2530 2089 2803 2149 inveniant
2826 2094 2987 2150 etiam
3026 2095 3419 2179 Scripturarum
3455 2099 3527 2159 de

1941 2169 2042 2231 hac
2091 2189 2151 2230 re
2199 2176 2499 2235 certissima
2542 2182 2868 2252 testimonia,
2913 2195 2967 2241 et
3022 2169 3159 2244 hanc
3204 2192 3526 2250 sententiam

1936 2280 2087 2325 suam
2112 2310 2128 2336 ,
2156 2284 2262 2327 non
2290 2272 2463 2329 solum
2502 2290 2589 2331 me
2614 2290 2723 2331 non
2757 2287 2973 2337 vetante
2992 2322 3007 2347 ,
3031 2296 3219 2338 verum
3252 2284 3413 2349 etiam
3446 2284 3528 2351 ia-

1934 2367 2094 2417 vente
2122 2369 2177 2417 et
2198 2362 2396 2433 gratias
2417 2377 2609 2436 agente
2633 2408 2649 2437 ,
2677 2368 2981 2426 defendant.
3018 2371 3074 2428 Si
3100 2382 3277 2431 autem
3311 2391 3416 2435 non
3448 2379 3528 2443 in-

1933 2453 2154 2511 veniunt
2196 2456 2548 2519 certissimam
2588 2458 2657 2515 de
2700 2460 2799 2517 hac
2837 2478 2897 2518 re
2922 2465 3290 2525 auctoritatem
3321 2466 3527 2527 divino-

1933 2558 2053 2601 rum
2116 2545 2492 2617 eloquiorum,
2549 2559 2603 2609 et
2644 2551 2845 2622 aliquid
2890 2554 3100 2617 illorum
3151 2566 3380 2631 quatuor
3430 2576 3526 2635 per

1933 2634 2166 2709 inopiam
2212 2639 2393 2697 dicere
2430 2643 2854 2719 compelluntur;
2895 2645 3180 2705 cobibeant
3211 2664 3307 2718 se,
3339 2668 3408 2713 ne
3430 2634 3527 2725 per

1931 2727 2100 2798 ipsam
2126 2730 2357 2811 inepiam
2384 2733 2543 2789 etiam
2568 2736 2904 2817 parvulorum
2934 2738 3141 2797 animas
3184 2757 3292 2798 non
3320 2742 3525 2802 habere

1931 2818 2189 2891 originale
2222 2832 2534 2893 peccatum,
2564 2826 2854 2885 secundum
2893 2828 3232 2901 Pelagianam
3273 2832 3523 2893 haeresim

1884 2905 1889 2917 '
1932 2913 2059 2968 olim
2091 2913 2446 2977 damnabilem
2468 2958 2484 2983 ,
2522 2920 2936 2993 nuperrimeque
2964 2923 3270 2983 damnatam
3293 2969 3309 2995 ,
3341 2908 3524 2988 dicere

1929 3007 2334 3078 compellantur.
2379 3009 2565 3069 Melius
2607 3021 2690 3069 est
2732 3015 2875 3071 enim
2907 3014 3108 3071 homini
3150 3015 3309 3075 fateri
3338 3035 3399 3078 se
3428 3038 3525 3077 ne-

1931 3096 2069 3157 scire
2109 3099 2251 3171 quod
2283 3102 2483 3169 nescit,
2509 3117 2669 3174 quam
2702 3104 2755 3159 in
2796 3104 3045 3165 hieresim
3089 3108 3177 3165 vel
3215 3109 3525 3173 damnatam

1930 3189 2223 3258 incurrere.
2246 3192 2330 3251 vel
2352 3208 2544 3251 novam
2575 3195 2831 3264 condere,
2856 3198 2983 3255 dum
3012 3208 3213 3258 temere
3238 3202 3400 3263 audet
3427 3204 3525 3263 de-

1929 3278 2141 3338 fensare
2156 3283 2299 3357 quod
2320 3285 2509 3347 nescit.
2530 3286 2647 3342 Alia
2667 3287 2825 3358 hujus
2849 3289 3080 3348 hominis
3104 3292 3235 3350 falsa
3258 3304 3312 3351 et
3334 3296 3525 3357 absur-

1928 3374 2018 3443 da,
2060 3377 2113 3432 in
2162 3378 2352 3450 quibus
2390 3395 2499 3441 non
2544 3390 2651 3445 tam
2708 3385 3026 3457 periculose,
3081 3400 3450 3451 verumtamen
3488 3408 3523 3450 a

1930 3469 2140 3529 tramite
2189 3472 2428 3535 veritatis
2462 3474 2756 3543 exorbitat,
2789 3478 3040 3548 quoniam
3077 3482 3243 3537 multa
3279 3493 3434 3553 sunt,
3467 3494 3523 3545 et

1928 3558 1995 3614 ad
2016 3560 2387 3632 ipsumetiam,
2420 3566 2464 3619 si
2494 3566 2747 3625 Dominus
2763 3570 3014 3639 voluerit,
3046 3572 3247 3645 aliquid
3272 3575 3339 3631 de
3367 3576 3522 3635 libris

1929 3649 2044 3719 ejus
2081 3652 2206 3711 volo
2240 3655 2476 3713 scribere
2497 3698 2512 3719 ,
2539 3656 2610 3711 ibi
2650 3658 2874 3723 forsitan
2911 3663 3122 3732 omnia,
3148 3665 3233 3729 vel
3264 3668 3312 3723 si
3341 3669 3522 3733 omnia

1928 3755 2032 3805 non
2067 3751 2313 3813 potuero,
2342 3746 2567 3825 plurima
2591 3750 2894 3809 ostendam.

1997 3833 2224 3893 CAPUT
2266 3838 2385 3894 XX.
2435 3868 2506 3879 —
2554 3841 2645 3897 55.
2698 3841 2858 3899 istum
2885 3853 3064 3901 autem
3092 3846 3306 3919 librum,
3358 3867 3521 3924 quem

1926 3924 1993 3980 ad
2039 3935 2090 3985 te
2135 3930 2346 3999 potius,
2377 3931 2467 4002 qui
2513 3948 2699 3989 curam
2732 3945 2787 3995 et
2813 3935 2939 3995 fidei
2992 3950 3189 3999 nostra:
3233 3952 3288 4000 et
3335 3947 3520 4009 existi-

1926 4015 2175 4081 mationis
2228 4037 2397 4091 mea},
2449 4032 2505 4079 ut
2540 4040 2697 4080 verus
2739 4028 3039 4093 catholicus
3086 4038 3142 4091 et
3176 4033 3348 4093 bonus
3382 4040 3519 4095 ami-

1925 4124 2053 4177 cus,
2108 4111 2334 4170 tideliter
2374 4113 2708 4197 benigneque
2757 4120 3007 4190 gessisti,
3036 4138 3198 4195 quam
3235 4126 3302 4183 ad
3352 4129 3517 4195 alium

1926 4220 2245 4275 quemquam
2301 4207 2642 4264 scribendum
2700 4211 2918 4281 putavi,
2969 4223 3023 4269 tu
3068 4214 3351 4287 legendum
3416 4220 3516 4279 da-

1924 4295 2005 4351 bis
2032 4297 2115 4351 vel
2165 4298 2578 4356 describendum
2630 4302 2824 4373 quibus
2866 4307 3137 4375 potueris,
3184 4311 3272 4366 vel
3322 4310 3517 4385 quibus

1924 4384 2156 4444 dandum
2210 4405 2329 4445 esse
2384 4391 2734 4462 judicaveris.
2808 4395 2867 4452 lu
2925 4414 3030 4470 quo
3092 4401 3247 4461 istius
3303 4406 3517 4475 juvenis

1923 4483 2392 4551 prmsumptionem
2438 4485 2508 4540 ita
2550 4488 2946 4558 reprimendam
2989 4499 3044 4546 et
3088 4480 3514 4564 redarguendam

1924 4573 2125 4643 putavi,
2168 4583 2223 4628 ut
2269 4583 2444 4630 tamen
2493 4592 2616 4632 eum
2664 4578 2914 4649 diligam;
2951 4596 3055 4637 nec
3095 4583 3375 4655 damnari,
3419 4590 3516 4646 sed

1923 4662 2197 4719 emendari
2230 4666 2391 4720 velim
2422 4676 2617 4739 :atque
2643 4669 2716 4725 ita
2742 4670 3005 4740 proﬁcere
3030 4673 3273 4739 in-domo
3297 4692 3510 4749 magna,

1921 4769 2042 4833 quae
2083 4764 2167 4810 est
2204 4756 2441 4812 Ecclesia
2482 4760 2776 4826 catholica,
2823 4777 2930 4833 quo
2965 4779 3088 4819 eum
3145 4766 3512 4831 misericordia

1921 4832 2098 4901 divina
2122 4848 2396 4919 perduxit,
2427 4859 2485 4906 ut
2510 4851 2580 4906 sit
2608 4852 2661 4907 in
2705 4852 2794 4908 illa
2825 4832 2917 4911 vas
2939 4856 2992 4919 in
3028 4854 3231 4914 honore
3274 4862 3513 4919 sanctiﬁ-

1920 4951 2132 5003 catum,
2166 4940 2294 5001 utile
2326 4942 2549 4999 Domino
2574 4985 2591 5013 ,
2612 4943 2681 5000 ad
2710 4962 2869 5007 omne
2906 4964 3041 5025 Opus
3067 4951 3265 5013 bonum
3295 4968 3512 5033 semper

1922 5041 2203 5101 paratum,
2225 5043 2279 5088 et
2309 5033 2446 5090 bene
2473 5032 2699 5095 vivendo
2722 5078 2739 5111 ,
2770 5047 2825 5094 et
2851 5056 2978 5097 sana
3003 5041 3247 5109 docendo
3274 5048 3317 5104 ί.
3341 5032 3510 5108 Porro

1918 5133 2093 5179 autem
2122 5124 2166 5180 si
2195 5124 2366 5195 ipsum
2387 5136 2597 5198 oportet
2622 5138 2678 5183 ut
2702 5129 2918 5202 diligam
2937 5132 3249 5203 sicut,i‘acio
3268 5154 3285 5206 ;
3306 5150 3511 5212 quanto

1918 5218 2087 5288 magis
2133 5228 2213 5286 te,
2248 5218 2444 5288 frater,
2467 5220 2619 5292 cujus
2662 5237 2788 5294 erga
2835 5239 2922 5281 me
2963 5224 3388 5289 benevolentiam
3412 5272 3427 5296 ,
3455 5243 3511 5299 ει

1916 5308 2069 5378 cujus
2105 5310 2420 5366 catholicam
2470 5313 2627 5368 tidem
2672 5323 2880 5373 cautam
2938 5326 2993 5372 et
3028 5317 3261 5379 sobriam
3307 5323 3511 5392 optime

1916 5398 2062 5454 novi.
2094 5398 2246 5456 Unde
2283 5400 2476 5456 factum
2515 5412 2683 5458 estut
2720 5419 2814 5460 eos
2849 5404 3016 5462 libros
3047 5408 3137 5477 qui
3182 5410 3277 5466 tibi
3314 5410 3506 5485 displi-

1916 5499 2160 5556 cueruut,
2186 5501 2240 5549 et
2267 5493 2318 5547 in
2341 5494 2530 5565 quibus
2556 5510 2750 5551 nomen
2782 5513 2956 5555 meum
2984 5498 3141 5555 aliter
3159 5517 3315 5573 quam
3338 5504 3508 5563 velles

1917 5584 2146 5652 positum
2177 5586 2505 5656 comperisti,
2536 5586 2918 5645 describendas
2957 5592 3192 5669 mihique
3215 5594 3506 5661 mittendos

1916 5689 2042 5730 vere
2081 5676 2313 5731 fraterna
2363 5678 2629 5752 planeque
2676 5680 2881 5741 sincera
2927 5682 3213 5747 dilectione
3263 5700 3503 5747 curares.

1916 5766 2143 5824 Tantum
2171 5783 2297 5840 ergo
2323 5769 2474 5825 abest
2501 5779 2557 5825 ut
2584 5771 2706 5828 hinc
2737 5781 2839 5828 tute
2866 5772 3111 5831 charitati
3136 5790 3504 5852 succenseam,

1982 5905 1999 5936 ί
2033 5911 2089 5953 tn
2105 5912 2229 5968 Mss.,
2251 5902 2472 5957 dicendo.

3398 6026 3437 6037 α-δ
