  <div class='ocr_page' id='page_1' title='image "/cluster/home/n/w/nwhite01/storage/ocr_20150623/44-45/uva.x000217727/251.png"; bbox 0 0 3938 6532; ppageno 0'>
   <div class='ocr_carea' id='block_1_1' title="bbox 384 383 492 444">
    <p class='ocr_par' dir='ltr' id='par_1_1' title="bbox 384 383 492 444">
     <span class='ocr_line' id='line_1_1' title="bbox 384 383 492 444; baseline -0.037 1"><span class='ocrx_word' id='word_1_1' title='bbox 384 383 492 444; x_wconf 67' lang='grc'><strong>495</strong></span> 
     </span>
    </p>
   </div>
   <div class='ocr_carea' id='block_1_2' title="bbox 384 473 1972 568">
    <p class='ocr_par' dir='ltr' id='par_1_2' title="bbox 384 473 1972 568">
     <span class='ocr_line' id='line_1_2' title="bbox 384 473 1972 568; baseline -0.015 -19"><span class='ocrx_word' id='word_1_2' title='bbox 384 494 510 568; x_wconf 83' lang='lat' dir='ltr'><strong>quia</strong></span> <span class='ocrx_word' id='word_1_3' title='bbox 531 487 730 553; x_wconf 86' lang='lat' dir='ltr'><strong>fecisti;</strong></span> <span class='ocrx_word' id='word_1_4' title='bbox 755 493 814 542; x_wconf 89' lang='lat' dir='ltr'><strong>ut</strong></span> <span class='ocrx_word' id='word_1_5' title='bbox 841 483 1014 556; x_wconf 85' lang='lat' dir='ltr'><strong>potius</strong></span> <span class='ocrx_word' id='word_1_6' title='bbox 1045 480 1144 535; x_wconf 89' lang='lat' dir='ltr'><strong>nisi</strong></span> <span class='ocrx_word' id='word_1_7' title='bbox 1168 479 1383 534; x_wconf 89' lang='lat' dir='ltr'><strong>fecisses</strong></span> <span class='ocrx_word' id='word_1_8' title='bbox 1406 520 1420 544; x_wconf 93' lang='lat'><strong>,</strong></span> <span class='ocrx_word' id='word_1_9' title='bbox 1453 478 1658 547; x_wconf 84' lang='lat' dir='ltr'><strong>integro</strong></span> <span class='ocrx_word' id='word_1_10' title='bbox 1682 475 1802 544; x_wconf 84' lang='lat' dir='ltr'><strong>jure</strong></span> <span class='ocrx_word' id='word_1_11' title='bbox 1841 473 1972 528; x_wconf 88' lang='lat' dir='ltr'><strong>ami-</strong></span> 
     </span>
    </p>
   </div>
   <div class='ocr_carea' id='block_1_3' title="bbox 383 566 1969 642">
    <p class='ocr_par' dir='ltr' id='par_1_3' title="bbox 383 566 1969 642">
     <span class='ocr_line' id='line_1_3' title="bbox 383 566 1969 642; baseline -0.015 0"><span class='ocrx_word' id='word_1_12' title='bbox 383 566 526 642; x_wconf 63' lang='lat' dir='ltr'><strong>citis:</strong></span> <span class='ocrx_word' id='word_1_13' title='bbox 551 593 864 638; x_wconf 86' lang='lat' dir='ltr'><strong>succensere</strong></span> <span class='ocrx_word' id='word_1_14' title='bbox 901 574 1170 630; x_wconf 84' lang='lat' dir='ltr'><strong>deberem.</strong></span> <span class='ocrx_word' id='word_1_15' title='bbox 1205 567 1320 642; x_wconf 87' lang='lat' dir='ltr'><strong>Ago</strong></span> <span class='ocrx_word' id='word_1_16' title='bbox 1345 571 1522 640; x_wconf 79' lang='lat' dir='ltr'><strong>itaque</strong></span> <span class='ocrx_word' id='word_1_17' title='bbox 1543 569 1732 624; x_wconf 84' lang='lat' dir='ltr'><strong>uberes</strong></span> <span class='ocrx_word' id='word_1_18' title='bbox 1753 566 1969 638; x_wconf 77' lang='lat' dir='ltr'><strong>gratias.</strong></span> 
     </span>
    </p>
   </div>
   <div class='ocr_carea' id='block_1_4' title="bbox 385 657 1975 748">
    <p class='ocr_par' dir='ltr' id='par_1_4' title="bbox 385 657 1975 748">
     <span class='ocr_line' id='line_1_4' title="bbox 385 657 1975 748; baseline -0.016 -13"><span class='ocrx_word' id='word_1_19' title='bbox 385 673 841 748; x_wconf 78' lang='lat' dir='ltr'><strong>Quemadmodum</strong></span> <span class='ocrx_word' id='word_1_20' title='bbox 879 676 1056 724; x_wconf 88' lang='lat' dir='ltr'><strong>autem</strong></span> <span class='ocrx_word' id='word_1_21' title='bbox 1085 664 1385 738; x_wconf 89' lang='lat' dir='ltr'><strong>acceperim</strong></span> <span class='ocrx_word' id='word_1_22' title='bbox 1424 661 1618 717; x_wconf 89' lang='lat' dir='ltr'><strong>factum</strong></span> <span class='ocrx_word' id='word_1_23' title='bbox 1642 667 1818 726; x_wconf 91' lang='lat' dir='ltr'><strong>tuum,</strong></span> <span class='ocrx_word' id='word_1_24' title='bbox 1850 657 1975 712; x_wconf 90' lang='lat' dir='ltr'><strong>hinc</strong></span> 
     </span>
    </p>
   </div>
   <div class='ocr_carea' id='block_1_5' title="bbox 402 798 2722 850">
    <p class='ocr_par' dir='ltr' id='par_1_5' title="bbox 402 798 2722 850">
     <span class='ocr_line' id='line_1_5' title="bbox 402 798 2722 850; baseline -0.005 -27"><span class='ocrx_word' id='word_1_25' title='bbox 402 798 2722 850; x_wconf 83' lang='lat'><strong>___________________________________</strong></span> 
     </span>
    </p>
   </div>
   <div class='ocr_carea' id='block_1_6' title="bbox 1266 347 2766 425">
    <p class='ocr_par' dir='ltr' id='par_1_6' title="bbox 1266 347 2766 425">
     <span class='ocr_line' id='line_1_6' title="bbox 1266 347 2766 425; baseline -0.011 -3"><span class='ocrx_word' id='word_1_26' title='bbox 1266 366 1350 422; x_wconf 85' lang='lat' dir='ltr'><strong>DE</strong></span> <span class='ocrx_word' id='word_1_27' title='bbox 1392 363 1601 422; x_wconf 66' lang='lat' dir='ltr'><strong>ANlilA</strong></span> <span class='ocrx_word' id='word_1_28' title='bbox 1641 359 1730 418; x_wconf 86' lang='lat' dir='ltr'><strong>ET</strong></span> <span class='ocrx_word' id='word_1_29' title='bbox 1760 355 1923 417; x_wconf 86' lang='lat' dir='ltr'><strong>EJUS</strong></span> <span class='ocrx_word' id='word_1_30' title='bbox 1960 349 2255 425; x_wconf 78' lang='lat' dir='ltr'><strong>ORIGINE,</strong></span> <span class='ocrx_word' id='word_1_31' title='bbox 2297 350 2356 412; x_wconf 89' lang='lat' dir='ltr'><strong>S.</strong></span> <span class='ocrx_word' id='word_1_32' title='bbox 2399 347 2766 412; x_wconf 74' lang='lat' dir='ltr'><strong>AUGUSTIN!</strong></span> 
     </span>
    </p>
   </div>
   <div class='ocr_carea' id='block_1_7' title="bbox 3548 347 3682 407">
    <p class='ocr_par' dir='ltr' id='par_1_7' title="bbox 3548 347 3682 407">
     <span class='ocr_line' id='line_1_7' title="bbox 3548 347 3682 407; baseline -0.007 0"><span class='ocrx_word' id='word_1_33' title='bbox 3548 347 3682 407; x_wconf 63' lang='grc'><strong>196</strong></span> 
     </span>
    </p>
   </div>
   <div class='ocr_carea' id='block_1_8' title="bbox 2076 460 3678 536">
    <p class='ocr_par' dir='ltr' id='par_1_8' title="bbox 2076 460 3678 536">
     <span class='ocr_line' id='line_1_8' title="bbox 2076 460 3678 536; baseline -0.004 -10"><span class='ocrx_word' id='word_1_34' title='bbox 2076 467 2406 526; x_wconf 81' lang='lat' dir='ltr'><strong>manifestius</strong></span> <span class='ocrx_word' id='word_1_35' title='bbox 2449 466 2675 522; x_wconf 85' lang='lat' dir='ltr'><strong>iudicavi</strong></span> <span class='ocrx_word' id='word_1_36' title='bbox 2698 469 2738 532; x_wconf 77' lang='lat'><strong>&#39;,</strong></span> <span class='ocrx_word' id='word_1_37' title='bbox 2765 462 2905 536; x_wconf 87' lang='lat' dir='ltr'><strong>quod</strong></span> <span class='ocrx_word' id='word_1_38' title='bbox 2934 462 3074 518; x_wconf 92' lang='lat' dir='ltr'><strong>hunc</strong></span> <span class='ocrx_word' id='word_1_39' title='bbox 3103 460 3170 518; x_wconf 88' lang='lat' dir='ltr'><strong>ad</strong></span> <span class='ocrx_word' id='word_1_40' title='bbox 3201 468 3252 518; x_wconf 87' lang='lat' dir='ltr'><strong>te</strong></span> <span class='ocrx_word' id='word_1_41' title='bbox 3276 460 3501 530; x_wconf 88' lang='lat' dir='ltr'><strong>librum,</strong></span> <span class='ocrx_word' id='word_1_42' title='bbox 3529 478 3678 520; x_wconf 78' lang='lat' dir='ltr'><strong>mox</strong></span> 
     </span>
    </p>
   </div>
   <div class='ocr_carea' id='block_1_9' title="bbox 2077 557 3402 633">
    <p class='ocr_par' dir='ltr' id='par_1_9' title="bbox 2077 557 3402 633">
     <span class='ocr_line' id='line_1_9' title="bbox 2077 557 3402 633; baseline -0.007 -13"><span class='ocrx_word' id='word_1_43' title='bbox 2077 575 2137 621; x_wconf 93' lang='lat' dir='ltr'><strong>ut</strong></span> <span class='ocrx_word' id='word_1_44' title='bbox 2162 563 2281 619; x_wconf 90' lang='lat' dir='ltr'><strong>illos</strong></span> <span class='ocrx_word' id='word_1_45' title='bbox 2310 561 2434 633; x_wconf 91' lang='lat' dir='ltr'><strong>legi,</strong></span> <span class='ocrx_word' id='word_1_46' title='bbox 2468 561 2582 616; x_wconf 87' lang='lat' dir='ltr'><strong>sine</strong></span> <span class='ocrx_word' id='word_1_47' title='bbox 2605 560 2781 630; x_wconf 90' lang='lat' dir='ltr'><strong>aliqua</strong></span> <span class='ocrx_word' id='word_1_48' title='bbox 2810 557 3063 615; x_wconf 88' lang='lat' dir='ltr'><strong>dilatione</strong></span> <span class='ocrx_word' id='word_1_49' title='bbox 3088 557 3402 628; x_wconf 83' lang='lat' dir='ltr'><strong>conscripsi.</strong></span> 
     </span>
    </p>
   </div>
   <div class='ocr_carea' id='block_1_10' title="bbox 2147 669 2860 736">
    <p class='ocr_par' dir='ltr' id='par_1_10' title="bbox 2147 669 2860 736">
     <span class='ocr_line' id='line_1_10' title="bbox 2147 669 2860 736; baseline -0.01 -8"><span class='ocrx_word' id='word_1_50' title='bbox 2147 680 2164 712; x_wconf 73' lang='grc' dir='ltr'>ι</span> <span class='ocrx_word' id='word_1_51' title='bbox 2198 677 2452 728; x_wconf 86' lang='lat' dir='ltr'><strong>Vaticanus</strong></span> <span class='ocrx_word' id='word_1_52' title='bbox 2475 682 2578 734; x_wconf 62' lang='grc' dir='ltr'><strong>δίδη</strong></span> <span class='ocrx_word' id='word_1_53' title='bbox 2587 669 2860 736; x_wconf 79' lang='lat' dir='ltr'><strong>judicalm.</strong></span> 
     </span>
    </p>
   </div>
   <div class='ocr_carea' id='block_1_11' title="bbox 2725 787 3684 813">
    <p class='ocr_par' dir='ltr' id='par_1_11' title="bbox 2725 787 3684 813">
     <span class='ocr_line' id='line_1_11' title="bbox 2725 787 3684 813; baseline -0.004 -3"><span class='ocrx_word' id='word_1_54' title='bbox 2725 787 3684 813; x_wconf 41' lang='grc' dir='ltr'><strong>*ψ</strong></span> 
     </span>
    </p>
   </div>
   <div class='ocr_carea' id='block_1_12' title="bbox 1325 894 2732 1026">
    <p class='ocr_par' dir='ltr' id='par_1_12' title="bbox 1325 894 2732 1026">
     <span class='ocr_line' id='line_1_12' title="bbox 1325 894 2732 1026; baseline -0.016 1"><span class='ocrx_word' id='word_1_55' title='bbox 1325 911 1803 1026; x_wconf 87' lang='lat' dir='ltr'><strong>LIBER</strong></span> <span class='ocrx_word' id='word_1_56' title='bbox 1845 894 2732 1014; x_wconf 73' lang='lat' dir='ltr'><strong>SECUNDUS.</strong></span> 
     </span>
    </p>
   </div>
   <div class='ocr_carea' id='block_1_13' title="bbox 1464 1079 2577 1162">
    <p class='ocr_par' dir='ltr' id='par_1_13' title="bbox 1464 1079 2577 1162">
     <span class='ocr_line' id='line_1_13' title="bbox 1464 1079 2577 1162; baseline -0.02 1"><span class='ocrx_word' id='word_1_57' title='bbox 1464 1101 1570 1162; x_wconf 85' lang='lat' dir='ltr'><strong>AD</strong></span> <span class='ocrx_word' id='word_1_58' title='bbox 1611 1091 1934 1160; x_wconf 80' lang='lat' dir='ltr'><strong>PETRUM</strong></span> <span class='ocrx_word' id='word_1_59' title='bbox 1973 1079 2577 1151; x_wconf 80' lang='lat' dir='ltr'><strong>PBESBYTERUM.</strong></span> 
     </span>
    </p>
   </div>
   <div class='ocr_carea' id='block_1_14' title="bbox 454 1185 3698 1300">
    <p class='ocr_par' dir='ltr' id='par_1_14' title="bbox 454 1204 3698 1300">
     <span class='ocr_line' id='line_1_14' title="bbox 454 1204 3698 1300; baseline 0 -1"><span class='ocrx_word' id='word_1_60' title='bbox 454 1253 647 1297; x_wconf 76' lang='lat' dir='ltr'><strong>Petrum</strong></span> <span class='ocrx_word' id='word_1_61' title='bbox 681 1241 909 1293; x_wconf 80' lang='lat' dir='ltr'><strong>admonet</strong></span> <span class='ocrx_word' id='word_1_62' title='bbox 948 1234 1241 1300; x_wconf 67' lang='lat' dir='ltr'><strong>Augustinus</strong></span> <span class='ocrx_word' id='word_1_63' title='bbox 1260 1267 1296 1300; x_wconf 73' lang='grc' dir='ltr'><strong>ν,</strong></span> <span class='ocrx_word' id='word_1_64' title='bbox 1320 1239 1387 1278; x_wconf 65' lang='lat' dir='ltr'><strong>ne</strong></span> <span class='ocrx_word' id='word_1_65' title='bbox 1423 1223 1805 1300; x_wconf 34' lang='lat' dir='ltr'><strong>comitatus!</strong></span> <span class='ocrx_word' id='word_1_66' title='bbox 1827 1207 2664 1300; x_wconf 54' lang='grc' dir='ltr'><strong>ἓξὲξοῖιἓῗηηῖἮἮῖηιἮὲωθηῗη</strong></span> <span class='ocrx_word' id='word_1_67' title='bbox 2683 1204 3298 1300; x_wconf 48' lang='grc' dir='ltr'><strong>Ἓὲξὶἶᾳὲἷι..ἶί⁰2ἷξηιῗὲε</strong></span> <span class='ocrx_word' id='word_1_68' title='bbox 3313 1205 3698 1300; x_wconf 50' lang='grc' dir='ltr'><strong>θιᾚοῗίέἷξρῗῗ</strong></span> 
     </span>
    </p>
   </div>
   <div class='ocr_carea' id='block_1_15' title="bbox 391 1344 2064 1419">
    <p class='ocr_par' dir='ltr' id='par_1_15' title="bbox 391 1344 2064 1419">
     <span class='ocr_line' id='line_1_15' title="bbox 391 1344 2064 1419; baseline -0.02 0"><span class='ocrx_word' id='word_1_69' title='bbox 656 1344 1094 1416; x_wconf 54' lang='lat' dir='ltr'><strong>&#39;ia&#39;i-‘ibi’éﬁiéioﬁs</strong></span> <span class='ocrx_word' id='word_1_70' title='bbox 1112 1344 1275 1419; x_wconf 68' lang='lat' dir='ltr'><strong>varios</strong></span> <span class='ocrx_word' id='word_1_71' title='bbox 1285 1388 1300 1412; x_wconf 93' lang='lat'><strong>,</strong></span> <span class='ocrx_word' id='word_1_72' title='bbox 1341 1361 1528 1414; x_wconf 83' lang='lat' dir='ltr'><strong>eosque</strong></span> <span class='ocrx_word' id='word_1_73' title='bbox 1557 1345 1862 1411; x_wconf 85' lang='lat' dir='ltr'><strong>gravissimos</strong></span> <span class='ocrx_word' id='word_1_74' title='bbox 1897 1344 2064 1397; x_wconf 79' lang='lat' dir='ltr'><strong>notat,</strong></span> 
     </span>
    </p>
   </div>
   <div class='ocr_carea' id='block_1_16' title="bbox 1793 1459 2274 1541">
    <p class='ocr_par' dir='ltr' id='par_1_16' title="bbox 1793 1459 2274 1541">
     <span class='ocr_line' id='line_1_16' title="bbox 1793 1459 2274 1541; baseline -0.004 -23"><span class='ocrx_word' id='word_1_75' title='bbox 1793 1459 2274 1541; x_wconf 50' lang='grc' dir='ltr'><strong>...κοθόρνο-</strong></span> 
     </span>
    </p>
   </div>
   <div class='ocr_carea' id='block_1_17' title="bbox 326 1417 1406 1515">
    <p class='ocr_par' dir='ltr' id='par_1_17' title="bbox 326 1417 1406 1515">
     <span class='ocr_line' id='line_1_17' title="bbox 326 1417 1406 1515; baseline -0.018 -33"><span class='ocrx_word' id='word_1_76' title='bbox 397 1417 634 1483; x_wconf 60' lang='lat' dir='ltr'><strong>victorem</strong></span> <span class='ocrx_word' id='word_1_77' title='bbox 661 1429 720 1478; x_wconf 80' lang='lat' dir='ltr'><strong>ad</strong></span> <span class='ocrx_word' id='word_1_78' title='bbox 754 1439 842 1478; x_wconf 83' lang='lat' dir='ltr'><strong>eos</strong></span> <span class='ocrx_word' id='word_1_79' title='bbox 855 1420 1169 1486; x_wconf 83' lang='lat' dir='ltr'><strong>corrigendos</strong></span> <span class='ocrx_word' id='word_1_80' title='bbox 1188 1417 1406 1467; x_wconf 84' lang='lat' dir='ltr'><strong>adducat.</strong></span> 
     </span>
    </p>
   </div>
   <div class='ocr_carea' id='block_1_18' title="bbox 395 1591 1974 1678">
    <p class='ocr_par' dir='ltr' id='par_1_18' title="bbox 395 1591 1974 1678">
     <span class='ocr_line' id='line_1_18' title="bbox 395 1591 1974 1678; baseline -0.021 -2"><span class='ocrx_word' id='word_1_81' title='bbox 395 1618 622 1676; x_wconf 80' lang='lat' dir='ltr'><strong>Domino</strong></span> <span class='ocrx_word' id='word_1_82' title='bbox 651 1611 994 1678; x_wconf 83' lang='lat' dir='ltr'><strong>dilectissimo</strong></span> <span class='ocrx_word' id='word_1_83' title='bbox 1027 1605 1174 1663; x_wconf 80' lang='lat' dir='ltr'><strong>fratri</strong></span> <span class='ocrx_word' id='word_1_84' title='bbox 1216 1611 1272 1660; x_wconf 93' lang='lat' dir='ltr'><strong>et</strong></span> <span class='ocrx_word' id='word_1_85' title='bbox 1301 1597 1736 1671; x_wconf 85' lang='lat' dir='ltr'><strong>compresbytero</strong></span> <span class='ocrx_word' id='word_1_86' title='bbox 1757 1591 1939 1648; x_wconf 74' lang='lat' dir='ltr'><strong>Perco</strong></span> <span class='ocrx_word' id='word_1_87' title='bbox 1957 1629 1974 1656; x_wconf 95' lang='lat'><strong>,</strong></span> 
     </span>
    </p>
   </div>
   <div class='ocr_carea' id='block_1_19' title="bbox 549 1687 1821 1774">
    <p class='ocr_par' dir='ltr' id='par_1_19' title="bbox 549 1687 1821 1774">
     <span class='ocr_line' id='line_1_19' title="bbox 549 1687 1821 1774; baseline -0.021 -9"><span class='ocrx_word' id='word_1_88' title='bbox 549 1710 886 1766; x_wconf 69' lang='lat' dir='ltr'><strong>AUGUSTINUS</strong></span> <span class='ocrx_word' id='word_1_89' title='bbox 911 1702 1210 1772; x_wconf 88' lang='lat' dir='ltr'><strong>episc0pus,</strong></span> <span class='ocrx_word' id='word_1_90' title='bbox 1239 1697 1292 1751; x_wconf 89' lang='lat' dir='ltr'><strong>in</strong></span> <span class='ocrx_word' id='word_1_91' title='bbox 1319 1692 1544 1750; x_wconf 91' lang='lat' dir='ltr'><strong>Domino</strong></span> <span class='ocrx_word' id='word_1_92' title='bbox 1573 1687 1821 1774; x_wconf 75' lang='lat' dir='ltr'><strong>salutem.</strong></span> 
     </span>
    </p>
   </div>
   <div class='ocr_carea' id='block_1_20' title="bbox 433 1815 1981 1900">
    <p class='ocr_par' dir='ltr' id='par_1_20' title="bbox 433 1815 1981 1900">
     <span class='ocr_line' id='line_1_20' title="bbox 433 1815 1981 1900; baseline -0.021 1"><span class='ocrx_word' id='word_1_93' title='bbox 433 1847 436 1850; x_wconf 84' lang='grc'><em>’</em></span> <span class='ocrx_word' id='word_1_94' title='bbox 471 1841 696 1900; x_wconf 86' lang='lat' dir='ltr'><strong>CAPUT</strong></span> <span class='ocrx_word' id='word_1_95' title='bbox 733 1835 1019 1894; x_wconf 81' lang='lat' dir='ltr'><strong>PRIMUM.</strong></span> <span class='ocrx_word' id='word_1_96' title='bbox 1057 1863 1128 1874; x_wconf 90' lang='lat'><strong>——</strong></span> <span class='ocrx_word' id='word_1_97' title='bbox 1153 1832 1204 1886; x_wconf 77' lang='grc'><strong>1.</strong></span> <span class='ocrx_word' id='word_1_98' title='bbox 1251 1829 1612 1884; x_wconf 89' lang='lat' dir='ltr'><strong>Pervenerunt</strong></span> <span class='ocrx_word' id='word_1_99' title='bbox 1649 1820 1714 1875; x_wconf 92' lang='lat' dir='ltr'><strong>ad</strong></span> <span class='ocrx_word' id='word_1_100' title='bbox 1748 1832 1835 1873; x_wconf 92' lang='lat' dir='ltr'><strong>me</strong></span> <span class='ocrx_word' id='word_1_101' title='bbox 1875 1815 1981 1870; x_wconf 92' lang='lat' dir='ltr'><strong>duo</strong></span> 
     </span>
    </p>
   </div>
   <div class='ocr_carea' id='block_1_21' title="bbox 397 1914 1982 1992">
    <p class='ocr_par' dir='ltr' id='par_1_21' title="bbox 397 1914 1982 1992">
     <span class='ocr_line' id='line_1_21' title="bbox 397 1914 1982 1992; baseline -0.02 -2"><span class='ocrx_word' id='word_1_102' title='bbox 397 1933 517 1990; x_wconf 87' lang='lat' dir='ltr'><strong>libri</strong></span> <span class='ocrx_word' id='word_1_103' title='bbox 563 1929 828 1988; x_wconf 80' lang='lat' dir='ltr'><strong>Vincentii</strong></span> <span class='ocrx_word' id='word_1_104' title='bbox 870 1925 1132 1990; x_wconf 79' lang='lat' dir='ltr'><strong>Victoris,</strong></span> <span class='ocrx_word' id='word_1_105' title='bbox 1160 1935 1293 1992; x_wconf 90' lang='lat' dir='ltr'><strong>quos</strong></span> <span class='ocrx_word' id='word_1_106' title='bbox 1342 1917 1409 1973; x_wconf 87' lang='lat' dir='ltr'><strong>ad</strong></span> <span class='ocrx_word' id='word_1_107' title='bbox 1449 1914 1794 1972; x_wconf 87' lang='lat' dir='ltr'><strong>Sanctitatem</strong></span> <span class='ocrx_word' id='word_1_108' title='bbox 1838 1915 1982 1961; x_wconf 89' lang='lat' dir='ltr'><strong>tuam</strong></span> 
     </span>
    </p>
   </div>
   <div class='ocr_carea' id='block_1_22' title="bbox 398 1997 1984 2094">
    <p class='ocr_par' dir='ltr' id='par_1_22' title="bbox 398 1997 1984 2094">
     <span class='ocr_line' id='line_1_22' title="bbox 398 1997 1984 2094; baseline -0.019 -16"><span class='ocrx_word' id='word_1_109' title='bbox 398 2023 632 2094; x_wconf 78' lang='lat' dir='ltr'><strong>Scripsit,</strong></span> <span class='ocrx_word' id='word_1_110' title='bbox 659 2021 905 2075; x_wconf 89' lang='lat' dir='ltr'><strong>mittente</strong></span> <span class='ocrx_word' id='word_1_111' title='bbox 931 2015 1059 2070; x_wconf 90' lang='lat' dir='ltr'><strong>mihi</strong></span> <span class='ocrx_word' id='word_1_112' title='bbox 1097 2028 1190 2068; x_wconf 92' lang='lat' dir='ltr'><strong>eos</strong></span> <span class='ocrx_word' id='word_1_113' title='bbox 1219 2011 1382 2065; x_wconf 89' lang='lat' dir='ltr'><strong>fratre</strong></span> <span class='ocrx_word' id='word_1_114' title='bbox 1411 2014 1595 2062; x_wconf 91' lang='lat' dir='ltr'><strong>nostro</strong></span> <span class='ocrx_word' id='word_1_115' title='bbox 1626 2002 1852 2061; x_wconf 85' lang='lat' dir='ltr'><strong>Renato,</strong></span> <span class='ocrx_word' id='word_1_116' title='bbox 1882 1997 1984 2050; x_wconf 89' lang='lat' dir='ltr'><strong>bo-</strong></span> 
     </span>
    </p>
   </div>
   <div class='ocr_carea' id='block_1_23' title="bbox 400 2098 1986 2184">
    <p class='ocr_par' dir='ltr' id='par_1_23' title="bbox 400 2098 1986 2184">
     <span class='ocr_line' id='line_1_23' title="bbox 400 2098 1986 2184; baseline -0.019 -13"><span class='ocrx_word' id='word_1_117' title='bbox 400 2117 544 2171; x_wconf 92' lang='lat' dir='ltr'><strong>mine</strong></span> <span class='ocrx_word' id='word_1_118' title='bbox 589 2111 804 2184; x_wconf 89' lang='lat' dir='ltr'><strong>quidem</strong></span> <span class='ocrx_word' id='word_1_119' title='bbox 844 2110 1011 2174; x_wconf 89' lang='lat' dir='ltr'><strong>laico,</strong></span> <span class='ocrx_word' id='word_1_120' title='bbox 1041 2106 1132 2160; x_wconf 91' lang='lat' dir='ltr'><strong>sed</strong></span> <span class='ocrx_word' id='word_1_121' title='bbox 1169 2117 1264 2174; x_wconf 90' lang='lat' dir='ltr'><strong>pro</strong></span> <span class='ocrx_word' id='word_1_122' title='bbox 1291 2115 1386 2156; x_wconf 90' lang='lat' dir='ltr'><strong>sua</strong></span> <span class='ocrx_word' id='word_1_123' title='bbox 1414 2098 1518 2153; x_wconf 86' lang='lat' dir='ltr'><strong>fide</strong></span> <span class='ocrx_word' id='word_1_124' title='bbox 1557 2104 1611 2151; x_wconf 91' lang='lat' dir='ltr'><strong>et</strong></span> <span class='ocrx_word' id='word_1_125' title='bbox 1637 2101 1986 2184; x_wconf 77' lang='lat' dir='ltr'><strong>eorumquos</strong></span> 
     </span>
    </p>
   </div>
   <div class='ocr_carea' id='block_1_24' title="bbox 400 2177 1986 2276">
    <p class='ocr_par' dir='ltr' id='par_1_24' title="bbox 400 2177 1986 2276">
     <span class='ocr_line' id='line_1_24' title="bbox 400 2177 1986 2276; baseline -0.018 -15"><span class='ocrx_word' id='word_1_126' title='bbox 400 2205 591 2276; x_wconf 88' lang='lat' dir='ltr'><strong>diligit,</strong></span> <span class='ocrx_word' id='word_1_127' title='bbox 607 2177 906 2274; x_wconf 74' lang='lat' dir='ltr'><strong>prudenter</strong></span> <span class='ocrx_word' id='word_1_128' title='bbox 932 2197 1286 2267; x_wconf 80' lang='lat' dir='ltr'><strong>religioseque</strong></span> <span class='ocrx_word' id='word_1_129' title='bbox 1315 2189 1566 2246; x_wconf 89' lang='lat' dir='ltr'><strong>sollicito.</strong></span> <span class='ocrx_word' id='word_1_130' title='bbox 1598 2183 1801 2252; x_wconf 79' lang='lat' dir='ltr'><strong>Qnibus</strong></span> <span class='ocrx_word' id='word_1_131' title='bbox 1833 2177 1986 2234; x_wconf 88' lang='lat' dir='ltr'><strong>lectis</strong></span> 
     </span>
    </p>
   </div>
   <div class='ocr_carea' id='block_1_25' title="bbox 397 2277 1988 2355">
    <p class='ocr_par' dir='ltr' id='par_1_25' title="bbox 397 2277 1988 2355">
     <span class='ocr_line' id='line_1_25' title="bbox 397 2277 1988 2355; baseline -0.016 -6"><span class='ocrx_word' id='word_1_132' title='bbox 397 2298 505 2352; x_wconf 81' lang='lat' dir='ltr'><strong>vidi</strong></span> <span class='ocrx_word' id='word_1_133' title='bbox 535 2294 802 2350; x_wconf 83' lang='lat' dir='ltr'><strong>hominem</strong></span> <span class='ocrx_word' id='word_1_134' title='bbox 841 2291 892 2344; x_wconf 92' lang='lat' dir='ltr'><strong>in</strong></span> <span class='ocrx_word' id='word_1_135' title='bbox 923 2302 1174 2344; x_wconf 85' lang='lat' dir='ltr'><strong>sermone</strong></span> <span class='ocrx_word' id='word_1_136' title='bbox 1198 2283 1410 2355; x_wconf 90' lang='lat' dir='ltr'><strong>quidem</strong></span> <span class='ocrx_word' id='word_1_137' title='bbox 1436 2323 1451 2347; x_wconf 93' lang='lat'><strong>,</strong></span> <span class='ocrx_word' id='word_1_138' title='bbox 1483 2293 1586 2334; x_wconf 93' lang='lat' dir='ltr'><strong>non</strong></span> <span class='ocrx_word' id='word_1_139' title='bbox 1614 2277 1784 2331; x_wconf 90' lang='lat' dir='ltr'><strong>solum</strong></span> <span class='ocrx_word' id='word_1_140' title='bbox 1819 2283 1988 2340; x_wconf 87' lang='lat' dir='ltr'><strong>usque</strong></span> 
     </span>
    </p>
   </div>
   <div class='ocr_carea' id='block_1_26' title="bbox 399 2365 1987 2448">
    <p class='ocr_par' dir='ltr' id='par_1_26' title="bbox 399 2365 1987 2448">
     <span class='ocr_line' id='line_1_26' title="bbox 399 2365 1987 2448; baseline -0.018 -4"><span class='ocrx_word' id='word_1_141' title='bbox 399 2390 466 2443; x_wconf 91' lang='lat' dir='ltr'><strong>ad</strong></span> <span class='ocrx_word' id='word_1_142' title='bbox 488 2387 880 2448; x_wconf 82' lang='lat' dir='ltr'><strong>sufficientiam,</strong></span> <span class='ocrx_word' id='word_1_143' title='bbox 906 2397 1090 2438; x_wconf 89' lang='lat' dir='ltr'><strong>verum</strong></span> <span class='ocrx_word' id='word_1_144' title='bbox 1120 2379 1281 2434; x_wconf 86' lang='lat' dir='ltr'><strong>etiam</strong></span> <span class='ocrx_word' id='word_1_145' title='bbox 1301 2389 1468 2445; x_wconf 91' lang='lat' dir='ltr'><strong>usque</strong></span> <span class='ocrx_word' id='word_1_146' title='bbox 1489 2371 1556 2427; x_wconf 91' lang='lat' dir='ltr'><strong>ad</strong></span> <span class='ocrx_word' id='word_1_147' title='bbox 1581 2365 1987 2426; x_wconf 84' lang='lat' dir='ltr'><strong>redundantiam</strong></span> 
     </span>
    </p>
   </div>
   <div class='ocr_carea' id='block_1_27' title="bbox 400 2456 1982 2553">
    <p class='ocr_par' dir='ltr' id='par_1_27' title="bbox 400 2456 1982 2553">
     <span class='ocr_line' id='line_1_27' title="bbox 400 2456 1982 2553; baseline -0.02 -15"><span class='ocrx_word' id='word_1_148' title='bbox 400 2481 793 2553; x_wconf 69' lang='lat' dir='ltr'><strong>profluentem;</strong></span> <span class='ocrx_word' id='word_1_149' title='bbox 841 2474 935 2531; x_wconf 90' lang='lat' dir='ltr'><strong>sed</strong></span> <span class='ocrx_word' id='word_1_150' title='bbox 973 2475 1024 2527; x_wconf 92' lang='lat' dir='ltr'><strong>in</strong></span> <span class='ocrx_word' id='word_1_151' title='bbox 1066 2471 1228 2527; x_wconf 88' lang='lat' dir='ltr'><strong>rebus</strong></span> <span class='ocrx_word' id='word_1_152' title='bbox 1269 2469 1337 2523; x_wconf 91' lang='lat' dir='ltr'><strong>de</strong></span> <span class='ocrx_word' id='word_1_153' title='bbox 1383 2467 1574 2537; x_wconf 89' lang='lat' dir='ltr'><strong>quibus</strong></span> <span class='ocrx_word' id='word_1_154' title='bbox 1619 2456 1982 2553; x_wconf 72' lang='lat' dir='ltr'><strong>loquivoluit,</strong></span> 
     </span>
    </p>
   </div>
   <div class='ocr_carea' id='block_1_28' title="bbox 401 2547 1990 2637">
    <p class='ocr_par' dir='ltr' id='par_1_28' title="bbox 401 2547 1990 2637">
     <span class='ocr_line' id='line_1_28' title="bbox 401 2547 1990 2637; baseline -0.019 -7"><span class='ocrx_word' id='word_1_155' title='bbox 401 2547 638 2630; x_wconf 75' lang='lat' dir='ltr'><strong>nondum</strong></span> <span class='ocrx_word' id='word_1_156' title='bbox 671 2571 808 2626; x_wconf 87' lang='lat' dir='ltr'><strong>sicut</strong></span> <span class='ocrx_word' id='word_1_157' title='bbox 849 2573 1060 2637; x_wconf 86' lang='lat' dir='ltr'><strong>oportet</strong></span> <span class='ocrx_word' id='word_1_158' title='bbox 1098 2565 1412 2618; x_wconf 89' lang='lat' dir='ltr'><strong>instructum</strong></span> <span class='ocrx_word' id='word_1_159' title='bbox 1443 2575 1456 2610; x_wconf 90' lang='lat'><strong>:</strong></span> <span class='ocrx_word' id='word_1_160' title='bbox 1487 2555 1628 2627; x_wconf 91' lang='lat' dir='ltr'><strong>quod</strong></span> <span class='ocrx_word' id='word_1_161' title='bbox 1665 2553 1708 2607; x_wconf 91' lang='lat' dir='ltr'><strong>si</strong></span> <span class='ocrx_word' id='word_1_162' title='bbox 1744 2551 1795 2606; x_wconf 93' lang='lat' dir='ltr'><strong>ei</strong></span> <span class='ocrx_word' id='word_1_163' title='bbox 1834 2547 1990 2604; x_wconf 89' lang='lat' dir='ltr'><strong>fuerit</strong></span> 
     </span>
    </p>
   </div>
   <div class='ocr_carea' id='block_1_29' title="bbox 401 2641 1987 2724">
    <p class='ocr_par' dir='ltr' id='par_1_29' title="bbox 401 2641 1987 2724">
     <span class='ocr_line' id='line_1_29' title="bbox 401 2641 1987 2724; baseline -0.018 -3"><span class='ocrx_word' id='word_1_164' title='bbox 401 2665 628 2720; x_wconf 88' lang='lat' dir='ltr'><strong>Domino</strong></span> <span class='ocrx_word' id='word_1_165' title='bbox 657 2663 890 2717; x_wconf 85' lang='lat' dir='ltr'><strong>donante</strong></span> <span class='ocrx_word' id='word_1_166' title='bbox 905 2658 1177 2720; x_wconf 87' lang='lat' dir='ltr'><strong>collatum,</strong></span> <span class='ocrx_word' id='word_1_167' title='bbox 1200 2653 1398 2724; x_wconf 90' lang='lat' dir='ltr'><strong>poterit</strong></span> <span class='ocrx_word' id='word_1_168' title='bbox 1421 2664 1542 2704; x_wconf 90' lang='lat' dir='ltr'><strong>esse</strong></span> <span class='ocrx_word' id='word_1_169' title='bbox 1559 2645 1705 2700; x_wconf 90' lang='lat' dir='ltr'><strong>utilis</strong></span> <span class='ocrx_word' id='word_1_170' title='bbox 1725 2641 1987 2712; x_wconf 89' lang='lat' dir='ltr'><strong>pluribus.</strong></span> 
     </span>
    </p>
   </div>
   <div class='ocr_carea' id='block_1_30' title="bbox 404 2735 1993 2811">
    <p class='ocr_par' dir='ltr' id='par_1_30' title="bbox 404 2735 1993 2811">
     <span class='ocr_line' id='line_1_30' title="bbox 404 2735 1993 2811; baseline -0.017 0"><span class='ocrx_word' id='word_1_171' title='bbox 404 2757 575 2811; x_wconf 90' lang='lat' dir='ltr'><strong>llabet</strong></span> <span class='ocrx_word' id='word_1_172' title='bbox 606 2753 749 2809; x_wconf 91' lang='lat' dir='ltr'><strong>enim</strong></span> <span class='ocrx_word' id='word_1_173' title='bbox 781 2765 886 2805; x_wconf 93' lang='lat' dir='ltr'><strong>non</strong></span> <span class='ocrx_word' id='word_1_174' title='bbox 919 2748 1198 2803; x_wconf 88' lang='lat' dir='ltr'><strong>minimum</strong></span> <span class='ocrx_word' id='word_1_175' title='bbox 1237 2741 1503 2798; x_wconf 85' lang='lat' dir='ltr'><strong>facultatis</strong></span> <span class='ocrx_word' id='word_1_176' title='bbox 1527 2781 1542 2806; x_wconf 93' lang='lat'><strong>,</strong></span> <span class='ocrx_word' id='word_1_177' title='bbox 1569 2751 1672 2806; x_wconf 91' lang='lat' dir='ltr'><strong>qua</strong></span> <span class='ocrx_word' id='word_1_178' title='bbox 1705 2735 1871 2805; x_wconf 89' lang='lat' dir='ltr'><strong>possit</strong></span> <span class='ocrx_word' id='word_1_179' title='bbox 1898 2746 1993 2786; x_wconf 78' lang='lat' dir='ltr'><strong>ex-</strong></span> 
     </span>
    </p>
   </div>
   <div class='ocr_carea' id='block_1_31' title="bbox 405 2828 1991 2917">
    <p class='ocr_par' dir='ltr' id='par_1_31' title="bbox 405 2828 1991 2917">
     <span class='ocr_line' id='line_1_31' title="bbox 405 2828 1991 2917; baseline -0.016 -16"><span class='ocrx_word' id='word_1_180' title='bbox 405 2847 606 2917; x_wconf 83' lang='lat' dir='ltr'><strong>plicare</strong></span> <span class='ocrx_word' id='word_1_181' title='bbox 627 2853 785 2913; x_wconf 90' lang='lat' dir='ltr'><strong>atque</strong></span> <span class='ocrx_word' id='word_1_182' title='bbox 814 2855 1008 2898; x_wconf 87' lang='lat' dir='ltr'><strong>ornare</strong></span> <span class='ocrx_word' id='word_1_183' title='bbox 1047 2853 1166 2908; x_wconf 71' lang='lat' dir='ltr'><strong>qua:</strong></span> <span class='ocrx_word' id='word_1_184' title='bbox 1201 2834 1384 2898; x_wconf 88' lang='lat' dir='ltr'><strong>sentit,</strong></span> <span class='ocrx_word' id='word_1_185' title='bbox 1415 2833 1460 2886; x_wconf 89' lang='lat' dir='ltr'><strong>si</strong></span> <span class='ocrx_word' id='word_1_186' title='bbox 1487 2831 1632 2901; x_wconf 90' lang='lat' dir='ltr'><strong>prius</strong></span> <span class='ocrx_word' id='word_1_187' title='bbox 1651 2828 1743 2882; x_wconf 90' lang='lat' dir='ltr'><strong>det</strong></span> <span class='ocrx_word' id='word_1_188' title='bbox 1773 2837 1991 2894; x_wconf 88' lang='lat' dir='ltr'><strong>operam</strong></span> 
     </span>
    </p>
   </div>
   <div class='ocr_carea' id='block_1_32' title="bbox 405 2917 1988 3000">
    <p class='ocr_par' dir='ltr' id='par_1_32' title="bbox 405 2917 1988 3000">
     <span class='ocr_line' id='line_1_32' title="bbox 405 2917 1988 3000; baseline -0.016 -8"><span class='ocrx_word' id='word_1_189' title='bbox 405 2946 550 2994; x_wconf 84' lang='lat' dir='ltr'><strong>recta</strong></span> <span class='ocrx_word' id='word_1_190' title='bbox 577 2935 794 2990; x_wconf 90' lang='lat' dir='ltr'><strong>sentire.</strong></span> <span class='ocrx_word' id='word_1_191' title='bbox 826 2931 992 2988; x_wconf 83' lang='lat' dir='ltr'><strong>Valde</strong></span> <span class='ocrx_word' id='word_1_192' title='bbox 1019 2931 1213 3000; x_wconf 88' lang='lat' dir='ltr'><strong>quippe</strong></span> <span class='ocrx_word' id='word_1_193' title='bbox 1233 2936 1358 2982; x_wconf 92' lang='lat' dir='ltr'><strong>sunt</strong></span> <span class='ocrx_word' id='word_1_194' title='bbox 1385 2924 1540 2979; x_wconf 83' lang='lat' dir='ltr'><strong>noxia</strong></span> <span class='ocrx_word' id='word_1_195' title='bbox 1572 2937 1728 2992; x_wconf 88' lang='lat' dir='ltr'><strong>prava</strong></span> <span class='ocrx_word' id='word_1_196' title='bbox 1757 2917 1988 2981; x_wconf 89' lang='lat' dir='ltr'><strong>diserta;</strong></span> 
     </span>
    </p>
   </div>
   <div class='ocr_carea' id='block_1_33' title="bbox 405 3013 1989 3102">
    <p class='ocr_par' dir='ltr' id='par_1_33' title="bbox 405 3013 1989 3102">
     <span class='ocr_line' id='line_1_33' title="bbox 405 3013 1989 3102; baseline -0.015 -18"><span class='ocrx_word' id='word_1_197' title='bbox 405 3032 528 3102; x_wconf 84' lang='lat' dir='ltr'><strong>quia</strong></span> <span class='ocrx_word' id='word_1_198' title='bbox 558 3027 864 3082; x_wconf 91' lang='lat' dir='ltr'><strong>hominibus</strong></span> <span class='ocrx_word' id='word_1_199' title='bbox 886 3025 1060 3078; x_wconf 91' lang='lat' dir='ltr'><strong>minus</strong></span> <span class='ocrx_word' id='word_1_200' title='bbox 1086 3020 1307 3076; x_wconf 88' lang='lat' dir='ltr'><strong>eruditis</strong></span> <span class='ocrx_word' id='word_1_201' title='bbox 1329 3061 1345 3084; x_wconf 93' lang='lat'><strong>,</strong></span> <span class='ocrx_word' id='word_1_202' title='bbox 1372 3032 1436 3073; x_wconf 93' lang='lat' dir='ltr'><strong>eo</strong></span> <span class='ocrx_word' id='word_1_203' title='bbox 1467 3013 1606 3086; x_wconf 92' lang='lat' dir='ltr'><strong>quod</strong></span> <span class='ocrx_word' id='word_1_204' title='bbox 1628 3013 1821 3067; x_wconf 89' lang='lat' dir='ltr'><strong>diserta</strong></span> <span class='ocrx_word' id='word_1_205' title='bbox 1847 3015 1989 3072; x_wconf 90' lang='lat' dir='ltr'><strong>sunt,</strong></span> 
     </span>
    </p>
   </div>
   <div class='ocr_carea' id='block_1_34' title="bbox 405 3099 1993 3182">
    <p class='ocr_par' dir='ltr' id='par_1_34' title="bbox 405 3099 1993 3182">
     <span class='ocr_line' id='line_1_34' title="bbox 405 3099 1993 3182; baseline -0.014 -7"><span class='ocrx_word' id='word_1_206' title='bbox 405 3099 653 3175; x_wconf 71' lang='lat' dir='ltr'><strong>videntur</strong></span> <span class='ocrx_word' id='word_1_207' title='bbox 678 3127 731 3172; x_wconf 91' lang='lat' dir='ltr'><strong>et</strong></span> <span class='ocrx_word' id='word_1_208' title='bbox 759 3131 906 3171; x_wconf 88' lang='lat' dir='ltr'><strong>vera.</strong></span> <span class='ocrx_word' id='word_1_209' title='bbox 936 3112 1216 3182; x_wconf 84' lang='lat' dir='ltr'><strong>Quomodo</strong></span> <span class='ocrx_word' id='word_1_210' title='bbox 1247 3119 1426 3163; x_wconf 89' lang='lat' dir='ltr'><strong>autem</strong></span> <span class='ocrx_word' id='word_1_211' title='bbox 1447 3105 1662 3162; x_wconf 89' lang='lat' dir='ltr'><strong>eosdem</strong></span> <span class='ocrx_word' id='word_1_212' title='bbox 1691 3103 1853 3156; x_wconf 90' lang='lat' dir='ltr'><strong>libros</strong></span> <span class='ocrx_word' id='word_1_213' title='bbox 1879 3099 1993 3168; x_wconf 90' lang='lat' dir='ltr'><strong>ipse</strong></span> 
     </span>
    </p>
   </div>
   <div class='ocr_carea' id='block_1_35' title="bbox 407 3189 1994 3280">
    <p class='ocr_par' dir='ltr' id='par_1_35' title="bbox 407 3189 1994 3280">
     <span class='ocr_line' id='line_1_35' title="bbox 407 3189 1994 3280; baseline -0.013 -16"><span class='ocrx_word' id='word_1_214' title='bbox 407 3209 713 3280; x_wconf 90' lang='lat' dir='ltr'><strong>acceperis,</strong></span> <span class='ocrx_word' id='word_1_215' title='bbox 745 3207 969 3262; x_wconf 89' lang='lat' dir='ltr'><strong>nescio:</strong></span> <span class='ocrx_word' id='word_1_216' title='bbox 1015 3211 1382 3258; x_wconf 86' lang='lat' dir='ltr'><strong>verumtamen</strong></span> <span class='ocrx_word' id='word_1_217' title='bbox 1425 3199 1470 3253; x_wconf 92' lang='lat' dir='ltr'><strong>si</strong></span> <span class='ocrx_word' id='word_1_218' title='bbox 1503 3211 1690 3252; x_wconf 87' lang='lat' dir='ltr'><strong>verum</strong></span> <span class='ocrx_word' id='word_1_219' title='bbox 1731 3201 1813 3248; x_wconf 89' lang='lat' dir='ltr'><strong>est</strong></span> <span class='ocrx_word' id='word_1_220' title='bbox 1854 3189 1994 3262; x_wconf 90' lang='lat' dir='ltr'><strong>quod</strong></span> 
     </span>
    </p>
   </div>
   <div class='ocr_carea' id='block_1_36' title="bbox 408 3285 1996 3367">
    <p class='ocr_par' dir='ltr' id='par_1_36' title="bbox 408 3285 1996 3367">
     <span class='ocr_line' id='line_1_36' title="bbox 408 3285 1996 3367; baseline -0.012 -12"><span class='ocrx_word' id='word_1_221' title='bbox 408 3300 620 3367; x_wconf 90' lang='lat' dir='ltr'><strong>audivi,</strong></span> <span class='ocrx_word' id='word_1_222' title='bbox 649 3298 841 3354; x_wconf 86' lang='lat' dir='ltr'><strong>diceris</strong></span> <span class='ocrx_word' id='word_1_223' title='bbox 876 3297 954 3351; x_wconf 89' lang='lat' dir='ltr'><strong>eis</strong></span> <span class='ocrx_word' id='word_1_224' title='bbox 987 3295 1224 3350; x_wconf 88' lang='lat' dir='ltr'><strong>recitatis</strong></span> <span class='ocrx_word' id='word_1_225' title='bbox 1253 3293 1325 3346; x_wconf 89' lang='lat' dir='ltr'><strong>ita</strong></span> <span class='ocrx_word' id='word_1_226' title='bbox 1370 3287 1656 3345; x_wconf 80' lang='lat' dir='ltr'><strong>exsiluisse</strong></span> <span class='ocrx_word' id='word_1_227' title='bbox 1693 3285 1908 3349; x_wconf 73' lang='lat' dir='ltr'><strong>itetitia,</strong></span> <span class='ocrx_word' id='word_1_228' title='bbox 1935 3291 1996 3336; x_wconf 91' lang='lat' dir='ltr'><strong>ut</strong></span> 
     </span>
    </p>
   </div>
   <div class='ocr_carea' id='block_1_37' title="bbox 408 3379 1992 3463">
    <p class='ocr_par' dir='ltr' id='par_1_37' title="bbox 408 3379 1992 3463">
     <span class='ocr_line' id='line_1_37' title="bbox 408 3379 1992 3463; baseline -0.011 -15"><span class='ocrx_word' id='word_1_229' title='bbox 408 3403 566 3463; x_wconf 88' lang='lat' dir='ltr'><strong>caput</strong></span> <span class='ocrx_word' id='word_1_230' title='bbox 587 3391 800 3462; x_wconf 86' lang='lat' dir='ltr'><strong>juvenis</strong></span> <span class='ocrx_word' id='word_1_231' title='bbox 827 3390 968 3444; x_wconf 92' lang='lat' dir='ltr'><strong>illius</strong></span> <span class='ocrx_word' id='word_1_232' title='bbox 987 3401 1172 3452; x_wconf 87' lang='lat' dir='ltr'><strong>senex,</strong></span> <span class='ocrx_word' id='word_1_233' title='bbox 1195 3395 1248 3441; x_wconf 94' lang='lat' dir='ltr'><strong>et</strong></span> <span class='ocrx_word' id='word_1_234' title='bbox 1268 3385 1384 3440; x_wconf 89' lang='lat' dir='ltr'><strong>laici</strong></span> <span class='ocrx_word' id='word_1_235' title='bbox 1407 3383 1686 3457; x_wconf 87' lang='lat' dir='ltr'><strong>presbyter</strong></span> <span class='ocrx_word' id='word_1_236' title='bbox 1705 3379 1992 3445; x_wconf 87' lang='lat' dir='ltr'><strong>osculatus,</strong></span> 
     </span>
    </p>
   </div>
   <div class='ocr_carea' id='block_1_38' title="bbox 409 3469 1996 3552">
    <p class='ocr_par' dir='ltr' id='par_1_38' title="bbox 409 3469 1996 3552">
     <span class='ocr_line' id='line_1_38' title="bbox 409 3469 1996 3552; baseline -0.011 -12"><span class='ocrx_word' id='word_1_237' title='bbox 409 3485 664 3540; x_wconf 89' lang='lat' dir='ltr'><strong>didicisse</strong></span> <span class='ocrx_word' id='word_1_238' title='bbox 699 3491 749 3537; x_wconf 92' lang='lat' dir='ltr'><strong>te</strong></span> <span class='ocrx_word' id='word_1_239' title='bbox 772 3481 914 3552; x_wconf 91' lang='lat' dir='ltr'><strong>quod</strong></span> <span class='ocrx_word' id='word_1_240' title='bbox 952 3479 1233 3551; x_wconf 81' lang='lat' dir='ltr'><strong>ignorabas</strong></span> <span class='ocrx_word' id='word_1_241' title='bbox 1255 3518 1270 3544; x_wconf 93' lang='lat'><strong>,</strong></span> <span class='ocrx_word' id='word_1_242' title='bbox 1296 3476 1491 3547; x_wconf 77' lang='lat' dir='ltr'><strong>gratias</strong></span> <span class='ocrx_word' id='word_1_243' title='bbox 1522 3473 1713 3544; x_wconf 88' lang='lat' dir='ltr'><strong>egeris.</strong></span> <span class='ocrx_word' id='word_1_244' title='bbox 1743 3471 1844 3527; x_wconf 89' lang='lat' dir='ltr'><strong>Ubi</strong></span> <span class='ocrx_word' id='word_1_245' title='bbox 1874 3469 1996 3540; x_wconf 90' lang='lat' dir='ltr'><strong>qui-</strong></span> 
     </span>
    </p>
   </div>
   <div class='ocr_carea' id='block_1_39' title="bbox 409 3565 1996 3644">
    <p class='ocr_par' dir='ltr' id='par_1_39' title="bbox 409 3565 1996 3644">
     <span class='ocr_line' id='line_1_39' title="bbox 409 3565 1996 3644; baseline -0.009 -14"><span class='ocrx_word' id='word_1_246' title='bbox 409 3578 530 3633; x_wconf 91' lang='lat' dir='ltr'><strong>dem</strong></span> <span class='ocrx_word' id='word_1_247' title='bbox 551 3591 658 3631; x_wconf 90' lang='lat' dir='ltr'><strong>non</strong></span> <span class='ocrx_word' id='word_1_248' title='bbox 691 3575 931 3644; x_wconf 89' lang='lat' dir='ltr'><strong>improbo</strong></span> <span class='ocrx_word' id='word_1_249' title='bbox 961 3573 1312 3627; x_wconf 87' lang='lat' dir='ltr'><strong>humilitatem</strong></span> <span class='ocrx_word' id='word_1_250' title='bbox 1339 3579 1478 3623; x_wconf 89' lang='lat' dir='ltr'><strong>tuam</strong></span> <span class='ocrx_word' id='word_1_251' title='bbox 1499 3608 1514 3632; x_wconf 91' lang='lat'><strong>,</strong></span> <span class='ocrx_word' id='word_1_252' title='bbox 1543 3568 1650 3622; x_wconf 94' lang='lat' dir='ltr'><strong>imo</strong></span> <span class='ocrx_word' id='word_1_253' title='bbox 1675 3579 1804 3621; x_wconf 87' lang='lat' dir='ltr'><strong>vero</strong></span> <span class='ocrx_word' id='word_1_254' title='bbox 1836 3565 1996 3618; x_wconf 90' lang='lat' dir='ltr'><strong>etiam</strong></span> 
     </span>
    </p>
   </div>
   <div class='ocr_carea' id='block_1_40' title="bbox 409 3659 1994 3741">
    <p class='ocr_par' dir='ltr' id='par_1_40' title="bbox 409 3659 1994 3741">
     <span class='ocr_line' id='line_1_40' title="bbox 409 3659 1994 3741; baseline -0.01 -15"><span class='ocrx_word' id='word_1_255' title='bbox 409 3671 570 3726; x_wconf 90' lang='lat' dir='ltr'><strong>laudo</strong></span> <span class='ocrx_word' id='word_1_256' title='bbox 594 3669 734 3741; x_wconf 93' lang='lat' dir='ltr'><strong>quod</strong></span> <span class='ocrx_word' id='word_1_257' title='bbox 765 3667 1036 3723; x_wconf 90' lang='lat' dir='ltr'><strong>honorasti</strong></span> <span class='ocrx_word' id='word_1_258' title='bbox 1056 3666 1328 3720; x_wconf 90' lang='lat' dir='ltr'><strong>doctorem</strong></span> <span class='ocrx_word' id='word_1_259' title='bbox 1367 3672 1550 3716; x_wconf 91' lang='lat' dir='ltr'><strong>tuum:</strong></span> <span class='ocrx_word' id='word_1_260' title='bbox 1581 3674 1680 3715; x_wconf 90' lang='lat' dir='ltr'><strong>nec</strong></span> <span class='ocrx_word' id='word_1_261' title='bbox 1701 3659 1994 3723; x_wconf 89' lang='lat' dir='ltr'><strong>hominem,</strong></span> 
     </span>
    </p>
   </div>
   <div class='ocr_carea' id='block_1_41' title="bbox 410 3750 2000 3832">
    <p class='ocr_par' dir='ltr' id='par_1_41' title="bbox 410 3750 2000 3832">
     <span class='ocr_line' id='line_1_41' title="bbox 410 3750 2000 3832; baseline -0.009 -15"><span class='ocrx_word' id='word_1_262' title='bbox 410 3763 504 3818; x_wconf 90' lang='lat' dir='ltr'><strong>sed</strong></span> <span class='ocrx_word' id='word_1_263' title='bbox 533 3763 702 3832; x_wconf 87' lang='lat' dir='ltr'><strong>ipsam</strong></span> <span class='ocrx_word' id='word_1_264' title='bbox 723 3775 839 3832; x_wconf 73' lang='lat' dir='ltr'><strong>quae</strong></span> <span class='ocrx_word' id='word_1_265' title='bbox 868 3759 962 3815; x_wconf 91' lang='lat' dir='ltr'><strong>tibi</strong></span> <span class='ocrx_word' id='word_1_266' title='bbox 992 3774 1088 3829; x_wconf 90' lang='lat' dir='ltr'><strong>per</strong></span> <span class='ocrx_word' id='word_1_267' title='bbox 1117 3757 1264 3812; x_wconf 92' lang='lat' dir='ltr'><strong>illum</strong></span> <span class='ocrx_word' id='word_1_268' title='bbox 1295 3755 1437 3826; x_wconf 86' lang='lat' dir='ltr'><strong>loqui</strong></span> <span class='ocrx_word' id='word_1_269' title='bbox 1468 3754 1677 3823; x_wconf 87' lang='lat' dir='ltr'><strong>dignata</strong></span> <span class='ocrx_word' id='word_1_270' title='bbox 1705 3759 1787 3807; x_wconf 89' lang='lat' dir='ltr'><strong>est</strong></span> <span class='ocrx_word' id='word_1_271' title='bbox 1805 3750 2000 3806; x_wconf 61' lang='lat' dir='ltr'><strong>verita-9</strong></span> 
     </span>
    </p>
   </div>
   <div class='ocr_carea' id='block_1_42' title="bbox 407 3842 1999 3922">
    <p class='ocr_par' dir='ltr' id='par_1_42' title="bbox 407 3842 1999 3922">
     <span class='ocr_line' id='line_1_42' title="bbox 407 3842 1999 3922; baseline -0.009 -13"><span class='ocrx_word' id='word_1_272' title='bbox 407 3865 550 3920; x_wconf 82' lang='lat' dir='ltr'><strong>tein;</strong></span> <span class='ocrx_word' id='word_1_273' title='bbox 577 3853 622 3908; x_wconf 90' lang='lat' dir='ltr'><strong>si</strong></span> <span class='ocrx_word' id='word_1_274' title='bbox 663 3861 838 3907; x_wconf 89' lang='lat' dir='ltr'><strong>tamen</strong></span> <span class='ocrx_word' id='word_1_275' title='bbox 873 3851 1112 3922; x_wconf 89' lang='lat' dir='ltr'><strong>potueris</strong></span> <span class='ocrx_word' id='word_1_276' title='bbox 1149 3849 1544 3911; x_wconf 90' lang='lat' dir='ltr'><strong>demonstrare,</strong></span> <span class='ocrx_word' id='word_1_277' title='bbox 1578 3843 1703 3915; x_wconf 91' lang='lat' dir='ltr'><strong>quid</strong></span> <span class='ocrx_word' id='word_1_278' title='bbox 1726 3859 1820 3913; x_wconf 90' lang='lat' dir='ltr'><strong>per</strong></span> <span class='ocrx_word' id='word_1_279' title='bbox 1845 3842 1999 3896; x_wconf 91' lang='lat' dir='ltr'><strong>illum</strong></span> 
     </span>
    </p>
   </div>
   <div class='ocr_carea' id='block_1_43' title="bbox 413 3933 2000 4015">
    <p class='ocr_par' dir='ltr' id='par_1_43' title="bbox 413 3933 2000 4015">
     <span class='ocr_line' id='line_1_43' title="bbox 413 3933 2000 4015; baseline -0.006 -17"><span class='ocrx_word' id='word_1_280' title='bbox 413 3947 652 4002; x_wconf 86' lang='lat' dir='ltr'><strong>veritatis</strong></span> <span class='ocrx_word' id='word_1_281' title='bbox 675 3945 965 4015; x_wconf 83' lang='lat' dir='ltr'><strong>acceperis.</strong></span> <span class='ocrx_word' id='word_1_282' title='bbox 995 3942 1198 3998; x_wconf 76' lang='lat' dir='ltr'><strong>Vellem</strong></span> <span class='ocrx_word' id='word_1_283' title='bbox 1221 3941 1399 4011; x_wconf 88' lang='lat' dir='ltr'><strong>itaque</strong></span> <span class='ocrx_word' id='word_1_284' title='bbox 1422 3939 1697 4008; x_wconf 88' lang='lat' dir='ltr'><strong>rescriptis</strong></span> <span class='ocrx_word' id='word_1_285' title='bbox 1719 3938 1844 4004; x_wconf 85' lang='lat' dir='ltr'><strong>tuis,</strong></span> <span class='ocrx_word' id='word_1_286' title='bbox 1873 3933 2000 4006; x_wconf 91' lang='lat' dir='ltr'><strong>quid</strong></span> 
     </span>
    </p>
   </div>
   <div class='ocr_carea' id='block_1_44' title="bbox 413 4029 2000 4104">
    <p class='ocr_par' dir='ltr' id='par_1_44' title="bbox 413 4029 2000 4104">
     <span class='ocr_line' id='line_1_44' title="bbox 413 4029 2000 4104; baseline -0.007 -12"><span class='ocrx_word' id='word_1_287' title='bbox 413 4050 466 4094; x_wconf 89' lang='lat' dir='ltr'><strong>te</strong></span> <span class='ocrx_word' id='word_1_288' title='bbox 490 4037 759 4104; x_wconf 87' lang='lat' dir='ltr'><strong>docuerit,</strong></span> <span class='ocrx_word' id='word_1_289' title='bbox 795 4052 882 4091; x_wconf 90' lang='lat' dir='ltr'><strong>me</strong></span> <span class='ocrx_word' id='word_1_290' title='bbox 902 4034 1144 4090; x_wconf 91' lang='lat' dir='ltr'><strong>doceres.</strong></span> <span class='ocrx_word' id='word_1_291' title='bbox 1176 4033 1330 4087; x_wconf 87' lang='lat' dir='ltr'><strong>Absit</strong></span> <span class='ocrx_word' id='word_1_292' title='bbox 1355 4032 1496 4086; x_wconf 85' lang='lat' dir='ltr'><strong>enim</strong></span> <span class='ocrx_word' id='word_1_293' title='bbox 1543 4039 1600 4084; x_wconf 90' lang='lat' dir='ltr'><strong>ut</strong></span> <span class='ocrx_word' id='word_1_294' title='bbox 1639 4029 1948 4084; x_wconf 85' lang='lat' dir='ltr'><strong>erubescam</strong></span> <span class='ocrx_word' id='word_1_295' title='bbox 1968 4041 2000 4081; x_wconf 90' lang='lat' dir='ltr'><strong>a</strong></span> 
     </span>
    </p>
   </div>
   <div class='ocr_carea' id='block_1_45' title="bbox 415 4121 1995 4201">
    <p class='ocr_par' dir='ltr' id='par_1_45' title="bbox 415 4121 1995 4201">
     <span class='ocr_line' id='line_1_45' title="bbox 415 4121 1995 4201; baseline -0.007 -15"><span class='ocrx_word' id='word_1_296' title='bbox 415 4129 725 4201; x_wconf 86' lang='lat' dir='ltr'><strong>presbytero</strong></span> <span class='ocrx_word' id='word_1_297' title='bbox 759 4127 986 4190; x_wconf 88' lang='lat' dir='ltr'><strong>discere,</strong></span> <span class='ocrx_word' id='word_1_298' title='bbox 1016 4126 1058 4181; x_wconf 92' lang='lat' dir='ltr'><strong>si</strong></span> <span class='ocrx_word' id='word_1_299' title='bbox 1090 4141 1119 4179; x_wconf 92' lang='lat' dir='ltr'><strong>a</strong></span> <span class='ocrx_word' id='word_1_300' title='bbox 1149 4125 1282 4179; x_wconf 92' lang='lat' dir='ltr'><strong>laico</strong></span> <span class='ocrx_word' id='word_1_301' title='bbox 1307 4133 1364 4178; x_wconf 91' lang='lat' dir='ltr'><strong>tu</strong></span> <span class='ocrx_word' id='word_1_302' title='bbox 1404 4139 1508 4178; x_wconf 93' lang='lat' dir='ltr'><strong>non</strong></span> <span class='ocrx_word' id='word_1_303' title='bbox 1538 4121 1791 4176; x_wconf 87' lang='lat' dir='ltr'><strong>erubuisti</strong></span> <span class='ocrx_word' id='word_1_304' title='bbox 1817 4162 1831 4184; x_wconf 91' lang='lat'><strong>,</strong></span> <span class='ocrx_word' id='word_1_305' title='bbox 1855 4135 1995 4189; x_wconf 68' lang='lat' dir='ltr'><strong>prae-</strong></span> 
     </span>
    </p>
   </div>
   <div class='ocr_carea' id='block_1_46' title="bbox 417 4212 1998 4281">
    <p class='ocr_par' dir='ltr' id='par_1_46' title="bbox 417 4212 1998 4281">
     <span class='ocr_line' id='line_1_46' title="bbox 417 4212 1998 4281; baseline -0.008 -5"><span class='ocrx_word' id='word_1_306' title='bbox 417 4221 640 4276; x_wconf 88' lang='lat' dir='ltr'><strong>dicanda</strong></span> <span class='ocrx_word' id='word_1_307' title='bbox 683 4230 736 4275; x_wconf 93' lang='lat' dir='ltr'><strong>et</strong></span> <span class='ocrx_word' id='word_1_308' title='bbox 783 4218 1037 4274; x_wconf 90' lang='lat' dir='ltr'><strong>imitanda</strong></span> <span class='ocrx_word' id='word_1_309' title='bbox 1079 4217 1373 4271; x_wconf 88' lang='lat' dir='ltr'><strong>humilitate</strong></span> <span class='ocrx_word' id='word_1_310' title='bbox 1397 4256 1412 4281; x_wconf 95' lang='lat'><strong>,</strong></span> <span class='ocrx_word' id='word_1_311' title='bbox 1445 4215 1488 4268; x_wconf 92' lang='lat' dir='ltr'><strong>si</strong></span> <span class='ocrx_word' id='word_1_312' title='bbox 1536 4229 1658 4268; x_wconf 83' lang='lat' dir='ltr'><strong>vera</strong></span> <span class='ocrx_word' id='word_1_313' title='bbox 1698 4212 1926 4266; x_wconf 88' lang='lat' dir='ltr'><strong>didicisti</strong></span> <span class='ocrx_word' id='word_1_314' title='bbox 1959 4212 1998 4264; x_wconf 86' lang='grc'><strong>¹.</strong></span> 
     </span>
    </p>
   </div>
   <div class='ocr_carea' id='block_1_47' title="bbox 487 4303 2002 4375">
    <p class='ocr_par' dir='ltr' id='par_1_47' title="bbox 487 4303 2002 4375">
     <span class='ocr_line' id='line_1_47' title="bbox 487 4303 2002 4375; baseline -0.008 -5"><span class='ocrx_word' id='word_1_315' title='bbox 487 4313 714 4370; x_wconf 79' lang='lat' dir='ltr'><strong>CAPUT</strong></span> <span class='ocrx_word' id='word_1_316' title='bbox 757 4312 820 4366; x_wconf 88' lang='lat' dir='ltr'><strong>ll.</strong></span> <span class='ocrx_word' id='word_1_317' title='bbox 847 4341 919 4353; x_wconf 89' lang='lat'><strong><em>—</em></strong></span> <span class='ocrx_word' id='word_1_318' title='bbox 944 4311 998 4365; x_wconf 72' lang='grc'><strong>2.</strong></span> <span class='ocrx_word' id='word_1_319' title='bbox 1025 4309 1274 4374; x_wconf 85' lang='lat' dir='ltr'><strong>Proinde,</strong></span> <span class='ocrx_word' id='word_1_320' title='bbox 1304 4307 1466 4361; x_wconf 87' lang='lat' dir='ltr'><strong>frater</strong></span> <span class='ocrx_word' id='word_1_321' title='bbox 1486 4305 1851 4371; x_wconf 85' lang='lat' dir='ltr'><strong>dilectissime,</strong></span> <span class='ocrx_word' id='word_1_322' title='bbox 1875 4303 2002 4375; x_wconf 86' lang='lat' dir='ltr'><strong>quid</strong></span> 
     </span>
    </p>
   </div>
   <div class='ocr_carea' id='block_1_48' title="bbox 418 4397 2000 4473">
    <p class='ocr_par' dir='ltr' id='par_1_48' title="bbox 418 4397 2000 4473">
     <span class='ocr_line' id='line_1_48' title="bbox 418 4397 2000 4473; baseline -0.009 -9"><span class='ocrx_word' id='word_1_323' title='bbox 418 4407 487 4464; x_wconf 91' lang='lat' dir='ltr'><strong>ab</strong></span> <span class='ocrx_word' id='word_1_324' title='bbox 518 4421 583 4464; x_wconf 91' lang='lat' dir='ltr'><strong>eo</strong></span> <span class='ocrx_word' id='word_1_325' title='bbox 619 4405 869 4462; x_wconf 88' lang='lat' dir='ltr'><strong>didiceris</strong></span> <span class='ocrx_word' id='word_1_326' title='bbox 891 4447 908 4473; x_wconf 96' lang='lat'><strong>,</strong></span> <span class='ocrx_word' id='word_1_327' title='bbox 933 4417 1090 4458; x_wconf 91' lang='lat' dir='ltr'><strong>nosse</strong></span> <span class='ocrx_word' id='word_1_328' title='bbox 1128 4404 1315 4471; x_wconf 89' lang='lat' dir='ltr'><strong>cupio,</strong></span> <span class='ocrx_word' id='word_1_329' title='bbox 1342 4409 1398 4453; x_wconf 91' lang='lat' dir='ltr'><strong>ut</strong></span> <span class='ocrx_word' id='word_1_330' title='bbox 1437 4399 1483 4453; x_wconf 83' lang='lat' dir='ltr'><strong>si</strong></span> <span class='ocrx_word' id='word_1_331' title='bbox 1509 4399 1618 4468; x_wconf 90' lang='lat' dir='ltr'><strong>jam</strong></span> <span class='ocrx_word' id='word_1_332' title='bbox 1649 4397 1700 4452; x_wconf 93' lang='lat' dir='ltr'><strong>id</strong></span> <span class='ocrx_word' id='word_1_333' title='bbox 1729 4399 1962 4453; x_wconf 90' lang='lat' dir='ltr'><strong>sciebam</strong></span> <span class='ocrx_word' id='word_1_334' title='bbox 1984 4438 2000 4466; x_wconf 94' lang='lat'><strong>,</strong></span> 
     </span>
    </p>
   </div>
   <div class='ocr_carea' id='block_1_49' title="bbox 417 4487 2001 4569">
    <p class='ocr_par' dir='ltr' id='par_1_49' title="bbox 417 4487 2001 4569">
     <span class='ocr_line' id='line_1_49' title="bbox 417 4487 2001 4569; baseline -0.008 -15"><span class='ocrx_word' id='word_1_335' title='bbox 417 4497 652 4569; x_wconf 89' lang='lat' dir='ltr'><strong>gratuler</strong></span> <span class='ocrx_word' id='word_1_336' title='bbox 689 4511 784 4568; x_wconf 91' lang='lat' dir='ltr'><strong>pro</strong></span> <span class='ocrx_word' id='word_1_337' title='bbox 820 4504 904 4561; x_wconf 88' lang='lat' dir='ltr'><strong>te;</strong></span> <span class='ocrx_word' id='word_1_338' title='bbox 935 4495 980 4549; x_wconf 90' lang='lat' dir='ltr'><strong>si</strong></span> <span class='ocrx_word' id='word_1_339' title='bbox 1016 4501 1191 4548; x_wconf 90' lang='lat' dir='ltr'><strong>autem</strong></span> <span class='ocrx_word' id='word_1_340' title='bbox 1215 4487 1514 4546; x_wconf 87' lang='lat' dir='ltr'><strong>nesciebam</strong></span> <span class='ocrx_word' id='word_1_341' title='bbox 1536 4530 1551 4556; x_wconf 92' lang='lat'><strong>,</strong></span> <span class='ocrx_word' id='word_1_342' title='bbox 1580 4487 1778 4543; x_wconf 85' lang='lat' dir='ltr'><strong>discam</strong></span> <span class='ocrx_word' id='word_1_343' title='bbox 1815 4503 1908 4557; x_wconf 86' lang='lat' dir='ltr'><strong>per</strong></span> <span class='ocrx_word' id='word_1_344' title='bbox 1930 4497 2001 4542; x_wconf 91' lang='lat' dir='ltr'><strong>te.</strong></span> 
     </span>
    </p>
   </div>
   <div class='ocr_carea' id='block_1_50' title="bbox 419 4582 2007 4660">
    <p class='ocr_par' dir='ltr' id='par_1_50' title="bbox 419 4582 2007 4660">
     <span class='ocr_line' id='line_1_50' title="bbox 419 4582 2007 4660; baseline -0.005 -16"><span class='ocrx_word' id='word_1_345' title='bbox 419 4591 568 4646; x_wconf 87' lang='lat' dir='ltr'><strong>Itane</strong></span> <span class='ocrx_word' id='word_1_346' title='bbox 593 4600 648 4646; x_wconf 93' lang='lat' dir='ltr'><strong>tu</strong></span> <span class='ocrx_word' id='word_1_347' title='bbox 676 4589 954 4660; x_wconf 84' lang='lat' dir='ltr'><strong>ignorabas</strong></span> <span class='ocrx_word' id='word_1_348' title='bbox 974 4587 1080 4642; x_wconf 91' lang='lat' dir='ltr'><strong>duo</strong></span> <span class='ocrx_word' id='word_1_349' title='bbox 1113 4585 1356 4656; x_wconf 71' lang='lat' dir='ltr'><strong>qumdam</strong></span> <span class='ocrx_word' id='word_1_350' title='bbox 1391 4599 1538 4648; x_wconf 91' lang='lat' dir='ltr'><strong>esse,</strong></span> <span class='ocrx_word' id='word_1_351' title='bbox 1565 4582 1794 4637; x_wconf 89' lang='lat' dir='ltr'><strong>animam</strong></span> <span class='ocrx_word' id='word_1_352' title='bbox 1824 4591 1878 4636; x_wconf 94' lang='lat' dir='ltr'><strong>et</strong></span> <span class='ocrx_word' id='word_1_353' title='bbox 1898 4582 2007 4652; x_wconf 91' lang='lat' dir='ltr'><strong>spi-</strong></span> 
     </span>
    </p>
   </div>
   <div class='ocr_carea' id='block_1_51' title="bbox 421 4673 2005 4748">
    <p class='ocr_par' dir='ltr' id='par_1_51' title="bbox 421 4673 2005 4748">
     <span class='ocr_line' id='line_1_51' title="bbox 421 4673 2005 4748; baseline -0.006 -12"><span class='ocrx_word' id='word_1_354' title='bbox 421 4684 582 4736; x_wconf 88' lang='lat' dir='ltr'><strong>ritum</strong></span> <span class='ocrx_word' id='word_1_355' title='bbox 607 4724 624 4748; x_wconf 95' lang='lat'><strong>,</strong></span> <span class='ocrx_word' id='word_1_356' title='bbox 650 4681 944 4736; x_wconf 91' lang='lat' dir='ltr'><strong>secundum</strong></span> <span class='ocrx_word' id='word_1_357' title='bbox 975 4679 1028 4734; x_wconf 92' lang='lat' dir='ltr'><strong>id</strong></span> <span class='ocrx_word' id='word_1_358' title='bbox 1056 4677 1197 4748; x_wconf 90' lang='lat' dir='ltr'><strong>quod</strong></span> <span class='ocrx_word' id='word_1_359' title='bbox 1225 4677 1476 4745; x_wconf 90' lang='lat' dir='ltr'><strong>scriptum</strong></span> <span class='ocrx_word' id='word_1_360' title='bbox 1504 4685 1584 4730; x_wconf 91' lang='lat' dir='ltr'><strong>est</strong></span> <span class='ocrx_word' id='word_1_361' title='bbox 1608 4715 1624 4741; x_wconf 93' lang='lat'><strong>,</strong></span> <span class='ocrx_word' id='word_1_362' title='bbox 1655 4674 1920 4728; x_wconf 79' lang='lat' dir='ltr'><strong>Absolvisti</strong></span> <span class='ocrx_word' id='word_1_363' title='bbox 1943 4673 2005 4727; x_wconf 87' lang='lat' dir='ltr'><strong>ab</strong></span> 
     </span>
    </p>
   </div>
   <div class='ocr_carea' id='block_1_52' title="bbox 422 4765 2010 4845">
    <p class='ocr_par' dir='ltr' id='par_1_52' title="bbox 422 4765 2010 4845">
     <span class='ocr_line' id='line_1_52' title="bbox 422 4765 2010 4845; baseline -0.006 -17"><span class='ocrx_word' id='word_1_364' title='bbox 422 4775 604 4845; x_wconf 76' lang='lat' dir='ltr'><strong>spiritu</strong></span> <span class='ocrx_word' id='word_1_365' title='bbox 642 4789 751 4826; x_wconf 86' lang='lat' dir='ltr'><strong>meo</strong></span> <span class='ocrx_word' id='word_1_366' title='bbox 791 4773 1012 4825; x_wconf 79' lang='lat' dir='ltr'><strong>animum</strong></span> <span class='ocrx_word' id='word_1_367' title='bbox 1055 4786 1214 4822; x_wconf 87' lang='lat' dir='ltr'><strong>meam</strong></span> <span class='ocrx_word' id='word_1_368' title='bbox 1259 4767 1398 4838; x_wconf 84' lang='lat' dir='ltr'><strong>(Job.</strong></span> <span class='ocrx_word' id='word_1_369' title='bbox 1445 4783 1549 4832; x_wconf 84' lang='lat' dir='ltr'><strong>vn,</strong></span> <span class='ocrx_word' id='word_1_370' title='bbox 1582 4773 1680 4820; x_wconf 71' lang='lat' dir='ltr'><strong>Sec.</strong></span> <span class='ocrx_word' id='word_1_371' title='bbox 1707 4765 1914 4835; x_wconf 78' lang='lat' dir='ltr'><strong>LXX)?</strong></span> <span class='ocrx_word' id='word_1_372' title='bbox 1943 4765 2010 4819; x_wconf 85' lang='lat' dir='ltr'><strong>Et</strong></span> 
     </span>
    </p>
   </div>
   <div class='ocr_carea' id='block_1_53' title="bbox 425 4858 2033 4934">
    <p class='ocr_par' dir='ltr' id='par_1_53' title="bbox 425 4858 2033 4934">
     <span class='ocr_line' id='line_1_53' title="bbox 425 4858 2033 4934; baseline -0.007 -13"><span class='ocrx_word' id='word_1_373' title='bbox 425 4875 710 4934; x_wconf 91' lang='lat' dir='ltr'><strong>utrumque</strong></span> <span class='ocrx_word' id='word_1_374' title='bbox 757 4862 823 4917; x_wconf 90' lang='lat' dir='ltr'><strong>ad</strong></span> <span class='ocrx_word' id='word_1_375' title='bbox 862 4872 1103 4917; x_wconf 90' lang='lat' dir='ltr'><strong>naturam</strong></span> <span class='ocrx_word' id='word_1_376' title='bbox 1147 4861 1379 4920; x_wconf 86' lang='lat' dir='ltr'><strong>hominis</strong></span> <span class='ocrx_word' id='word_1_377' title='bbox 1427 4858 1732 4928; x_wconf 89' lang='lat' dir='ltr'><strong>pertinere,</strong></span> <span class='ocrx_word' id='word_1_378' title='bbox 1763 4868 1818 4911; x_wconf 92' lang='lat' dir='ltr'><strong>ut</strong></span> <span class='ocrx_word' id='word_1_379' title='bbox 1865 4859 2033 4911; x_wconf 64' lang='lat' dir='ltr'><strong>totus‘</strong></span> 
     </span>
    </p>
   </div>
   <div class='ocr_carea' id='block_1_54' title="bbox 425 4947 2007 5023">
    <p class='ocr_par' dir='ltr' id='par_1_54' title="bbox 425 4947 2007 5023">
     <span class='ocr_line' id='line_1_54' title="bbox 425 4947 2007 5023; baseline -0.004 -13"><span class='ocrx_word' id='word_1_380' title='bbox 425 4957 588 5011; x_wconf 92' lang='lat' dir='ltr'><strong>homo</strong></span> <span class='ocrx_word' id='word_1_381' title='bbox 608 4953 678 5009; x_wconf 91' lang='lat' dir='ltr'><strong>sit</strong></span> <span class='ocrx_word' id='word_1_382' title='bbox 711 4953 931 5023; x_wconf 89' lang='lat' dir='ltr'><strong>spiritus</strong></span> <span class='ocrx_word' id='word_1_383' title='bbox 956 4959 1011 5006; x_wconf 91' lang='lat' dir='ltr'><strong>ct</strong></span> <span class='ocrx_word' id='word_1_384' title='bbox 1039 4952 1214 5005; x_wconf 91' lang='lat' dir='ltr'><strong>anima</strong></span> <span class='ocrx_word' id='word_1_385' title='bbox 1240 4959 1293 5005; x_wconf 90' lang='lat' dir='ltr'><strong>et</strong></span> <span class='ocrx_word' id='word_1_386' title='bbox 1330 4963 1523 5018; x_wconf 91' lang='lat' dir='ltr'><strong>corpus</strong></span> <span class='ocrx_word' id='word_1_387' title='bbox 1551 4965 1563 5001; x_wconf 90' lang='lat'><strong>:</strong></span> <span class='ocrx_word' id='word_1_388' title='bbox 1597 4947 1690 5002; x_wconf 89' lang='lat' dir='ltr'><strong>sed</strong></span> <span class='ocrx_word' id='word_1_389' title='bbox 1725 4949 2007 5016; x_wconf 84' lang='lat' dir='ltr'><strong>aliquando</strong></span> 
     </span>
    </p>
   </div>
   <div class='ocr_carea' id='block_1_55' title="bbox 427 5039 2013 5109">
    <p class='ocr_par' dir='ltr' id='par_1_55' title="bbox 427 5039 2013 5109">
     <span class='ocr_line' id='line_1_55' title="bbox 427 5039 2013 5109; baseline -0.004 -8"><span class='ocrx_word' id='word_1_390' title='bbox 427 5045 533 5100; x_wconf 91' lang='lat' dir='ltr'><strong>duo</strong></span> <span class='ocrx_word' id='word_1_391' title='bbox 574 5044 672 5099; x_wconf 86' lang='lat' dir='ltr'><strong>ista</strong></span> <span class='ocrx_word' id='word_1_392' title='bbox 711 5042 874 5097; x_wconf 90' lang='lat' dir='ltr'><strong>simul</strong></span> <span class='ocrx_word' id='word_1_393' title='bbox 905 5042 1122 5096; x_wconf 90' lang='lat' dir='ltr'><strong>nomine</strong></span> <span class='ocrx_word' id='word_1_394' title='bbox 1154 5041 1346 5094; x_wconf 78' lang='lat' dir='ltr'><strong>anima:</strong></span> <span class='ocrx_word' id='word_1_395' title='bbox 1385 5039 1677 5109; x_wconf 86' lang='lat' dir='ltr'><strong>nuncupari</strong></span> <span class='ocrx_word' id='word_1_396' title='bbox 1703 5082 1717 5106; x_wconf 94' lang='lat'><strong>,</strong></span> <span class='ocrx_word' id='word_1_397' title='bbox 1741 5039 1898 5109; x_wconf 89' lang='lat' dir='ltr'><strong>quale</strong></span> <span class='ocrx_word' id='word_1_398' title='bbox 1927 5049 2013 5095; x_wconf 91' lang='lat' dir='ltr'><strong>est</strong></span> 
     </span>
    </p>
   </div>
   <div class='ocr_carea' id='block_1_56' title="bbox 430 5131 2008 5210">
    <p class='ocr_par' dir='ltr' id='par_1_56' title="bbox 430 5131 2008 5210">
     <span class='ocr_line' id='line_1_56' title="bbox 430 5131 2008 5210; baseline -0.004 -17"><span class='ocrx_word' id='word_1_399' title='bbox 430 5137 576 5200; x_wconf 90' lang='lat' dir='ltr'><strong>illud,</strong></span> <span class='ocrx_word' id='word_1_400' title='bbox 609 5136 677 5192; x_wconf 89' lang='lat' dir='ltr'><strong>Et</strong></span> <span class='ocrx_word' id='word_1_401' title='bbox 703 5139 868 5210; x_wconf 79' lang='lat' dir='ltr'><strong>{actus</strong></span> <span class='ocrx_word' id='word_1_402' title='bbox 893 5145 966 5190; x_wconf 74' lang='lat' dir='ltr'><strong>est</strong></span> <span class='ocrx_word' id='word_1_403' title='bbox 1009 5135 1158 5189; x_wconf 85' lang='lat' dir='ltr'><strong>homo</strong></span> <span class='ocrx_word' id='word_1_404' title='bbox 1200 5134 1255 5188; x_wconf 89' lang='lat' dir='ltr'><strong>in</strong></span> <span class='ocrx_word' id='word_1_405' title='bbox 1294 5133 1518 5186; x_wconf 83' lang='lat' dir='ltr'><strong>animam</strong></span> <span class='ocrx_word' id='word_1_406' title='bbox 1545 5133 1704 5186; x_wconf 83' lang='lat' dir='ltr'><strong>vivam</strong></span> <span class='ocrx_word' id='word_1_407' title='bbox 1757 5131 1908 5206; x_wconf 80' lang='lat' dir='ltr'><strong>(Gen.</strong></span> <span class='ocrx_word' id='word_1_408' title='bbox 1952 5148 2008 5200; x_wconf 86' lang='lat' dir='ltr'><strong>ll,</strong></span> 
     </span>
    </p>
   </div>
   <div class='ocr_carea' id='block_1_57' title="bbox 431 5224 2010 5301">
    <p class='ocr_par' dir='ltr' id='par_1_57' title="bbox 431 5224 2010 5301">
     <span class='ocr_line' id='line_1_57' title="bbox 431 5224 2010 5301; baseline -0.004 -15"><span class='ocrx_word' id='word_1_409' title='bbox 431 5231 528 5301; x_wconf 86' lang='lat'><strong>7)?</strong></span> <span class='ocrx_word' id='word_1_410' title='bbox 575 5229 650 5285; x_wconf 87' lang='lat' dir='ltr'><strong>Ihi</strong></span> <span class='ocrx_word' id='word_1_411' title='bbox 685 5229 881 5300; x_wconf 87' lang='lat' dir='ltr'><strong>quippe</strong></span> <span class='ocrx_word' id='word_1_412' title='bbox 913 5237 967 5283; x_wconf 91' lang='lat' dir='ltr'><strong>et</strong></span> <span class='ocrx_word' id='word_1_413' title='bbox 1007 5227 1223 5297; x_wconf 88' lang='lat' dir='ltr'><strong>spiritus</strong></span> <span class='ocrx_word' id='word_1_414' title='bbox 1275 5225 1603 5294; x_wconf 90' lang='lat' dir='ltr'><strong>intelligitur.</strong></span> <span class='ocrx_word' id='word_1_415' title='bbox 1644 5224 1878 5293; x_wconf 77' lang='lat' dir='ltr'><strong>Itemque</strong></span> <span class='ocrx_word' id='word_1_416' title='bbox 1918 5226 2010 5280; x_wconf 84' lang='lat' dir='ltr'><strong>ali-</strong></span> 
     </span>
    </p>
   </div>
   <div class='ocr_carea' id='block_1_58' title="bbox 429 5317 2016 5394">
    <p class='ocr_par' dir='ltr' id='par_1_58' title="bbox 429 5317 2016 5394">
     <span class='ocr_line' id='line_1_58' title="bbox 429 5317 2016 5394; baseline -0.004 -16"><span class='ocrx_word' id='word_1_417' title='bbox 429 5323 643 5394; x_wconf 87' lang='lat' dir='ltr'><strong>quando</strong></span> <span class='ocrx_word' id='word_1_418' title='bbox 667 5332 952 5392; x_wconf 86' lang='lat' dir='ltr'><strong>utrumque</strong></span> <span class='ocrx_word' id='word_1_419' title='bbox 987 5320 1202 5377; x_wconf 90' lang='lat' dir='ltr'><strong>nomine</strong></span> <span class='ocrx_word' id='word_1_420' title='bbox 1228 5319 1445 5388; x_wconf 78' lang='lat' dir='ltr'><strong>Spiritus</strong></span> <span class='ocrx_word' id='word_1_421' title='bbox 1473 5317 1598 5383; x_wconf 92' lang='lat' dir='ltr'><strong>dici,</strong></span> <span class='ocrx_word' id='word_1_422' title='bbox 1627 5319 1779 5372; x_wconf 91' lang='lat' dir='ltr'><strong>sicuti</strong></span> <span class='ocrx_word' id='word_1_423' title='bbox 1822 5327 1922 5384; x_wconf 87' lang='lat' dir='ltr'><strong>est,</strong></span> <span class='ocrx_word' id='word_1_424' title='bbox 1949 5317 2016 5372; x_wconf 86' lang='lat' dir='ltr'><strong>Et</strong></span> 
     </span>
    </p>
   </div>
   <div class='ocr_carea' id='block_1_59' title="bbox 433 5407 2013 5484">
    <p class='ocr_par' dir='ltr' id='par_1_59' title="bbox 433 5407 2013 5484">
     <span class='ocr_line' id='line_1_59' title="bbox 433 5407 2013 5484; baseline -0.004 -15"><span class='ocrx_word' id='word_1_425' title='bbox 433 5415 674 5469; x_wconf 78' lang='lat' dir='ltr'><strong>inclinato</strong></span> <span class='ocrx_word' id='word_1_426' title='bbox 699 5413 862 5484; x_wconf 79' lang='lat' dir='ltr'><strong>capite</strong></span> <span class='ocrx_word' id='word_1_427' title='bbox 895 5411 1104 5466; x_wconf 82' lang='lat' dir='ltr'><strong>tradidit</strong></span> <span class='ocrx_word' id='word_1_428' title='bbox 1137 5411 1370 5481; x_wconf 80' lang='lat' dir='ltr'><strong>spiritum</strong></span> <span class='ocrx_word' id='word_1_429' title='bbox 1406 5407 1581 5482; x_wconf 82' lang='lat' dir='ltr'><strong>(Joan.</strong></span> <span class='ocrx_word' id='word_1_430' title='bbox 1608 5425 1698 5463; x_wconf 77' lang='lat' dir='ltr'><strong>XIX</strong></span> <span class='ocrx_word' id='word_1_431' title='bbox 1719 5450 1734 5475; x_wconf 95' lang='lat'><strong>,</strong></span> <span class='ocrx_word' id='word_1_432' title='bbox 1765 5409 1898 5481; x_wconf 82' lang='lat'><strong>50)?</strong></span> <span class='ocrx_word' id='word_1_433' title='bbox 1930 5410 2013 5464; x_wconf 83' lang='lat' dir='ltr'><strong>tibi</strong></span> 
     </span>
    </p>
   </div>
   <div class='ocr_carea' id='block_1_60' title="bbox 433 5500 2018 5572">
    <p class='ocr_par' dir='ltr' id='par_1_60' title="bbox 433 5500 2018 5572">
     <span class='ocr_line' id='line_1_60' title="bbox 433 5500 2018 5572; baseline -0.003 -12"><span class='ocrx_word' id='word_1_434' title='bbox 433 5517 486 5560; x_wconf 89' lang='lat' dir='ltr'><strong>et</strong></span> <span class='ocrx_word' id='word_1_435' title='bbox 515 5506 689 5560; x_wconf 88' lang='lat' dir='ltr'><strong>anima</strong></span> <span class='ocrx_word' id='word_1_436' title='bbox 721 5517 942 5560; x_wconf 89' lang='lat' dir='ltr'><strong>necesse</strong></span> <span class='ocrx_word' id='word_1_437' title='bbox 969 5513 1051 5558; x_wconf 90' lang='lat' dir='ltr'><strong>est</strong></span> <span class='ocrx_word' id='word_1_438' title='bbox 1077 5502 1416 5572; x_wconf 82' lang='lat' dir='ltr'><strong>intelligatur.</strong></span> <span class='ocrx_word' id='word_1_439' title='bbox 1459 5500 1528 5554; x_wconf 83' lang='lat' dir='ltr'><strong>Et</strong></span> <span class='ocrx_word' id='word_1_440' title='bbox 1555 5507 1835 5570; x_wconf 88' lang='lat' dir='ltr'><strong>utrumque</strong></span> <span class='ocrx_word' id='word_1_441' title='bbox 1863 5501 2018 5555; x_wconf 88' lang='lat' dir='ltr'><strong>unius</strong></span> 
     </span>
    </p>
   </div>
   <div class='ocr_carea' id='block_1_61' title="bbox 437 5593 2016 5664">
    <p class='ocr_par' dir='ltr' id='par_1_61' title="bbox 437 5593 2016 5664">
     <span class='ocr_line' id='line_1_61' title="bbox 437 5593 2016 5664; baseline -0.003 -12"><span class='ocrx_word' id='word_1_442' title='bbox 437 5613 554 5654; x_wconf 87' lang='lat' dir='ltr'><strong>esse</strong></span> <span class='ocrx_word' id='word_1_443' title='bbox 578 5597 932 5653; x_wconf 71' lang='lat' dir='ltr'><strong>substantiae?</strong></span> <span class='ocrx_word' id='word_1_444' title='bbox 959 5595 1092 5650; x_wconf 90' lang='lat' dir='ltr'><strong>Puto</strong></span> <span class='ocrx_word' id='word_1_445' title='bbox 1119 5594 1257 5664; x_wconf 90' lang='lat' dir='ltr'><strong>quod</strong></span> <span class='ocrx_word' id='word_1_446' title='bbox 1285 5593 1386 5648; x_wconf 89' lang='lat' dir='ltr'><strong>ista</strong></span> <span class='ocrx_word' id='word_1_447' title='bbox 1418 5593 1526 5664; x_wconf 92' lang='lat' dir='ltr'><strong>jam</strong></span> <span class='ocrx_word' id='word_1_448' title='bbox 1559 5594 1784 5648; x_wconf 89' lang='lat' dir='ltr'><strong>sciebas.</strong></span> <span class='ocrx_word' id='word_1_449' title='bbox 1826 5593 1881 5648; x_wconf 92' lang='lat' dir='ltr'><strong>Si</strong></span> <span class='ocrx_word' id='word_1_450' title='bbox 1921 5610 2016 5648; x_wconf 89' lang='lat' dir='ltr'><strong>au-</strong></span> 
     </span>
    </p>
   </div>
   <div class='ocr_carea' id='block_1_62' title="bbox 439 5687 2020 5761">
    <p class='ocr_par' dir='ltr' id='par_1_62' title="bbox 439 5687 2020 5761">
     <span class='ocr_line' id='line_1_62' title="bbox 439 5687 2020 5761; baseline -0.001 -16"><span class='ocrx_word' id='word_1_451' title='bbox 439 5699 547 5745; x_wconf 91' lang='lat' dir='ltr'><strong>tem</strong></span> <span class='ocrx_word' id='word_1_452' title='bbox 583 5691 857 5746; x_wconf 86' lang='lat' dir='ltr'><strong>nesciebas</strong></span> <span class='ocrx_word' id='word_1_453' title='bbox 881 5733 896 5759; x_wconf 93' lang='lat'><strong>,</strong></span> <span class='ocrx_word' id='word_1_454' title='bbox 919 5705 1025 5745; x_wconf 91' lang='lat' dir='ltr'><strong>non</strong></span> <span class='ocrx_word' id='word_1_455' title='bbox 1072 5697 1123 5743; x_wconf 90' lang='lat' dir='ltr'><strong>te</strong></span> <span class='ocrx_word' id='word_1_456' title='bbox 1156 5687 1352 5758; x_wconf 91' lang='lat' dir='ltr'><strong>aliquid</strong></span> <span class='ocrx_word' id='word_1_457' title='bbox 1383 5689 1523 5758; x_wconf 91' lang='lat' dir='ltr'><strong>quod</strong></span> <span class='ocrx_word' id='word_1_458' title='bbox 1568 5705 1758 5761; x_wconf 81' lang='lat' dir='ltr'><strong>magno</strong></span> <span class='ocrx_word' id='word_1_459' title='bbox 1784 5689 2020 5760; x_wconf 87' lang='lat' dir='ltr'><strong>periculo</strong></span> 
     </span>
    </p>
   </div>
   <div class='ocr_carea' id='block_1_63' title="bbox 440 5823 2022 5941">
    <p class='ocr_par' dir='ltr' id='par_1_63' title="bbox 440 5823 2022 5941">
     <span class='ocr_line' id='line_1_63' title="bbox 440 5823 2022 5941; baseline -0.001 -66"><span class='ocrx_word' id='word_1_460' title='bbox 440 5826 760 5941; x_wconf 50' lang='grc' dir='ltr'><strong>αώεὲἓωλιη.</strong></span> <span class='ocrx_word' id='word_1_461' title='bbox 784 5832 836 5876; x_wconf 86' lang='lat' dir='ltr'><strong>et</strong></span> <span class='ocrx_word' id='word_1_462' title='bbox 855 5832 961 5876; x_wconf 77' lang='lat' dir='ltr'><strong>Mss.</strong></span> <span class='ocrx_word' id='word_1_463' title='bbox 989 5833 1045 5875; x_wconf 83' lang='lat' dir='ltr'><strong>At</strong></span> <span class='ocrx_word' id='word_1_464' title='bbox 1066 5830 1142 5876; x_wconf 67' lang='lat' dir='ltr'><strong>Er.</strong></span> <span class='ocrx_word' id='word_1_465' title='bbox 1167 5833 1218 5876; x_wconf 88' lang='lat' dir='ltr'><strong>et</strong></span> <span class='ocrx_word' id='word_1_466' title='bbox 1257 5831 1388 5886; x_wconf 76' lang='lat' dir='ltr'><strong>l.ov.,</strong></span> <span class='ocrx_word' id='word_1_467' title='bbox 1411 5831 1456 5875; x_wconf 73' lang='lat' dir='ltr'><strong>et</strong></span> <span class='ocrx_word' id='word_1_468' title='bbox 1486 5823 1719 5876; x_wconf 80' lang='lat' dir='ltr'><strong>imitanda</strong></span> <span class='ocrx_word' id='word_1_469' title='bbox 1757 5825 2022 5876; x_wconf 74' lang='lat' dir='ltr'><strong>Immtlttate</strong></span> 
     </span>
    </p>
   </div>
   <div class='ocr_carea' id='block_1_64' title="bbox 2107 1328 3696 1393">
    <p class='ocr_par' dir='ltr' id='par_1_64' title="bbox 2107 1328 3696 1393">
     <span class='ocr_line' id='line_1_64' title="bbox 2107 1328 3696 1393; baseline -0.004 -9"><span class='ocrx_word' id='word_1_470' title='bbox 2107 1341 2158 1384; x_wconf 88' lang='lat' dir='ltr'><strong>et</strong></span> <span class='ocrx_word' id='word_1_471' title='bbox 2187 1332 2354 1384; x_wconf 85' lang='lat' dir='ltr'><strong>verbis</strong></span> <span class='ocrx_word' id='word_1_472' title='bbox 2383 1328 2599 1382; x_wconf 79' lang='lat' dir='ltr'><strong>confutat</strong></span> <span class='ocrx_word' id='word_1_473' title='bbox 2633 1328 2815 1393; x_wconf 74' lang='lat' dir='ltr'><strong>paucis.</strong></span> <span class='ocrx_word' id='word_1_474' title='bbox 2857 1335 2998 1380; x_wconf 85' lang='lat' dir='ltr'><strong>Petro</strong></span> <span class='ocrx_word' id='word_1_475' title='bbox 3031 1329 3228 1380; x_wconf 88' lang='lat' dir='ltr'><strong>demum</strong></span> <span class='ocrx_word' id='word_1_476' title='bbox 3265 1331 3359 1393; x_wconf 88' lang='lat' dir='ltr'><strong>ipsi</strong></span> <span class='ocrx_word' id='word_1_477' title='bbox 3393 1328 3586 1390; x_wconf 86' lang='lat' dir='ltr'><strong>suadet,</strong></span> <span class='ocrx_word' id='word_1_478' title='bbox 3626 1335 3696 1379; x_wconf 88' lang='lat' dir='ltr'><strong>ut</strong></span> 
     </span>
    </p>
   </div>
   <div class='ocr_carea' id='block_1_65' title="bbox 2085 1578 3694 1652">
    <p class='ocr_par' dir='ltr' id='par_1_65' title="bbox 2085 1578 3694 1652">
     <span class='ocr_line' id='line_1_65' title="bbox 2085 1578 3694 1652; baseline -0.002 -14"><span class='ocrx_word' id='word_1_479' title='bbox 2085 1581 2340 1650; x_wconf 89' lang='lat' dir='ltr'><strong>nescitur,</strong></span> <span class='ocrx_word' id='word_1_480' title='bbox 2368 1578 2616 1636; x_wconf 90' lang='lat' dir='ltr'><strong>didicisse</strong></span> <span class='ocrx_word' id='word_1_481' title='bbox 2641 1580 2799 1636; x_wconf 88' lang='lat' dir='ltr'><strong>scias.</strong></span> <span class='ocrx_word' id='word_1_482' title='bbox 2825 1579 2896 1635; x_wconf 88' lang='lat' dir='ltr'><strong>Et</strong></span> <span class='ocrx_word' id='word_1_483' title='bbox 2917 1580 2963 1636; x_wconf 89' lang='lat' dir='ltr'><strong>si</strong></span> <span class='ocrx_word' id='word_1_484' title='bbox 2995 1579 3121 1652; x_wconf 91' lang='lat' dir='ltr'><strong>quid</strong></span> <span class='ocrx_word' id='word_1_485' title='bbox 3149 1579 3274 1636; x_wconf 89' lang='lat' dir='ltr'><strong>hinc</strong></span> <span class='ocrx_word' id='word_1_486' title='bbox 3293 1581 3540 1637; x_wconf 86' lang='lat' dir='ltr'><strong>subtilius</strong></span> <span class='ocrx_word' id='word_1_487' title='bbox 3566 1581 3694 1635; x_wconf 86' lang='lat' dir='ltr'><strong>dis-</strong></span> 
     </span>
    </p>
   </div>
   <div class='ocr_carea' id='block_1_66' title="bbox 2089 1671 3694 1744">
    <p class='ocr_par' dir='ltr' id='par_1_66' title="bbox 2089 1671 3694 1744">
     <span class='ocr_line' id='line_1_66' title="bbox 2089 1671 3694 1744; baseline -0.001 -16"><span class='ocrx_word' id='word_1_488' title='bbox 2089 1672 2384 1744; x_wconf 90' lang='lat' dir='ltr'><strong>putandum</strong></span> <span class='ocrx_word' id='word_1_489' title='bbox 2405 1681 2508 1740; x_wconf 90' lang='lat' dir='ltr'><strong>est,</strong></span> <span class='ocrx_word' id='word_1_490' title='bbox 2535 1672 2727 1727; x_wconf 87' lang='lat' dir='ltr'><strong>melius</strong></span> <span class='ocrx_word' id='word_1_491' title='bbox 2752 1686 2872 1727; x_wconf 92' lang='lat' dir='ltr'><strong>cum</strong></span> <span class='ocrx_word' id='word_1_492' title='bbox 2899 1671 3018 1742; x_wconf 90' lang='lat' dir='ltr'><strong>ipso</strong></span> <span class='ocrx_word' id='word_1_493' title='bbox 3056 1673 3248 1742; x_wconf 88' lang='lat' dir='ltr'><strong>agitur,</strong></span> <span class='ocrx_word' id='word_1_494' title='bbox 3279 1673 3430 1742; x_wconf 87' lang='lat' dir='ltr'><strong>cujus</strong></span> <span class='ocrx_word' id='word_1_495' title='bbox 3451 1674 3561 1743; x_wconf 86' lang='lat' dir='ltr'><strong>jam</strong></span> <span class='ocrx_word' id='word_1_496' title='bbox 3585 1686 3694 1726; x_wconf 86' lang='lat' dir='ltr'><strong>no-</strong></span> 
     </span>
    </p>
   </div>
   <div class='ocr_carea' id='block_1_67' title="bbox 2099 1762 3698 1833">
    <p class='ocr_par' dir='ltr' id='par_1_67' title="bbox 2099 1762 3698 1833">
     <span class='ocr_line' id='line_1_67' title="bbox 2099 1762 3698 1833; baseline -0.003 -13"><span class='ocrx_word' id='word_1_497' title='bbox 2099 1766 2271 1820; x_wconf 85' lang='lat' dir='ltr'><strong>vimus</strong></span> <span class='ocrx_word' id='word_1_498' title='bbox 2300 1773 2354 1820; x_wconf 93' lang='lat' dir='ltr'><strong>et</strong></span> <span class='ocrx_word' id='word_1_499' title='bbox 2382 1763 2690 1833; x_wconf 91' lang='lat' dir='ltr'><strong>eloquium:</strong></span> <span class='ocrx_word' id='word_1_500' title='bbox 2732 1771 2908 1817; x_wconf 88' lang='lat' dir='ltr'><strong>utrum</strong></span> <span class='ocrx_word' id='word_1_501' title='bbox 2927 1778 3048 1818; x_wconf 92' lang='lat' dir='ltr'><strong>cum</strong></span> <span class='ocrx_word' id='word_1_502' title='bbox 3080 1762 3274 1818; x_wconf 85' lang='lat' dir='ltr'><strong>dicitur</strong></span> <span class='ocrx_word' id='word_1_503' title='bbox 3303 1764 3499 1830; x_wconf 89' lang='lat' dir='ltr'><strong>anima,</strong></span> <span class='ocrx_word' id='word_1_504' title='bbox 3525 1763 3594 1818; x_wconf 88' lang='lat' dir='ltr'><strong>ita</strong></span> <span class='ocrx_word' id='word_1_505' title='bbox 3628 1770 3698 1816; x_wconf 85' lang='lat' dir='ltr'><strong>ut</strong></span> 
     </span>
    </p>
   </div>
   <div class='ocr_carea' id='block_1_68' title="bbox 2091 1854 3692 1926">
    <p class='ocr_par' dir='ltr' id='par_1_68' title="bbox 2091 1854 3692 1926">
     <span class='ocr_line' id='line_1_68' title="bbox 2091 1854 3692 1926; baseline -0.002 -16"><span class='ocrx_word' id='word_1_506' title='bbox 2091 1856 2250 1912; x_wconf 90' lang='lat' dir='ltr'><strong>simul</strong></span> <span class='ocrx_word' id='word_1_507' title='bbox 2289 1855 2610 1926; x_wconf 89' lang='lat' dir='ltr'><strong>intelligatur</strong></span> <span class='ocrx_word' id='word_1_508' title='bbox 2648 1862 2703 1908; x_wconf 91' lang='lat' dir='ltr'><strong>et</strong></span> <span class='ocrx_word' id='word_1_509' title='bbox 2746 1854 3001 1924; x_wconf 89' lang='lat' dir='ltr'><strong>spiritus,</strong></span> <span class='ocrx_word' id='word_1_510' title='bbox 3031 1863 3317 1926; x_wconf 89' lang='lat' dir='ltr'><strong>utrumque</strong></span> <span class='ocrx_word' id='word_1_511' title='bbox 3355 1855 3530 1909; x_wconf 87' lang='lat' dir='ltr'><strong>anima</strong></span> <span class='ocrx_word' id='word_1_512' title='bbox 3579 1854 3692 1920; x_wconf 84' lang='lat' dir='ltr'><strong>sit,</strong></span> 
     </span>
    </p>
   </div>
   <div class='ocr_carea' id='block_1_69' title="bbox 2090 1944 3694 2017">
    <p class='ocr_par' dir='ltr' id='par_1_69' title="bbox 2090 1944 3694 2017">
     <span class='ocr_line' id='line_1_69' title="bbox 2090 1944 3694 2017; baseline -0.003 -15"><span class='ocrx_word' id='word_1_513' title='bbox 2090 1947 2306 2017; x_wconf 90' lang='lat' dir='ltr'><strong>spiritus</strong></span> <span class='ocrx_word' id='word_1_514' title='bbox 2333 1955 2510 2001; x_wconf 89' lang='lat' dir='ltr'><strong>autem</strong></span> <span class='ocrx_word' id='word_1_515' title='bbox 2548 1944 2746 2015; x_wconf 90' lang='lat' dir='ltr'><strong>aliquid</strong></span> <span class='ocrx_word' id='word_1_516' title='bbox 2776 1944 2968 2000; x_wconf 76' lang='lat' dir='ltr'><strong>anima:</strong></span> <span class='ocrx_word' id='word_1_517' title='bbox 3002 1944 3092 2011; x_wconf 86' lang='lat' dir='ltr'><strong>sit;</strong></span> <span class='ocrx_word' id='word_1_518' title='bbox 3123 1961 3189 2000; x_wconf 89' lang='lat' dir='ltr'><strong>an</strong></span> <span class='ocrx_word' id='word_1_519' title='bbox 3212 1987 3228 2013; x_wconf 95' lang='lat'><strong>,</strong></span> <span class='ocrx_word' id='word_1_520' title='bbox 3259 1945 3396 2000; x_wconf 89' lang='lat' dir='ltr'><strong>sicut</strong></span> <span class='ocrx_word' id='word_1_521' title='bbox 3431 1945 3480 2000; x_wconf 91' lang='lat' dir='ltr'><strong>ei</strong></span> <span class='ocrx_word' id='word_1_522' title='bbox 3507 1945 3694 1999; x_wconf 83' lang='lat' dir='ltr'><strong>visum</strong></span> 
     </span>
    </p>
   </div>
   <div class='ocr_carea' id='block_1_70' title="bbox 2093 2035 3694 2107">
    <p class='ocr_par' dir='ltr' id='par_1_70' title="bbox 2093 2035 3694 2107">
     <span class='ocr_line' id='line_1_70' title="bbox 2093 2035 3694 2107; baseline -0.001 -15"><span class='ocrx_word' id='word_1_523' title='bbox 2093 2048 2202 2104; x_wconf 91' lang='lat' dir='ltr'><strong>est,</strong></span> <span class='ocrx_word' id='word_1_524' title='bbox 2231 2053 2258 2090; x_wconf 92' lang='lat' dir='ltr'><strong>a</strong></span> <span class='ocrx_word' id='word_1_525' title='bbox 2291 2047 2442 2107; x_wconf 90' lang='lat' dir='ltr'><strong>parte</strong></span> <span class='ocrx_word' id='word_1_526' title='bbox 2469 2045 2635 2090; x_wconf 92' lang='lat' dir='ltr'><strong>totum</strong></span> <span class='ocrx_word' id='word_1_527' title='bbox 2661 2036 2957 2106; x_wconf 88' lang='lat' dir='ltr'><strong>appelletur</strong></span> <span class='ocrx_word' id='word_1_528' title='bbox 2978 2035 3082 2091; x_wconf 91' lang='lat' dir='ltr'><strong>hoc</strong></span> <span class='ocrx_word' id='word_1_529' title='bbox 3106 2037 3358 2092; x_wconf 89' lang='lat' dir='ltr'><strong>nomine:</strong></span> <span class='ocrx_word' id='word_1_530' title='bbox 3382 2037 3493 2090; x_wconf 82' lang='lat' dir='ltr'><strong>sive</strong></span> <span class='ocrx_word' id='word_1_531' title='bbox 3521 2036 3694 2090; x_wconf 88' lang='lat' dir='ltr'><strong>etiam</strong></span> 
     </span>
    </p>
   </div>
   <div class='ocr_carea' id='block_1_71' title="bbox 2093 2127 3692 2200">
    <p class='ocr_par' dir='ltr' id='par_1_71' title="bbox 2093 2127 3692 2200">
     <span class='ocr_line' id='line_1_71' title="bbox 2093 2127 3692 2200; baseline -0.002 -17"><span class='ocrx_word' id='word_1_532' title='bbox 2093 2138 2375 2200; x_wconf 90' lang='lat' dir='ltr'><strong>utrumque</strong></span> <span class='ocrx_word' id='word_1_533' title='bbox 2405 2129 2622 2199; x_wconf 89' lang='lat' dir='ltr'><strong>spiritus</strong></span> <span class='ocrx_word' id='word_1_534' title='bbox 2643 2129 2713 2182; x_wconf 90' lang='lat' dir='ltr'><strong>sit</strong></span> <span class='ocrx_word' id='word_1_535' title='bbox 2731 2169 2748 2195; x_wconf 97' lang='lat'><strong>,</strong></span> <span class='ocrx_word' id='word_1_536' title='bbox 2772 2143 2894 2198; x_wconf 90' lang='lat' dir='ltr'><strong>pars</strong></span> <span class='ocrx_word' id='word_1_537' title='bbox 2911 2177 2914 2180; x_wconf 89' lang='lat'><strong>.</strong></span> <span class='ocrx_word' id='word_1_538' title='bbox 2931 2143 3060 2183; x_wconf 88' lang='lat' dir='ltr'><strong>vero</strong></span> <span class='ocrx_word' id='word_1_539' title='bbox 3089 2127 3204 2197; x_wconf 86' lang='lat' dir='ltr'><strong>ejus</strong></span> <span class='ocrx_word' id='word_1_540' title='bbox 3233 2128 3302 2183; x_wconf 91' lang='lat' dir='ltr'><strong>sit</strong></span> <span class='ocrx_word' id='word_1_541' title='bbox 3325 2143 3445 2198; x_wconf 76' lang='lat' dir='ltr'><strong>qua:</strong></span> <span class='ocrx_word' id='word_1_542' title='bbox 3465 2127 3692 2197; x_wconf 85' lang='lat' dir='ltr'><strong>proprie</strong></span> 
     </span>
    </p>
   </div>
   <div class='ocr_carea' id='block_1_72' title="bbox 2093 2221 3692 2291">
    <p class='ocr_par' dir='ltr' id='par_1_72' title="bbox 2093 2221 3692 2291">
     <span class='ocr_line' id='line_1_72' title="bbox 2093 2221 3692 2291; baseline -0.003 -15"><span class='ocrx_word' id='word_1_543' title='bbox 2093 2221 2286 2276; x_wconf 89' lang='lat' dir='ltr'><strong>dicitur</strong></span> <span class='ocrx_word' id='word_1_544' title='bbox 2330 2221 2541 2287; x_wconf 91' lang='lat' dir='ltr'><strong>anima;</strong></span> <span class='ocrx_word' id='word_1_545' title='bbox 2586 2236 2652 2274; x_wconf 92' lang='lat' dir='ltr'><strong>an</strong></span> <span class='ocrx_word' id='word_1_546' title='bbox 2705 2229 2760 2275; x_wconf 90' lang='lat' dir='ltr'><strong>et</strong></span> <span class='ocrx_word' id='word_1_547' title='bbox 2814 2221 2917 2276; x_wconf 91' lang='lat' dir='ltr'><strong>hoc</strong></span> <span class='ocrx_word' id='word_1_548' title='bbox 2958 2235 2987 2274; x_wconf 91' lang='lat' dir='ltr'><strong>a</strong></span> <span class='ocrx_word' id='word_1_549' title='bbox 3041 2229 3190 2291; x_wconf 90' lang='lat' dir='ltr'><strong>parte</strong></span> <span class='ocrx_word' id='word_1_550' title='bbox 3229 2229 3397 2275; x_wconf 91' lang='lat' dir='ltr'><strong>totum</strong></span> <span class='ocrx_word' id='word_1_551' title='bbox 3438 2228 3692 2285; x_wconf 88' lang='lat' dir='ltr'><strong>vocetur,</strong></span> 
     </span>
    </p>
   </div>
   <div class='ocr_carea' id='block_1_73' title="bbox 2094 2311 3699 2383">
    <p class='ocr_par' dir='ltr' id='par_1_73' title="bbox 2094 2311 3699 2383">
     <span class='ocr_line' id='line_1_73' title="bbox 2094 2311 3699 2383; baseline 0.001 -17"><span class='ocrx_word' id='word_1_552' title='bbox 2094 2313 2304 2383; x_wconf 87' lang='lat' dir='ltr'><strong>quando</strong></span> <span class='ocrx_word' id='word_1_553' title='bbox 2347 2313 2417 2366; x_wconf 91' lang='lat' dir='ltr'><strong>ita</strong></span> <span class='ocrx_word' id='word_1_554' title='bbox 2462 2311 2657 2366; x_wconf 91' lang='lat' dir='ltr'><strong>dicitur</strong></span> <span class='ocrx_word' id='word_1_555' title='bbox 2695 2312 2947 2382; x_wconf 90' lang='lat' dir='ltr'><strong>spiritus,</strong></span> <span class='ocrx_word' id='word_1_556' title='bbox 2977 2322 3034 2367; x_wconf 91' lang='lat' dir='ltr'><strong>ut</strong></span> <span class='ocrx_word' id='word_1_557' title='bbox 3071 2313 3230 2368; x_wconf 90' lang='lat' dir='ltr'><strong>simul</strong></span> <span class='ocrx_word' id='word_1_558' title='bbox 3267 2312 3594 2382; x_wconf 83' lang='lat' dir='ltr'><strong>intelligatur</strong></span> <span class='ocrx_word' id='word_1_559' title='bbox 3637 2320 3699 2368; x_wconf 86' lang='lat' dir='ltr'><strong>et</strong></span> 
     </span>
    </p>
   </div>
   <div class='ocr_carea' id='block_1_74' title="bbox 2094 2402 3696 2473">
    <p class='ocr_par' dir='ltr' id='par_1_74' title="bbox 2094 2402 3696 2473">
     <span class='ocr_line' id='line_1_74' title="bbox 2094 2402 3696 2473; baseline 0 -15"><span class='ocrx_word' id='word_1_560' title='bbox 2094 2405 2269 2459; x_wconf 89' lang='lat' dir='ltr'><strong>anima</strong></span> <span class='ocrx_word' id='word_1_561' title='bbox 2301 2421 2314 2457; x_wconf 92' lang='lat'>:</span> <span class='ocrx_word' id='word_1_562' title='bbox 2343 2403 2421 2460; x_wconf 89' lang='lat' dir='ltr'><strong>sic</strong></span> <span class='ocrx_word' id='word_1_563' title='bbox 2445 2403 2585 2458; x_wconf 91' lang='lat' dir='ltr'><strong>enim</strong></span> <span class='ocrx_word' id='word_1_564' title='bbox 2627 2402 2752 2458; x_wconf 89' lang='lat' dir='ltr'><strong>huic</strong></span> <span class='ocrx_word' id='word_1_565' title='bbox 2785 2404 2977 2473; x_wconf 90' lang='lat' dir='ltr'><strong>placet.</strong></span> <span class='ocrx_word' id='word_1_566' title='bbox 3009 2403 3203 2460; x_wconf 84' lang='lat' dir='ltr'><strong>Verum</strong></span> <span class='ocrx_word' id='word_1_567' title='bbox 3231 2404 3352 2469; x_wconf 86' lang='lat' dir='ltr'><strong>ista,</strong></span> <span class='ocrx_word' id='word_1_568' title='bbox 3383 2411 3441 2458; x_wconf 90' lang='lat' dir='ltr'><strong>ut</strong></span> <span class='ocrx_word' id='word_1_569' title='bbox 3467 2403 3600 2470; x_wconf 83' lang='lat' dir='ltr'><strong>dixi,</strong></span> <span class='ocrx_word' id='word_1_570' title='bbox 3629 2411 3696 2458; x_wconf 83' lang='lat' dir='ltr'><strong>et</strong></span> 
     </span>
    </p>
   </div>
   <div class='ocr_carea' id='block_1_75' title="bbox 2095 2493 3694 2562">
    <p class='ocr_par' dir='ltr' id='par_1_75' title="bbox 2095 2493 3694 2562">
     <span class='ocr_line' id='line_1_75' title="bbox 2095 2493 3694 2562; baseline -0.003 -11"><span class='ocrx_word' id='word_1_571' title='bbox 2095 2495 2358 2551; x_wconf 85' lang='lat' dir='ltr'><strong>subtiliter</strong></span> <span class='ocrx_word' id='word_1_572' title='bbox 2380 2494 2716 2549; x_wconf 88' lang='lat' dir='ltr'><strong>disseruntur</strong></span> <span class='ocrx_word' id='word_1_573' title='bbox 2737 2536 2752 2562; x_wconf 93' lang='lat'><strong>,</strong></span> <span class='ocrx_word' id='word_1_574' title='bbox 2777 2503 2833 2550; x_wconf 92' lang='lat' dir='ltr'><strong>et</strong></span> <span class='ocrx_word' id='word_1_575' title='bbox 2861 2495 2977 2550; x_wconf 91' lang='lat' dir='ltr'><strong>sine</strong></span> <span class='ocrx_word' id='word_1_576' title='bbox 3007 2494 3118 2550; x_wconf 93' lang='lat' dir='ltr'><strong>ullo</strong></span> <span class='ocrx_word' id='word_1_577' title='bbox 3144 2493 3232 2550; x_wconf 85' lang='lat' dir='ltr'><strong>vel</strong></span> <span class='ocrx_word' id='word_1_578' title='bbox 3262 2504 3408 2550; x_wconf 90' lang='lat' dir='ltr'><strong>certe</strong></span> <span class='ocrx_word' id='word_1_579' title='bbox 3427 2495 3545 2550; x_wconf 89' lang='lat' dir='ltr'><strong>sine</strong></span> <span class='ocrx_word' id='word_1_580' title='bbox 3569 2508 3694 2548; x_wconf 87' lang='lat' dir='ltr'><strong>ma-</strong></span> 
     </span>
    </p>
   </div>
   <div class='ocr_carea' id='block_1_76' title="bbox 2095 2585 2822 2658">
    <p class='ocr_par' dir='ltr' id='par_1_76' title="bbox 2095 2585 2822 2658">
     <span class='ocr_line' id='line_1_76' title="bbox 2095 2585 2822 2658; baseline -0.003 -18"><span class='ocrx_word' id='word_1_581' title='bbox 2095 2601 2199 2658; x_wconf 88' lang='lat' dir='ltr'><strong>gno</strong></span> <span class='ocrx_word' id='word_1_582' title='bbox 2225 2586 2462 2656; x_wconf 88' lang='lat' dir='ltr'><strong>periculo</strong></span> <span class='ocrx_word' id='word_1_583' title='bbox 2491 2585 2822 2640; x_wconf 90' lang='lat' dir='ltr'><strong>nesciuntur.</strong></span> 
     </span>
    </p>
   </div>
   <div class='ocr_carea' id='block_1_77' title="bbox 2167 2675 3696 2747">
    <p class='ocr_par' dir='ltr' id='par_1_77' title="bbox 2167 2675 3696 2747">
     <span class='ocr_line' id='line_1_77' title="bbox 2167 2675 3696 2747; baseline -0.001 -15"><span class='ocrx_word' id='word_1_584' title='bbox 2167 2679 2220 2732; x_wconf 80' lang='lat'><strong>5.</strong></span> <span class='ocrx_word' id='word_1_585' title='bbox 2261 2677 2498 2747; x_wconf 85' lang='lat' dir='ltr'><strong>Itemque</strong></span> <span class='ocrx_word' id='word_1_586' title='bbox 2519 2676 2651 2731; x_wconf 88' lang='lat' dir='ltr'><strong>alios</strong></span> <span class='ocrx_word' id='word_1_587' title='bbox 2671 2691 2791 2731; x_wconf 90' lang='lat' dir='ltr'><strong>esse</strong></span> <span class='ocrx_word' id='word_1_588' title='bbox 2821 2676 3062 2746; x_wconf 89' lang='lat' dir='ltr'><strong>corporis</strong></span> <span class='ocrx_word' id='word_1_589' title='bbox 3080 2717 3097 2744; x_wconf 90' lang='lat'><strong>,</strong></span> <span class='ocrx_word' id='word_1_590' title='bbox 3124 2676 3258 2732; x_wconf 90' lang='lat' dir='ltr'><strong>alios</strong></span> <span class='ocrx_word' id='word_1_591' title='bbox 3289 2685 3468 2732; x_wconf 90' lang='lat' dir='ltr'><strong>autem</strong></span> <span class='ocrx_word' id='word_1_592' title='bbox 3493 2675 3696 2730; x_wconf 68' lang='lat' dir='ltr'><strong>animos</strong></span> 
     </span>
    </p>
   </div>
   <div class='ocr_carea' id='block_1_78' title="bbox 2096 2767 3696 2836">
    <p class='ocr_par' dir='ltr' id='par_1_78' title="bbox 2096 2767 3696 2836">
     <span class='ocr_line' id='line_1_78' title="bbox 2096 2767 3696 2836; baseline 0.001 -11"><span class='ocrx_word' id='word_1_593' title='bbox 2096 2784 2308 2836; x_wconf 86' lang='lat' dir='ltr'><strong>sensus,</strong></span> <span class='ocrx_word' id='word_1_594' title='bbox 2331 2770 2497 2824; x_wconf 90' lang='lat' dir='ltr'><strong>miror</strong></span> <span class='ocrx_word' id='word_1_595' title='bbox 2533 2768 2580 2826; x_wconf 91' lang='lat' dir='ltr'><strong>si</strong></span> <span class='ocrx_word' id='word_1_596' title='bbox 2620 2769 2723 2824; x_wconf 92' lang='lat' dir='ltr'><strong>iste</strong></span> <span class='ocrx_word' id='word_1_597' title='bbox 2751 2777 2804 2823; x_wconf 92' lang='lat' dir='ltr'><strong>te</strong></span> <span class='ocrx_word' id='word_1_598' title='bbox 2829 2767 3048 2836; x_wconf 90' lang='lat' dir='ltr'><strong>docuit;</strong></span> <span class='ocrx_word' id='word_1_599' title='bbox 3077 2780 3133 2826; x_wconf 89' lang='lat' dir='ltr'><strong>et</strong></span> <span class='ocrx_word' id='word_1_600' title='bbox 3155 2779 3212 2824; x_wconf 93' lang='lat' dir='ltr'><strong>tu</strong></span> <span class='ocrx_word' id='word_1_601' title='bbox 3247 2770 3405 2826; x_wconf 89' lang='lat' dir='ltr'><strong>homo</strong></span> <span class='ocrx_word' id='word_1_602' title='bbox 3431 2771 3484 2825; x_wconf 90' lang='lat' dir='ltr'><strong>id</strong></span> <span class='ocrx_word' id='word_1_603' title='bbox 3513 2771 3696 2826; x_wconf 62' lang='lat' dir='ltr'><strong>atatis</strong></span> 
     </span>
    </p>
   </div>
   <div class='ocr_carea' id='block_1_79' title="bbox 2099 2860 3694 2932">
    <p class='ocr_par' dir='ltr' id='par_1_79' title="bbox 2099 2860 3694 2932">
     <span class='ocr_line' id='line_1_79' title="bbox 2099 2860 3694 2932; baseline -0.002 -15"><span class='ocrx_word' id='word_1_604' title='bbox 2099 2871 2153 2917; x_wconf 90' lang='lat' dir='ltr'><strong>et</strong></span> <span class='ocrx_word' id='word_1_605' title='bbox 2178 2861 2419 2928; x_wconf 90' lang='lat' dir='ltr'><strong>honoris,</strong></span> <span class='ocrx_word' id='word_1_606' title='bbox 2441 2869 2723 2930; x_wconf 88' lang='lat' dir='ltr'><strong>antequam</strong></span> <span class='ocrx_word' id='word_1_607' title='bbox 2745 2860 2904 2914; x_wconf 91' lang='lat' dir='ltr'><strong>istum</strong></span> <span class='ocrx_word' id='word_1_608' title='bbox 2924 2861 3155 2926; x_wconf 91' lang='lat' dir='ltr'><strong>audires,</strong></span> <span class='ocrx_word' id='word_1_609' title='bbox 3183 2877 3345 2916; x_wconf 91' lang='lat' dir='ltr'><strong>unum</strong></span> <span class='ocrx_word' id='word_1_610' title='bbox 3367 2869 3526 2932; x_wconf 82' lang='lat' dir='ltr'><strong>atque</strong></span> <span class='ocrx_word' id='word_1_611' title='bbox 3547 2860 3694 2915; x_wconf 86' lang='lat' dir='ltr'><strong>idem</strong></span> 
     </span>
    </p>
   </div>
   <div class='ocr_carea' id='block_1_80' title="bbox 2099 2950 3698 3025">
    <p class='ocr_par' dir='ltr' id='par_1_80' title="bbox 2099 2950 3698 3025">
     <span class='ocr_line' id='line_1_80' title="bbox 2099 2950 3698 3025; baseline -0.001 -15"><span class='ocrx_word' id='word_1_612' title='bbox 2099 2954 2322 3025; x_wconf 86' lang='lat' dir='ltr'><strong>putabas</strong></span> <span class='ocrx_word' id='word_1_613' title='bbox 2349 2969 2490 3019; x_wconf 89' lang='lat' dir='ltr'><strong>esse,</strong></span> <span class='ocrx_word' id='word_1_614' title='bbox 2516 2967 2622 3022; x_wconf 91' lang='lat' dir='ltr'><strong>quo</strong></span> <span class='ocrx_word' id='word_1_615' title='bbox 2645 2952 2822 3006; x_wconf 90' lang='lat' dir='ltr'><strong>album</strong></span> <span class='ocrx_word' id='word_1_616' title='bbox 2845 2953 3160 3024; x_wconf 87' lang='lat' dir='ltr'><strong>nigrumque</strong></span> <span class='ocrx_word' id='word_1_617' title='bbox 3179 2953 3520 3017; x_wconf 86' lang='lat' dir='ltr'><strong>discernitur,</strong></span> <span class='ocrx_word' id='word_1_618' title='bbox 3549 2950 3698 3023; x_wconf 83' lang='lat' dir='ltr'><strong>quod</strong></span> 
     </span>
    </p>
   </div>
   <div class='ocr_carea' id='block_1_81' title="bbox 2099 3044 3698 3114">
    <p class='ocr_par' dir='ltr' id='par_1_81' title="bbox 2099 3044 3698 3114">
     <span class='ocr_line' id='line_1_81' title="bbox 2099 3044 3698 3114; baseline -0.001 -14"><span class='ocrx_word' id='word_1_619' title='bbox 2099 3045 2378 3100; x_wconf 89' lang='lat' dir='ltr'><strong>nobiseum</strong></span> <span class='ocrx_word' id='word_1_620' title='bbox 2405 3044 2586 3098; x_wconf 90' lang='lat' dir='ltr'><strong>vident</strong></span> <span class='ocrx_word' id='word_1_621' title='bbox 2613 3044 2772 3098; x_wconf 89' lang='lat' dir='ltr'><strong>etiam</strong></span> <span class='ocrx_word' id='word_1_622' title='bbox 2822 3058 3065 3114; x_wconf 81' lang='lat' dir='ltr'><strong>passeres</strong></span> <span class='ocrx_word' id='word_1_623' title='bbox 3087 3045 3136 3109; x_wconf 84' lang='grc'><strong>¹;</strong></span> <span class='ocrx_word' id='word_1_624' title='bbox 3167 3053 3219 3099; x_wconf 91' lang='lat' dir='ltr'><strong>et</strong></span> <span class='ocrx_word' id='word_1_625' title='bbox 3249 3061 3352 3114; x_wconf 91' lang='lat' dir='ltr'><strong>quo</strong></span> <span class='ocrx_word' id='word_1_626' title='bbox 3379 3044 3582 3114; x_wconf 90' lang='lat' dir='ltr'><strong>justum</strong></span> <span class='ocrx_word' id='word_1_627' title='bbox 3613 3053 3698 3098; x_wconf 85' lang='lat' dir='ltr'><strong>at-</strong></span> 
     </span>
    </p>
   </div>
   <div class='ocr_carea' id='block_1_82' title="bbox 2099 3134 3693 3210">
    <p class='ocr_par' dir='ltr' id='par_1_82' title="bbox 2099 3134 3693 3210">
     <span class='ocr_line' id='line_1_82' title="bbox 2099 3134 3693 3210; baseline -0.002 -17"><span class='ocrx_word' id='word_1_628' title='bbox 2099 3154 2202 3210; x_wconf 89' lang='lat' dir='ltr'><strong>que</strong></span> <span class='ocrx_word' id='word_1_629' title='bbox 2227 3138 2480 3207; x_wconf 83' lang='lat' dir='ltr'><strong>injustam</strong></span> <span class='ocrx_word' id='word_1_630' title='bbox 2507 3135 2849 3206; x_wconf 89' lang='lat' dir='ltr'><strong>dijudicatur,</strong></span> <span class='ocrx_word' id='word_1_631' title='bbox 2873 3135 3015 3207; x_wconf 89' lang='lat' dir='ltr'><strong>quod</strong></span> <span class='ocrx_word' id='word_1_632' title='bbox 3039 3136 3249 3192; x_wconf 87' lang='lat' dir='ltr'><strong>videbat</strong></span> <span class='ocrx_word' id='word_1_633' title='bbox 3272 3136 3468 3192; x_wconf 87' lang='lat' dir='ltr'><strong>Tobias</strong></span> <span class='ocrx_word' id='word_1_634' title='bbox 3487 3138 3507 3167; x_wconf 89' lang='grc'><strong><em>²</em></strong></span> <span class='ocrx_word' id='word_1_635' title='bbox 3539 3134 3693 3206; x_wconf 87' lang='lat' dir='ltr'><strong>(Tob.</strong></span> 
     </span>
    </p>
   </div>
   <div class='ocr_carea' id='block_1_83' title="bbox 2099 3227 3692 3302">
    <p class='ocr_par' dir='ltr' id='par_1_83' title="bbox 2099 3227 3692 3302">
     <span class='ocr_line' id='line_1_83' title="bbox 2099 3227 3692 3302; baseline -0.002 -17"><span class='ocrx_word' id='word_1_636' title='bbox 2099 3227 2174 3302; x_wconf 84' lang='lat' dir='ltr'><strong>Iv)</strong></span> <span class='ocrx_word' id='word_1_637' title='bbox 2227 3228 2388 3284; x_wconf 84' lang='lat' dir='ltr'><strong>etiam</strong></span> <span class='ocrx_word' id='word_1_638' title='bbox 2415 3227 2592 3283; x_wconf 83' lang='lat' dir='ltr'><strong>carnis</strong></span> <span class='ocrx_word' id='word_1_639' title='bbox 2635 3227 2922 3282; x_wconf 87' lang='lat' dir='ltr'><strong>luminibus</strong></span> <span class='ocrx_word' id='word_1_640' title='bbox 2953 3227 3191 3299; x_wconf 90' lang='lat' dir='ltr'><strong>perditis.</strong></span> <span class='ocrx_word' id='word_1_641' title='bbox 3224 3229 3338 3283; x_wconf 84' lang='lat' dir='ltr'><strong>Hoc</strong></span> <span class='ocrx_word' id='word_1_642' title='bbox 3389 3229 3434 3283; x_wconf 91' lang='lat' dir='ltr'><strong>si</strong></span> <span class='ocrx_word' id='word_1_643' title='bbox 3483 3229 3554 3283; x_wconf 86' lang='lat' dir='ltr'><strong>ita</strong></span> <span class='ocrx_word' id='word_1_644' title='bbox 3588 3238 3692 3292; x_wconf 85' lang='lat' dir='ltr'><strong>est,</strong></span> 
     </span>
    </p>
   </div>
   <div class='ocr_carea' id='block_1_84' title="bbox 2102 3320 3698 3393">
    <p class='ocr_par' dir='ltr' id='par_1_84' title="bbox 2102 3320 3698 3393">
     <span class='ocr_line' id='line_1_84' title="bbox 2102 3320 3698 3393; baseline 0.001 -17"><span class='ocrx_word' id='word_1_645' title='bbox 2102 3320 2340 3393; x_wconf 87' lang='lat' dir='ltr'><strong>profecto</strong></span> <span class='ocrx_word' id='word_1_646' title='bbox 2369 3320 2582 3391; x_wconf 90' lang='lat' dir='ltr'><strong>quando</strong></span> <span class='ocrx_word' id='word_1_647' title='bbox 2606 3321 2862 3376; x_wconf 90' lang='lat' dir='ltr'><strong>audiebas</strong></span> <span class='ocrx_word' id='word_1_648' title='bbox 2886 3321 2970 3376; x_wconf 89' lang='lat' dir='ltr'><strong>vel</strong></span> <span class='ocrx_word' id='word_1_649' title='bbox 2991 3321 3225 3392; x_wconf 88' lang='lat' dir='ltr'><strong>legebas,</strong></span> <span class='ocrx_word' id='word_1_650' title='bbox 3251 3320 3498 3376; x_wconf 85' lang='lat' dir='ltr'><strong>Itlumina</strong></span> <span class='ocrx_word' id='word_1_651' title='bbox 3522 3323 3698 3377; x_wconf 70' lang='lat' dir='ltr'><strong>oculos</strong></span> 
     </span>
    </p>
   </div>
   <div class='ocr_carea' id='block_1_85' title="bbox 2101 3412 3694 3492">
    <p class='ocr_par' dir='ltr' id='par_1_85' title="bbox 2101 3412 3694 3492">
     <span class='ocr_line' id='line_1_85' title="bbox 2101 3412 3694 3492; baseline -0.003 -20"><span class='ocrx_word' id='word_1_652' title='bbox 2101 3434 2260 3484; x_wconf 81' lang='lat' dir='ltr'><strong>meos,</strong></span> <span class='ocrx_word' id='word_1_653' title='bbox 2289 3433 2352 3471; x_wconf 83' lang='lat' dir='ltr'><strong>ne</strong></span> <span class='ocrx_word' id='word_1_654' title='bbox 2375 3432 2598 3484; x_wconf 84' lang='lat' dir='ltr'><strong>unquam</strong></span> <span class='ocrx_word' id='word_1_655' title='bbox 2618 3415 2932 3470; x_wconf 86' lang='lat' dir='ltr'><strong>obdormiam</strong></span> <span class='ocrx_word' id='word_1_656' title='bbox 2955 3416 3009 3470; x_wconf 86' lang='lat' dir='ltr'><strong>in</strong></span> <span class='ocrx_word' id='word_1_657' title='bbox 3027 3424 3238 3470; x_wconf 83' lang='lat' dir='ltr'><strong>mortem</strong></span> <span class='ocrx_word' id='word_1_658' title='bbox 3257 3413 3278 3445; x_wconf 87' lang='grc'>³</span> <span class='ocrx_word' id='word_1_659' title='bbox 3297 3413 3467 3485; x_wconf 81' lang='lat' dir='ltr'><strong>(Psal.</strong></span> <span class='ocrx_word' id='word_1_660' title='bbox 3491 3431 3584 3479; x_wconf 75' lang='lat' dir='ltr'><strong>xu,</strong></span> <span class='ocrx_word' id='word_1_661' title='bbox 3613 3412 3694 3492; x_wconf 67' lang='lat'><strong>4);</strong></span> 
     </span>
    </p>
   </div>
   <div class='ocr_carea' id='block_1_86' title="bbox 2102 3507 3696 3579">
    <p class='ocr_par' dir='ltr' id='par_1_86' title="bbox 2102 3507 3696 3579">
     <span class='ocr_line' id='line_1_86' title="bbox 2102 3507 3696 3579; baseline -0.004 -13"><span class='ocrx_word' id='word_1_662' title='bbox 2102 3511 2317 3566; x_wconf 90' lang='lat' dir='ltr'><strong>nonnisi</strong></span> <span class='ocrx_word' id='word_1_663' title='bbox 2347 3509 2525 3566; x_wconf 90' lang='lat' dir='ltr'><strong>carnis</strong></span> <span class='ocrx_word' id='word_1_664' title='bbox 2547 3509 2734 3564; x_wconf 91' lang='lat' dir='ltr'><strong>oculos</strong></span> <span class='ocrx_word' id='word_1_665' title='bbox 2763 3508 3054 3579; x_wconf 84' lang='lat' dir='ltr'><strong>cogitabas.</strong></span> <span class='ocrx_word' id='word_1_666' title='bbox 3081 3509 3188 3562; x_wconf 87' lang='lat' dir='ltr'><strong>Aut</strong></span> <span class='ocrx_word' id='word_1_667' title='bbox 3209 3508 3252 3562; x_wconf 89' lang='lat' dir='ltr'><strong>si</strong></span> <span class='ocrx_word' id='word_1_668' title='bbox 3283 3507 3385 3562; x_wconf 89' lang='lat' dir='ltr'><strong>hoc</strong></span> <span class='ocrx_word' id='word_1_669' title='bbox 3410 3507 3696 3562; x_wconf 84' lang='lat' dir='ltr'><strong>obscurum</strong></span> 
     </span>
    </p>
   </div>
   <div class='ocr_carea' id='block_1_87' title="bbox 2109 3597 3696 3672">
    <p class='ocr_par' dir='ltr' id='par_1_87' title="bbox 2109 3597 3696 3672">
     <span class='ocr_line' id='line_1_87' title="bbox 2109 3597 3696 3672; baseline -0.003 -15"><span class='ocrx_word' id='word_1_670' title='bbox 2109 3611 2215 3669; x_wconf 90' lang='lat' dir='ltr'><strong>est,</strong></span> <span class='ocrx_word' id='word_1_671' title='bbox 2241 3611 2387 3656; x_wconf 89' lang='lat' dir='ltr'><strong>certe</strong></span> <span class='ocrx_word' id='word_1_672' title='bbox 2413 3600 2628 3672; x_wconf 89' lang='lat' dir='ltr'><strong>quando</strong></span> <span class='ocrx_word' id='word_1_673' title='bbox 2657 3599 2784 3656; x_wconf 89' lang='lat' dir='ltr'><strong>illud</strong></span> <span class='ocrx_word' id='word_1_674' title='bbox 2812 3599 3054 3671; x_wconf 89' lang='lat' dir='ltr'><strong>Apostoli</strong></span> <span class='ocrx_word' id='word_1_675' title='bbox 3082 3599 3378 3666; x_wconf 88' lang='lat' dir='ltr'><strong>recolebas,</strong></span> <span class='ocrx_word' id='word_1_676' title='bbox 3417 3597 3696 3652; x_wconf 81' lang='lat' dir='ltr'><strong>Ittumina-</strong></span> 
     </span>
    </p>
   </div>
   <div class='ocr_carea' id='block_1_88' title="bbox 2107 3689 3696 3763">
    <p class='ocr_par' dir='ltr' id='par_1_88' title="bbox 2107 3689 3696 3763">
     <span class='ocr_line' id='line_1_88' title="bbox 2107 3689 3696 3763; baseline -0.001 -17"><span class='ocrx_word' id='word_1_677' title='bbox 2107 3701 2185 3747; x_wconf 82' lang='lat' dir='ltr'><strong>tos</strong></span> <span class='ocrx_word' id='word_1_678' title='bbox 2208 3693 2381 3748; x_wconf 86' lang='lat' dir='ltr'><strong>oculos</strong></span> <span class='ocrx_word' id='word_1_679' title='bbox 2406 3693 2572 3746; x_wconf 76' lang='lat' dir='ltr'><strong>cordis</strong></span> <span class='ocrx_word' id='word_1_680' title='bbox 2599 3692 2746 3746; x_wconf 76' lang='lat' dir='ltr'><strong>vestri</strong></span> <span class='ocrx_word' id='word_1_681' title='bbox 2771 3691 2985 3763; x_wconf 79' lang='lat' dir='ltr'><strong>(Ephes.</strong></span> <span class='ocrx_word' id='word_1_682' title='bbox 3017 3707 3056 3752; x_wconf 86' lang='grc' dir='ltr'><strong>ι,</strong></span> <span class='ocrx_word' id='word_1_683' title='bbox 3090 3690 3173 3762; x_wconf 63' lang='grc' dir='ltr'><strong>ἁὸ)</strong></span> <span class='ocrx_word' id='word_1_684' title='bbox 3201 3707 3215 3756; x_wconf 89' lang='grc'><strong>;</strong></span> <span class='ocrx_word' id='word_1_685' title='bbox 3247 3704 3347 3745; x_wconf 91' lang='lat' dir='ltr'><strong>nos</strong></span> <span class='ocrx_word' id='word_1_686' title='bbox 3391 3689 3490 3744; x_wconf 90' lang='lat' dir='ltr'><strong>sub</strong></span> <span class='ocrx_word' id='word_1_687' title='bbox 3517 3689 3696 3745; x_wconf 84' lang='lat' dir='ltr'><strong>fronte</strong></span> 
     </span>
    </p>
   </div>
   <div class='ocr_carea' id='block_1_89' title="bbox 2103 3781 3698 3854">
    <p class='ocr_par' dir='ltr' id='par_1_89' title="bbox 2103 3781 3698 3854">
     <span class='ocr_line' id='line_1_89' title="bbox 2103 3781 3698 3854; baseline -0.001 -14"><span class='ocrx_word' id='word_1_688' title='bbox 2103 3795 2159 3840; x_wconf 89' lang='lat' dir='ltr'><strong>et</strong></span> <span class='ocrx_word' id='word_1_689' title='bbox 2189 3800 2348 3854; x_wconf 89' lang='lat' dir='ltr'><strong>supra</strong></span> <span class='ocrx_word' id='word_1_690' title='bbox 2387 3785 2582 3840; x_wconf 89' lang='lat' dir='ltr'><strong>buccas</strong></span> <span class='ocrx_word' id='word_1_691' title='bbox 2621 3799 2716 3838; x_wconf 90' lang='lat' dir='ltr'><strong>cor</strong></span> <span class='ocrx_word' id='word_1_692' title='bbox 2761 3783 2956 3838; x_wconf 91' lang='lat' dir='ltr'><strong>habere</strong></span> <span class='ocrx_word' id='word_1_693' title='bbox 2985 3781 3265 3838; x_wconf 88' lang='lat' dir='ltr'><strong>credebas.</strong></span> <span class='ocrx_word' id='word_1_694' title='bbox 3299 3783 3450 3837; x_wconf 81' lang='lat' dir='ltr'><strong>Absit</strong></span> <span class='ocrx_word' id='word_1_695' title='bbox 3479 3791 3536 3838; x_wconf 91' lang='lat' dir='ltr'><strong>ut</strong></span> <span class='ocrx_word' id='word_1_696' title='bbox 3559 3782 3626 3837; x_wconf 90' lang='lat' dir='ltr'><strong>de</strong></span> <span class='ocrx_word' id='word_1_697' title='bbox 3647 3791 3698 3838; x_wconf 85' lang='lat' dir='ltr'><strong>te</strong></span> 
     </span>
    </p>
   </div>
   <div class='ocr_carea' id='block_1_90' title="bbox 2104 3871 3425 3946">
    <p class='ocr_par' dir='ltr' id='par_1_90' title="bbox 2104 3871 3425 3946">
     <span class='ocr_line' id='line_1_90' title="bbox 2104 3871 3425 3946; baseline -0.005 -14"><span class='ocrx_word' id='word_1_698' title='bbox 2104 3876 2209 3932; x_wconf 89' lang='lat' dir='ltr'><strong>hoc</strong></span> <span class='ocrx_word' id='word_1_699' title='bbox 2228 3876 2477 3931; x_wconf 87' lang='lat' dir='ltr'><strong>sentiam.</strong></span> <span class='ocrx_word' id='word_1_700' title='bbox 2500 3875 2685 3946; x_wconf 87' lang='lat' dir='ltr'><strong>Neque</strong></span> <span class='ocrx_word' id='word_1_701' title='bbox 2709 3875 2812 3929; x_wconf 87' lang='lat' dir='ltr'><strong>hoc</strong></span> <span class='ocrx_word' id='word_1_702' title='bbox 2838 3882 2892 3930; x_wconf 90' lang='lat' dir='ltr'><strong>te</strong></span> <span class='ocrx_word' id='word_1_703' title='bbox 2915 3873 3074 3944; x_wconf 87' lang='lat' dir='ltr'><strong>igitur</strong></span> <span class='ocrx_word' id='word_1_704' title='bbox 3099 3876 3198 3928; x_wconf 84' lang='lat' dir='ltr'><strong>istc</strong></span> <span class='ocrx_word' id='word_1_705' title='bbox 3226 3871 3425 3927; x_wconf 91' lang='lat' dir='ltr'><strong>docuit.</strong></span> 
     </span>
    </p>
   </div>
   <div class='ocr_carea' id='block_1_91' title="bbox 2173 3965 3698 4036">
    <p class='ocr_par' dir='ltr' id='par_1_91' title="bbox 2173 3965 3698 4036">
     <span class='ocr_line' id='line_1_91' title="bbox 2173 3965 3698 4036; baseline -0.001 -12"><span class='ocrx_word' id='word_1_706' title='bbox 2173 3968 2228 4024; x_wconf 74' lang='lat'><strong>4.</strong></span> <span class='ocrx_word' id='word_1_707' title='bbox 2270 3969 2338 4022; x_wconf 88' lang='lat' dir='ltr'><strong>At</strong></span> <span class='ocrx_word' id='word_1_708' title='bbox 2367 3967 2413 4021; x_wconf 90' lang='lat' dir='ltr'><strong>si</strong></span> <span class='ocrx_word' id='word_1_709' title='bbox 2441 3967 2578 4024; x_wconf 89' lang='lat' dir='ltr'><strong>forte</strong></span> <span class='ocrx_word' id='word_1_710' title='bbox 2620 3975 2744 4021; x_wconf 86' lang='lat' dir='ltr'><strong>ante</strong></span> <span class='ocrx_word' id='word_1_711' title='bbox 2793 3965 2948 4036; x_wconf 90' lang='lat' dir='ltr'><strong>hujus</strong></span> <span class='ocrx_word' id='word_1_712' title='bbox 2993 3965 3308 4031; x_wconf 87' lang='lat' dir='ltr'><strong>doctrinam,</strong></span> <span class='ocrx_word' id='word_1_713' title='bbox 3341 3980 3500 4036; x_wconf 87' lang='lat' dir='ltr'><strong>quam</strong></span> <span class='ocrx_word' id='word_1_714' title='bbox 3541 3965 3698 4022; x_wconf 91' lang='lat' dir='ltr'><strong>modo</strong></span> 
     </span>
    </p>
   </div>
   <div class='ocr_carea' id='block_1_92' title="bbox 2107 4058 3702 4129">
    <p class='ocr_par' dir='ltr' id='par_1_92' title="bbox 2107 4058 3702 4129">
     <span class='ocr_line' id='line_1_92' title="bbox 2107 4058 3702 4129; baseline -0.001 -12"><span class='ocrx_word' id='word_1_715' title='bbox 2107 4070 2158 4117; x_wconf 91' lang='lat' dir='ltr'><strong>te</strong></span> <span class='ocrx_word' id='word_1_716' title='bbox 2186 4061 2453 4116; x_wconf 89' lang='lat' dir='ltr'><strong>invenisse</strong></span> <span class='ocrx_word' id='word_1_717' title='bbox 2480 4061 2703 4125; x_wconf 59' lang='lat' dir='ltr'><strong>laetaris,</strong></span> <span class='ocrx_word' id='word_1_718' title='bbox 2733 4059 2925 4114; x_wconf 75' lang='lat' dir='ltr'><strong>animae</strong></span> <span class='ocrx_word' id='word_1_719' title='bbox 2951 4068 3192 4114; x_wconf 89' lang='lat' dir='ltr'><strong>naturam</strong></span> <span class='ocrx_word' id='word_1_720' title='bbox 3221 4058 3314 4113; x_wconf 92' lang='lat' dir='ltr'><strong>Dei</strong></span> <span class='ocrx_word' id='word_1_721' title='bbox 3341 4059 3562 4129; x_wconf 81' lang='lat' dir='ltr'><strong>putabas</strong></span> <span class='ocrx_word' id='word_1_722' title='bbox 3584 4073 3702 4116; x_wconf 79' lang='lat' dir='ltr'><strong>esse</strong></span> 
     </span>
    </p>
   </div>
   <div class='ocr_carea' id='block_1_93' title="bbox 2105 4149 3701 4222">
    <p class='ocr_par' dir='ltr' id='par_1_93' title="bbox 2105 4149 3701 4222">
     <span class='ocr_line' id='line_1_93' title="bbox 2105 4149 3701 4222; baseline -0.001 -16"><span class='ocrx_word' id='word_1_723' title='bbox 2105 4153 2442 4222; x_wconf 87' lang='lat' dir='ltr'><strong>portionem;</strong></span> <span class='ocrx_word' id='word_1_724' title='bbox 2474 4151 2578 4206; x_wconf 90' lang='lat' dir='ltr'><strong>hoc</strong></span> <span class='ocrx_word' id='word_1_725' title='bbox 2618 4152 2774 4221; x_wconf 89' lang='lat' dir='ltr'><strong>plane</strong></span> <span class='ocrx_word' id='word_1_726' title='bbox 2801 4166 2922 4206; x_wconf 92' lang='lat' dir='ltr'><strong>cum</strong></span> <span class='ocrx_word' id='word_1_727' title='bbox 2945 4149 3214 4205; x_wconf 90' lang='lat' dir='ltr'><strong>horrendo</strong></span> <span class='ocrx_word' id='word_1_728' title='bbox 3241 4149 3480 4220; x_wconf 87' lang='lat' dir='ltr'><strong>periculo</strong></span> <span class='ocrx_word' id='word_1_729' title='bbox 3510 4151 3701 4206; x_wconf 88' lang='lat' dir='ltr'><strong>falsum</strong></span> 
     </span>
    </p>
   </div>
   <div class='ocr_carea' id='block_1_94' title="bbox 2107 4241 3704 4312">
    <p class='ocr_par' dir='ltr' id='par_1_94' title="bbox 2107 4241 3704 4312">
     <span class='ocr_line' id='line_1_94' title="bbox 2107 4241 3704 4312; baseline 0 -14"><span class='ocrx_word' id='word_1_730' title='bbox 2107 4257 2227 4298; x_wconf 92' lang='lat' dir='ltr'><strong>esse</strong></span> <span class='ocrx_word' id='word_1_731' title='bbox 2251 4241 2547 4297; x_wconf 89' lang='lat' dir='ltr'><strong>nesciebas.</strong></span> <span class='ocrx_word' id='word_1_732' title='bbox 2573 4243 2639 4296; x_wconf 88' lang='lat' dir='ltr'><strong>Et</strong></span> <span class='ocrx_word' id='word_1_733' title='bbox 2659 4243 2701 4296; x_wconf 91' lang='lat' dir='ltr'><strong>si</strong></span> <span class='ocrx_word' id='word_1_734' title='bbox 2729 4243 2796 4296; x_wconf 91' lang='lat' dir='ltr'><strong>ab</strong></span> <span class='ocrx_word' id='word_1_735' title='bbox 2821 4243 2923 4296; x_wconf 89' lang='lat' dir='ltr'><strong>isto</strong></span> <span class='ocrx_word' id='word_1_736' title='bbox 2943 4241 3170 4296; x_wconf 90' lang='lat' dir='ltr'><strong>didicisti</strong></span> <span class='ocrx_word' id='word_1_737' title='bbox 3193 4241 3334 4312; x_wconf 90' lang='lat' dir='ltr'><strong>quod</strong></span> <span class='ocrx_word' id='word_1_738' title='bbox 3375 4243 3556 4296; x_wconf 89' lang='lat' dir='ltr'><strong>anima</strong></span> <span class='ocrx_word' id='word_1_739' title='bbox 3583 4257 3704 4312; x_wconf 89' lang='lat' dir='ltr'><strong>por-</strong></span> 
     </span>
    </p>
   </div>
   <div class='ocr_carea' id='block_1_95' title="bbox 2109 4332 3704 4404">
    <p class='ocr_par' dir='ltr' id='par_1_95' title="bbox 2109 4332 3704 4404">
     <span class='ocr_line' id='line_1_95' title="bbox 2109 4332 3704 4404; baseline 0 -16"><span class='ocrx_word' id='word_1_740' title='bbox 2109 4335 2185 4388; x_wconf 92' lang='lat' dir='ltr'><strong>tio</strong></span> <span class='ocrx_word' id='word_1_741' title='bbox 2218 4333 2310 4388; x_wconf 90' lang='lat' dir='ltr'><strong>Dei</strong></span> <span class='ocrx_word' id='word_1_742' title='bbox 2341 4349 2444 4388; x_wconf 92' lang='lat' dir='ltr'><strong>non</strong></span> <span class='ocrx_word' id='word_1_743' title='bbox 2475 4334 2575 4398; x_wconf 92' lang='lat' dir='ltr'><strong>sit;</strong></span> <span class='ocrx_word' id='word_1_744' title='bbox 2601 4349 2699 4404; x_wconf 86' lang='lat' dir='ltr'><strong>age</strong></span> <span class='ocrx_word' id='word_1_745' title='bbox 2739 4333 2848 4388; x_wconf 90' lang='lat' dir='ltr'><strong>Deo</strong></span> <span class='ocrx_word' id='word_1_746' title='bbox 2876 4334 3073 4403; x_wconf 79' lang='lat' dir='ltr'><strong>gratias</strong></span> <span class='ocrx_word' id='word_1_747' title='bbox 3098 4342 3324 4403; x_wconf 91' lang='lat' dir='ltr'><strong>quantas</strong></span> <span class='ocrx_word' id='word_1_748' title='bbox 3353 4341 3531 4402; x_wconf 91' lang='lat' dir='ltr'><strong>potes,</strong></span> <span class='ocrx_word' id='word_1_749' title='bbox 3564 4332 3704 4403; x_wconf 91' lang='lat' dir='ltr'><strong>quod</strong></span> 
     </span>
    </p>
   </div>
   <div class='ocr_carea' id='block_1_96' title="bbox 2109 4423 3704 4494">
    <p class='ocr_par' dir='ltr' id='par_1_96' title="bbox 2109 4423 3704 4494">
     <span class='ocr_line' id='line_1_96' title="bbox 2109 4423 3704 4494; baseline 0 -16"><span class='ocrx_word' id='word_1_750' title='bbox 2109 4439 2214 4479; x_wconf 91' lang='lat' dir='ltr'><strong>non</strong></span> <span class='ocrx_word' id='word_1_751' title='bbox 2236 4431 2520 4494; x_wconf 90' lang='lat' dir='ltr'><strong>antequam</strong></span> <span class='ocrx_word' id='word_1_752' title='bbox 2539 4423 2644 4479; x_wconf 89' lang='lat' dir='ltr'><strong>hoc</strong></span> <span class='ocrx_word' id='word_1_753' title='bbox 2668 4424 2916 4492; x_wconf 89' lang='lat' dir='ltr'><strong>didicisti,</strong></span> <span class='ocrx_word' id='word_1_754' title='bbox 2943 4423 3010 4478; x_wconf 92' lang='lat' dir='ltr'><strong>de</strong></span> <span class='ocrx_word' id='word_1_755' title='bbox 3036 4438 3259 4494; x_wconf 90' lang='lat' dir='ltr'><strong>corpore</strong></span> <span class='ocrx_word' id='word_1_756' title='bbox 3289 4424 3464 4479; x_wconf 84' lang='lat' dir='ltr'><strong>existi.</strong></span> <span class='ocrx_word' id='word_1_757' title='bbox 3487 4424 3704 4479; x_wconf 83' lang='lat' dir='ltr'><strong>Exisses</strong></span> 
     </span>
    </p>
   </div>
   <div class='ocr_carea' id='block_1_97' title="bbox 2109 4514 3704 4585">
    <p class='ocr_par' dir='ltr' id='par_1_97' title="bbox 2109 4514 3704 4585">
     <span class='ocr_line' id='line_1_97' title="bbox 2109 4514 3704 4585; baseline 0.003 -17"><span class='ocrx_word' id='word_1_758' title='bbox 2109 4515 2252 4568; x_wconf 89' lang='lat' dir='ltr'><strong>enim</strong></span> <span class='ocrx_word' id='word_1_759' title='bbox 2280 4529 2502 4585; x_wconf 88' lang='lat' dir='ltr'><strong>magnus</strong></span> <span class='ocrx_word' id='word_1_760' title='bbox 2527 4515 2804 4570; x_wconf 73' lang='lat' dir='ltr'><strong>hazreticus</strong></span> <span class='ocrx_word' id='word_1_761' title='bbox 2825 4556 2839 4580; x_wconf 95' lang='lat'><strong>,</strong></span> <span class='ocrx_word' id='word_1_762' title='bbox 2873 4524 2928 4569; x_wconf 92' lang='lat' dir='ltr'><strong>et</strong></span> <span class='ocrx_word' id='word_1_763' title='bbox 2957 4514 3357 4584; x_wconf 88' lang='lat' dir='ltr'><strong>blasphemator</strong></span> <span class='ocrx_word' id='word_1_764' title='bbox 3388 4514 3704 4572; x_wconf 88' lang='lat' dir='ltr'><strong>horrendus.</strong></span> 
     </span>
    </p>
   </div>
   <div class='ocr_carea' id='block_1_98' title="bbox 2109 4603 3704 4672">
    <p class='ocr_par' dir='ltr' id='par_1_98' title="bbox 2109 4603 3704 4672">
     <span class='ocr_line' id='line_1_98' title="bbox 2109 4603 3704 4672; baseline 0.001 -14"><span class='ocrx_word' id='word_1_765' title='bbox 2109 4603 2266 4658; x_wconf 87' lang='lat' dir='ltr'><strong>Nullo</strong></span> <span class='ocrx_word' id='word_1_766' title='bbox 2309 4605 2468 4660; x_wconf 90' lang='lat' dir='ltr'><strong>modo</strong></span> <span class='ocrx_word' id='word_1_767' title='bbox 2521 4616 2698 4661; x_wconf 90' lang='lat' dir='ltr'><strong>tamen</strong></span> <span class='ocrx_word' id='word_1_768' title='bbox 2744 4606 2902 4660; x_wconf 84' lang='lat' dir='ltr'><strong>etiam</strong></span> <span class='ocrx_word' id='word_1_769' title='bbox 2952 4605 3005 4660; x_wconf 90' lang='lat' dir='ltr'><strong>id</strong></span> <span class='ocrx_word' id='word_1_770' title='bbox 3048 4606 3114 4661; x_wconf 93' lang='lat' dir='ltr'><strong>de</strong></span> <span class='ocrx_word' id='word_1_771' title='bbox 3160 4615 3210 4660; x_wconf 92' lang='lat' dir='ltr'><strong>te</strong></span> <span class='ocrx_word' id='word_1_772' title='bbox 3251 4606 3704 4672; x_wconf 79' lang='lat' dir='ltr'><strong>existimaverim,</strong></span> 
     </span>
    </p>
   </div>
   <div class='ocr_carea' id='block_1_99' title="bbox 2111 4695 3706 4772">
    <p class='ocr_par' dir='ltr' id='par_1_99' title="bbox 2111 4695 3706 4772">
     <span class='ocr_line' id='line_1_99' title="bbox 2111 4695 3706 4772; baseline 0.004 -23"><span class='ocrx_word' id='word_1_773' title='bbox 2111 4697 2252 4767; x_wconf 90' lang='lat' dir='ltr'><strong>quod</strong></span> <span class='ocrx_word' id='word_1_774' title='bbox 2294 4695 2454 4752; x_wconf 92' lang='lat' dir='ltr'><strong>homo</strong></span> <span class='ocrx_word' id='word_1_775' title='bbox 2480 4697 2776 4753; x_wconf 90' lang='lat' dir='ltr'><strong>catholicus</strong></span> <span class='ocrx_word' id='word_1_776' title='bbox 2797 4738 2812 4766; x_wconf 94' lang='lat'><strong>,</strong></span> <span class='ocrx_word' id='word_1_777' title='bbox 2843 4713 3014 4767; x_wconf 87' lang='lat' dir='ltr'><strong>neque</strong></span> <span class='ocrx_word' id='word_1_778' title='bbox 3039 4699 3453 4771; x_wconf 88' lang='lat' dir='ltr'><strong>contemptibilis</strong></span> <span class='ocrx_word' id='word_1_779' title='bbox 3483 4701 3706 4772; x_wconf 86' lang='lat' dir='ltr'><strong>presby-</strong></span> 
     </span>
    </p>
   </div>
   <div class='ocr_carea' id='block_1_100' title="bbox 2112 4791 3703 4864">
    <p class='ocr_par' dir='ltr' id='par_1_100' title="bbox 2112 4791 3703 4864">
     <span class='ocr_line' id='line_1_100' title="bbox 2112 4791 3703 4864; baseline 0.001 -20"><span class='ocrx_word' id='word_1_780' title='bbox 2112 4797 2215 4858; x_wconf 92' lang='lat' dir='ltr'><strong>ter,</strong></span> <span class='ocrx_word' id='word_1_781' title='bbox 2261 4792 2452 4845; x_wconf 72' lang='lat' dir='ltr'><strong>anima:</strong></span> <span class='ocrx_word' id='word_1_782' title='bbox 2499 4802 2743 4846; x_wconf 87' lang='lat' dir='ltr'><strong>naturam</strong></span> <span class='ocrx_word' id='word_1_783' title='bbox 2791 4791 3086 4864; x_wconf 84' lang='lat' dir='ltr'><strong>portionem</strong></span> <span class='ocrx_word' id='word_1_784' title='bbox 3131 4791 3226 4848; x_wconf 89' lang='lat' dir='ltr'><strong>Dei</strong></span> <span class='ocrx_word' id='word_1_785' title='bbox 3255 4791 3524 4847; x_wconf 88' lang='lat' dir='ltr'><strong>sentiebas</strong></span> <span class='ocrx_word' id='word_1_786' title='bbox 3567 4807 3703 4847; x_wconf 90' lang='lat' dir='ltr'><strong>esse.</strong></span> 
     </span>
    </p>
   </div>
   <div class='ocr_carea' id='block_1_101' title="bbox 2115 4883 3706 4952">
    <p class='ocr_par' dir='ltr' id='par_1_101' title="bbox 2115 4883 3706 4952">
     <span class='ocr_line' id='line_1_101' title="bbox 2115 4883 3706 4952; baseline -0.001 -11"><span class='ocrx_word' id='word_1_787' title='bbox 2115 4884 2268 4941; x_wconf 89' lang='lat' dir='ltr'><strong>Unde</strong></span> <span class='ocrx_word' id='word_1_788' title='bbox 2307 4885 2477 4939; x_wconf 89' lang='lat' dir='ltr'><strong>fateor</strong></span> <span class='ocrx_word' id='word_1_789' title='bbox 2525 4885 2802 4940; x_wconf 88' lang='lat' dir='ltr'><strong>Dilectioni</strong></span> <span class='ocrx_word' id='word_1_790' title='bbox 2851 4892 2976 4952; x_wconf 67' lang='lat' dir='ltr'><strong>tuae,</strong></span> <span class='ocrx_word' id='word_1_791' title='bbox 3024 4884 3185 4940; x_wconf 90' lang='lat' dir='ltr'><strong>timeo</strong></span> <span class='ocrx_word' id='word_1_792' title='bbox 3227 4899 3296 4940; x_wconf 89' lang='lat' dir='ltr'><strong>ne</strong></span> <span class='ocrx_word' id='word_1_793' title='bbox 3341 4885 3474 4940; x_wconf 89' lang='lat' dir='ltr'><strong>forte</strong></span> <span class='ocrx_word' id='word_1_794' title='bbox 3519 4883 3622 4938; x_wconf 93' lang='lat' dir='ltr'><strong>hoc</strong></span> <span class='ocrx_word' id='word_1_795' title='bbox 3659 4893 3706 4939; x_wconf 90' lang='lat' dir='ltr'><strong>te</strong></span> 
     </span>
    </p>
   </div>
   <div class='ocr_carea' id='block_1_102' title="bbox 2115 4975 3705 5046">
    <p class='ocr_par' dir='ltr' id='par_1_102' title="bbox 2115 4975 3705 5046">
     <span class='ocr_line' id='line_1_102' title="bbox 2115 4975 3705 5046; baseline -0.003 -14"><span class='ocrx_word' id='word_1_796' title='bbox 2115 4978 2216 5033; x_wconf 88' lang='lat' dir='ltr'><strong>iste</strong></span> <span class='ocrx_word' id='word_1_797' title='bbox 2243 4977 2504 5042; x_wconf 90' lang='lat' dir='ltr'><strong>docuerit,</strong></span> <span class='ocrx_word' id='word_1_798' title='bbox 2528 4975 2670 5046; x_wconf 90' lang='lat' dir='ltr'><strong>quod</strong></span> <span class='ocrx_word' id='word_1_799' title='bbox 2694 4975 2869 5046; x_wconf 91' lang='lat' dir='ltr'><strong>potius</strong></span> <span class='ocrx_word' id='word_1_800' title='bbox 2894 4975 2963 5030; x_wconf 88' lang='lat' dir='ltr'><strong>sit</strong></span> <span class='ocrx_word' id='word_1_801' title='bbox 2987 4975 3308 5030; x_wconf 90' lang='lat' dir='ltr'><strong>contrarium</strong></span> <span class='ocrx_word' id='word_1_802' title='bbox 3327 4975 3376 5030; x_wconf 90' lang='lat' dir='ltr'><strong>ei</strong></span> <span class='ocrx_word' id='word_1_803' title='bbox 3404 4975 3526 5029; x_wconf 84' lang='lat' dir='ltr'><strong>fidei</strong></span> <span class='ocrx_word' id='word_1_804' title='bbox 3550 4989 3705 5044; x_wconf 88' lang='lat' dir='ltr'><strong>quam</strong></span> 
     </span>
    </p>
   </div>
   <div class='ocr_carea' id='block_1_103' title="bbox 2117 5070 2859 5126">
    <p class='ocr_par' dir='ltr' id='par_1_103' title="bbox 2117 5070 2859 5126">
     <span class='ocr_line' id='line_1_103' title="bbox 2117 5070 2859 5126; baseline -0.008 0"><span class='ocrx_word' id='word_1_805' title='bbox 2117 5070 2358 5126; x_wconf 84' lang='lat' dir='ltr'><strong>tenebas.</strong></span> <span class='ocrx_word' id='word_1_806' title='bbox 2853 5101 2859 5110; x_wconf 88' lang='grc'><strong><em>-</em></strong></span> 
     </span>
    </p>
   </div>
   <div class='ocr_carea' id='block_1_104' title="bbox 2189 5157 3704 5216">
    <p class='ocr_par' dir='ltr' id='par_1_104' title="bbox 2189 5157 3704 5216">
     <span class='ocr_line' id='line_1_104' title="bbox 2189 5157 3704 5216; baseline -0.004 0"><span class='ocrx_word' id='word_1_807' title='bbox 2189 5159 2412 5216; x_wconf 86' lang='lat' dir='ltr'><strong>CAPUT</strong></span> <span class='ocrx_word' id='word_1_808' title='bbox 2441 5157 2622 5214; x_wconf 86' lang='lat' dir='ltr'><strong>ill.-——</strong></span> <span class='ocrx_word' id='word_1_809' title='bbox 2648 5158 2702 5214; x_wconf 88' lang='lat'><strong>5.</strong></span> <span class='ocrx_word' id='word_1_810' title='bbox 2734 5157 2879 5214; x_wconf 91' lang='lat' dir='ltr'><strong>Sicut</strong></span> <span class='ocrx_word' id='word_1_811' title='bbox 2921 5159 3063 5214; x_wconf 91' lang='lat' dir='ltr'><strong>enim</strong></span> <span class='ocrx_word' id='word_1_812' title='bbox 3107 5174 3214 5214; x_wconf 89' lang='lat' dir='ltr'><strong>non</strong></span> <span class='ocrx_word' id='word_1_813' title='bbox 3242 5157 3472 5212; x_wconf 89' lang='lat' dir='ltr'><strong>arbitror</strong></span> <span class='ocrx_word' id='word_1_814' title='bbox 3513 5165 3568 5211; x_wconf 88' lang='lat' dir='ltr'><strong>te</strong></span> <span class='ocrx_word' id='word_1_815' title='bbox 3608 5163 3704 5210; x_wconf 89' lang='lat' dir='ltr'><strong>un-</strong></span> 
     </span>
    </p>
   </div>
   <div class='ocr_carea' id='block_1_105' title="bbox 2119 5249 3704 5326">
    <p class='ocr_par' dir='ltr' id='par_1_105' title="bbox 2119 5249 3704 5326">
     <span class='ocr_line' id='line_1_105' title="bbox 2119 5249 3704 5326; baseline -0.003 -19"><span class='ocrx_word' id='word_1_816' title='bbox 2119 5269 2274 5326; x_wconf 90' lang='lat' dir='ltr'><strong>quam</strong></span> <span class='ocrx_word' id='word_1_817' title='bbox 2307 5253 2362 5306; x_wconf 92' lang='lat' dir='ltr'><strong>in</strong></span> <span class='ocrx_word' id='word_1_818' title='bbox 2389 5251 2664 5306; x_wconf 87' lang='lat' dir='ltr'><strong>Catholica</strong></span> <span class='ocrx_word' id='word_1_819' title='bbox 2708 5251 2938 5306; x_wconf 89' lang='lat' dir='ltr'><strong>animam</strong></span> <span class='ocrx_word' id='word_1_820' title='bbox 2985 5249 3278 5306; x_wconf 88' lang='lat' dir='ltr'><strong>credidisse</strong></span> <span class='ocrx_word' id='word_1_821' title='bbox 3305 5250 3398 5304; x_wconf 80' lang='lat' dir='ltr'><strong>Dei</strong></span> <span class='ocrx_word' id='word_1_822' title='bbox 3424 5264 3546 5304; x_wconf 88' lang='lat' dir='ltr'><strong>esse</strong></span> <span class='ocrx_word' id='word_1_823' title='bbox 3585 5264 3704 5318; x_wconf 83' lang='lat' dir='ltr'><strong>por-</strong></span> 
     </span>
    </p>
   </div>
   <div class='ocr_carea' id='block_1_106' title="bbox 2121 5341 3704 5409">
    <p class='ocr_par' dir='ltr' id='par_1_106' title="bbox 2121 5341 3704 5409">
     <span class='ocr_line' id='line_1_106' title="bbox 2121 5341 3704 5409; baseline -0.002 -10"><span class='ocrx_word' id='word_1_824' title='bbox 2121 5347 2338 5409; x_wconf 89' lang='lat' dir='ltr'><strong>tionem,</strong></span> <span class='ocrx_word' id='word_1_825' title='bbox 2372 5342 2456 5398; x_wconf 87' lang='lat' dir='ltr'><strong>vel</strong></span> <span class='ocrx_word' id='word_1_826' title='bbox 2487 5342 2593 5397; x_wconf 90' lang='lat' dir='ltr'><strong>ullo</strong></span> <span class='ocrx_word' id='word_1_827' title='bbox 2620 5343 2777 5398; x_wconf 91' lang='lat' dir='ltr'><strong>modo</strong></span> <span class='ocrx_word' id='word_1_828' title='bbox 2825 5343 3018 5398; x_wconf 65' lang='lat' dir='ltr'><strong>anima:</strong></span> <span class='ocrx_word' id='word_1_829' title='bbox 3072 5352 3127 5397; x_wconf 91' lang='lat' dir='ltr'><strong>et</strong></span> <span class='ocrx_word' id='word_1_830' title='bbox 3172 5341 3266 5397; x_wconf 88' lang='lat' dir='ltr'><strong>Dei</strong></span> <span class='ocrx_word' id='word_1_831' title='bbox 3309 5341 3552 5396; x_wconf 86' lang='lat' dir='ltr'><strong>eamdem</strong></span> <span class='ocrx_word' id='word_1_832' title='bbox 3592 5355 3704 5396; x_wconf 79' lang='lat' dir='ltr'><strong>esse</strong></span> 
     </span>
    </p>
   </div>
   <div class='ocr_carea' id='block_1_107' title="bbox 2123 5430 3702 5498">
    <p class='ocr_par' dir='ltr' id='par_1_107' title="bbox 2123 5430 3702 5498">
     <span class='ocr_line' id='line_1_107' title="bbox 2123 5430 3702 5498; baseline -0.003 -9"><span class='ocrx_word' id='word_1_833' title='bbox 2123 5443 2362 5489; x_wconf 88' lang='lat' dir='ltr'><strong>naturam</strong></span> <span class='ocrx_word' id='word_1_834' title='bbox 2389 5433 2491 5488; x_wconf 88' lang='lat' dir='ltr'><strong>:ita</strong></span> <span class='ocrx_word' id='word_1_835' title='bbox 2507 5441 2687 5488; x_wconf 91' lang='lat' dir='ltr'><strong>metuo</strong></span> <span class='ocrx_word' id='word_1_836' title='bbox 2714 5449 2780 5488; x_wconf 92' lang='lat' dir='ltr'><strong>ne</strong></span> <span class='ocrx_word' id='word_1_837' title='bbox 2805 5431 2943 5488; x_wconf 86' lang='lat' dir='ltr'><strong>forte</strong></span> <span class='ocrx_word' id='word_1_838' title='bbox 2969 5433 3304 5488; x_wconf 90' lang='lat' dir='ltr'><strong>consenseris</strong></span> <span class='ocrx_word' id='word_1_839' title='bbox 3334 5430 3457 5486; x_wconf 92' lang='lat' dir='ltr'><strong>huic</strong></span> <span class='ocrx_word' id='word_1_840' title='bbox 3487 5430 3702 5498; x_wconf 91' lang='lat' dir='ltr'><strong>homini,</strong></span> 
     </span>
    </p>
   </div>
   <div class='ocr_carea' id='block_1_108' title="bbox 2131 5523 3704 5596">
    <p class='ocr_par' dir='ltr' id='par_1_108' title="bbox 2131 5523 3704 5596">
     <span class='ocr_line' id='line_1_108' title="bbox 2131 5523 3704 5596; baseline 0.001 -18"><span class='ocrx_word' id='word_1_841' title='bbox 2131 5545 2148 5578; x_wconf 87' lang='grc'>‹</span> <span class='ocrx_word' id='word_1_842' title='bbox 2174 5525 2312 5596; x_wconf 92' lang='lat' dir='ltr'><strong>quod</strong></span> <span class='ocrx_word' id='word_1_843' title='bbox 2342 5525 2570 5590; x_wconf 87' lang='lat' dir='ltr'><strong>animam</strong></span> <span class='ocrx_word' id='word_1_844' title='bbox 2601 5525 2742 5580; x_wconf 90' lang='lat' dir='ltr'><strong>Deus</strong></span> <span class='ocrx_word' id='word_1_845' title='bbox 2766 5540 2870 5580; x_wconf 90' lang='lat' dir='ltr'><strong>non</strong></span> <span class='ocrx_word' id='word_1_846' title='bbox 2899 5524 2967 5580; x_wconf 89' lang='lat' dir='ltr'><strong>de</strong></span> <span class='ocrx_word' id='word_1_847' title='bbox 2991 5524 3157 5580; x_wconf 90' lang='lat' dir='ltr'><strong>nihilo</strong></span> <span class='ocrx_word' id='word_1_848' title='bbox 3181 5523 3388 5592; x_wconf 88' lang='lat' dir='ltr'><strong>fecerit,</strong></span> <span class='ocrx_word' id='word_1_849' title='bbox 3424 5523 3518 5578; x_wconf 90' lang='lat' dir='ltr'><strong>sed</strong></span> <span class='ocrx_word' id='word_1_850' title='bbox 3548 5525 3615 5577; x_wconf 86' lang='lat' dir='ltr'><strong>ita</strong></span> <span class='ocrx_word' id='word_1_851' title='bbox 3643 5537 3704 5579; x_wconf 79' lang='lat' dir='ltr'><strong>ex</strong></span> 
     </span>
    </p>
   </div>
   <div class='ocr_carea' id='block_1_109' title="bbox 2189 5635 3704 5702">
    <p class='ocr_par' dir='ltr' id='par_1_109' title="bbox 2189 5635 3704 5702">
     <span class='ocr_line' id='line_1_109' title="bbox 2189 5635 3704 5702; baseline -0.001 -16"><span class='ocrx_word' id='word_1_852' title='bbox 2189 5639 2205 5670; x_wconf 74' lang='grc' dir='ltr'>ί</span> <span class='ocrx_word' id='word_1_853' title='bbox 2240 5635 2344 5687; x_wconf 87' lang='lat' dir='ltr'><strong>Sola</strong></span> <span class='ocrx_word' id='word_1_854' title='bbox 2369 5637 2518 5702; x_wconf 81' lang='lat' dir='ltr'><strong>editio</strong></span> <span class='ocrx_word' id='word_1_855' title='bbox 2537 5645 2666 5702; x_wconf 71' lang='lat' dir='ltr'><strong>l.ov.,</strong></span> <span class='ocrx_word' id='word_1_856' title='bbox 2688 5651 2781 5702; x_wconf 85' lang='lat' dir='ltr'><strong>quo</strong></span> <span class='ocrx_word' id='word_1_857' title='bbox 2793 5636 3040 5702; x_wconf 74' lang='lat' dir='ltr'><strong>nobiscum</strong></span> <span class='ocrx_word' id='word_1_858' title='bbox 3053 5635 3212 5702; x_wconf 75' lang='lat' dir='ltr'><strong>vident</strong></span> <span class='ocrx_word' id='word_1_859' title='bbox 3233 5643 3280 5702; x_wconf 76' lang='lat' dir='ltr'><strong>et</strong></span> <span class='ocrx_word' id='word_1_860' title='bbox 3310 5649 3545 5702; x_wconf 70' lang='lat' dir='ltr'><strong>passeres.</strong></span> <span class='ocrx_word' id='word_1_861' title='bbox 3567 5641 3620 5684; x_wconf 79' lang='lat' dir='ltr'><strong>Et</strong></span> <span class='ocrx_word' id='word_1_862' title='bbox 3641 5637 3704 5685; x_wconf 79' lang='lat' dir='ltr'><strong>in-</strong></span> 
     </span>
    </p>
   </div>
   <div class='ocr_carea' id='block_1_110' title="bbox 2124 5699 3642 5763">
    <p class='ocr_par' dir='ltr' id='par_1_110' title="bbox 2124 5699 3642 5763">
     <span class='ocr_line' id='line_1_110' title="bbox 2124 5699 3642 5763; baseline -0.002 -15"><span class='ocrx_word' id='word_1_863' title='bbox 2124 5699 2214 5758; x_wconf 85' lang='lat' dir='ltr'><strong>fra,</strong></span> <span class='ocrx_word' id='word_1_864' title='bbox 2237 5713 2330 5763; x_wconf 69' lang='lat' dir='ltr'><strong>quo</strong></span> <span class='ocrx_word' id='word_1_865' title='bbox 2349 5699 2534 5750; x_wconf 71' lang='lat' dir='ltr'><strong>ridebat</strong></span> <span class='ocrx_word' id='word_1_866' title='bbox 2558 5699 2736 5750; x_wconf 72' lang='lat' dir='ltr'><strong>Tobias.</strong></span> <span class='ocrx_word' id='word_1_867' title='bbox 2757 5709 2856 5749; x_wconf 74' lang='lat' dir='ltr'><strong>Non</strong></span> <span class='ocrx_word' id='word_1_868' title='bbox 2876 5699 3022 5763; x_wconf 85' lang='lat' dir='ltr'><strong>male,</strong></span> <span class='ocrx_word' id='word_1_869' title='bbox 3047 5699 3386 5749; x_wconf 40' lang='lat' dir='ltr'><strong>rel&#39;erendo‘ad</strong></span> <span class='ocrx_word' id='word_1_870' title='bbox 3403 5733 3418 5759; x_wconf 92' lang='lat'><strong>,</strong></span> <span class='ocrx_word' id='word_1_871' title='bbox 3437 5709 3642 5749; x_wconf 64' lang='lat' dir='ltr'><strong>sensum</strong></span> 
     </span>
    </p>
   </div>
   <div class='ocr_carea' id='block_1_111' title="bbox 2191 5761 3024 5820">
    <p class='ocr_par' dir='ltr' id='par_1_111' title="bbox 2191 5761 3024 5820">
     <span class='ocr_line' id='line_1_111' title="bbox 2191 5761 3024 5820; baseline 0 -10"><span class='ocrx_word' id='word_1_872' title='bbox 2191 5765 2210 5794; x_wconf 84' lang='grc'><strong><em>²</em></strong></span> <span class='ocrx_word' id='word_1_873' title='bbox 2245 5761 2294 5812; x_wconf 83' lang='lat' dir='ltr'><strong>in</strong></span> <span class='ocrx_word' id='word_1_874' title='bbox 2315 5771 2419 5812; x_wconf 72' lang='lat' dir='ltr'><strong>Mss.</strong></span> <span class='ocrx_word' id='word_1_875' title='bbox 2445 5769 2720 5812; x_wconf 85' lang='lat' dir='ltr'><strong>constanter</strong></span> <span class='ocrx_word' id='word_1_876' title='bbox 2741 5768 2848 5820; x_wconf 87' lang='lat' dir='ltr'><strong>est,</strong></span> <span class='ocrx_word' id='word_1_877' title='bbox 2875 5761 3024 5812; x_wconf 79' lang='lat' dir='ltr'><strong>Tobis.</strong></span> 
     </span>
    </p>
   </div>
   <div class='ocr_carea' id='block_1_112' title="bbox 2193 5822 3704 5888">
    <p class='ocr_par' dir='ltr' id='par_1_112' title="bbox 2193 5822 3704 5888">
     <span class='ocr_line' id='line_1_112' title="bbox 2193 5822 3704 5888; baseline -0.002 -13"><span class='ocrx_word' id='word_1_878' title='bbox 2193 5834 2211 5864; x_wconf 72' lang='grc' dir='ltr'><strong>δ</strong></span> <span class='ocrx_word' id='word_1_879' title='bbox 2245 5833 2392 5888; x_wconf 63' lang='lat' dir='ltr'><strong>mliti,</strong></span> <span class='ocrx_word' id='word_1_880' title='bbox 2427 5825 2476 5876; x_wconf 86' lang='lat' dir='ltr'><strong>in</strong></span> <span class='ocrx_word' id='word_1_881' title='bbox 2512 5829 2678 5874; x_wconf 82' lang='lat' dir='ltr'><strong>morte.</strong></span> <span class='ocrx_word' id='word_1_882' title='bbox 2717 5832 2773 5874; x_wconf 81' lang='lat' dir='ltr'><strong>Ai.</strong></span> <span class='ocrx_word' id='word_1_883' title='bbox 2815 5825 3152 5888; x_wconf 81' lang='lat' dir='ltr'><strong>manuscripti,</strong></span> <span class='ocrx_word' id='word_1_884' title='bbox 3204 5822 3256 5874; x_wconf 75' lang='lat' dir='ltr'><strong>in</strong></span> <span class='ocrx_word' id='word_1_885' title='bbox 3290 5827 3526 5884; x_wconf 77' lang='lat' dir='ltr'><strong>nwrtem;</strong></span> <span class='ocrx_word' id='word_1_886' title='bbox 3569 5822 3704 5886; x_wconf 67' lang='lat' dir='ltr'><strong>juxta</strong></span> 
     </span>
    </p>
   </div>
  </div>
