3938 6534
294 396 396 458 597

287 517 406 586 ipso
436 519 523 587 sit,
553 526 608 572 ut
648 517 716 573 ab
760 517 883 592 ipso
924 523 1276 580 emanaverit.
1308 541 1329 577 ι
1365 523 1476 580 Hoc
1525 527 1668 582 enim
1715 527 1875 582 etiam

282 609 508 666 verbum
537 612 635 666 iste
660 613 839 682 posuit
868 615 1014 671 inter
1041 626 1254 686 caetera,
1299 614 1489 688 quibus
1516 620 1568 674 in
1602 619 1702 676 hac
1727 637 1876 691 quic-

278 701 465 760 stione
504 704 568 758 ad
596 705 828 760 immane
877 708 1227 780 praecipitium
1273 711 1607 766 exorbitavit.
1652 713 1719 767 At
1749 727 1875 789 vero

274 788 378 846 hoc
407 794 459 848 si
490 803 538 849 te
564 794 744 849 docuit
768 838 784 864 ,
819 799 944 853 nolo
975 815 1059 854 me
1085 798 1320 856 doceas:
1351 801 1458 854 imo
1483 802 1642 856 etiam
1669 803 1788 858 volo
1819 788 1876 858 ut

269 881 421 950 quod
453 884 750 951 didiceras,
797 887 914 957 ipse
962 889 1223 944 dediscas.
1269 890 1462 946 Parum
1487 900 1572 946 est
1600 893 1740 948 enim
1768 910 1873 948 non

266 976 500 1031 credere
528 993 699 1049 neque
727 980 908 1035 dicere
937 981 1078 1052 quod
1109 996 1230 1052 pars
1252 983 1346 1037 Dei
1371 984 1439 1042 sit
1467 984 1660 1039 anima.
1689 985 1873 1057 Neque

264 1068 416 1120 enim
447 1079 505 1123 et
532 1069 723 1124 Filium
750 1071 832 1126 vel
864 1072 1119 1142 Spiritum
1145 1081 1383 1130 sanctum
1412 1087 1612 1146 partem
1638 1077 1730 1133 Dei
1754 1093 1874 1135 esse

262 1159 505 1214 dicimus
528 1178 542 1213 :
570 1173 624 1217 et
647 1172 822 1219 tamen
852 1165 1080 1222 dicimus
1103 1168 1311 1224 Patrem
1337 1178 1392 1226 et
1415 1168 1605 1225 Filium
1626 1180 1679 1226 et
1702 1171 1870 1242 Spiri-

261 1258 375 1300 tum
415 1261 665 1310 sanctum
699 1255 854 1310 unius
892 1257 1238 1330 ejusdemque
1277 1274 1398 1316 esse
1424 1270 1648 1316 natura}.
1678 1262 1868 1318 Parum

256 1351 342 1391 est
375 1356 514 1410 ergo
542 1352 728 1398 utnon
759 1345 1002 1402 dicamus
1041 1350 1272 1404 animam
1315 1366 1438 1408 esse
1482 1363 1684 1422 partem
1733 1355 1866 1410 Dei:

254 1430 358 1484 sed
388 1432 498 1489 hoc
528 1437 689 1490 etiam
710 1451 846 1506 Opus
865 1447 947 1494 est
966 1449 1022 1494 ut
1049 1441 1307 1508 dicamus,
1340 1459 1444 1497 non
1472 1461 1589 1500 eam
1619 1455 1674 1502 et
1700 1445 1869 1502 Deum

255 1523 428 1578 unius
449 1524 802 1598 ejusdemque
825 1545 947 1586 esse
965 1540 1194 1588 naturae.
1221 1532 1370 1590 Unde
1383 1535 1473 1592 ille
1491 1546 1636 1593 recte
1654 1538 1868 1608 quidem

255 1615 363 1678 ait,
402 1634 422 1666 ι
457 1633 630 1687 genus
659 1619 753 1674 Dci
783 1636 904 1677 esse
927 1625 1154 1693 animas,
1195 1643 1417 1683 munere
1440 1670 1454 1694 ,
1487 1645 1592 1684 non
1621 1639 1860 1699 natura,»

256 1721 323 1761 ac
357 1723 461 1777 per
492 1710 594 1766 hoc
624 1713 732 1768 non
759 1717 995 1771 omnium
1023 1759 1038 1783 ,
1069 1717 1165 1774 sed
1212 1720 1444 1778 ﬁdelium
1489 1741 1502 1777 :
1547 1724 1641 1780 sed
1680 1741 1866 1783 rursus

256 1798 326 1851 ad
360 1799 413 1853 id
444 1802 590 1871 quod
615 1803 978 1862 declinaverat
999 1808 1278 1866 devolutus
1300 1822 1404 1882 est,
1436 1823 1490 1870 et
1514 1815 1680 1872 Deum
1705 1828 1866 1889 atque

257 1893 503 1947 animam
547 1895 788 1966 ejusdem
819 1899 954 1956 dixit
975 1917 1096 1958 esse
1134 1915 1370 1973 naturaa;
1402 1924 1506 1962 non
1536 1911 1748 1981 quidem
1781 1913 1865 1968 his

254 1983 470 2051 verbis,
501 1985 602 2041 sed
625 1998 808 2058 aperta
837 1992 1221 2066 manifestaque
1250 2001 1530 2055 sententia.
1560 2001 1694 2058 Cum
1719 2005 1860 2058 enim

257 2076 502 2131 animam
528 2079 599 2133 ita
629 2096 749 2137 esse
773 2083 901 2138 dicit
926 2101 992 2140 ex
1017 2087 1158 2155 Deo,
1189 2097 1246 2143 ut
1273 2106 1392 2145 eam
1419 2108 1518 2148 nec
1545 2110 1610 2149 ex
1639 2095 1742 2150 alia
1770 2111 1864 2151 na-

259 2177 405 2233 tura,
442 2185 544 2224 nec
574 2186 641 2226 ex
669 2172 858 2242 nihilo,
887 2177 978 2231 sed
1011 2194 1076 2234 ex
1103 2181 1390 2252 semetipso
1415 2186 1706 2252 creaverit;
1736 2187 1861 2257 quid

260 2262 595 2330 persuadere
635 2278 882 2335 conatur,
925 2269 1025 2324 nisi
1063 2270 1114 2325 id
1156 2273 1297 2344 quod
1327 2274 1444 2330 aliis
1474 2276 1646 2332 verbis
1683 2287 1858 2348 negat,

261 2353 500 2408 animam
523 2355 730 2411 scilicet
751 2357 990 2428 ejusdem
1012 2362 1163 2431 cujus
1191 2365 1330 2419 Deus
1353 2375 1453 2432 est,
1482 2383 1600 2424 esse
1625 2370 1860 2424 naturae?

262 2445 451 2502 Omnis
475 2451 677 2522 quippe
706 2462 894 2508 natura
922 2455 1005 2510 vel
1036 2456 1172 2512 Deus
1199 2469 1280 2512 est
1305 2500 1318 2520 ,
1348 2460 1436 2530 qui
1476 2461 1677 2516 nullum
1705 2461 1862 2518 habet

262 2543 574 2605 auctorem;
603 2540 690 2594 vel
729 2557 796 2596 ex
826 2543 934 2598 Deo
961 2555 1077 2610 est,
1117 2549 1240 2617 quia
1284 2549 1454 2618 ipsum
1494 2550 1655 2607 habet
1679 2565 1862 2608 aucto-

264 2645 400 2685 rem.
419 2631 524 2686 Sed
550 2648 670 2702 quae
693 2632 850 2689 habet
869 2645 1138 2693 auctorem
1166 2640 1329 2696 Deum
1345 2657 1412 2696 ex
1431 2659 1534 2712 quo
1558 2653 1660 2710 est,
1686 2645 1860 2717 aliqua

267 2719 402 2776 facta
430 2738 537 2776 non
580 2732 688 2791 est,
733 2725 908 2796 aliqua
938 2726 1072 2786 facta
1100 2739 1201 2785 est.
1250 2731 1416 2788 Porro
1442 2749 1560 2804 qua:
1589 2735 1722 2790 facta
1751 2753 1858 2792 non

187 2827 190 2830 '
270 2823 378 2881 est,
407 2824 461 2870 et
486 2825 665 2870 tamen
710 2833 774 2872 ex
814 2818 931 2889 ipso
972 2830 1073 2888 est,
1099 2830 1190 2877 aut
1223 2825 1397 2894 genita
1427 2834 1510 2880 est
1533 2828 1600 2882 ab
1629 2827 1738 2895 illo,
1767 2839 1860 2884 aut

273 2909 507 2978 procedit
537 2926 606 2965 ex
641 2911 732 2966 illo
765 2930 778 2965 ε
808 2928 928 2981 quas
951 2915 1126 2983 genita
1151 2925 1233 2972 est
1253 2957 1270 2984 ,
1318 2917 1484 2973 Filius
1513 2928 1596 2975 est
1631 2920 1853 2988 unicus;

281 3016 396 3069 qua
419 3002 670 3070 procedit,
692 3003 928 3073 Spiritus
953 3018 1169 3061 sanctus
1191 3025 1208 3062 1
1229 3017 1279 3066 et
1305 3010 1419 3064 haec
1445 3010 1677 3068 Trinitas
1702 3014 1857 3070 unius

287 3102 366 3147 est
392 3094 720 3166 ejusdemque
769 3108 993 3153 naturae.
1019 3099 1149 3156 Nam
1181 3102 1294 3160 haec
1316 3106 1412 3160 tria
1438 3121 1602 3162 unum
1631 3117 1773 3175 sunt,
1801 3120 1858 3166 et

276 3183 532 3255 singultim
557 3188 804 3258 quodque
837 3190 992 3257 Deus,
1038 3201 1092 3247 et
1132 3195 1288 3249 simul
1330 3198 1504 3250 omnia
1550 3215 1688 3255 unus
1718 3201 1856 3256 Deus

273 3275 630 3344 immutabilis,
663 3281 1043 3348 sempiternus,
1091 3284 1208 3340 sine
1253 3289 1508 3357 temporis
1551 3290 1661 3345 ullo
1704 3291 1855 3348 initio

271 3369 374 3423 sive
405 3372 654 3426 termino.
683 3374 750 3427 At
779 3358 905 3428 vero
936 3375 1019 3430 illa
1045 3387 1232 3433 natura
1264 3396 1382 3450 qua:
1413 3380 1552 3438 facta
1573 3391 1673 3450 est,
1705 3400 1856 3442 crea-

275 3471 382 3516 tura
408 3473 746 3536 nuncupatur
789 3484 803 3521 :
847 3467 1068 3524 Creator
1104 3481 1279 3526 autem
1323 3472 1485 3541 Deus,
1529 3476 1618 3531 illa
1651 3477 1855 3534 scilicet

266 3553 514 3610 Trinitas.
537 3544 796 3614 "Creatura
824 3575 950 3630 ergo
977 3562 1046 3615 ita
1071 3577 1190 3618 esse
1217 3563 1411 3620 dicitur
1430 3583 1493 3622 ex
1515 3569 1644 3635 Deo,
1669 3579 1852 3627 utnon

268 3659 327 3700 ex
353 3645 469 3715 ejus
497 3655 686 3703 natura
718 3648 854 3704 facta
882 3651 973 3706 sit.
1016 3652 1095 3708 Ex
1126 3655 1219 3709 illo
1244 3658 1385 3712 enim
1418 3669 1694 3731 pr0pterea
1721 3663 1852 3720 dici-

268 3746 365 3803 tur,
397 3740 522 3810 quia
550 3740 724 3813 ipsum
746 3756 1014 3800 auctorem
1045 3747 1202 3804 habet
1227 3760 1281 3804 ut
1309 3752 1378 3806 sit
1407 3769 1420 3805 :
1450 3770 1554 3808 non
1584 3755 1677 3820 ita,
1704 3765 1759 3811 ut
1782 3758 1851 3814 ab

267 3829 354 3882 illo
375 3841 498 3885 nata
527 3833 622 3900 sit,
651 3834 734 3888 vel
769 3838 1119 3905 processerit;
1150 3841 1242 3894 sed
1272 3841 1340 3896 ab
1366 3843 1456 3897 illo
1484 3857 1682 3914 creata,
1716 3863 1848 3903 cou-

265 3919 386 3987 dita,
414 3921 556 3978 facta
585 3927 674 3992 sit,
699 3929 891 3996 partim
916 3945 979 3983 ex
1007 3931 1151 3986 nulla
1173 3933 1298 4000 alia,
1332 3934 1383 3988 id
1407 3947 1511 4003 est,
1544 3939 1760 3994 omnino
1781 3955 1848 3996 ex

261 4013 441 4079 nihilo,
481 4016 621 4072 sicut
668 4019 864 4074 caelum
913 4031 964 4076 et
1017 4032 1152 4078 terra
1179 4066 1194 4088 ,
1241 4025 1325 4078 vel
1365 4026 1539 4096 potius
1584 4030 1849 4087 universae

262 4108 541 4162 mundanae
571 4110 724 4165 molis
754 4112 997 4167 universa
1030 4130 1151 4169 cum
1192 4117 1390 4172 mundo
1414 4131 1692 4177 concreala
1729 4139 1845 4176 ma-

261 4201 425 4266 teria;
454 4202 644 4271 partim
668 4218 796 4258 vero
824 4221 892 4260 ex
913 4206 1022 4261 alia
1043 4207 1154 4278 jam
1184 4218 1361 4265 creata
1392 4221 1548 4284 atque
1586 4215 1847 4272 existente

259 4301 466 4358 natura,
495 4293 634 4348 sicut
657 4295 740 4349 vir
769 4311 835 4350 ex
859 4296 1004 4363 limo,
1026 4298 1216 4352 mulier
1239 4315 1305 4355 ex
1334 4304 1470 4370 viro,
1498 4318 1568 4358 ex
1611 4307 1845 4374 parenti-

257 4380 352 4436 bus
381 4382 547 4439 bomo
571 4403 586 4438 :
610 4395 855 4441 creatura
884 4396 1057 4442 tamen
1086 4389 1262 4445 omnis
1283 4405 1350 4446 ex
1381 4392 1507 4459 Deo,
1541 4393 1634 4449 sed
1661 4410 1848 4450 crean-

258 4479 308 4528 te
327 4475 411 4530 vel
438 4491 505 4530 ex
528 4477 697 4532 nihilo
727 4479 809 4534 vel
832 4495 895 4534 ex
917 4480 1116 4552 aliquo,
1142 4497 1250 4537 non
1270 4492 1446 4540 autem
1476 4487 1729 4558 gignente
1758 4490 1845 4546 vel

259 4565 583 4634 producente
608 4570 676 4624 de
701 4585 761 4625 sc
787 4571 923 4642 ipso.

263 4671 266 4674 ‘
331 4660 382 4714 6.
406 4660 460 4717 Si
489 4661 609 4718 haec
634 4655 756 4718 cum
783 4666 1045 4722 catholico
1065 4667 1274 4740 loquor,
1300 4672 1470 4743 magis
1497 4687 1844 4733 commonens

257 4765 409 4820 quam
449 4751 675 4811 docens.
707 4755 889 4827 Neque
935 4757 1076 4812 enim
1107 4775 1226 4816 esse
1271 4761 1364 4816 tibi
1413 4764 1643 4820 arbitror
1684 4783 1838 4836 nova,

254 4844 332 4898 vel
356 4845 539 4900 audita
564 4847 777 4917 quidem
804 4859 858 4903 et
880 4861 1055 4917 antea,
1103 4865 1210 4908 non
1240 4862 1418 4910 tamen
1443 4857 1644 4914 credita
1678 4878 1690 4914 :
1723 4862 1840 4929 sed,

252 4945 307 4990 ut
333 4938 587 4994 existimo
607 4981 621 5005 ,
651 4941 729 4996 sic
758 4941 889 5012 legis
925 4944 1202 5014 epistolam
1232 4962 1404 5003 meam
1426 4989 1441 5014 ,
1471 4960 1526 5003 ut
1556 4950 1642 5006 hic
1669 4968 1838 5023 agno-

251 5041 364 5082 scas
390 5030 557 5084 etiam
583 5030 742 5086 fidem
769 5041 934 5100 tuam,
958 5051 1077 5104 quae
1107 5037 1264 5092 nobis
1289 5039 1340 5092 in
1366 5040 1627 5096 catholica
1655 5043 1843 5100 Eccle-

253 5119 343 5182 sia,
373 5119 605 5176 Domino
626 5122 860 5178 donante
878 5164 892 5189 ,
921 5127 1220 5181 communis
1248 5137 1350 5182 est.
1379 5128 1436 5185 Si
1462 5146 1590 5202 ergo
1617 5132 1751 5198 hrcc,
1787 5143 1844 5190 ut

253 5211 425 5269 dicere
456 5229 749 5285 coeperam,
773 5232 895 5271 cum
925 5219 1189 5275 catholico
1212 5221 1429 5292 loquor;
1456 5225 1599 5280 unde
1619 5227 1843 5284 obsecro

253 5303 421 5359 credis
441 5320 564 5361 esse
590 5308 847 5376 animam,
873 5323 976 5364 non
999 5311 1413 5384 uniuscujusque
1436 5326 1675 5373 nostrum
1695 5319 1838 5389 dico,

255 5397 343 5451 sed
373 5399 598 5468 primam
630 5401 805 5470 primo
835 5402 908 5456 illi
941 5403 1142 5460 homini
1170 5405 1384 5463 datam?
1405 5408 1461 5464 Si
1487 5427 1554 5468 ex
1583 5413 1768 5483 nihilo,
1788 5425 1842 5472 et

254 5489 433 5546 laetam
465 5502 644 5549 tamen
676 5493 1114 5568 insufﬂatamque
1140 5515 1169 5555 a
1200 5501 1349 5557 Deo:
1393 5503 1445 5558 id
1484 5505 1659 5562 credis
1699 5507 1841 5580 quod

253 5597 364 5652 ego.
393 5584 447 5639 Si
473 5596 657 5640 autem
685 5603 750 5641 ex
779 5586 951 5658 aliqua
979 5590 1081 5644 alia
1109 5601 1376 5660 creatura,
1403 5610 1522 5666 qua:
1553 5597 1692 5654 unde
1721 5602 1839 5656 ani-

253 5690 330 5730 ma
358 5677 530 5744 fieret,
565 5689 820 5749 tanquam
848 5683 1100 5738 materies
1132 5684 1440 5754 subjacebat
1467 5688 1656 5744 artiﬁci
1690 5691 1841 5760 Deo;

252 5767 377 5823 sicut
404 5771 578 5839 pulvis
620 5771 767 5827 unde
810 5770 962 5828 ﬁeret
987 5773 1186 5842 Adam,
1217 5777 1304 5832 vel
1348 5787 1495 5834 costa
1539 5780 1654 5851 ejus
1697 5784 1838 5840 unde

250 5859 372 5934 Eva,
406 5864 491 5920 vel
519 5865 662 5922 sicut
685 5879 839 5938 aqua:
866 5865 1006 5925 unde
1027 5869 1199 5944 pisces
1227 5877 1282 5928 et
1299 5870 1564 5948 volucres,
1595 5876 1679 5935 vel
1697 5876 1836 5938 sicut

1638 403 1838 463 LIBER
1875 409 2250 472 SECUNDUS.

3465 425 3572 490 898

1988 535 2127 584 terra
2157 531 2295 588 unde
2320 534 2569 594 animalia
2607 552 2829 612 quaeque
2868 539 3139 599 terrestria
3174 561 3188 599 :
3217 559 3324 600 non
3362 554 3448 603 est
3481 563 3574 605 ca-

1986 623 2258 693 tholicum,
2288 643 2392 683 non
2421 639 2503 684 est
2531 646 2732 688 verum.
2776 635 2927 702 Quod
2969 638 3015 694 si
3057 655 3231 712 neque
3264 656 3331 698 ex
3372 642 3569 713 nihilo,

1984 731 2158 786 neque
2181 734 2247 773 ex
2268 719 2369 774 alia
2397 736 2733 794 quacumque
2772 737 3036 797 creatura,
3067 732 3164 788 sed
3189 748 3255 787 ex
3281 735 3570 806 semetipso

1982 807 2170 873 Deum,
2205 807 2306 864 hoc
2334 819 2436 872 est.
2466 828 2528 866 ex
2568 823 2754 891 natura
2779 832 2873 872 sua
2905 821 3110 888 fecisse,
3139 823 3224 878 vel
3247 823 3425 881 facere
3451 826 3570 882 ani-

1982 916 2116 969 mas,
2153 902 2294 972 quod
2326 904 2482 972 absit,
2511 908 2780 964 existimas
2812 927 2826 963 :
2859 910 2959 966 hoc
2982 914 3194 983 quidem
3220 917 3286 970 ab
3311 916 3413 972 isto
3432 917 3569 975 didi-

1981 991 2132 1060 cisti;
2174 994 2268 1049 sed
2298 1010 2401 1050 non
2435 997 2526 1052 tibi
2553 1001 2805 1068 gratulor,
2842 1017 3012 1072 neque
3051 1005 3324 1073 blandior;
3367 1009 3565 1080 longe‘

1979 1097 2099 1138 cum
2119 1085 2209 1141 illo
2229 1101 2258 1140 a
2282 1086 2382 1142 fide
2395 1088 2652 1144 catholica
2673 1092 3002 1150 exorbitasti.
3023 1094 3375 1155 Tolerabilius
3395 1103 3562 1168 enim;

1977 1177 2117 1246 quod
2138 1177 2352 1248 quidem
2384 1181 2572 1236 falsum
2604 1192 2720 1249 est;
2749 1191 2950 1250 tamen,
2976 1193 3032 1240 ut
3059 1187 3188 1255 dixi,
3215 1189 3561 1258 tolerabilius,

1977 1281 2043 1322 ex
2083 1269 2254 1339 aliqua
2304 1271 2404 1326 alia
2449 1283 2690 1328 creatura
2715 1317 2730 1341 ,
2778 1291 2935 1346 quam
2979 1278 3193 1348 quidem
3226 1281 3335 1349 jam
3366 1283 3564 1340 fecerat

1976 1357 2138 1426 Deus,
2161 1376 2319 1431 quam
2360 1377 2426 1420 ex
2469 1364 2559 1419 Dei
2592 1377 2778 1421 natura
2808 1369 3038 1424 animam
3077 1371 3344 1427 conditam
3371 1374 3561 1430 crede-

1975 1465 2082 1516 res,
2105 1453 2320 1523 utquod
2344 1465 2424 1510 est
2447 1456 2732 1524 mutabilis,
2756 1459 2895 1530 Quod
2918 1470 3118 1531 peccat,
3137 1463 3274 1531 quod
3297 1463 3358 1519 ﬁt
3377 1467 3557 1536 impia,

1973 1543 2114 1614 quod
2163 1546 2322 1601 etiam
2376 1549 2420 1603 si
2462 1550 2620 1619 impia
2670 1552 3036 1621 perduraverit
3066 1555 3116 1609 in
3147 1555 3273 1623 ﬁne,
3301 1557 3417 1612 sine
3455 1557 3560 1614 ﬁne

1972 1633 2330 1702 damnabitur,
2366 1655 2470 1695 non
2497 1642 2564 1696 ad
2605 1642 2697 1698 Dei
2734 1654 2974 1700 naturam
3005 1661 3126 1701 cum
3147 1646 3414 1704 horrenda
3439 1649 3559 1705 bla-

1970 1725 2209 1796 sphemia
2238 1729 2547 1787 referretur.
2581 1732 2768 1804 Abjice
2787 1775 2802 1800 ,
2832 1735 2993 1792 frater
3011 1779 3027 1805 ,
3059 1737 3230 1808 abjice
3253 1780 3267 1804 ,
3296 1741 3556 1806 obsecro,

1970 1815 2160 1885 istam,
2188 1835 2294 1875 non
2340 1822 2498 1890 plane
2526 1823 2706 1889 fidem,
2755 1827 2850 1881 sed
2887 1830 3230 1885 exsecranda:
3269 1831 3558 1902 impietatis

1968 1922 2229 1978 errorem,
2247 1927 2314 1966 ne
2340 1912 2499 1968 homo
2521 1916 2701 1986 gravis
2728 1918 2978 1974 seductus
2994 1936 3022 1973 a
3046 1920 3269 1991 juvene,
3293 1933 3345 1978 et
3364 1940 3394 1978 a
3421 1924 3558 1981 laico

1968 1991 2263 2075 presbyteP,
2286 2020 2406 2059 cum
2435 2007 2586 2062 istam
2612 2010 2926 2066 catholicam
2951 2012 3105 2068 ﬁdem
3124 2030 3244 2070 esse
3258 2016 3553 2085 arbitraris,

1967 2091 2034 2146 de
2061 2109 2283 2149 numero
2311 2095 2562 2164 fidelium,
2594 2099 2735 2168 quod
2759 2116 2788 2153 a
2819 2110 2868 2156 te
2893 2111 3095 2158 avertat
3125 2104 3400 2172 Dominus,
3457 2123 3554 2162 ex-

1967 2181 2166 2238 imaris.
2189 2183 2306 2238 Non
2333 2188 2474 2240 enim
2507 2189 2583 2243 sic
2609 2197 2782 2244 tecum
2805 2193 3065 2261 agendum
3083 2205 3186 2260 est,
3211 2207 3268 2250 ut
3292 2213 3412 2251 cum
3437 2199 3552 2264 illo;

1965 2283 2056 2328 aut
2080 2291 2139 2330 ea
2175 2280 2327 2332 venia
2367 2289 2486 2334 tuus
2525 2281 2624 2336 iste
2664 2290 2768 2336 tam
2815 2283 3110 2341 horrendus
3136 2326 3154 2354 ,
3193 2303 3294 2357 qua
3338 2289 3552 2359 juvenis

1966 2365 2138 2431 illius,
2173 2368 2292 2422 licet
2319 2370 2386 2423 ab
2414 2371 2506 2425 illo
2529 2372 2595 2426 ad
2628 2381 2678 2428 te
2709 2375 3016 2442 transierit,
3047 2392 3199 2432 error
3225 2389 3308 2433 est
3335 2380 3551 2450 dignus.

1964 2456 2058 2511 Ille
2097 2458 2219 2512 ovili
2265 2459 2528 2516 catholico
2569 2465 2836 2519 sanandus
2881 2481 3051 2533 nuper
3093 2469 3351 2532 accessit,
3397 2479 3452 2524 tu
3497 2471 3555 2525 in

1963 2548 2237 2605 catholicis
2278 2552 2576 2621 pastoribus
2615 2553 2905 2624 deputaris.
2943 2555 3202 2613 Nolumus
3241 2560 3309 2613 ita
3337 2571 3554 2616 curetur

1963 2657 2082 2710 qua:
2106 2643 2249 2697 venit
2277 2643 2346 2698 ab
2374 2659 2558 2699 errore
2596 2646 2662 2700 ad
2702 2646 3025 2703 dominicum
3049 2665 3262 2720 gregem
3280 2692 3295 2716 ,
3320 2661 3378 2706 ut
3403 2653 3554 2722 prius

1963 2734 2213 2804 pestifera
2255 2737 2566 2807 contagione
2606 2737 2880 2808 disperdat
2923 2740 3037 2794 ovis
3086 2741 3325 2800 ulcerosa
3367 2751 3550 2812 pasto-

1961 2839 2076 2878 rem
2085 2863 2098 2878 .

2033 2917 2088 2969 7.
2127 2913 2279 2984 Quod
2303 2916 2350 2972 si
2378 2915 2532 2983 dicis,
2562 2917 2675 2974 Hoc
2705 2934 2790 2974 me
2817 2920 2905 2976 ille
2931 2935 3039 2978 non
3069 2920 3269 2991 docuit,
3302 2939 3401 2979 nec
3428 2924 3552 2981 huic

1960 3005 2131 3060 errori
2151 3005 2268 3077 ejus
2292 3007 2403 3063 ullo
2432 3008 2611 3073 modo,
2641 3010 2932 3080 quamlibet
2956 3011 3138 3067 diserti
3160 3023 3213 3068 et
3241 3015 3412 3068 ornati
3440 3029 3553 3069 ser-

1961 3095 2137 3152 monis
2178 3097 2388 3153 illectus
2431 3100 2692 3156 suavitate
2721 3105 2968 3158 consensi
3001 3122 3013 3158 :
3045 3121 3143 3176 ago
3171 3106 3411 3176 ingentes
3441 3109 3552 3163 Deo

1958 3193 2177 3262 gratias.
2211 3192 2316 3248 Sed
2342 3209 2546 3264 quaero,
2581 3195 2720 3251 unde
2770 3195 2846 3250 illi
2888 3207 3048 3266 caput
3087 3200 3444 3268 exosculatus,
3493 3209 3553 3256 ut

1958 3284 2153 3339 dicitur
2175 3326 2190 3350 ,
2221 3287 2420 3356 gratias
2446 3289 2619 3357 egeris
2647 3298 2697 3343 te
2723 3288 2972 3344 didicisse
2999 3289 3140 3360 quod
3171 3307 3338 3362 usque
3363 3291 3431 3346 ad
3456 3309 3553 3346 au—

1957 3375 2124 3430 ditam
2151 3376 2561 3448 disputationem
2605 3380 2747 3436 illius
2790 3381 3071 3452 ignorabas
3105 3400 3119 3437 :
3150 3395 3240 3437 aut
3266 3385 3311 3438 si
3356 3385 3550 3440 falsum

1957 3475 2058 3532 est,
2087 3467 2191 3524 hoc
2234 3475 2285 3523 te
2321 3467 2518 3526 fecisse
2558 3480 2718 3542 atque
2747 3472 3007 3538 dixisse’,
3056 3474 3159 3530 hoc
3208 3475 3381 3545 ipsum
3425 3487 3550 3547 peto

1957 3559 2112 3614 nobis
2140 3559 2388 3616 intimare
2415 3561 2654 3633 digneris
2676 3605 2690 3629 ,
2725 3575 2779 3618 ut
2804 3565 2981 3620 inanis
3007 3583 3189 3622 rumor
3217 3569 3318 3624 tuis
3358 3569 3548 3628 litteris

1956 3651 2248 3707 refellatur.
2282 3652 2336 3708 Si
2359 3662 2536 3709 autem
2566 3670 2751 3710 verum
2774 3666 2876 3720 est,
2901 3658 2988 3712 illa
3017 3658 3315 3715 humilitate
3343 3660 3548 3718 homini

1955 3737 2128 3816 egisse
2160 3754 2211 3800 te
2245 3748 2475 3817 gratias;
2503 3748 2710 3818 gaudeo
2741 3749 2955 3820 quidem
2982 3752 3028 3805 si
3056 3762 3107 3807 te
3143 3753 3272 3808 illud
3312 3770 3420 3809 non
3447 3755 3548 3810 do-

1953 3836 2086 3901 etiit,
2117 3837 2257 3906 quod
2285 3839 2529 3908 superius
2554 3855 2712 3911 quam
2741 3841 2810 3896 sit
2832 3841 3202 3899 detestandum
3223 3848 3547 3903 cavendum-

1953 3941 2058 3996 que
2082 3929 2403 3994 monstravi;

2023 4016 2249 4075 CAPUT
2279 4019 2367 4076 IV.
2397 4022 2567 4078 —Et
2617 4039 2722 4078 non
2775 4025 3111 4096 reprehendo
3162 4031 3306 4100 quod
3362 4043 3544 4102 gratus

1951 4106 2116 4164 fueris
2139 4119 2283 4166 tanta
2308 4112 2608 4169 humilitate
2632 4115 2861 4182 doctori,
2891 4117 2934 4170 si
2963 4119 3166 4189 aliquid
3193 4121 3335 4177 aliud
3361 4123 3545 4194 diSpu-

1952 4208 2097 4256 tante
2127 4201 2239 4267 illo,
2271 4218 2458 4258 verum
2488 4213 2649 4276 atque
2691 4206 2820 4262 utile
2847 4207 3081 4264 didicisti
3111 4228 3127 4266 :
3158 4211 3254 4267 sed
3286 4211 3385 4269 hoc
3416 4215 3543 4284 quid

1949 4293 2018 4348 sit
2047 4294 2291 4366 inquiro;
2323 4311 2390 4350 an
2430 4296 2568 4352 forte
2596 4299 2829 4354 animam
2860 4316 2966 4355 non
2993 4301 3238 4371 spiritum
3269 4320 3419 4372 esse,
3447 4306 3543 4361 sed

1948 4386 2176 4456 corpus?
2204 4385 2322 4442 Non
2368 4388 2582 4458 quidem
2632 4405 2882 4460 magnum
2933 4391 3192 4449 doctrinm
3236 4395 3541 4452 christiana}

1948 4478 2180 4534 arbitror
2222 4495 2343 4535 esse
2367 4480 2746 4538 detrimentum
2778 4483 2876 4537 ista
2903 4485 3111 4540 nescire
3135 4500 3149 4538 ε
3178 4495 3233 4541 et
3255 4487 3299 4540 si
3329 4486 3397 4541 de
3422 4503 3542 4542 cor-

1949 4583 2137 4639 porum
2181 4571 2468 4641 generibus
2517 4573 2784 4628 subtiliter
2826 4574 3145 4643 disputetur,
3191 4577 3294 4632 hoc
3338 4579 3542 4651 majore

1947 4661 2262 4718 difﬁcultate
2304 4680 2460 4735 quam
2492 4666 2718 4720 utilitate
2748 4666 3086 4738 perdiscitur.
3118 4667 3176 4724 Si
3211 4680 3389 4726 autem
3430 4675 3540 4730 Do-

1946 4757 2123 4812 minus
2150 4757 2379 4812 voluerit
2407 4766 2465 4812 ut
2504 4758 2572 4814 ad
2598 4759 2747 4814 illum
2791 4762 2962 4830 ipsum
2997 4764 3249 4833 juvenem
3279 4767 3534 4838 scribam,

1946 4847 2083 4902 sicut
2103 4847 2370 4918 desidero,
2391 4850 2463 4905 ibi
2484 4852 2614 4906 sciet
2636 4852 2858 4907 fortasse
2880 4853 3105 4910 Dilectio
3127 4866 3232 4924 tua,
3255 4859 3541 4931 etiam-hoc

1946 4954 2104 5009 quam
2130 4957 2236 4996 non
2268 4950 2319 4997 te
2347 4942 2627 4998 docuerit:
2661 4945 2706 4998 si
2753 4953 2928 5002 tamen
2979 4947 3033 5002 id
3081 4957 3133 5005 te
3177 4950 3246 5005 ab
3283 4953 3374 5008 illo
3403 4953 3540 5009 didi-

1946 5033 2083 5088 cisse
2104 5033 2317 5090 laetaris.
2343 5035 2448 5091 Sed
2473 5052 2540 5092 ne
2565 5037 2691 5108 quid
2720 5039 2854 5094 forte
2876 5040 3018 5095 aliud
3043 5043 3133 5109 sit,
3161 5045 3303 5115 quod
3329 5058 3540 5104 constat

1947 5139 2065 5180 esse
2093 5124 2252 5196 utile,
2284 5137 2337 5183 et
2361 5128 2429 5183 ad
2463 5129 2620 5185 ﬁdem
2649 5135 3004 5189 necessariam
3035 5135 3056 5167 ³
3080 5137 3348 5208 pertinere
3367 5181 3383 5208 ,
3412 5151 3537 5212 peto

1946 5222 2238 5277 rescribere
2267 5239 2370 5278 non
2398 5225 2655 5296 graveris.

1943 5301 1960 5322 ⁸
2017 5314 2069 5369 8.
2110 5314 2241 5369 Nam
2274 5315 2404 5370 illud
2433 5317 2576 5388 quod
2616 5320 2914 5378 rectissime
2954 5329 3008 5377 et
3052 5323 3208 5379 valde
3251 5324 3537 5382 salubriter

1945 5405 2132 5473 credit,
2155 5407 2382 5478 judicari
2420 5411 2626 5467 animas
2667 5427 2787 5468 cum
2828 5414 2894 5470 de
2937 5416 3253 5486 corporibus
3281 5419 3530 5487 exierint,

1946 5501 2228 5569 anteqdam
2258 5502 2476 5558 veniant
2513 5503 2580 5558 ad
2610 5504 2739 5560 illud
2759 5505 3052 5577 judicium,
3075 5524 3180 5580 quo
3207 5525 3297 5564 eas
3323 5519 3537 5581 oportet

2008 5661 2026 5734 ξ
2059 5659 2195 5734 editi,
2221 5659 2356 5734 ζρριρε
2589 5664 2970 5734 ᾼὴθειηᾳειὶρρε,
2998 5678 3026 5714 a
3047 5669 3405 5734 manuscriptis.

2007 5723 2026 5786 ἒ
2059 5722 2276 5772 Nonnulli
2298 5722 2520 5783 codices,
2560 5733 2702 5786 atque
2739 5722 2984 5778 didicisse.
3018 5729 3271 5779 Vaticanus
3292 5722 3362 5780 ‘et
3402 5733 3532 5783 antl-

1942 5785 2203 5860 qu‘issimus
2223 5787 2564 5860 .Remigianus,
2722 5788 2777 5860 ⁸εἰ
2818 5789 2996 5860 [utﬁunt
3015 5795 3112 5852 est,
3151 5789 3239 5843 hoc
3262 5797 3308 5845 te
3327 5792 3529 5860 fecisse,

1941 5844 2259 5920 Mfmjngnis
2280 5844 2562 5920 τιιιηζιρχιιιίέ
2584 5849 2755 5920 litteris
2778 5844 3042 5915 refellatur.

2010 5912 2030 5943 ³
2061 5909 2132 5960 Sic
2151 5917 2254 5962 Mss.
2279 5917 2334 5963 At
2351 5910 2487 5976 editi,
2511 5909 2849 5968 necessarium.
