4042 6496
418 396 529 465 ιοο

418 520 532 596 jam
555 520 781 579 redditis
816 513 1130 591 eorpOribus
1151 512 1397 586 judicari,
1429 520 1587 584 atque
1613 506 1665 565 in
1692 509 1806 581 ipsa
1829 508 1880 563 in
1906 516 2011 579 qua

420 616 518 673 hic
537 614 804 680 vixerunt,
836 621 998 667 carne
1028 608 1281 679 torqueri,
1315 608 1427 663 sive
1455 601 1707 678 gioriari;
1741 600 1842 656 hoc
1871 600 2015 654 itane

386 708 643 765 -tandem
693 708 805 779 ipse
844 700 1160 760 nesciebas?
1188 701 1318 772 Quis
1362 696 1620 757 adversus
1668 694 2012 767 Evangelium

423 808 574 861 tanta
599 798 957 857 obstinatione
978 796 1173 851 mentis
1198 790 1495 861 obsurduit,
1519 796 1577 847 ut
1601 788 1652 846 in
1675 784 1767 845 illo
1783 802 2015 860 paupere

423 886 516 967 qui
546 900 666 964 post
690 896 918 946 mortem
945 888 1153 945 ablatus
1188 894 1274 942 est
1312 886 1365 940 in
1391 885 1566 939 sinum
1599 878 1848 949 Abrahae,
1882 888 1934 936 et
1963 879 2014 936 in

426 983 521 1042 illo
548 982 714 1039 divite
748 980 899 1052 cujus
927 981 982 1035 iu
1007 976 1216 1034 inferno
1242 976 1510 1034 cruciatus
1539 976 1557 1008 ί
1584 975 1887 1047 exponitur,
1915 972 2015 1029 ista

424 1088 535 1133 non
574 1074 775 1141 audiat,
818 1072 899 1127 vel
941 1070 1120 1127 audita
1158 1082 1267 1126 non
1302 1068 1523 1125 credat?
1547 1064 1653 1125 Sed
1684 1062 1934 1137 numquid
1964 1073 2017 1121 te

426 1166 624 1233 docuit,
672 1162 939 1237 quomodo
971 1163 1147 1219 anima
1180 1162 1298 1220 sine
1325 1176 1549 1233 corpore
1578 1160 1645 1216 de
1684 1160 1851 1231 digito
1893 1172 2019 1230 pau-

426 1258 573 1329 peris
615 1268 768 1330 aquaa
812 1252 1011 1311 stillam
1056 1253 1364 1310 desiderare
1393 1254 1565 1323 potuit
1592 1248 1742 1325 (Luc.
1777 1262 1888 1316 xvr,
1914 1246 2016 1305 22-

425 1350 554 1421 24);
594 1358 717 1407 cum
744 1350 861 1421 ipse
886 1345 1164 1404 confessus
1189 1340 1278 1413 sit,
1307 1345 1560 1400 alimenta
1588 1354 1849 1414 corporea
1879 1350 2016 1397 non-

427 1444 531 1500 nisi
579 1452 797 1515 propter
835 1438 1131 1498 l'ulcieudas
1172 1442 1357 1495 ruinas
1396 1432 1756 1509 corruptibilis
1780 1432 2020 1506 corporis

427 1528 511 1590 sui
541 1536 773 1590 animam
794 1528 1074 1605 quaerere?
1094 1523 1269 1591 Verba
1289 1532 1408 1603 ejus
1434 1528 1535 1586 ista
1561 1526 2021 1599 suntuNuniquid

429 1624 553 1697 quia
580 1626 780 1692 anima,
813 1642 835 1678 ι
866 1625 1060 1695 inquit,
1093 1641 1113 1676 ι
1145 1622 1237 1678 aut
1259 1622 1439 1678 cibum
1475 1622 1666 1694 quzcrit
1694 1627 1785 1675 aut
1810 1627 2017 1692 potum,

429 1714 499 1771 ad
523 1715 693 1787 ipsam
719 1716 946 1771 transire
965 1712 1235 1772 credimus
1263 1708 1509 1785 pastum?
1535 1728 1556 1766 ι
1588 1713 1655 1769 Et
1681 1713 1841 1785 paulo
1870 1719 2019 1784 post:

437 1822 459 1859 ι
486 1802 641 1863 Unde
668 1806 997 1879 intelligitur,
1027 1824 1050 1861 ι
1096 1807 1298 1878 inquit,
1350 1824 1371 1859 ‹
1398 1813 1454 1863 et
1496 1802 1772 1877 probatur,
1812 1816 1917 1861 nou
1957 1806 2023 1861 ad

429 1896 666 1955 animam
705 1899 975 1969 pertinere
1004 1894 1247 1953 ciborum
1274 1894 1655 1965 sustentacula,
1683 1894 1777 1954 sed
1811 1894 1878 1953 ad
1904 1913 2026 1952 cor-

429 2000 568 2060 pus;
592 1990 677 2045 cui
699 1989 859 2046 etiam
887 1995 1082 2060 praeter
1106 1988 1285 2045 cibum
1306 1998 1621 2060 procuratur
1638 1987 1798 2044 simili
1819 1988 2025 2044 ratione

429 2084 689 2149 vestitus,
714 2086 775 2138 ut
801 2082 877 2137 illi
916 2082 1253 2138 necessarius
1276 2081 1524 2139 videatur
1560 2091 1791 2154 pasturaa
1831 2098 2024 2155 sugge-

435 2185 575 2243 stus,
617 2174 703 2231 cui
746 2175 1004 2246 competit
1049 2182 1104 2231 et
1142 2175 1289 2246 ipsos
1327 2172 1525 2231 habere
1552 2174 1793 2231 vestitus.
1823 2193 1844 2228 ι
1878 2168 2028 2231 lianc

430 2269 525 2328 ille
549 2269 869 2326 sententiam
898 2282 1051 2325 suam
1081 2269 1212 2326 satis
1236 2269 1513 2325 evidenter
1536 2268 1831 2342 expositam
1847 2311 1863 2338 ,
1892 2285 2029 2325 non-

433 2362 581 2419 nulla
608 2361 768 2419 etiam
794 2361 1144 2420 similitudine
1165 2356 1463 2433 illustrans,
1489 2362 1703 2435 adjecit.
1729 2371 1890 2436 atque
1913 2363 2025 2421 ait:

438 2471 461 2509 ι
491 2453 630 2525 Quid
676 2463 853 2511 autem
904 2464 1151 2527 putamus
1199 2450 1514 2529 inquilinum
1553 2470 1875 2527 quemquam
1916 2470 2029 2513 suae

430 2540 749 2603 habitationi
791 2546 1138 2617 prospicere?
1179 2545 1368 2601 Nonne
1415 2543 1460 2600 si
1506 2560 1623 2600 eam
1672 2546 1900 2601 senserit
1939 2556 2032 2602 aut

430 2649 579 2698 tecto
606 2648 857 2709 tremere,
879 2647 972 2696 aut
997 2648 1188 2695 nutare
1211 2638 1433 2711 pariete,
1458 2645 1552 2695 aut
1567 2638 1749 2695 labare
1761 2633 2029 2705 fundami-

435 2744 525 2796 ne,
554 2730 795 2789 destinas
816 2731 1027 2802 quzerit,
1053 2741 1228 2787 strues
1247 2730 1509 2801 congerit,
1531 2726 1723 2801 quibus
1748 2728 2032 2785 imminen-

434 2833 546 2880 tem
574 2825 735 2896 possit
786 2824 995 2883 ruinam
1042 2822 1228 2879 sedulo
1268 2821 1655 2894 diligenterque
1696 2820 1910 2890 fulcire,
1962 2836 2031 2876 ne

434 2916 538 2974 sub
575 2917 815 2989 periculo
856 2915 1150 2974 mansionis
1193 2914 1479 2972 discrimen
1525 2908 1770 2971 videatur
1796 2904 2031 2988 pendere

434 3011 672 3065 mansori
695 3010 757 3064 ’ἲ
782 3009 857 3065 ita
884 3025 1013 3082 ergo
1040 3017 1095 3065 et
1119 3004 1353 3063 animam
1382 3021 1708 3079 recognosce
1727 3048 1744 3076 ,
1774 3022 1794 3060 ι
1822 3007 2029 3078 inquit,

441 3119 462 3154 ι
489 3100 639 3158 carni
665 3115 776 3156 sua:
804 3100 1111 3157 desiderare
1134 3099 1311 3156 cibum
1331 3139 1347 3166 ,
1374 3113 1440 3155 ex
1468 3114 1571 3170 qua
1602 3097 1774 3170 ipsum
1799 3097 2033 3169 concipit

440 3191 563 3248 sine
590 3190 755 3247 dubio
778 3188 1126 3247 desiderium.
1156 3207 1177 3244 ›
1208 3190 1337 3246 Haec
1364 3204 1557 3260 nempe
1582 3182 1672 3244 ille
1693 3184 1909 3263 juvenis
1934 3196 2032 3245 sua

434 3292 595 3341 sensa
633 3278 811 3340 verbis
848 3276 1285 3340 iuculentissimis
1330 3288 1386 3339 et
1427 3280 1891 3337 sufiicientissimis
1933 3295 2030 3337 ex-

434 3377 685 3452 plicavit,
718 3391 966 3433 asserens
1007 3391 1113 3432 non
1156 3370 1348 3429 animae
1388 3370 1586 3445 requiri
1617 3371 1903 3439 alimenta,
1934 3360 2032 3429 sed

434 3466 684 3543 corpori;
715 3483 843 3525 cura
868 3466 1084 3542 quidem
1127 3465 1272 3521 illius
1292 3506 1308 3532 ,
1339 3465 1437 3521 sed
1462 3473 1713 3535 tanquam
1742 3458 2033 3520 habitantis

434 3560 492 3622 in
517 3562 700 3631 domo,
751 3571 807 3618 et
852 3554 1186 3617 moribunda:
1232 3559 1409 3614 carnis
1460 3556 1803 3614 imminentes
1847 3550 2032 3615 ruinas

433 3653 661 3728 provida
701 3652 993 3712 reiectione
1031 3642 1319 3707 iuicientis.
1352 3650 1419 3706 Et
1460 3644 1591 3706 illud
1638 3667 1767 3722 ergo
1795 3648 2033 3723 explicet

435 3742 555 3815 tibi,
584 3744 714 3818 quid
761 3745 937 3800 anima
984 3740 1075 3799 illa
1104 3742 1283 3800 divitis
1323 3741 1587 3797 ruiturum
1625 3732 1895 3798 destinare
1932 3756 2031 3797 cu-

434 3838 634 3910 piebat,
667 3852 787 3910 quae
815 3836 1043 3895 mortale
1070 3852 1266 3907 corpus
1290 3835 1399 3907 jam
1430 3835 1612 3907 utique
1637 3851 1745 3890 non
1776 3828 2028 3907 habebat,

436 3939 495 3987 et
518 3940 694 3986 tamen
724 3931 958 3998 sitiebat,
991 3938 1047 3986 et
1070 3945 1224 4003 aquae
1248 3929 1448 3984 stillam
1485 3928 1554 3984 de
1578 3927 1743 4001 digito
1781 3928 2033 4001 pauperis

435 4022 762 4095 requirebat.
796 4014 967 4079 liabet
993 4019 1082 4078 ubi
1111 4034 1171 4077 se
1198 4029 1444 4077 exerceat
1468 4014 1569 4075 iste
1590 4018 1779 4079 doctor
1804 4036 2031 4077 senum:

438 4126 665 4190 quaerat,
710 4124 767 4174 et
806 4116 1079 4184 inveniat,
1122 4113 1169 4170 si
1207 4113 1476 4185 potuerit,
1515 4113 1599 4169 cui
1630 4113 1707 4168 rei
1735 4113 1911 4167 anima
1943 4113 2033 4171 illa

438 4207 581 4278 apud
608 4206 806 4263 inferos
844 4202 1118 4263 humidum
1160 4200 1496 4272 alimentum,
1536 4203 1623 4258 vel
1650 4212 1757 4259 tam
1783 4203 2031 4275 exiguum

437 4298 793 4367 mendicaret,
817 4314 938 4356 cum
967 4295 1185 4353 ruinoso
1216 4294 1517 4353 habitacula
1535 4294 1646 4368 jam
1671 4303 1901 4352 careret.

514 4382 741 4449 CAPUT
780 4384 845 4447 V.
866 4419 946 4456 .—
959 4386 1012 4446 9.
1047 4389 1427 4460 incorporeum
1481 4396 1612 4443 sane
1659 4377 1827 4443 Deum
1876 4403 1999 4447 esse

440 4485 581 4559 quod
616 4484 806 4553 credit,
866 4476 1108 4556 gratulor
1148 4497 1271 4538 eum
1300 4480 1425 4537 hinc
1465 4472 1653 4538 saltem
1684 4479 2030 4539 aTcrtullia-

442 4578 501 4635 ni
529 4575 894 4633 deliramentis
915 4590 1035 4631 esse
1068 4571 1378 4629 discretum.
1396 4568 1492 4629 ille
1523 4571 1721 4644 quippe
1747 4563 1885 4628 sicut
1912 4574 2033 4629 ani-

442 4684 608 4735 mam,
641 4669 714 4723 ita
738 4667 899 4722 etiam
921 4660 1089 4739 Deum
1118 4676 1437 4736 corporeum
1472 4678 1595 4719 esse
1621 4662 1899 4720 contendit
1931 4662 2029 4739 (a).

443 4762 489 4816 Δ
518 4772 626 4831 quo
650 4760 751 4815 iste
777 4758 832 4812 in
860 4757 965 4814 hoc
979 4757 1321 4824 dissentiens,
1345 4752 1668 4811 mirabiliora
1696 4748 2023 4828 persuadere

443 4851 684 4919 molitur,
728 4849 895 4903 Deum
936 4846 1333 4918 incorporeum,
1366 4862 1471 4902 non
1498 4845 1567 4903 de
1616 4838 1785 4903 nihilo
1819 4846 2020 4918 facere,

443 4934 538 4997 sed
566 4940 633 4996 de
652 4940 939 5010 semetipso
974 4936 1160 4994 natum
1198 4938 1452 4994 exhalare
1492 4953 1832 5010 corporeum.
1860 4940 1907 4996 0
1930 4940 2032 4997 do-

443 5033 668 5090 ctrinam
696 5022 783 5088 cui
802 5031 976 5087 omnis
1004 5039 1135 5085 aetas
1161 5045 1318 5085 aures
1343 5024 1599 5103 subrigat,
1636 5047 1755 5104 quae
1786 5031 2032 5095 homines

443 5132 699 5189 annosus,
731 5134 853 5197 quae
894 5123 1124 5195 denique
1164 5122 1510 5196 presbyteros
1539 5134 1809 5181 mereatur
1834 5125 2032 5185 habere

444 5218 738 5291 discipulos
763 5219 779 5274 l
808 5218 994 5291 Legat,
1043 5217 1185 5289 legat
1227 5217 1280 5272 in
1324 5217 1581 5275 concione
1606 5218 1747 5291 quod
1784 5218 2048 5289 scripsit;

442 5321 603 5369 notos
626 5319 785 5383 atque
813 5308 1044 5382 ignotos,
1075 5306 1263 5366 doctos
1289 5316 1450 5383 atque
1491 5311 1734 5367 indoctos
1782 5313 2031 5368 recitatu-

441 5419 540 5463 rus
558 5402 763 5461 invitet.
793 5398 1063 5470 Seniores,
1097 5419 1220 5463 cum
1238 5402 1540 5476 junioribus
1556 5398 2035 5488 convenite,.quod'

444 5490 767 5551 nesciebatis
796 5491 1004 5560 discite,
1045 5488 1189 5563 quod
1230 5502 1502 5564 nunquam
1534 5492 1819 5551 audieratis
1845 5493 1998 5550 audi-

509 5624 531 5659 ι
562 5622 1528 5691 μοισιῃωωιαὰωῡθισιοίηωι
1563 5629 1619 5675 At
1641 5624 1790 5688 editi,
1817 5624 2037 5691 infernus

505 5720 778 5809 ῗῖἶιῖεὶι,
798 5748 1012 5809 pandere
1030 5748 1288 5809 mammia.

508 5807 585 5870 (a)
606 5806 948 5880 [crtullianuhsz
963 5811 1046 5860 lih.
1070 5806 1143 5880 de
1160 5813 1338 5880 anime.
1362 5810 1481 5861 Vide
1504 5812 1840 5878 Augustinum,
1865 5811 1950 5867 lib.
1968 5815 2037 5869 de

441 5870 741 5931 “extima,
759 5882 865 5932 cap.
883 5870 961 5934 86,
991 5879 1045 5923 et
1068 5876 1210 5932 epist.
1228 5873 1336 5924 Ιω.

1312 396 1402 453 nu
1440 390 1654 451 amna
1694 380 1785 473 er
1824 384 1989 447 stus
2026 382 2327 455 ORIGINE,
2368 387 2426 446 s.
2467 389 2838 481 AUGUS'l‘lNl
3095 467 3111 479 θ
3492 386 3543 409 κο

2124 513 2194 562 te.
2236 504 2373 563 Ecce
2402 502 2504 563 isto
2530 506 2778 576 docente,
2810 525 2915 565 non
2944 508 3158 569 aliunde
3186 513 3327 586 quod
3352 514 3529 586 aiiquo
3544 516 3711 577 modo

2121 607 2222 668 est,
2253 614 2353 655 nec
2394 615 2460 655 ex
2503 616 2567 655 eo
2609 600 2748 674 quod
2791 604 3008 659 omnino
3047 620 3153 660 non
3199 615 3301 670 est,
3344 607 3485 662 Deus
3522 608 3709 667 ﬂatum

2121 702 2263 749 creat
2295 710 2310 760 ;
2344 693 2436 750 sed
2458 710 2523 751 ex
2548 711 2613 750 eo
2639 694 2781 768 quod
2811 698 2923 769 ipse
2944 708 3046 766 est,
3071 714 3194 754 cum
3238 701 3307 756 sit
3332 700 3709 772 incorporeus,

2121 801 2312 856 corpus
2340 784 2533 841 sumat.
2573 784 2823 844 Naturam
2855 805 2984 860 ergo
3016 803 3188 857 suam,
3218 800 3502 863 antequam
3534 804 3713 852 mute-

2121 882 2208 931 tur
2236 876 2288 933 in
2318 872 2521 950 peccati
2549 893 2794 950 corpore,
2826 879 2939 951 ipse
2985 889 3153 935 mutat
3192 883 3243 937 in
3271 898 3484 954 corpus.
3518 886 3599 943 Au
3625 886 3708 942 di—

2122 967 2215 1033 cit,
2239 969 2380 1040 quod
2404 985 2465 1025 ex
2495 984 2590 1025 sua
2621 981 2809 1026 natura
2847 987 2952 1027 non
2984 982 3152 1027 mutat
3185 973 3403 1044 aliquid,
3427 991 3549 1032 cum
3590 976 3659 1031 ila
3682 1008 3700 1018 -

2125 1064 2235 1116 tum
2260 1059 2432 1117 facit?
2460 1059 2575 1118 Non
2605 1079 2733 1135 ergo
2753 1079 2875 1119 eum
2903 1063 2971 1120 de
2999 1081 3056 1120 se
3083 1065 3199 1136 ipso
3222 1065 3345 1121 facit
3371 1086 3383 1120 :
3416 1084 3521 1124 non
3565 1071 3710 1125 enim

2122 1150 2267 1208 aliud
2296 1162 2379 1209 est
2399 1150 2532 1225 ipse,
2556 1153 2697 1209 aliud
2731 1166 2919 1211 natura
2964 1155 3100 1228 ejus.
3124 1157 3255 1225 Quis
3286 1150 3387 1215 hoc
3432 1161 3715 1217 insanissi-

2122 1258 2242 1302 mus
2269 1246 2562 1319 opinetur?
2589 1244 2741 1319 Quod
2766 1250 2810 1304 si
2837 1249 2984 1318 dicit,
3012 1251 3082 1306 ita
3115 1252 3280 1307 Deum
3307 1253 3374 1307 de
3397 1268 3495 1310 sua
3520 1265 3716 1310 natura

2124 1338 2300 1396 facere
2346 1336 2526 1395 ﬂatum
2553 1384 2566 1405 ,
2616 1352 2675 1398 ut
2727 1342 2841 1417 ipse
2879 1345 3086 1414 integer
3138 1356 3347 1405 maneat
3377 1364 3392 1412 ;
3422 1363 3527 1403 non
3575 1349 3704 1406 inde

2124 1431 2350 1502 quaestio
2394 1441 2476 1487 est
2507 1432 2638 1497 ;sed
2687 1444 2863 1490 utrum
2916 1435 3057 1507 quod
3096 1454 3201 1497 non
3244 1438 3476 1505 aliunde,
3503 1456 3602 1497 nec
3644 1442 3716 1498 de

2126 1523 2313 1592 nihilo,
2343 1526 2433 1581 sed
2461 1524 2528 1580 de
2550 1525 2642 1581 illo
2670 1535 2788 1583 est:
2815 1544 2923 1583 non
2949 1529 3051 1585 hoc
3095 1530 3166 1585 sit
3195 1531 3337 1601 quod
3387 1532 3494 1599 ille,
3526 1532 3577 1593 id
3602 1542 3716 1603 est,

2126 1615 2365 1687 ejusdem
2393 1627 2596 1673 natura:
2632 1628 2687 1674 et
2727 1621 2995 1675 essentia).
3019 1620 3153 1676 Nam
3176 1631 3229 1677 et
3250 1621 3385 1678 Filio
3415 1623 3595 1694 genito
3621 1624 3715 1681 in-

2127 1716 2275 1783 teger
2325 1710 2662 1779 manet;sed
2710 1714 2832 1784 quia
2872 1730 2995 1770 eum
3038 1716 3220 1786 genuit
3241 1714 3306 1770 de
3333 1732 3396 1771 se
3425 1719 3561 1786 ipso,
3604 1733 3719 1774 non

2128 1802 2273 1861 aliud
2317 1808 2503 1879 genuit
2529 1823 2687 1879 quam
2731 1806 2784 1863 id
2830 1806 2973 1878 quod
3019 1808 3134 1879 ipse
3160 1817 3261 1864 est.
3304 1810 3542 1881 Excepto
3569 1813 3719 1867 enim

2129 1894 2273 1969 quod
2320 1896 2592 1954 hominem
2646 1899 2955 1969 assumpsit,
3004 1907 3058 1963 et
3088 1900 3321 1957 Verbum
3347 1917 3473 1958 caro
3517 1902 3722 1966 factum

2130 1996 2233 2056 est,
2258 1989 2397 2045 alius
2424 1999 2506 2046 est
2531 1988 2746 2062 quidem
2780 1986 3013 2047 Verbum
3040 1991 3133 2051 Dei
3161 1991 3349 2062 Filius,
3380 1993 3474 2049 sed
3504 2010 3607 2049 non
3634 2005 3727 2051 est

2130 2081 2271 2137 aliud
2301 2099 2314 2136 :
2346 2081 2447 2137 hoc
2463 2090 2566 2151 est,
2598 2080 2700 2137 alia
2731 2096 2961 2153 persona
2990 2091 3095 2153 est,
3124 2083 3217 2140 sed
3245 2099 3352 2141 nou
3372 2084 3580 2141 diversa
3616 2101 3716 2141 na-

2133 2182 2269 2229 tura.
2298 2168 2368 2230 Et
2408 2173 2550 2231 unde
2601 2166 2721 2240 hoc,
2753 2174 2860 2230 nisi
2898 2176 3020 2246 quia
3074 2192 3178 2243 non
3225 2186 3436 2234 creatus
3475 2193 3544 2233 ex
3587 2178 3719 2244 alio,

2130 2266 2216 2323 vel
2233 2283 2299 2323 ex
2326 2264 2518 2335 nihilo,
2566 2267 2661 2323 sed
2704 2274 2859 2322 natus
2886 2282 2954 2323 ex
2990 2267 3108 2340 ipso
3134 2277 3250 2334 est;
3281 2284 3386 2325 non
3432 2278 3490 2325 ut
3530 2269 3727 2327 melior

2132 2374 2290 2433 quam
2321 2366 2438 2414 erat
2479 2367 2641 2423 esset,
2674 2356 2770 2413 sed
2811 2359 3032 2414 omnino
3080 2366 3138 2415 ut
3175 2367 3340 2425 esset,
3387 2368 3441 2417 et
3465 2360 3604 2431 quod
3635 2372 3726 2416 est

2133 2446 2243 2521 ille,
2280 2449 2422 2507 unde
2444 2460 2599 2507 natus
2618 2458 2721 2513 est,
2748 2458 2915 2517 esset,
2948 2449 3051 2506 hoc
3072 2459 3175 2518 est,
3199 2450 3354 2511 unius
3376 2450 3726 2523 ejusdemque

2134 2554 2359 2615 naturae,
2389 2542 2639 2616 mqualis,
2669 2553 2993 2611 cozeternus,
3016 2544 3161 2599 omni
3188 2544 3346 2599 modo
3375 2542 3583 2615 similis,
3619 2560 3725 2615 pa-

2134 2638 2266 2695 riter
2293 2638 2662 2708 immutabiiis,
2691 2633 2890 2706 pariter
2914 2635 3217 2701 invisibilis,
3237 2617 3441 2705 'pariter
3471 2635 3733 2707 incorpo-

2134 2745 2282 2801 reus,
2341 2731 2543 2801 pariter
2586 2732 2772 2798 Deus;
2814 2730 2916 2787 hoc
2958 2729 3182 2787 omnino
3208 2727 3350 2798 quod
3392 2727 3572 2794 Pater,
3618 2727 3727 2783 nisi

2135 2816 2279 2896 quod
2300 2816 2466 2879 Filius
2491 2831 2573 2879 est
2595 2823 2731 2893 ipse,
2755 2836 2861 2878 non
2888 2821 3092 2877 Pater?
3119 2820 3369 2876 Siautem
3390 2826 3574 2875 manet
3598 2820 3726 2893 qui-

2136 2906 2260 2973 dem
2290 2908 2404 2991 ipse
2450 2916 2656 2988 integer
2704 2908 2866 2983 Deus,
2895 2930 2996 2972 nec
3037 2922 3217 2970 tamen
3247 2913 3314 2969 de
3342 2914 3513 2979 nullo,
3545 2912 3629 2968 vel
3655 2911 3731 2969 de

2136 3002 2263 3079 alio,
2285 3004 2381 3065 sed
2409 3007 2478 3065 de
2498 3024 2557 3065 se
2582 3010 2701 3080 ipso
2712 3007 2981 3065 diversum
3000 3008 3200 3079 aliquid
3226 3007 3278 3065 in
3302 3006 3538 3065 deterius
3554 3015 3731 3075 creat.

2138 3110 2193 3157 et
2217 3098 2283 3158 de
2324 3101 2643 3174 incorporeo
2687 3096 2798 3159 Deo
2828 3115 3023 3172 corpus
3073 3108 3322 3169 emanat;
3351 3100 3491 3155 absit
3534 3107 3592 3155 ut
3624 3098 3737 3154 hoc

2138 3190 2436 3251 catholicus
2492 3194 2701 3250 animus
2742 3193 2933 3250 bibat:
2982 3208 3090 3249 non
3136 3193 3280 3250 enim
3324 3200 3409 3248 est
3457 3191 3725 3249 ﬂuentum

2138 3282 2303 3343 fontis
2325 3285 2511 3352 divini,
2534 3286 2629 3343 sed
2652 3285 2961 3358 ﬁgmentum
2990 3286 3169 3343 cordis
3191 3285 3432 3341 humani.

2211 3378 2435 3437 CAPUT
2474 3379 2560 3438 Vi.
2582 3380 2765 3438 -—l0.
2804 3380 3054 3438 Jamvero
3104 3395 3263 3452 quam
3293 3381 3472 3451 inepte
3496 3378 3731 3446 laboret,

2140 3477 2394 3545 animam,
2447 3492 2608 3548 quam
2651 3484 2803 3548 putat
2841 3491 2963 3533 esse
2996 3490 3333 3547 corponoam,
3383 3473 3655 3529 vindicare
3694 3488 3734 3529 ι

2140 3567 2479 3639 passionibus
2491 3567 2755 3639 corporis,
2786 3567 3065 3638 disputans
3083 3566 3151 3622 de
3179 3566 3374 3621 animae
3401 3561 3737 3626 infantia,“

2137 3660 2445 3733 paralyticis
2483 3671 2534 3716 et
2561 3660 2834 3733 Oppressis
2859 3658 3054 3715 animae
3099 3656 3367 3723 sensibus,
3395 3655 3464 3711 de
3485 3664 3742 3725 amputa-
3772 3644 3951 3733 θλ

2141 3754 2208 3810 tis
2238 3753 2496 3813 membris
2548 3753 2791 3824 corporis
2833 3753 3035 3825 absque
3078 3752 3272 3809 anima
3323 3750 3583 3814 sectione,
3615 3760 3737 3809 nali
3772 3721 3845 3795 δ(

2141 3855 2339 3913 tecum,
2365 3845 2461 3904 sed
2501 3860 2623 3902 cum
2651 3846 2743 3902 illo
2784 3846 2963 3917 potius
2986 3859 3145 3915 agere
3182 3838 3354 3899 debeo
3378 3860 3392 3899 :
3416 3842 3491 3896 illi
3530 3842 3737 3912 quippe

2139 3930 2495 3994 insudandum
2527 3947 2631 4006 est,
2656 3946 2716 3994 ut
2755 3937 3017 3993 rationem
3062 3936 3254 3992 reddat
3291 3934 3553 3991 dictorum
3604 3947 3739 3988 suo-

2139 4045 2302 4098 rum;
2329 4044 2397 4085 ne
2425 4027 2493 4084 de
2536 4044 2700 4099 opere
2742 4028 2958 4100 juvenis
2988 4028 3123 4084 velle
3174 4027 3398 4097 fatigare
3448 4024 3733 4083 videamur

2137 4120 2453 4192 gravitatem
2483 4120 2648 4176 senis.
2688 4118 2842 4188 Quod
2891 4127 3069 4175 autem
3111 4117 3487 4173 similitudines
3514 4130 3736 4171 morum

2139 4213 2231 4285 qui
2256 4212 2660 4283 reperiunturin
2675 4203 2683 4210 ”
2699 4212 2845 4281 ﬁliis,
2867 4226 2975 4267 non
3002 4226 3071 4267 ex
3094 4212 3287 4267 animae
3315 4209 3521 4265 semine
3544 4208 3738 4273 venire

2140 4304 2376 4375 disputat
2408 4322 2421 4359 :
2457 4319 2793 4381 consequens
2822 4314 2907 4362 est
2953 4303 3198 4375 quidem,
3246 4312 3306 4359 ut
3346 4301 3451 4357 hoc
3497 4300 3741 4357 sentiant

2140 4396 2462 4469 quicumque
2516 4395 2710 4452 animae
2762 4397 3109 4467 propaginem
3139 4394 3460 4454 destruunt;
3499 4392 3593 4447 sed
3621 4406 3733 4453 nec

2141 4484 2221 4544 illi
2247 4488 2338 4559 qui
2363 4486 2500 4543 hanc
2537 4497 2804 4553 astruunt,
2844 4487 2916 4542 ibi
2945 4488 3281 4541 constituunt
3311 4485 3519 4556 pondus
3547 4499 3763 4549 assero,

2141 4580 2303 4635 tionis
2324 4595 2455 4637 suae.
2484 4580 2679 4637 Vident
2707 4580 2851 4637 enim
2886 4587 2940 4635 et
2967 4579 3105 4636 ﬁlios
3141 4588 3419 4649 parentum
3441 4577 3740 4637 dissimiles

2140 4670 2424 4727 moribus:
2454 4670 2597 4743 quod
2641 4669 2760 4727 ideo
2802 4670 2917 4727 ﬁeri
2945 4677 3154 4743 putant,
3193 4670 3315 4741 quia
3347 4677 3402 4724 et
3444 4668 3557 4739 ipse
3596 4685 3743 4725 unus

2142 4763 2307 4821 homo
2334 4765 2645 4836 plerumque
2693 4764 2805 4819 suis
2833 4763 3074 4821 moribus
3105 4764 3241 4818 alios
3270 4778 3448 4818 mores
3473 4762 3739 4818 dissimi-

2140 4854 2222 4915 les
2247 4855 2426 4925 habet,
2457 4872 2561 4912 non
2594 4858 2777 4931 utique
2805 4857 2985 4911 anima
3026 4857 3194 4913 altera
3221 4866 3460 4925 accepta,
3490 4855 3583 4909 sed
3615 4853 3729 4909 vita

2142 4952 2196 5008 in
2214 4953 2405 5008 melius
2418 4951 2501 5007 vei
2526 4950 2583 5005 in
2607 4950 2839 5005 deterius
2885 4959 3212 5007 commutata
3229 4990 3243 5005 .
3275 4949 3347 5003 ita
3369 4948 3574 5013 dicunt,
3614 4962 3728 5003 non

2142 5059 2263 5101 esse
2286 5043 2613 5114 impossibile
2639 5051 2696 5097 ut
2717 5043 2896 5098 anima
2915 5059 3022 5098 non
3041 5043 3235 5099 habeat
3259 5058 3353 5098 eos
3370 5056 3568 5103 mores,
3595 5053 3739 5109 quos

2143 5128 2303 5195 habet
2333 5136 2420 5191 ille
2444 5152 2472 5189 a
2506 5151 2614 5207 quo
2640 5135 2656 5166 ¹
2687 5145 2974 5206 propagata
3000 5146 3081 5191 est
3104 5133 3569 5207 ;quaudoquidem
3614 5132 3734 5201 ipsa

2142 5243 2246 5283 una
2275 5242 2416 5283 nunc
2432 5226 2585 5295 alios,
2601 5227 2731 5283 alias
2752 5228 2886 5283 alios
2913 5227 3112 5282 habere
3138 5241 3318 5282 mores
3340 5232 3529 5295 potest.
3553 5223 3745 5293 Quare

2144 5322 2190 5379 si
2216 5320 2319 5377 hoc
2348 5332 2397 5377 te
2423 5320 2598 5385 credis
2620 5320 2690 5376 ab
2726 5321 2828 5378 isto
2848 5320 3119 5386 didicisse,
3146 5319 3289 5389 quod
3321 5320 3493 5373 anima
3532 5315 3742 5389 innuit

2145 5430 2211 5471 ex
2243 5413 2459 5481 traduce
2493 5413 2737 5471 :utinam
2782 5412 2838 5468 id
2880 5428 3009 5469 vere
3048 5411 3367 5475 didicisses;
3398 5426 3483 5465 me
3508 5410 3604 5465 tibi
3631 5409 3742 5464 do-

2144 5500 2369 5563 cendum
2394 5505 2747 5563 libentissime
2772 5504 3059 5565 traderem.
3094 5502 3203 5567 Sed
3223 5502 3364 5558 aliud
3391 5510 3474 5557 est
3498 5501 3743 5571 discere,

2144 5596 2288 5657 aliud
2328 5600 2496 5657 videri
2523 5601 2624 5656 sibi
2652 5599 2920 5657 didicisse.
2960 5599 3018 5655 Si
3042 5613 3170 5670 ergo
3203 5607 3255 5654 te
3306 5597 3562 5653 didicisse
3591 5592 3749 5653 πω.

2144 5695 2302 5753 traris
2336 5692 2475 5764 quod
2503 5692 2677 5749 adhuc
2720 5692 2944 5762 nescis;
2974 5708 3081 5749 non
3132 5692 3289 5764 plane
3334 5692 3593 5763 didicisti,
3640 5695 3751 5755 sed

2210 5877 2228 5911 ⁸
2264 5874 2453 5939 Aliquot
2468 5878 2597 5934 Iss.,
2621 5870 2709 5924 illa
2730 5884 2794 5924 ea:
2809 5885 2922 5937 qua.
