3938 6532
280 458 370 515 ΞΜ
1596 434 1794 495 LIBER
1830 432 2208 503 SECUNDUS.

3438 442 3549 507 509

276 565 762 628 Meg-edidisti
794 563 944 635 quod
987 563 1212 618 libenter
1245 557 1461 625 audisti,
1506 564 1560 613 et
1588 555 1855 626 subrepsit
1961 570 2046 609 ma
2074 555 2251 628 itaque
2281 557 2323 609 si
2374 556 2639 629 peccatrix
2681 570 2799 614 esse
2851 556 3061 626 meruit,
3090 576 3209 633 qua:
3262 568 3540 636 peccatrix

273 665 365 720 tibi
396 658 749 730 falsiloquium
802 670 904 728 per
945 653 1365 723 auaviibquium.
1393 649 1546 718 Quod
1573 664 1679 704 non
1732 648 1857 704 ideo
1960 661 2203 703 essenon
2233 646 2422 718 potuit,
2478 657 2653 704 tamen
2693 666 2867 722 neque
2899 652 2949 706 in
2996 663 3214 724 peccaro
3257 660 3537 729 "amans",

271 756 411 817 dico,
432 752 551 824 quia
574 749 766 806 falsum
793 760 918 804 esse
929 747 1040 819 jam
1066 752 1244 801 certus
1272 744 1393 810 sim,
1438 744 1644 797 animas
1675 742 1855 811 potius

268 843 531 903 insufﬂari
577 855 771 909 novas,
809 852 973 911 quam
998 838 1068 894 de
1111 836 1317 908 origine
1363 842 1637 905 parentum
1677 832 1852 899 trahi;

265 935 528 993 hoceniln
557 932 734 988 adhuc
778 930 850 986 ab
877 931 957 987 eis
984 930 1075 1001 qui
1099 929 1294 985 docere
1323 927 1374 982 id
1402 933 1644 997 possunt,
1669 925 1853 981 existi-

263 1041 354 1085 mo
398 1024 821 1098 requirendum:
849 1022 946 1079 sed
975 1022 1095 1093 quia
1121 1021 1223 1076 istc
1254 1019 1321 1075 de
1360 1019 1460 1073 hac
1499 1028 1557 1073 re
1583 1014 1654 1073 ita
1681 1018 1852 1074 disse-

262 1120 390 1184 ruit,
407 1126 470 1173 ut
493 1131 600 1171 non
621 1115 797 1171 solum
836 1129 979 1179 eam,
1026 1126 1145 1183 qua:
1173 1108 1347 1166 adhuc
1388 1108 1718 1168 discutienda
1745 1118 1848 1174 est,

260 1222 369 1267 non
397 1208 638 1265 viveret
657 1206 1011 1278 quaestionem
1032 1219 1047 1271 ξ
1068 1214 1249 1260 verum
1279 1204 1439 1260 etiam
1472 1202 1593 1257 talia
1620 1200 1844 1267 diceret,

258 1315 382 1372 qua
414 1298 661 1355 falsitatis
685 1312 793 1352 non
848 1295 1081 1352 habeant
1103 1293 1508 1349 dubitationem.
1540 1291 1673 1348 Cum
1704 1292 1848 1347 enim

257 1393 428 1449 vellet
460 1392 694 1463 probare
749 1388 933 1455 dubia,
991 1401 1149 1445 ausus
1176 1396 1260 1443 est
1305 1386 1486 1443 dicere
1532 1384 1649 1443 sine
1692 1384 1853 1443 dubio

253 1483 622 1555 mbenda.

324 1575 562 1633 CAPUT
607 1573 715 1631 Vl].
739 1574 887 1630 ε--υ
902 1610 918 1627 .
937 1572 1018 1628 An
1035 1582 1162 1628 vero
1181 1579 1236 1627 tu
1260 1572 1548 1643 reprobare
1563 1569 1848 1640 dubitabis,

252 1665 402 1737 quod
429 1665 645 1722 cumde
685 1664 865 1721 anima
895 1663 1220 1735 loqueretur,
1257 1678 1278 1716 r
1328 1662 1445 1718 Non
1472 1663 1572 1728 vis,
1610 1681 1629 1716 ι
1658 1662 1850 1733 inquit,

250 1758 495 1813 auinam
530 1772 601 1813 ex
637 1770 800 1812 carne
850 1755 1050 1826 peccati
1092 1754 1409 1810 contrahere
1467 1753 1847 1822 valetudinem,

254 1850 326 1906 ad
369 1864 537 1921 quem
590 1850 830 1906 vicissim
871 1848 1343 1905 sanctificationem
1385 1847 1568 1904 videas
1614 1849 1841 1906 transire

256 1958 354 2014 per
372 1952 619 2011 carnem,
641 1950 703 1997 ut
732 1954 830 2012 per
857 1941 1024 2012 ipsam
1070 1949 1286 2012 reparet
1322 1948 1535 2005 statum,
1566 1954 1660 2011 per
1682 1956 1842 2012 qnam

256 2034 573 2106 perdiderat
617 2033 870 2090 meritum
895 2034 920 2087 τ
947 2034 1053 2088 Aut
1087 2031 1341 2105 numquid
1403 2034 1524 2103 quia
1578 2030 1851 2103 Baptismo

257 2140 457 2196 crpus
482 2124 743 2193 abluitur,
776 2140 884 2181 non
909 2124 1094 2180 transit
1125 2124 1192 2179 ad
1214 2124 1442 2179 animam
1466 2122 1548 2179 vel
1577 2125 1845 2195 Spiritum,

256 2216 658 2290 quodcveditlr
681 2215 915 2273 conferri
939 2226 1038 2287 per
1074 2214 1401 2286 Baptismum
1427 2215 1450 2270 ?
1482 2212 1671 2270 Merito
1721 2231 1852 2287 ergo

263 2324 362 2379 per
390 2321 635 2374 carnem,
660 2306 890 2378 priscam
932 2317 1144 2377 reparat
1169 2305 1554 2372 habitudinem,
1579 2316 1737 2377 quam
1770 2308 1843 2361 vi-

258 2410 317 2455 sa
348 2398 526 2455 heret
562 2397 833 2469 paulisper
858 2397 1101 2453 amisisse
1119 2412 1215 2468 per
1238 2410 1472 2463 carnem,
1504 2405 1561 2452 ut
1588 2410 1687 2470 per
1723 2410 1843 2453 eam

258 2493 477 2564 incipiet
490 2492 727 2559 renasci,
743 2504 838 2562 per
851 2502 1008 2563 quam
1022 2497 1289 2547 meruerat
1306 2488 1572 2561 inquinari
1600 2509 1619 2543 ι
1653 2489 1848 2563 (Infra,

260 2583 348 2639 lib.
376 2584 431 2650 ὅ,
464 2599 520 2637 n.
563 2581 683 2653 9)?
706 2581 836 2637 Vide
876 2582 929 2636 in
980 2581 1063 2636 his
1103 2581 1299 2647 verbis,
1330 2590 1585 2651 quantum
1606 2582 1706 2637 istc
1732 2590 1853 2638 tuus

262 2679 520 2734 erraverit
555 2676 763 2732 doctor.
813 2676 977 2742 Dixit,
1010 2692 1032 2729 I
1058 2676 1291 2730 animam
1319 2686 1417 2746 per
1439 2686 1658 2731 carnem
1691 2686 1849 2746 repa-

266 2787 380 2827 rare
403 2780 625 2837 statum,
654 2782 755 2840 per
774 2780 937 2841 quam
966 2767 1274 2839 perdiderat
1307 2766 1576 2823 meritum.
1615 2787 1634 2821 ι
1659 2766 1854 2824 Habuit

268 2876 393 2932 ergo
414 2863 589 2917 anima
618 2861 850 2931 aliquem
881 2865 1077 2915 statum
1147 2868 1204 2915 et
1227 2857 1441 2929 aliquod
1487 2859 1733 2914 meritum
1758 2858 1854 2915 bo-

278 2968 399 3008 num
434 2961 556 3010 ante
578 2962 799 3007 carnem
826 2992 841 3017 ,
873 2951 1014 3023 quod
1040 2951 1153 3007 vult
1178 2964 1297 3007 eam
1326 2960 1577 3021 reparare
1604 2958 1701 3020 per
1728 2964 1851 3011 cara

286 3059 422 3109 nem,
444 3043 655 3115 quando
709 3056 841 3098 caro
886 3043 1098 3098 lavacro
1134 3040 1554 3114 regenerationis
1600 3038 1848 3099 abluitur.

289 3135 492 3191 νίκα-ιι
517 3135 687 3206 itaque
729 3134 927 3191 alicubi
954 3142 1078 3190 ante
1103 3142 1319 3190 carnem
1345 3133 1398 3189 in
1433 3142 1575 3191 statu
1600 3143 1656 3191 et
1681 3135 1851 3192 meri-

280 3226 493 3281 tohone
522 3238 725 3297 gquem
761 3232 963 3282 statum
1004 3230 1060 3281 et
1101 3224 1245 3297 quod
1290 3226 1540 3282 meritum
1587 3225 1840 3298 perdidit,

270 3333 384 3374 cum
404 3318 636 3374 venisset
660 3319 714 3372 in
738 3328 980 3372 carnem.
1000 3302 1159 3383 Dixit,
1189 3328 1212 3370 ι
1244 3330 1363 3373 eam
1394 3326 1493 3389 per
1512 3329 1727 3373 carnem
1755 3332 1839 3373 re-

268 3424 449 3482 parare
471 3410 841 3466 habitudinem
882 3411 1130 3480 priscam,
1166 3416 1326 3482 quam
1354 3406 1469 3467 visa
1509 3408 1683 3467 fuerat
1715 3425 1849 3485 pau-

266 3504 421 3577 iisper
460 3505 707 3561 amisisse
732 3516 831 3575 per
858 3512 1095 3560 carnem.
1131 3520 1150 3557 ο
1183 3504 1375 3560 Habuit
1399 3518 1527 3576 ergo
1552 3512 1678 3561 ante
1716 3520 1834 3560 car-

269 3611 381 3652 nem
429 3595 803 3651 habitudinem
829 3596 1100 3666 aluiquam
1133 3611 1150 3659 ;
1188 3594 1289 3651 hoc
1347 3603 1429 3651 est
1472 3590 1614 3651 enim
1667 3614 1687 3650 ι
1733 3592 1845 3667 pri-

266 3701 438 3743 scam:
474 3704 497 3739 ι
530 3695 588 3743 et
613 3686 716 3741 ista
741 3686 913 3756 riualis
937 3694 1056 3740 esse
1103 3686 1292 3756 potuit,
1342 3685 1446 3741 nisi
1476 3680 1627 3740 beata
1686 3694 1847 3757 atque

267 3778 540 3835 budabiiis
556 3776 814 3833 habitudo
833 3777 859 3831 ἲ
885 3779 1055 3845 Quam
1078 3776 1311 3847 reparari
1334 3792 1430 3848 per
1455 3784 1848 3833 sacramentum

268 3870 606 3941 Baptismatie
632 3879 903 3926 asseverat
932 3885 948 3935 ;
974 3880 1095 3924 cum
1132 3876 1251 3924 eam
1282 3868 1415 3923 nolit
1455 3880 1521 3923 ex
1557 3866 1643 3923 illa
1677 3868 1844 3940 origi-

268 3979 384 4023 nem
403 3963 625 4020 trahere
668 3977 766 4033 per
790 3963 1132 4033 propaginem
1162 3963 1205 4027 ί,
1238 3970 1395 4033 quam
1424 3968 1635 4017 constat
1658 3962 1708 4017 in
1748 3970 1843 4033 pa-

268 4054 441 4113 radiso
463 4054 755 4126 aliquando
786 4053 957 4110 fuisse
982 4052 1210 4110 felicem.
1236 4053 1517 4124 Quomodo
1542 4054 1703 4127 igitur
1737 4050 1843 4111 alio

266 4147 389 4207 luce
416 4165 439 4203 ι
467 4147 709 4203 animam
735 4165 758 4200 ο
785 4162 845 4203 se
886 4146 1015 4203 dicit
1046 4156 1064 4199 t
1102 4152 1412 4202 constanter
1438 4156 1697 4213 aeserere,
1732 4156 1843 4203 non

266 4252 331 4301 ea
355 4241 602 4306 traduce.
629 4252 804 4311 Itaque
831 4250 898 4295 ex
925 4240 1111 4308 nihilo,
1135 4234 1308 4311 neque
1337 4252 1433 4310 per
1474 4242 1835 4313 semetipsam,

268 4347 439 4402 neque
467 4340 600 4387 ante
625 4333 872 4403 corpus?
903 4350 921 4384 ι
956 4332 1092 4387 Ecce
1121 4333 1223 4387 isto
1249 4332 1364 4387 loco
1378 4333 1486 4409 vult
1506 4331 1709 4409 animas
1732 4338 1856 4391 ante

268 4440 459 4496 coms
494 4425 697 4481 alicubi
739 4426 920 4481 vivere
944 4434 1053 4481 tam
1087 4425 1274 4491 beate,
1304 4436 1363 4481 ut
1406 4426 1592 4480 eadem
1622 4422 1726 4481 illis
1762 4442 1856 4498 per

264 4518 598 4590 Baptismum
614 4517 894 4574 beatitudo
921 4517 1193 4574 reddatur.
1228 4517 1298 4574 Et
1338 4526 1588 4592 tauquam
1618 4517 1702 4574 sui
1729 4530 1856 4575 rur-

235 4611 239 4615 ’
275 4610 578 4666 susobiitus
610 4609 929 4681 adiungitet
963 4607 1092 4664 dicit
1119 4620 1134 4662 :
1164 4627 1185 4662 ‹
1227 4607 1298 4665 Ut
1327 4618 1584 4680 peream,
1621 4627 1643 4663 ι
1676 4601 1851 4677 idest,

274 4717 627 4773 perennem,
662 4721 683 4756 ι
716 4705 938 4775 incipiat
963 4704 1197 4770 renasci,
1244 4714 1342 4774 per
1374 4714 1535 4775 quam
1577 4714 1850 4760 meruerat

246 4793 567 4876 ,iuquineri.
609 4814 629 4849 ι
653 4795 912 4866 Superius
950 4794 1197 4850 meritum
1229 4793 1624 4866 signiﬁcaverat
1652 4792 1852 4851 bonum

246 4882 537 4955 ipsrditum
592 4886 755 4943 fuisse
780 4900 878 4958 per
902 4894 1156 4942 carnem:
1189 4896 1336 4941 nunc
1378 4892 1554 4941 autem
1582 4880 1848 4957 significat

270 4979 465 5035 malum
496 4981 774 5048 meritum,
804 4993 914 5051 que
940 4978 1138 5035 factum
1157 4984 1242 5035 est
1265 4986 1326 5034 ut
1349 4978 1558 5036 veniret
1569 4978 1653 5036 vel
1680 4976 1856 5036 mitte-

273 5082 415 5128 retur
444 5074 499 5128 in
526 5088 767 5140 ceruum
795 5072 1044 5139 dicendo,
1074 5088 1095 5126 ε
1129 5086 1229 5144 per
1262 5084 1424 5144 quam
1454 5080 1724 5129 meruerat
1776 5072 1859 5129 ln-

270 5165 498 5240 quiuari.
532 5185 554 5218 ι
585 5165 641 5221 Si
665 5166 809 5222 enim
850 5174 1086 5223 meretur
1112 5167 1405 5239 inquinari,
1431 5182 1537 5223 non
1562 5172 1644 5223 est
1673 5165 1855 5237 utique

273 5259 517 5314 meritam
544 5258 765 5314 bonum.
807 5258 997 5328 Dicat,
1026 5258 1154 5330 quid
1180 5260 1415 5333 peccavit
1447 5266 1733 5331 antequam
1762 5275 1858 5332 per

274 5363 483 5407 carnem
509 5352 899 5423 inquinentur,
927 5361 985 5407 ut
1014 5368 1110 5423 per
1134 5360 1352 5409 carnem
1370 5353 1635 5425 inquinari
1665 5362 1851 5409 mere-

276 5452 438 5499 retur.
492 5445 664 5528 Dicat,
692 5446 740 5500 si
784 5452 986 5516 potest,
1028 5444 1172 5516 quod
1230 5444 1375 5502 nullo
1426 5444 1587 5501 modo
1637 5451 1856 5517 potest;

278 5535 393 5604 quia
441 5537 685 5593 invenire
739 5537 829 5593 hic
865 5536 1004 5608 quid
1030 5548 1214 5593 verum
1266 5537 1431 5606 dicat,
1478 5536 1698 5594 omnino
1748 5550 1855 5593 non

279 5639 566 5779 ἭΗΤ
593 5722 732 5779 Vili.
756 5720 932 5793 —i2.
952 5720 1082 5777 item
1099 5721 1369 5797 aliquanto
1386 5732 1506 5796 post
1520 5718 1595 5778 ait
1624 5740 1637 5779 :
1672 5732 1692 5776 α
1724 5722 1851 5779 Αιι1‹

278 5898 604 6022 ὠΐετο.
635 5897 969 5963 ωωαιίριί.
1012 5901 1183 5952 caeteri
1222 5901 1596 5962 eumexcusis,
1636 5912 1723 5967 per
1767 5900 1843 5967 art

1960 742 2082 815 quia
2112 740 2162 796 in
2186 740 2400 798 Christo
2424 741 2775 815 praefigurata,
2808 744 2859 800 in
2881 757 3101 818 peccato
3141 764 3261 806 esse
3289 766 3395 809 non
3436 751 3538 809 de-

1959 822 2091 896 buit,
2115 830 2250 887 sicut
2273 846 2391 889 esse
2414 848 2517 887 non
2546 834 2713 902 potuit
2770 853 2789 887 ι
2845 833 2863 909 (
2890 834 3081 909 Supra,
3112 837 3199 899 lib.
3231 840 3283 909 1,
3316 857 3368 897 η.
3402 844 3457 915 8,
3493 852 3541 899 et

1956 920 2113 991 infra,
2144 918 2231 977 lib.
2288 922 2343 989 3,
2373 939 2425 977 η.
2457 922 2516 978 il
2542 923 2585 994 ).
2617 922 2766 996 Rogo
2812 934 2885 993 te,
2930 925 3114 996 frater,
3159 938 3384 1000 putasne
3430 933 3534 991 ista

1958 1014 2147 1069 saltem
2179 1020 2359 1083 postea
2380 1010 2552 1086 legisti
2582 1023 2635 1070 ct
2658 1017 3027 1087 considerasti,
3070 1022 3271 1092 etquid
3310 1024 3360 1087 in
3404 1027 3544 1081 reci-

1958 1112 2103 1162 tante
2131 1105 2450 1170 laudaveris,
2481 1108 2563 1162 vei
2602 1104 2741 1163 unde
2770 1119 2891 1181 post
2935 1111 3298 1170 recitationem
3342 1119 3540 1189 gratias

1957 1198 2130 1269 egeris
2149 1199 2429 1272 cogitasti?
2454 1198 2591 1270 Quid
2640 1209 2742 1268 est,
2786 1201 3011 1259 obsecro
3044 1212 3116 1269 te,
3151 1223 3170 1257 ι
3207 1206 3397 1265 Anima
3440 1211 3542 1271 ita-

1956 1302 2060 1362 que
2087 1292 2129 1346 si
2161 1291 2422 1362 peccatrix
2450 1308 2569 1347 csse
2594 1291 2811 1357 meruit,
2845 1310 2963 1367 quas
2994 1296 3255 1367 peccatrix
3285 1314 3403 1357 csSe
3430 1318 3534 1365 non

1956 1385 2168 1463 potuit?
2194 1403 2212 1436 ι
2237 1382 2373 1452 Quid
2402 1393 2484 1441 εει
2511 1372 2549 1436 ἴ
2563 1386 2783 1457 meruit,
2820 1406 2839 1439 ι
2873 1397 2925 1441 et
2953 1406 2972 1439 ι
3001 1403 3106 1443 non
3139 1390 3341 1462 potuit;
3377 1410 3395 1446 ι
3417 1409 3537 1463 cum

1956 1460 2147 1531 mereri
2184 1474 2285 1530 hoc
2337 1492 2440 1531 non
2485 1474 2765 1549 potuisset,
2833 1474 2932 1533 nisi
2989 1460 3251 1553 peccatrix
3308 1460 3535 1551 fuisset;

1956 1584 2062 1625 non
2094 1574 2268 1623 autem
2294 1568 2495 1636 fuisset,
2528 1569 2627 1627 nisi
2651 1585 2770 1625 esse
2815 1568 3112 1640 potuisset;
3148 1581 3203 1627 ut
3230 1582 3354 1639 ante
3383 1590 3541 1631 ()lllttc

1954 1660 2150 1718 malum
2181 1663 2425 1718 meritum
2452 1678 2704 1734 peccans,
2738 1663 2861 1718 inde
2886 1664 2984 1721 sibi
3032 1667 3277 1731 meritum
3319 1666 3536 1727 faceret.

1953 1753 2094 1810 unde
2122 1754 2187 1809 ad
2215 1754 2313 1808 alia
2346 1764 2580 1827 peccata,
2604 1754 2887 1810 deserente
2910 1755 3155 1825 Domino,
3187 1761 3490 1829 perveniret
3518 1762 3539 1813 ?

1954 1848 2035 1902 An
2080 1845 2199 1903 ideo
2244 1846 2394 1914 dixit,
2429 1865 2448 1898 r
2485 1862 2603 1917 qua:
2656 1848 2923 1921 peccatrix
2975 1846 3094 1904 esse
3134 1864 3236 1905 non
3281 1852 3472 1922 potuit,
3514 1871 3531 1900 ι

1953 1940 2075 2012 quia
2096 1938 2195 1994 nisi
2223 1939 2273 1993 in
2301 1950 2515 1995 carnem
2551 1938 2778 2005 veniret,
2808 1939 3073 2010 peccatrix
3100 1956 3221 1999 esse
3249 1957 3354 2005 non
3397 1958 3525 2015 pos-

1954 2031 2082 2086 set?
2110 2028 2244 2097 Quid
2276 2045 2402 2101 ergo
2425 2030 2635 2097 meruit,
2662 2038 2719 2087 ut
2768 2046 2833 2097 eo
2878 2029 3193 2097 mitteretur,
3230 2032 3315 2089 ubi
3344 2049 3531 2104 pecca-

1955 2125 2058 2176 trix
2086 2136 2205 2178 esse
2253 2130 2456 2195 posset,
2488 2136 2595 2194 quo
2624 2120 2726 2182 nisi
2776 2118 3027 2191 venisset,
3079 2123 3204 2179 alibi
3258 2128 3524 2199 peccatrix

1954 2229 2074 2271 esse
2100 2228 2202 2269 non
2228 2222 2404 2284 posset
2429 2213 2453 2268 ἲ
2480 2213 2647 2281 Dicat,
2675 2209 2801 2286 quid
2822 2214 3050 2275 meruit?
3078 2212 3135 2272 Si
3164 2215 3308 2274 enim
3336 2218 3533 2283 meruit

1955 2320 2073 2361 esse
2099 2304 2367 2377 peccatrix
2392 2322 2407 2372 ;
2430 2300 2628 2376 aliquid
2670 2298 2784 2376 jam
2831 2313 3164 2377 peccaverat,
3199 2306 3335 2373 unde
3362 2322 3532 2363 merc-

1952 2405 2102 2452 retur
2126 2397 2316 2453 iterum
2345 2413 2464 2452 esse
2493 2396 2778 2468 peccatrix.
2806 2394 2911 2454 Sed
2940 2390 3056 2453 haec
3082 2398 3323 2461 fortassis
3344 2401 3537 2467 obscu-

1954 2506 2013 2547 ra
2029 2506 2149 2547 esse
2174 2489 2473 2559 videantur,
2520 2498 2611 2545 aut
2654 2486 2878 2546 obscura
2905 2505 3026 2549 esse
3074 2491 3367 2564 jactentur,
3408 2508 3529 2559 cum

1954 2581 2061 2639 sint
2079 2582 2431 2656 apertissima.
2469 2576 2650 2653 Neque
2700 2582 2841 2641 enim
2894 2576 3073 2640 dicere
3100 2581 3304 2650 debuit.
3334 2602 3352 2637 ‹
3390 2584 3533 2654 quod

1954 2676 2130 2732 anima
2155 2676 2412 2731 meruerit
2458 2672 2725 2747 peccatrix
2764 2688 2884 2731 esse
2932 2689 3027 2747 per
3070 2689 3307 2743 carnem,
3336 2694 3357 2730 ι
3384 2675 3536 2746 cujus

1954 2780 2056 2823 nec
2082 2767 2276 2824 bonum
2296 2781 2396 2822 nec
2414 2765 2610 2822 malum
2635 2763 2885 2825 meritum
2912 2765 3147 2835 reperire
3183 2766 3379 2838 poterit
3411 2775 3539 2827 ante

1954 2875 2190 2916 carnem.
2954 2854 2960 2861 ’

2026 2948 2251 3007 CAPUT
2288 2944 2379 3006 1X.
2410 2981 2476 2992 —
2502 2946 2589 3007 i3.
2622 2944 2726 3005 Sed
2757 2944 2823 3005 ad
2850 2944 3215 3005 manifestiora
3239 2948 3538 3021 veniamus.

1956 3040 2088 3100 Cum
2116 3042 2259 3099 enim
2302 3041 2511 3114 magnis
2549 3050 2913 3098 coarctaretur
2963 3042 3240 3114 angustiis,
3272 3041 3540 3115 quomodo

1955 3138 2147 3196 animae
2166 3130 2441 3204 originalis
2470 3133 2671 3206 peccati
2697 3131 2910 3188 vinculo
2935 3142 3216 3191 teneantur
3234 3132 3532 3201 obstrictae,

1955 3226 1999 3284 si
2023 3244 2126 3284 non
2149 3243 2213 3285 ex
2238 3226 2326 3282 illa
2350 3218 2561 3281 trahunt
2583 3224 2841 3297 originem
2896 3240 3015 3297 qua:
3061 3225 3230 3297 prima
3273 3225 3534 3299 peccavit,

1956 3316 2170 3377 sedeas
2220 3333 2380 3391 puras
2426 3317 2493 3373 ab
2522 3317 2664 3373 omni
2692 3315 3007 3387 contagione
3054 3326 3106 3372 et
3154 3316 3535 3391 propagatione

1957 3414 2181 3488 peccati,
2207 3411 2487 3483 peccatrici
2517 3410 2662 3466 carni
2688 3408 2913 3465 Creator
2939 3406 3212 3477 insufflat;
3237 3425 3303 3467 ne
3325 3410 3533 3467 dicatur

1957 3498 2054 3574 illi,
2078 3504 2219 3578 quod
2245 3498 2322 3559 sic
2346 3501 2665 3558 insnfilando
2689 3517 2781 3557 eas
2814 3501 2953 3557 Deus
2985 3500 3148 3557 efficit
3172 3516 3330 3559 reas:
3364 3501 3539 3574 primo

1956 3600 2023 3659 de
2042 3599 2375 3673 przcscieutia
2410 3598 2502 3654 Dei
2526 3596 2661 3663 hanc
2688 3595 2992 3666 opinionem
3046 3594 3255 3651 munire
3295 3593 3538 3663 tentavit,

1964 3713 1983 3747 ι
2020 3692 2160 3767 quod
2191 3693 2269 3749 eis
2321 3689 2703 3765 prmparaverit
2753 3687 3197 3761 redemptionem.
3229 3704 3250 3741 ι
3294 3685 3354 3744 in
3389 3688 3541 3765 cuius

1957 3782 2339 3857 redemptionis
2400 3782 2746 3839 Sacramenta
2788 3780 2992 3855 parvuli
3043 3780 3422 3851 baptizantur,
3484 3790 3546 3845 ut

1958 3877 2204 3934 abluatur
2249 3873 2509 3946 originale
2548 3880 2849 3945 peccatum,
2890 3868 3031 3943 quod
3060 3870 3126 3927 de
3166 3885 3327 3927 carne
3360 3880 3545 3931 traxe-

1958 3977 2085 4029 runt
2112 3985 2126 4035 ;
2153 3968 2304 4043 quasi
2335 3964 2472 4029 facta
2512 3974 2605 4020 Sua
2639 3962 2783 4020 Deus
2811 3961 3081 4032 emendet,
3130 3960 3274 4034 quod
3320 3976 3413 4027 eas
3457 3961 3543 4031 in-

1957 4071 2142 4125 sontes
2184 4062 2385 4118 fecerat
2409 4059 2693 4133 inquinari.
2727 4056 2832 4115 Sed
2858 4067 3201 4130 posteaquam
3224 4066 3438 4119 ventum
3459 4064 3545 4119 est

1958 4165 2018 4225 ut
2037 4156 2102 4211 de
2124 4156 2229 4211 illis
2250 4155 2577 4228 loqueretur,
2614 4153 2805 4227 quibus
2827 4152 2915 4217 tali
2946 4169 3054 4209 non
3093 4152 3412 4209 subvenitur
3444 4166 3543 4217 au-

1957 4246 2107 4317 xilio,
2129 4258 2184 4303 et
2208 4256 2489 4318 antequam
2520 4246 2858 4319 baptizeutur
2884 4245 3162 4318 exspirant
3184 4261 3233 4298 τι
3269 4243 3327 4302 lu
3354 4242 3482 4319 hoc,
3515 4263 3537 4299 ι

1959 4336 2150 4413 inquit,
2186 4359 2204 4393 ι
2233 4339 2352 4401 loco
2377 4355 2480 4399 non
2504 4354 2591 4409 me
2624 4339 2775 4410 quasi
2796 4348 3071 4397 auctorem
3117 4337 3385 4410 spondeo,
3432 4338 3531 4407 sed

1958 4430 2158 4505 aliquid
2187 4431 2253 4488 de
2279 4431 2525 4502 exemplo
2554 4426 2807 4505 coniicio.
2857 4428 3166 4489 Habendam
3207 4428 3437 4495 dicimus
3464 4428 3535 4501 (ιβ

1960 4522 2249 4585 infantibus
2270 4520 2570 4581 istiusmodi
2594 4522 2879 4587 rationem,
2910 4522 3006 4593 qui
3033 4520 3394 4592 praedestinati
3436 4520 3541 4581 Ba-

1960 4617 2176 4691 ptismo,
2228 4614 2349 4677 vitae
2401 4613 2680 4686 praesentis
2706 4654 2722 4674 .
2778 4622 3065 4684 antequam
3104 4610 3538 4681 renascanturin

1960 4705 2605 4777 Cbrist0,pr:£veniuntur
2642 4702 2886 4761 occiduo.
2935 4703 3381 4775 Legimas'enim,
3416 4721 3437 4761 ι
3461 4704 3544 4761 iu-

1961 4800 2097 4873 quit,
2138 4818 2156 4853 ι
2182 4797 2251 4854 de
2274 4797 2469 4861 talibus
2483 4794 2738 4869 scriptum
2770 4813 2785 4857 ;
2814 4794 3013 4873 Raptus
3032 4804 3107 4855 est
3128 4810 3190 4859 ne
3214 4794 3412 4859 millia
3432 4812 3547 4853 mu-

1961 4900 2087 4947 taret
2110 4890 2248 4955 illius
2286 4888 2612 4956 intellectum,
2642 4895 2731 4947 aut
2759 4902 2823 4943 ne
2868 4886 3006 4959 ﬁctio
3032 4885 3285 4965 deciperet
3309 4887 3535 4947 animant

1961 4986 2090 5060 ejus.
2117 4980 2338 5052 Propter
2362 4980 2455 5035 hoc
2475 4978 2759 5052 properauit
2786 4978 2850 5033 de
2874 4977 3043 5037 medio
3088 4978 3369 5049 iniquitatis
3392 4979 3409 5035 ἱ
3422 4977 3549 5039 llum

1962 5077 2170 5132 educere
2197 5089 2217 5130 .°
2246 5071 2435 5145 placita
2459 5071 2590 5127 enim
2636 5068 2748 5125 Deo
2790 5079 2897 5124 erat
2925 5070 3098 5129 anima
3125 5070 3236 5145 φη
3260 5078 3378 5137 ,‘et,
3410 5068 3548 5127 Conv

1962 5176 2241 5225 sitnnnatus
2268 5164 2322 5219 in
2350 5161 2502 5230 breui,
2534 5154 2742 5233 replevit
2769 5169 2996 5234 tempora
3027 5156 3187 5239 lonpa
3210 5162 3270 5231 υ(
3305 5158 3439 5232 Sap.
3469 5174 3545 5228 tv,

1963 5264 2050 5329 ii,
2085 5260 2171 5327 14,
2196 5257 2263 5315 i5
2294 5257 2333 5327 ).
2383 5255 2512 5325 Quis
2552 5254 2714 5311 istum
2758 5253 3073 5329 dedignatur
3111 5251 3311 5317 habere
3362 5251 3541 5309 docto-

1963 5356 2116 5429 rem?
2146 5357 2354 5437 Ergone
2380 5357 2605 5429 parvuli,
2636 5370 2771 5428 quos
2813 5348 3127 5425 plerumque
3152 5351 3336 5419 volunt
3365 5348 3544 5407 homi-
3654 5356 3659 5361 '

1966 5467 2064 5515 pes
2090 5450 2364 5522 baptizari,
2397 5458 2452 5505 et
2496 5448 2622 5505 dum
2668 5445 2921 5515 curritur,
2952 5453 3077 5501 ante
3126 5442 3454 5509 moriuntur,
3498 5439 3547 5499 si

1966 5542 2367 5600 retardarentur
2395 5541 2448 5597 in
2464 5541 2562 5595 ista
2591 5537 2869 5612 paululum
2890 5536 3017 5601 vita,
3050 5544 3107 5589 ut
3138 5533 3388 5603 baptizati
3416 5545 3547 5589 con-

1967 5639 2117 5694 tinuo
2134 5644 2489 5703 morerentur,
2508 5632 2705 5689 malitia
2726 5638 2956 5687 mutaret
2968 5626 3295 5685 intellectum
3315 5625 3549 5697 illorum,

1969 5734 2025 5782 et
2063 5724 2205 5780 ﬁctio
2220 5722 2496 5793 deciperet
2517 5720 2749 5779 animam
2778 5731 2986 5783 eorum.
3011 5722 3068 5771 et
3090 5728 3160 5771 ne
3180 5711 3290 5769 hoc
3311 5710 3392 5770 eis
3414 5706 3551 5770 can;-

1971 5819 2218 5888 tingcret,
2240 5816 2557 5870 subventum
2575 5812 2680 5868 illis
2706 5817 2807 5877 est,
2824 5816 2883 5864 ut
2900 5815 3024 5865 ante
3049 5814 3367 5881 raperentur
3386 5812 3548 5880 quam

1972 5900 2037 5963 ba
2046 5909 2370 5981 ptizarcntur
2394 5901 2497 5961 lin
2532 5903 2648 5975 ipso
2670 5915 2803 5974 ergo
2829 5897 3162 5970 Baptismate
3186 5904 3547 5972 mutarentur
