3938 6550
420 432 531 493 503

419 546 480 603 in
502 543 675 617 pejus,
702 549 756 596 et
771 539 986 595 fictione
1036 532 1436 601 deciperentur,
1479 526 1523 581 si
1572 531 1692 594 post
1729 521 2003 617 Daptisma

432 615 765 711 raperentur.
807 630 851 686 Ο
879 622 1189 682 admiranda
1212 629 1372 692 atque
1401 617 1647 673 sectanda
1674 618 1690 648 ¹
1712 615 1953 671 doctrina
1985 615 2000 669 l

428 705 534 785 Sed
560 722 740 782 hocde
764 729 939 775 vestra
966 713 1266 787 prudentia,
1299 712 1387 782 qui
1419 708 1681 774 adfuistis,
1713 722 1835 762 cum
1870 705 2008 761 reci-

425 825 584 880 taret,
613 816 712 870 iste
746 808 1103 884 praesumpsit,
1146 812 1201 861 et
1250 804 1318 859 de
1343 811 1430 857 tua
1480 801 1712 855 maxime
1740 798 1808 854 ad
1848 812 2008 868 quem

426 907 660 979 scripsit,
690 914 743 961 et
771 903 857 959 cui
887 901 1137 957 recitatos
1162 896 1326 952 libros
1354 893 1593 960 tradidit,
1627 901 1685 947 ut
1714 890 2011 946 credituros

421 1015 521 1056 vos
546 1012 669 1054 esse
698 993 1013 1059 confideret,
1040 991 1108 1047 de
1136 1003 1241 1044 non
1269 984 1549 1056 baptizatis
1573 982 1862 1038 infantibus
1891 995 2010 1035 esse

423 1094 702 1165 scriptum,
759 1087 903 1163 quod
958 1085 1027 1142 de
1079 1082 1313 1138 omnium
1368 1085 1672 1134 sanctorum
1718 1072 2014 1131 immaturis

424 1186 671 1244 aetatibus
700 1184 954 1253 scriptum
982 1187 1080 1245 est,
1101 1191 1220 1232 cum
1247 1173 1441 1244 quibus
1462 1171 1600 1225 male
1638 1178 1813 1225 actum
1864 1166 2013 1223 stulti

378 1307 398 1342 -.
424 1279 775 1342 arbitrantur,
803 1276 850 1331 si
873 1275 940 1330 de
956 1273 1057 1328 hac
1084 1271 1191 1324 vita
1225 1266 1476 1323 celeriter
1502 1265 1636 1333 rapti
1665 1262 1878 1326 fuerint,
1907 1274 2008 1314 nec

424 1322 775 1342 -..,...........,
803 1322 850 1331 _-
875 1322 1055 1330 ,μη
1238 1322 1247 1323 ,
1569 1322 1578 1333 ,
1866 1322 1873 1326 _

378 1322 403 1399 λ
425 1371 494 1429 ad
515 1385 684 1425 annos
695 1383 827 1441 quos
843 1365 1089 1421 homines
1106 1375 1201 1431 pro
1223 1374 1415 1429 magno
1441 1355 1622 1411 divino
1649 1368 1869 1410 munere
1895 1351 1999 1406 sibi

388 1448 402 1480 ε
428 1469 701 1534 exoptant,
729 1458 1006 1531 pervenire
1018 1453 1311 1526 potuerint.
1335 1448 1503 1517 Quale
1519 1456 1602 1502 est
1618 1453 1794 1500 autem
1811 1442 2011 1509 dicere,

393 1544 398 1550 ’
435 1573 456 1608 ι
493 1533 724 1610 infantes
773 1547 1183 1622 praedestinatos
1211 1541 1504 1611 Baptismo,
1556 1537 1678 1591 vita:
1704 1533 2011 1605 prmseutis,

429 1655 716 1717 antequam
735 1646 1079 1696 renascantur
1094 1636 1145 1689 in
1157 1631 1390 1697 Christo,
1409 1629 1633 1685 occiduo
1647 1624 1927 1698 praeveniri
1944 1641 1960 1692 ;
1990 1642 2010 1676 ι

428 1738 575 1793 velut
590 1735 767 1804 aliqua
793 1731 871 1785 vis
898 1730 1146 1793 fortunae,
1169 1726 1281 1781 sive
1306 1723 1422 1785 fati,
1453 1721 1565 1777 sive
1594 1719 1878 1789 cujuslibet
1908 1718 2008 1782 rei,

429 1842 539 1883 non
562 1824 834 1897 permittat
861 1822 1027 1876 Deum
1053 1817 1196 1889 quod
1221 1812 1620 1888 praedestinavit
1646 1808 1912 1881 implere?
1944 1808 2015 1863 Et

430 1918 699 1993 quomodo
724 1918 837 1988 ipse
863 1915 983 1970 illos
1035 1911 1194 1981 rapit,
1236 1908 1357 1979 quia
1408 1907 1727 1977 placuerunt
1756 1901 1879 1993 illi?
1928 1900 2010 1954 An

430 1992 528 2069 eos
556 2020 611 2067 et
634 2010 746 2080 ipse
776 2004 1119 2078 praedestinat
1157 1999 1436 2070 baptizari,
1476 2006 1531 2053 ct
1553 1996 1672 2067 ipse
1695 1992 1837 2066 quod
1883 2007 2022 2064 pra:-

432 2103 736 2164 destinavit,
767 2115 870 2154 nou
902 2096 1028 2152 sinit
1056 2095 1173 2149 fieri
1198 2092 1221 2147 ?

502 2192 730 2250 CAPUT
758 2189 827 2246 X.
858 2219 930 2229 —
960 2188 1046 2242 14.
1075 2184 1178 2242 Sed
1208 2181 1425 2239 attende
1444 2179 1570 2251 quid
1595 2178 1771 2234 adhuc
1799 2175 2017 2244 audeat,

433 2285 521 2343 cui
557 2284 805 2354 displicet
845 2281 901 2336 in
931 2288 1075 2334 tanta
1119 2276 1279 2346 hujus
1325 2272 1682 2344 profunditate
1709 2268 2022 2341 quaestionis

433 2378 643 2435 cautior
668 2390 827 2447 quam
858 2371 1115 2433 scientior
1142 2376 1329 2424 nostra
1353 2364 1642 2421 cunctatio.
1678 2381 1697 2414 ι
1729 2361 1913 2416 Ausim
1941 2358 2026 2414 di-

433 2484 579 2535 cere,
603 2486 622 2519 ο
645 2466 829 2538 inquit,
853 2483 872 2517 ι
892 2464 1025 2520 iStos
1041 2462 1322 2534 pervenire
1340 2472 1497 2529 posse
1510 2456 1577 2511 ad
1594 2454 1930 2527 originalium
1944 2453 2025 2506 in-

433 2558 761 2631 dulgentiam
779 2563 1138 2627 peccatorum,
1155 2567 1259 2606 non
1280 2558 1454 2605 tamen
1470 2558 1524 2602 ut
1539 2547 1759 2604 caeleste
1776 2543 2026 2600 inducan-

434 2661 524 2708 tur
550 2651 601 2705 in
620 2664 843 2720 regnum
863 2663 879 2701 :
898 2644 1053 2702 sicuti
1076 2643 1265 2698 latroni
1288 2640 1535 2697 confesso
1550 2638 1784 2709 quidem,
1804 2636 1898 2691 sed
1917 2651 2023 2691 non

436 2743 725 2814 haptizato,
757 2739 1011 2796 Dominus
1035 2752 1140 2792 non
1160 2735 1418 2792 caelorum
1447 2746 1670 2803 regnum
1705 2729 1903 2795 tribuit,
1930 2727 2025 2783 sed

436 2833 742 2907 paradisum
779 2830 928 2906 (Luc.
953 2846 1103 2898 xxnt,
1129 2828 1253 2899 45);
1278 2842 1397 2883 cum
1423 2825 1605 2895 utique
1626 2823 1736 2894 jam
1763 2830 2024 2886 maneret,

442 2927 543 2995 Qui
553 2943 653 2981 non
665 2934 865 2979 renatus
881 2923 1032 2994 fuerit
1043 2938 1105 2976 e1:
1118 2937 1249 2992 aqua
1265 2929 1310 2974 et
1328 2917 1528 2992 Spiritu
1544 2924 1739 2983 sancto,
1753 2930 1854 2969 non
1868 2914 2003 2967 intra
2012 2941 2030 2952 -

439 3022 509 3077 bit
527 3022 581 3076 in
597 3035 803 3092 regnum
822 3016 1060 3071 calorum
1079 3014 1255 3087 (Joan.
1276 3028 1353 3075 ιιι,
1369 3009 1449 3081 5).
1470 3008 1743 3077 Prmcipue
1754 3005 1875 3076 quia
1891 3003 2032 3059 mul-

439 3122 522 3168 tas
546 3126 667 3168 esse
688 3110 991 3164 mansiones
1018 3105 1157 3176 apud
1184 3104 1396 3160 Patrem
1421 3116 1573 3157 suum
1596 3098 1850 3154 Dominus
1869 3094 2034 3168 profi-

440 3211 603 3270 tetur,
634 3200 905 3271 inquibus
939 3197 1285 3267 designantur
1326 3193 1514 3248 merita
1549 3189 1712 3245 multa
1741 3197 1796 3244 et
1820 3187 2033 3244 diversa

437 3306 751 3349 mansorum
769 3309 781 3343 ς
799 3300 854 3346 ιιι
867 3289 953 3345 hic
967 3305 1070 3343 non
1085 3287 1378 3356 baptizatus
1394 3282 1711 3355 perducatur
1721 3279 1788 3335 ad
1800 3278 2031 3345 veniam,

444 3383 744 3456 baptizatus
768 3383 836 3437 ad
864 3381 1115 3453 palmam,
1147 3393 1267 3450 quae
1295 3385 1377 3431 est
1406 3383 1584 3446 parata
1616 3388 1713 3445 per
1736 3370 1981 3443 gratiam.
2006 3388 2027 3422 ι

443 3475 632 3533 Cernis
647 3472 1245 3543 hominem.paradisum
1259 3481 1418 3540 atque
1434 3468 1736 3523 mansiones
1749 3467 1768 3497 ²
1781 3481 1900 3536 qua:
1911 3474 2037 3520 sunt

443 3568 586 3639 apud
614 3569 843 3629 Patrem,
862 3582 891 3621 a
913 3580 1078 3636 regno
1101 3578 1350 3635 separare
1372 3560 1652 3627 caelorum,
1672 3567 1729 3613 ut
1748 3558 1908 3613 etiam
1927 3574 2032 3612 non

443 3660 728 3732 baptizatis
758 3658 1031 3714 abundent
1071 3657 1188 3712 loca
1227 3655 1566 3725 sempiterna:
1596 3652 1884 3707 fclicitatis.
1926 3650 2036 3708 Nec

445 3753 612 3816 videt,
641 3740 761 3806 cum
791 3752 892 3806 ista
919 3750 1067 3817 dicit,
1105 3750 1178 3804 ita
1201 3764 1260 3804 se
1288 3748 1432 3802 nolle
1461 3746 1710 3817 baptizati
1741 3745 2035 3816 cujuspiam

390 3864 395 3867 ·
444 3846 657 3920 parvuli
704 3846 1034 3899 mansionem
1077 3858 1109 3896 a
1155 3840 1414 3897 caelorum
1464 3854 1629 3911 regno
1664 3852 1934 3909 separare,
1981 3844 2041 3891 ut

449 3939 622 4011 ipsam
653 3936 746 3993 Dei
774 3937 945 3993 Patris
967 3934 1206 3999 domum,
1235 3934 1320 3989 vel
1340 3932 1546 4003 aliquas
1572 3939 1749 4002 partes
1773 3932 1888 4000 ejus
1914 3927 2039 3985 inde

449 4044 703 4101 separare
731 4043 837 4083 non
867 4028 1070 4082 timeat.
1100 4024 1286 4096 Neque
1313 4023 1455 4079 enim
1489 4022 1744 4077 Dominus
1771 4020 1949 4087 Jesus,
1982 4019 2040 4075 ln

451 4119 805 4177 universitate
844 4128 1125 4184 creatum,
1176 4115 1262 4171 vel
1303 4116 1357 4170 in
1406 4113 1642 4184 qualibet
1684 4113 2043 4167 universitatis

451 4221 641 4286 parte;
693 4212 809 4281 sed,
855 4209 924 4265 In
975 4211 1123 4264 domo
1164 4206 1341 4262 Patris
1385 4207 1503 4271 mei,
1541 4204 1709 4286 dixit,
1755 4205 2041 4259 mansiones

453 4284 632 4361 multa:
659 4314 775 4359 sunt
810 4302 920 4376 (Id.
950 4317 1063 4368 xw,
1105 4300 1186 4372 2).
1237 4297 1516 4368 Quomodo
1540 4284 1678 4369 ergo
1706 4298 1809 4354 erit
1851 4297 1904 4352 in
1947 4293 2042 4352 Dei

452 4395 632 4454 Patris
653 4394 816 4450 domo
840 4408 946 4449 non
977 4392 1309 4462 baptizatus,
1346 4404 1469 4446 cum
1499 4388 1667 4444 Deum
1706 4396 1916 4460 patrem
1942 4388 2041 4442 ha-

452 4488 583 4545 bere
609 4502 715 4543 non
740 4486 914 4556 possit
952 4484 1051 4543 nisi
1092 4482 1340 4539 renatus?
1369 4480 1486 4537 Non
1524 4480 1595 4536 sit
1626 4480 1867 4551 ingratus
1908 4479 2040 4546 Deo,

453 4580 546 4651 qui
566 4595 687 4635 eum
719 4577 964 4649 dignatus
992 4579 1075 4631 est
1111 4589 1143 4630 a
1183 4573 1580 4629 Donatistarum
1615 4570 1702 4627 vel
1737 4570 2042 4642 RogatiSta-

456 4685 577 4725 rum
607 4670 867 4724 divisione
896 4667 1147 4734 liberare,
1192 4674 1250 4721 ut
1287 4664 1458 4736 ipsam
1488 4663 1704 4718 domum
1745 4662 1842 4718 Dei
1869 4662 2046 4718 Patris

458 4772 665 4833 quaerat
700 4758 969 4827 dividere,
1013 4767 1068 4814 et
1107 4758 1338 4829 aliquam
1375 4757 1491 4824 ejus
1535 4765 1738 4827 partem
1774 4764 1923 4809 extra
1961 4770 2049 4811 re-

459 4870 622 4928 gnum
652 4854 911 4910 calorum
932 4866 1149 4923 ponere,
1179 4849 1270 4905 ubi
1302 4862 1408 4903 non
1437 4846 1688 4917 baptizati
1704 4846 1918 4902 valeant
1944 4844 2045 4899 ha-

453 4949 648 5006 bitare.
697 4946 766 5003 Et
788 4960 892 5017 quo
917 4952 1069 5014 pacto
1098 4942 1214 5012 ipse
1243 4955 1466 5012 regnum
1496 4939 1757 4994 ccelorum
1788 4952 1847 4993 se
1874 4937 2044 4991 intra-

455 5052 636 5098 turum
682 5052 803 5094 esse
844 5035 1140 5107 praesumit,
1181 5032 1247 5088 de
1286 5044 1397 5102 quo
1422 5044 1587 5099 regno
1625 5030 1678 5083 in
1717 5036 1909 5098 quanta
1938 5027 2050 5082 vult

461 5141 615 5204 parte
656 5130 874 5186 domum
916 5125 1082 5197 ipsius
1126 5125 1267 5195 regis
1308 5120 1586 5177 excludit?
1617 5119 1720 5176 Sed
1749 5119 1816 5175 de
1840 5119 2047 5175 latrone

445 5225 572 5287 illo,
604 5222 695 5294 qui
720 5221 877 5292 juxta
904 5211 1187 5274 Dominum
1210 5213 1494 5270 crucifixus
1522 5212 1755 5283 speravit
1781 5213 1832 5266 in
1868 5212 2045 5266 Domi-

455 5334 584 5375 num
615 5317 776 5373 etiam
806 5312 1142 5379 crucifixum,
1171 5318 1226 5365 et
1249 5308 1317 5364 de
1347 5308 1509 5364 fratre
1538 5319 1740 5363 sanctae
1767 5306 2045 5377 Perpetua:

456 5412 745 5467 Dinocrate
770 5411 1192 5477 argumentatur,
1232 5399 1372 5472 quod
1412 5400 1570 5455 etiam
1612 5415 1717 5453 non
1760 5397 2041 5467 baptizatis

461 5504 577 5562 dari
623 5503 791 5576 possit
834 5499 1161 5570 indulgentia
1208 5504 1545 5566 peccatorum
1590 5500 1644 5547 et
1685 5490 1840 5546 sedes
1866 5490 2042 5560 aliqua

523 5646 541 5678 ³
576 5645 658 5694 llic
679 5637 895 5692 nonnulli
934 5644 1042 5688 uss.
1070 5602 1269 5694 addunt,
1291 5630 1390 5683 into
1409 5643 1521 5682 vero
1543 5626 1825 5680 detestanda
1837 5631 1885 5677 et
1905 5638 2047 5678 exae-

668 5702 681 5737 f

668 5705 681 5737 1

460 5705 691 5814 "(inﬁgi
712 5779 725 5814 :
747 5762 912 5815 remis
934 5758 1173 5812 hominem
1191 5770 1274 5808 eas
1290 5752 1577 5805 mansiones.
1605 5759 1705 5800 Am.
1733 5760 1785 5801 et
1799 5757 1874 5799 Er.
1895 5763 1908 5800 :
1934 5758 2050 5800 (ero
2070 5748 2081 5759 ‘

460 5827 539 5881 Itis
557 5825 797 5878 hominem
816 5814 951 5885 atque
970 5821 1237 5885 mansiones
1266 5832 1284 5869 :
1319 5826 1377 5879 et
1390 5817 1616 5885 omittunt
1638 5814 1858 5885 veritum,
1898 5825 2049 5875 para-

463 5888 646 5949 dimm;
668 5889 794 5950 quod
823 5881 985 5936 tamen
1023 5886 1126 5950 hic,
1148 5881 1367 5950 adjuncta
1393 5881 1619 5941 [articulat
1636 5912 1652 5940 ,
1674 5883 1844 5942 atque,
1869 5886 2053 5938 reprae-

462 5945 657 6003 sentant
676 5945 899 6013 plerique
924 5956 976 6000 et
998 5945 1298 6010 antiquiores
1316 5950 1421 5992 uss.

1311 413 1402 469 DE
1442 409 1652 466 ANIMA
1693 408 1779 464 ET
1817 404 1982 463 EJUS
2020 401 2322 469 ORIGINE,
2362 398 2419 458 S.
2461 397 2828 456 AUGUSTINI

3618 401 3789 459 505

2124 539 2399 593 beatorum
2430 556 2443 591 :
2472 534 2623 607 quasi
2659 537 2959 606 quisquam,
3001 535 3089 591 cui
3131 551 3239 593 non
3280 537 3502 595 credere
3547 538 3784 596 nefas

2119 638 2281 695 esset,
2308 628 2433 684 huic
2460 627 2769 682 indicaverit
2797 625 2939 697 quod
2960 641 3064 681 nou
3091 625 3289 683 fuerint
3318 627 3575 699 baptizati
3590 670 3611 684 .
3661 631 3781 685 De

2119 721 2312 791 quibus
2350 728 2525 774 tamen
2572 719 2624 773 in
2666 734 2733 774 eo
2772 718 2928 783 libro,
2958 731 3114 788 quem
3154 719 3345 789 scripsi
3385 719 3451 775 ad
3477 720 3778 777 fratrem

2119 820 2359 868 nostrum
2407 810 2692 876 Renatum,
2728 809 2935 880 plenius
2971 809 3095 879 quid
3127 809 3259 865 mihi
3298 810 3581 868 videretur
3618 828 3769 868 ex-

2124 903 2277 974 posui
2304 901 2503 975 (Supra
2523 942 2538 967 ,
2566 901 2655 955 tib.
2685 901 2739 967 1,
2769 917 2859 954 nn.
2888 901 2976 967 11,
3009 898 3098 970 12)
3138 917 3152 955 :
3184 900 3324 970 quod
3356 910 3443 957 tua
3481 903 3775 959 Dilectio

2121 996 2321 1065 poterit
2348 1007 2540 1058 nosse,
2572 991 2618 1047 si
2655 1006 2763 1046 non
2796 991 3059 1061 spreveris
3101 990 3311 1062 legere;
3341 1005 3464 1047 nam
3498 992 3603 1050 ille
3627 1008 3772 1065 pe-

2122 1087 2255 1143 tenti
2282 1101 2388 1141 non
2420 1083 2613 1155 pcterit
2636 1082 2925 1154 denegare.

2193 1176 2418 1235 CAPUT
2444 1175 2538 1231 X1.
2567 1205 2641 1219 --
2665 1176 2754 1232 15.
2781 1174 2998 1231 ABstuat
3023 1183 3197 1231 tamen
3226 1175 3350 1242 iste,
3382 1184 3543 1248 atque
3569 1176 3708 1233 hor
3724 1207 3771 1220 -

2121 1270 2305 1328 rendis
2354 1268 2644 1325 suffocatur
2668 1269 2946 1340 angustiis.
2993 1269 3262 1325 Attentius
3297 1270 3441 1326 enim
3479 1270 3771 1329 fortasse

2122 1379 2281 1434 quam
2322 1373 2377 1419 tu
2408 1363 2534 1434 quid
2564 1362 2689 1417 mali
2718 1360 2861 1417 dicat
2884 1361 3129 1428 attendit,
3159 1373 3354 1433 praeter
3373 1363 3580 1421 Cltristi
3613 1366 3765 1422 sci-

2123 1454 2249 1511 licet
2272 1454 2342 1509 Ba
2352 1455 2598 1525 ptismum
2626 1452 2760 1507 solvi
2784 1452 2837 1507 itt
2861 1453 3092 1521 parvulis
3117 1453 3376 1525 originale
3397 1465 3753 1526 peccatum.

2125 1548 2383 1619 Denique,
2410 1555 2469 1601 ut
2494 1546 2830 1617 aliquatenus
2856 1545 2910 1600 iu
2937 1546 3037 1602 hac
3064 1560 3229 1601 causa
3248 1546 3334 1601 vel
3359 1561 3483 1603 sere
3512 1547 3586 1602 ad
3625 1546 3769 1602 Ec-

2124 1638 2301 1695 clesiae
2343 1638 2684 1694 Sacramenta
2721 1634 3012 1708 confugiat,
3063 1655 3082 1688 ι
3113 1636 3219 1692 Pro
3262 1636 3344 1692 bis
3373 1652 3527 1706 sane,
3564 1657 3590 1691 ι
3652 1639 3765 1693 inc

2126 1729 2260 1800 quit,
2293 1747 2313 1782 ι
2346 1728 2644 1784 oblationes
2672 1726 2933 1794 assiduas,
2971 1736 3027 1782 et
3063 1725 3335 1783 offerenda
3356 1728 3557 1799 jugiter
3591 1744 3762 1785 san-

2126 1830 2331 1876 ctorum
2356 1834 2553 1876 censeo
2579 1818 2836 1875 sacrificia
2858 1817 3217 1874 sacerdotum.
3248 1838 3269 1872 ι
3294 1818 3500 1876 Habeto
3526 1823 3756 1889 istum,

2126 1913 2171 1968 si
2220 1914 2413 1982 placet,
2463 1912 2624 1968 etiam
2653 1925 2957 1975 censorem,
3004 1911 3051 1966 si
3091 1925 3279 1982 parum
3320 1911 3493 1968 fuerat
3518 1911 3759 1969 habere

2127 2004 2423 2072 doctorem,
2467 2012 2527 2058 ut
2562 2002 2881 2058 sacrificium
2924 2003 3165 2073 corporis
3202 2001 3400 2059 Christi
3430 2003 3597 2058 etiam
3634 2018 3755 2073 pro

2127 2094 2214 2150 his
2250 2093 2466 2161 offeras,
2512 2096 2600 2164 qui
2645 2091 2860 2149 Christo
2896 2108 3003 2161 non
3042 2102 3165 2148 sunt
3210 2094 3553 2165 incorporati.
3586 2094 3753 2150 Bern

2129 2185 2326 2257 quippe
2356 2194 2464 2240 tant
2506 2201 2718 2249 novam,
2760 2188 2921 2255 atque
2967 2200 2999 2240 a
3043 2185 3322 2256 disciplina
3359 2186 3752 2242 ecclesiastica

2131 2284 2187 2330 et
2211 2291 2241 2329 a
2268 2276 2446 2346 regula
2475 2275 2715 2331 veritatis
2742 2275 2993 2339 alienam,
3021 2290 3145 2331 cum
3174 2275 3328 2333 libris
3356 2277 3468 2332 suis
3495 2277 3750 2334 auderet

2131 2365 2388 2435 inserere,
2417 2381 2525 2421 non
2550 2367 2651 2430 ait,
2681 2366 2853 2432 Puto;
2886 2382 2993 2422 non
3022 2369 3118 2436 ait,
3146 2367 3438 2436 Existimo;
3468 2384 3582 2425 non
3619 2370 3729 2439 ait,

2133 2454 2410 2522 Arbitror;
2450 2471 2556 2511 non
2594 2457 2671 2511 ait
2707 2457 2919 2525 saltem,
2953 2457 3213 2528 Suggere,
3256 2459 3363 2526 vel,
3395 2459 3560 2526 Dico;
3603 2460 3743 2528 sed,

2139 2565 2157 2599 ι
2193 2562 2426 2603 censeo:
2457 2566 2477 2601 ι
2526 2556 2584 2602 ιιι
2608 2549 2814 2604 scilicet
2854 2549 2900 2604 si
2939 2549 3340 2606 ofl‘enderemur
3365 2552 3602 2609 novitate
3631 2568 3745 2609 seu

2136 2640 2496 2711 perversitate
2540 2641 2822 2697 sententiae
2844 2682 2860 2708 ,
2906 2651 3232 2699 terreremur
3253 2646 3572 2702 auctoritate
3595 2661 3708 2703 cen
3723 2675 3745 2690 -

2133 2749 2294 2790 surae.
2326 2732 2666 2801 Viderisftu,
2709 2733 2896 2802 frater,
2934 2734 3203 2806 quomodo
3243 2736 3508 2793 sustinere
3551 2738 3742 2809 possis

2134 2825 2295 2881 istum
2326 2826 2344 2857 ¹
2372 2824 2653 2881 docentem
2693 2842 2709 2881 :
2750 2824 3011 2881 Catholici
3050 2835 3227 2882 tamen
3271 2827 3363 2899 qui
3404 2843 3593 2884 sanum
3638 2844 3739 2885 sa-

2136 2919 2291 2991 piunt
2315 2918 2642 2984 sacerdotes,
2691 2918 2886 2989 quibus
2907 2928 2964 2975 et
3003 2927 3055 2975 te
3084 2929 3296 2991 Oportet
3320 2920 3558 2992 adjungi,
3587 2923 3740 2978 absit

2136 3020 2198 3066 ut
2223 3010 2565 3082 acquiescant
2591 3009 2756 3065 istum
2780 3009 2966 3066 audire
2990 3021 3324 3080 censentem,
3350 3028 3511 3084 quem
3551 3016 3737 3083 potius

2137 3110 2326 3173 optant
2353 3102 2758 3173 resipiscentem
2786 3116 2849 3158 ac
2874 3101 3170 3169 dolentem,
3216 3105 3435 3175 etquod
3472 3105 3574 3162 ista
3604 3122 3737 3164 sett-

2137 3193 2291 3259 serit,
2322 3193 2433 3248 imo
2463 3207 2595 3248 vero
2620 3193 2781 3248 etiam
2812 3193 3110 3265 scripserit,
3135 3197 3469 3253 correctione
3489 3198 3734 3255 saluber-

2138 3285 2273 3342 rima
2319 3284 2688 3355 pmnitentem.
2740 3302 2761 3337 ι
2794 3283 2905 3342 Sed
2947 3285 3072 3352 hoc,
3109 3303 3131 3339 ι
3179 3285 3370 3358 inquit,
3416 3306 3437 3342 ι
3483 3292 3733 3362 exemplo

2139 3378 2566 3435 Macbabteorum
2586 3377 2643 3433 iu
2659 3377 2844 3449 praelia
2862 3377 3166 3435 cadentium
3190 3387 3374 3436 astruo
3401 3379 3731 3450 faciendum,

2139 3474 2230 3545 qui
2278 3488 2399 3528 cum
2448 3470 2631 3527 furtim
2674 3471 2742 3527 de
2778 3471 3077 3529 interdictis
3104 3472 3448 3542 auferrent’,
3489 3477 3731 3547 atquein

2140 3565 2259 3635 ipso
2301 3563 2592 3619 certamine
2639 3562 2980 3630 cecidissent,
3027 3578 3058 3616 a
3109 3563 3499 3633 sacerdotibus,
3556 3584 3577 3619 ι
3630 3567 3727 3636 ait,

2147 3673 2168 3708 ι
2207 3653 2507 3710 invenimus
2533 3653 2636 3709 hoc
2676 3653 2864 3710 initum
2891 3654 3174 3711 consilium
3203 3653 3391 3721 fuisse,
3423 3665 3483 3711 ut
3505 3672 3728 3728 quorum

2141 3747 2350 3804 animas
2384 3762 2453 3802 ex
2498 3746 2665 3801 vetito
2692 3757 2872 3802 reatus
2912 3747 3297 3816 obstrinxerat,
3346 3750 3726 3808 sacrificiorum

2144 3838 2342 3896 oblatio
2380 3848 2652 3911 repararet
2682 3858 2705 3893 ι
2744 3839 2814 3911 (Il
2846 3839 3083 3896 Machab.
3120 3858 3215 3911 xu,
3240 3843 3452 3916 39-46).
3480 3844 3555 3900 ita
3592 3845 3729 3903 istud
3802 3828 3807 3831 ἤ

2144 3932 2295 4000 dicit,
2337 3932 2490 4004 quasi
2530 3948 2630 4006 pro
2668 3933 3055 3990 incircumcisis
3095 3935 3184 3990 illa
3210 3935 3390 3992 oblata
3429 3936 3615 4009 legerit
3636 3953 3726 3994 sa-

2124 4022 2343 4099 ‘crificia
2366 4064 2384 4090 ,
2411 4023 2546 4079 sicut
2575 4023 2692 4080 haec
2720 4034 2903 4080 nostra
2940 4040 3038 4096 pro
3067 4043 3176 4082 non
3207 4028 3487 4098 baptizatis
3527 4031 3726 4087 censuit

2146 4114 2437 4202 offerenda.
2464 4113 2812 4173 Circumcisio
2839 4119 3039 4190 quippe
3067 4119 3165 4177 fuit
3194 4121 3337 4178 illius
3363 4125 3617 4194 temporis
3635 4139 3723 4181 sa-

2148 4218 2504 4278 cramentum,
2536 4209 2680 4281 quod
2722 4211 3097 4284 prrefigurabat
3138 4215 3308 4271 nostri
3351 4217 3603 4288 temporis
3628 4217 3725 4274 Ba-

2147 4299 2426 4371 ptismum.

2219 4391 2447 4450 CAPUT
2474 4390 2593 4449 Xll.
2628 4423 2695 4435 —
2718 4393 2806 4452 16.
2845 4394 3228 4455 Verumtamen
3254 4398 3357 4456 iste
3397 4399 3450 4455 in
3476 4400 3558 4456 sui
3581 4408 3722 4457 eom-

2152 4486 2431 4556 paratione
2458 4486 2633 4559 qualis
2660 4488 2925 4558 posterius
2959 4491 3223 4560 apparuit,
3264 4492 3590 4550 tolerabilius
3632 4495 3716 4551 ad-

2151 4574 2259 4631 huc
2282 4585 2449 4633 errat.
2489 4576 2623 4633 Nam
2648 4578 2793 4633 velut
2819 4580 3126 4649 paenituerit
3150 4596 3273 4638 eum
3298 4581 3444 4655 (non
3470 4584 3607 4655 quod
3632 4585 3717 4642 de-

2151 4667 2270 4724 buit
2293 4670 2576 4740 poenitere,
2606 4670 2657 4726 id
2684 4681 2783 4738 est,
2813 4671 2956 4743 quod
2983 4688 3144 4731 ausus
3171 4673 3329 4732 fuerit
3359 4692 3601 4735 asserere
3627 4695 3718 4736 non

2152 4760 2436 4832 baptizatis
2475 4750 2720 4819 relaxari
2745 4764 3002 4836 originale
3042 4774 3343 4837 peccatum,
3373 4778 3532 4839 atque
3561 4770 3718 4826 indul-

2151 4854 2387 4924 gentiam
2422 4854 2537 4910 dari
2562 4855 2803 4912 omnium
2844 4866 3204 4927 peccatorum,
3237 4860 3373 4916 utin
3411 4861 3716 4931 paradisum,

2153 4943 2261 5002 hoc
2282 4955 2385 5015 est,
2427 4947 2601 5003 locum
2634 4956 2794 5004 tanta:
2820 4946 3095 5008 felicitatis
3116 4952 3413 5020 mittantur,
3460 4962 3515 5010 et
3552 4956 3716 5009 beatas

2154 5038 2459 5094 mansiones
2501 5039 2554 5094 in
2597 5039 2760 5095 domo
2789 5040 2960 5097 Patris
2986 5042 3184 5099 habere
3212 5044 3590 5114 mereantur);
3632 5046 3714 5101 sed

2154 5129 2285 5186 illud
2315 5146 2438 5186 eum
2472 5130 2648 5201 potius
2675 5120 3013 5202 paenituerit,
3042 5134 3184 5204 quod
3213 5134 3294 5190 eis
3318 5137 3543 5191 minoris
3568 5136 3713 5191 beati-

2157 5222 2352 5279 tudinis
2379 5230 2529 5278 extra
2548 5239 2773 5296 regnum
2798 5225 3060 5281 cmlorum
3075 5228 3404 5283 concesserit
3427 5227 3612 5295 sedes;
3637 5229 3717 5282 ad-

2147 5314 2346 5388 junxit,
2379 5324 2537 5386 atque
2563 5316 2638 5370 ait
2677 5333 2690 5369 :
2724 5303 2876 5372 (Aut
2903 5318 2947 5372 si
2979 5317 3118 5375 forte
3141 5318 3403 5390 quiSpiani
3434 5320 3712 5384 reluctetur,

2153 5408 2373 5464 latronis
2392 5410 2585 5465 animae
2606 5410 2692 5467 vel
2718 5410 3016 5466 Dinocratis
3043 5411 3256 5467 interim
3282 5412 3599 5482 temporaria
3611 5414 3710 5466 col-

2154 5500 2317 5557 latum
2346 5501 2682 5571 paradisum;
2727 5518 2849 5557 nam
2893 5516 3177 5574 superesse
3208 5503 3312 5558 illis
3337 5501 3516 5558 adhuc
3554 5504 3600 5559 in
3635 5519 3709 5558 rc-

2154 5596 2485 5649 surrectione
2532 5595 2809 5665 praemium
2868 5596 3017 5667 regni
3059 5596 3319 5651 caelorum
3374 5612 3388 5650 :
3440 5610 3711 5667 quanquam

2220 5692 2238 5719 ⁸
2275 5688 2348 5737 Sic
2367 5693 2476 5738 Mss.
2501 5694 2559 5739 Αι
2581 5688 2715 5749 editi,
2741 5691 2852 5741 ista.

2217 5750 2239 5781 ²
2274 5757 2342 5812 tta
2361 5750 2617 5799 scribimus
2635 5748 3020 5801 ex’editionibus
3040 5754 3115 5797 Er.
3140 5748 3289 5812 Lugd.
3323 5756 3441 5799 ven.
3471 5756 3519 5801 et
3547 5762 3602 5800 ex
3623 5751 3714 5809 itm

2156 5822 2307 5860 sensu
2333 5810 2422 5860 loci
2464 5815 2614 5871 citati,
2638 5818 2666 5860 ll
2693 5814 2898 5862 Mat'ltai‘.
2928 5827 3021 5871 xu,
3048 5812 3128 5861 40.
3152 5810 3229 5861 sic
3255 5813 3400 5863 etiam
3431 5813 3710 5864 scribendum

2160 5875 2554 5987 ﬁgi-gladiatura,
2586 5877 2822 5928 Blcmeut.
2863 5875 3023 5926 critic.
3048 5909 3065 5938 ,
3110 5887 3225 5940 pag.
3249 5875 3360 5927 5M.
3395 5880 3552 5939 ιω..
3588 5873 3712 5958 eler-
