3938 6510
121 473 131 483 .
185 423 292 480 505

185 535 437 594 sententia
468 532 556 587 illa
581 528 894 603 principalis
920 524 1172 589 obsistat,
1200 521 1334 591 Quia
1363 519 1450 590 qui
1476 533 1576 572 non
1608 531 1759 570 rena-

190 642 269 684 tas
291 627 437 697 fuerit
455 641 520 680 et
541 639 674 694 aqua
704 629 753 675 et
783 619 986 690 Spiritu
1013 625 1208 681 sancto,
1241 629 1344 667 non
1372 609 1577 666 intrabit
1602 607 1654 660 in
1681 621 1762 660 re-

183 736 326 792 gnant
341 717 580 772 calorum
594 733 614 772 :
638 723 817 768 tamen
837 717 1018 766 teneat
1039 709 1197 763 etiam
1221 719 1398 760 meum
1416 703 1468 756 in
1490 701 1590 754 hac
1612 705 1762 769 parte

183 827 282 868 non
323 807 610 864 invidentis
638 817 944 868 assensum,
988 797 1148 854 modo
1187 792 1573 851 misericordiae
1623 803 1761 859 pra:-

183 903 518 970 scientiaaqne
531 897 727 953 divina:
742 905 798 950 et
813 893 1064 951 effectum
1082 887 1370 959 amplificet
1381 883 1712 941 etall‘ectum.
1736 899 1757 934 ι

183 997 298 1052 lbec
317 993 478 1046 verba
505 991 560 1044 in
584 986 822 1044 secundo
844 985 962 1055 ejus
982 983 1118 1038 libro
1140 981 1277 1036 lecta
1298 977 1576 1045 descripsi.
1601 974 1764 1029 Num-

180 1087 294 1159 quid
311 1086 362 1139 in
382 1084 483 1137 bac
503 1096 664 1137 causa
684 1078 886 1134 erroris
905 1075 1200 1140 audaciam,
1225 1070 1602 1131 temeritatem,
1625 1081 1762 1136 pra:-

180 1158 529 1245 sbmptionem
561 1171 758 1226 habere
777 1168 1039 1238 quiSpiam
1061 1173 1246 1234 posset
1265 1158 1614 1232 ampliorem?
1642 1158 1762 1228 Ipse

180 1266 491 1322 sententiam
533 1261 856 1318 dominicam
905 1255 1235 1320 recordatur,
1276 1254 1392 1324 ipse
1430 1264 1760 1306 commemo-

178 1369 289 1423 rat,
333 1360 450 1429 ipse
482 1356 596 1410 suis
634 1352 824 1409 litteris
863 1349 1168 1419 interponit,
1201 1347 1315 1415 ipse
1354 1343 1499 1410 dicit,
1539 1361 1558 1395 ι
1593 1357 1761 1413 quau-

178 1468 326 1524 quam
355 1450 621 1505 sententia
646 1447 732 1500 illa
757 1442 1066 1516 principalis
1092 1441 1338 1505 obsistat,
1371 1436 1505 1505 Quia
1539 1435 1623 1504 qui
1653 1449 1760 1488 non

177 1553 370 1599 malus
399 1543 553 1612 fuerit
578 1555 641 1594 ea:
664 1554 797 1609 aqua
819 1545 869 1590 et
896 1533 1096 1604 Spiritu
1115 1539 1311 1596 sancto,
1339 1545 1440 1584 non
1474 1526 1680 1582 intrabit
1706 1526 1761 1588 in

177 1652 379 1708 regnum
408 1633 688 1697 caelorum;
721 1649 740 1684 ι
791 1639 846 1684 et
873 1627 1034 1682 audet
1059 1635 1236 1681 tamen
1263 1638 1373 1678 sua:
1411 1635 1652 1677 censura:
1685 1618 1762 1674 le.

175 1744 297 1784 vare
323 1727 592 1782 cervicem
618 1732 804 1779 contra
834 1719 1151 1776 sententiam
1178 1714 1562 1787 principalem!
1595 1731 1614 1765 ι
1651 1711 1758 1767 Te-

175 1829 315 1885 neat,
357 1838 377 1871 ι
409 1817 603 1888 inquit,
637 1833 656 1866 ι
692 1815 852 1870 etiam
891 1826 1068 1867 meum
1110 1823 1216 1863 non
1262 1805 1548 1862 invidentis
1574 1818 1760 1859 assen-

175 1928 289 1967 sum
320 1929 334 1964 :
375 1929 396 1962 ι
425 1909 518 1979 qui
547 1906 679 1963 dicit
707 1905 912 1958 animas
941 1917 1044 1956 non
1073 1899 1458 1969 baptizatornm
1489 1907 1758 1965 tempora-

175 2006 255 2060 rie
301 2003 496 2059 mereri
535 1999 872 2071 paradisum;
918 2003 1134 2067 propter
1173 1994 1268 2048 bas
1295 1991 1460 2058 enim,
1499 1990 1759 2045 latronem

177 2106 330 2165 atque
356 2094 720 2156 Dinocratem,
743 2098 994 2158 tanquam
1025 2082 1442 2157 praescribendo,
1470 2082 1553 2137 vel
1584 2079 1762 2150 potius

177 2184 572 2258 przejudieando
601 2188 988 2238 commemorat
1017 2197 1030 2233 :
1063 2179 1114 2232 in
1154 2175 1544 2231 resurrectione
1582 2182 1761 2228 autem

178 2282 232 2335 in
275 2279 496 2334 meliora
543 2273 825 2330 transferri
881 2281 935 2328 et
983 2271 1133 2340 regni
1179 2269 1438 2325 ctelorum
1489 2265 1763 2336 percipere

179 2371 489 2442 premium:
527 2385 547 2420 ι
580 2379 886 2438 quanquam
908 2363 1190 2427 sententia,
1225 2380 1245 2412 ι
1280 2358 1471 2429 inquit,
1508 2375 1527 2408 ι
1563 2354 1762 2424 princi-

180 2463 308 2534 palis
333 2461 578 2516 obsistat.
615 2477 636 2512 ›
674 2457 792 2512 Jam
819 2469 948 2526 ergo
978 2454 1091 2524 ipse
1125 2451 1403 2508 considera
1423 2489 1438 2515 ,
1481 2462 1662 2518 quaeso
1687 2453 1760 2512 te,

179 2553 340 2607 frater
360 2593 377 2617 ,
420 2549 664 2621 quisquis
697 2547 925 2616 cuipiam
969 2543 1172 2614 praebet
1208 2555 1483 2597 assensum
1510 2537 1764 2593 adversus

181 2645 549 2699 auctoritatem.
572 2639 856 2696 sententiae
885 2634 1222 2707 principalis,
1254 2647 1416 2703 quam
1444 2629 1762 2687 sententiam

181 2737 467 2792 merebitur
489 2733 786 2806 principis?

253 2832 338 2886 l7.
377 2829 627 2885 Novellos
667 2826 947 2883 haereticos
974 2822 1286 2894 Pelagianos
1311 2819 1609 2890 justissime
1634 2831 1765 2874 con-

184 2925 423 2980 ciliorum
449 2922 832 2977 catholicorum
859 2929 914 2973 et
941 2916 1096 2973 Sedis
1134 2913 1456 2985 Apostolica:
1489 2912 1760 2967 damnavit

194 3018 489 3082 auctoritas,
527 3029 592 3071 eo
621 3013 764 3084 quod
802 3012 917 3068 ausi
957 3010 1156 3065 fuerint
1193 3021 1298 3062 non
1336 3005 1614 3076 haptizatis
1640 3017 1763 3074 par-

190 3111 330 3165 vulis
369 3109 494 3164 dare
542 3105 730 3177 quietis
784 3113 840 3160 et
881 3103 1063 3158 salutis
1107 3091 1282 3156 locum
1305 3139 1320 3165 ,
1361 3098 1520 3153 etiam
1570 3103 1766 3166 praeter

187 3216 408 3272 regnum
427 3199 701 3256 calorum.
733 3195 889 3266 Quod
915 3195 1029 3251 ausi
1059 3209 1165 3249 non
1197 3193 1438 3257 fuissent,
1471 3187 1574 3242 nisi
1604 3201 1764 3258 nega-

188 3305 299 3351 rent
321 3308 416 3350 eos
447 3293 649 3348 habere
677 3289 938 3361 originale
963 3294 1258 3359 peccatum,
1289 3282 1429 3354 quod
1458 3295 1595 3352 opus
1623 3287 1766 3335 esset

185 3386 378 3444 absolvi
406 3401 505 3457 per
534 3383 876 3454 Baptismatis
901 3386 1314 3436 sacramentum.
1331 3374 1433 3430 Iste
1453 3381 1630 3428 autem
1652 3371 1764 3426 sic-

185 3491 238 3536 ut
270 3479 566 3536 catholicus
607 3477 758 3542 dicit,
791 3473 1036 3545 parvulos
1064 3469 1308 3542 originali
1341 3466 1626 3524 obstrictos
1644 3478 1766 3520 esse

186 3584 413 3646 peccato,
447 3581 504 3628 et
529 3581 705 3627 tamen
730 3585 827 3625 eos
867 3569 932 3622 ab
971 3563 1274 3637 huiusmodi
1303 3561 1516 3617 vinculo
1543 3559 1659 3615 sine
1685 3558 1766 3612 la-

184 3682 335 3722 vacro
371 3662 800 3736 regenerationis
825 3659 1074 3724 absolvit,
1111 3664 1166 3712 et
1199 3662 1319 3725 post
1342 3661 1568 3707 mortem
1589 3650 1642 3704 in
1670 3663 1764 3720 pa-

184 3759 409 3815 radisum
440 3755 750 3812 misericors
774 3753 962 3818 mittit;
1009 3759 1130 3820 post
1165 3745 1610 3803 resurrectionem
1631 3756 1768 3802 ,vero

185 3851 334 3904 etiam
376 3849 430 3904 in
457 3860 686 3917 regnum
722 3845 980 3900 calorum
1019 3837 1420 3896 misericordior
1457 3833 1763 3890 introducit.

185 3941 318 3998 Talis
344 3940 451 3996 sibi
475 3939 604 3996 Saftl
628 3937 933 3994 misericors
971 3935 1118 3989 visus
1140 3939 1243 3996 est,
1281 3928 1494 4000 quando
1530 3925 1770 3998 pepercit

185 4034 288 4104 regi
312 4048 476 4103 quem
513 4031 657 4085 Deus
696 4028 948 4101 praecepit
970 4025 1140 4082 occidi
1181 4041 1196 4078 :
1241 4023 1337 4079 sed
1367 4021 1556 4077 merito
1584 4017 1769 4075 inobe-

185 4125 330 4180 diens
359 4121 731 4178 misericordia
755 4159 771 4184 ,
815 4118 902 4175 vel
927 4117 1234 4174 misericors
1277 4112 1632 4170 inobedientia
1676 4126 1769 4166 re-

185 4219 402 4290 probat:
445 4224 608 4286 atque
646 4213 896 4269 damnata
944 4220 1026 4268 est
1053 4209 1100 4281 (ι
1136 4207 1265 4280 Reg.
1298 4206 1388 4278 xv)
1437 4223 1451 4260 :
1497 4214 1555 4259 ut
1583 4211 1772 4259 caveat

189 4309 361 4376 homo,
390 4324 462 4364 ne
484 4307 554 4362 ab
583 4306 674 4361 illo
701 4304 1120 4361 misericordiam
1143 4309 1410 4357 mereatur
1440 4299 1619 4364 homo,
1640 4312 1768 4353 con-

191 4409 267 4458 tra
292 4402 408 4472 ejus
451 4399 779 4456 sententiam
809 4413 840 4452 a
879 4413 985 4468 quo
1013 4395 1182 4450 factus
1209 4403 1294 4449 est
1336 4392 1518 4447 homo.
1561 4391 1772 4446 Intonat

193 4509 280 4565 per
317 4508 378 4548 os
419 4492 622 4564 proprii
663 4491 905 4562 corporis
947 4489 1194 4544 Veritas:
1231 4486 1294 4542 Si
1337 4485 1448 4556 quia
1474 4499 1576 4538 non
1618 4482 1770 4556 fuerit

197 4595 387 4640 renatus
430 4600 496 4639 ea:
539 4599 675 4655 aqua
703 4591 749 4636 et
779 4581 1000 4653 Spiritu,
1045 4596 1146 4633 non
1182 4586 1345 4650 potest
1378 4576 1583 4630 introire
1607 4575 1660 4628 in
1689 4589 1772 4628 re-

195 4695 339 4748 gnant
363 4677 459 4732 Dei
493 4674 672 4747 (Joan.
700 4690 780 4738 ιιι,
804 4674 881 4744 5).
909 4675 1082 4743 Atque
1107 4681 1164 4725 ut
1182 4671 1249 4724 ab
1276 4671 1374 4725 hac
1394 4669 1657 4724 sententia
1677 4682 1772 4722 ex-

193 4779 366 4839 ceptos
406 4768 675 4839 martyres
711 4765 890 4831 faciat,
939 4764 1132 4834 quibus
1179 4761 1461 4831 contigerit
1501 4769 1624 4814 ante
1669 4773 1764 4828 pro

193 4860 378 4915 Christi
402 4859 622 4914 nomine
641 4857 831 4922 occidi,
854 4870 1010 4926 quam
1041 4853 1239 4909 Christi
1268 4851 1592 4922 Baptismate
1613 4849 1765 4916 dilui,

193 4953 309 5020 dicit
319 4954 428 5008 alio
448 4951 571 5008 loco
592 4967 606 5003 ε
636 4949 734 5016 Qui
752 4945 1025 5019 perdiderit
1045 4946 1269 4999 animum
1282 4960 1426 4998 suam
1445 4950 1649 5013 prapter
1667 4955 1766 5006 me,

192 5047 391 5101 inueniet
415 5063 528 5101 eum
557 5043 771 5117 (Matth.
795 5057 852 5110 x,
874 5039 987 5114 59).
1012 5040 1081 5096 Et
1099 5055 1167 5094 ne
1189 5039 1434 5109 cuiquam
1454 5037 1544 5108 qui
1566 5052 1672 5090 non
1694 5051 1782 5112 re-_

197 5137 530 5193 natusl‘nerit
548 5134 855 5190 christiana:
884 5132 1006 5188 lidei
1035 5133 1267 5195 lavacro,
1291 5129 1629 5200 promittatur
1654 5141 1774 5198 pec-

137 5257 140 5260 -
193 5230 283 5282 cati
311 5226 593 5298 originalis
615 5223 855 5287 abolitio,
883 5223 1080 5277 clamat
1105 5220 1392 5291 Apostolus
1424 5237 1438 5273 :
1479 5218 1583 5273 Per
1615 5217 1769 5272 unius

193 5319 416 5374 delictum
434 5320 490 5373 in
511 5333 687 5372 onmca
706 5315 932 5369 homines
945 5313 1012 5368 ad
1030 5312 1494 5367 condemnationem
1513 5309 1695 5381 (Rom.
1713 5325 1766 5374 v,

194 5411 295 5480 l8).
307 5410 506 5466 Contra
517 5423 678 5480 quam
694 5405 1190 5462 condemnationem
1205 5404 1460 5458 Dominus
1474 5417 1636 5456 unum
1651 5415 1773 5457 esse

194 5505 472 5559 ostendens
514 5501 702 5557 salutis
739 5500 996 5555 auxilium
1037 5516 1052 5553 :
1107 5499 1206 5567 Qui
1247 5497 1534 5564 crediderit,
1580 5497 1771 5568 inquit,

195 5605 236 5649 et
258 5596 539 5666 baptizatus
567 5594 724 5664 fuerit
749 5633 765 5658 ,
796 5592 965 5647 salvus
989 5592 1116 5656 erit;
1154 5591 1238 5662 qui
1264 5606 1380 5645 vero
1413 5606 1516 5666 non
1543 5589 1774 5644 credide-

196 5689 276 5756 rit,
300 5685 718 5743 condemnabitur
747 5685 938 5757 (Marc.
979 5699 1093 5750 xvr,
1124 5683 1236 5754 16).
1266 5682 1430 5754 Cujus
1463 5685 1774 5755 mysterium

197 5781 516 5839 credulitatis
565 5781 620 5837 in
661 5781 895 5852 parvulis
942 5795 1038 5850 per
1079 5795 1262 5836 eorum
1295 5781 1697 5850 responsionem
1742 5795 1772 5834 a

197 5877 379 5947 auibus
403 5883 704 5950 gestantur,
727 5873 1012 5945 impletur;
1043 5888 1112 5932 ne
1149 5874 1194 5931 si
1237 5873 1428 5931 factum
1459 5889 1566 5931 non
1593 5873 1770 5943 fuerit,

1484 399 1685 458 LIBER
1723 397 2095 456 SECUNDUS.

1869 523 1991 569 eant
2033 532 2096 570 ex
2127 531 2232 570 uno
2273 531 2460 574 omnes
2505 519 2558 573 in
2586 518 3107 577 condemnationem.
3153 521 3222 576 Et
3261 531 3437 581 tamen

1866 619 2049 662 contra
2095 618 2199 663 tam
2244 611 2552 666 manifestas
2580 627 2758 677 voces,
2802 630 2932 684 quas
2959 615 3190 670 concinit
3219 617 3443 681 veritas,

1867 702 2104 771 procedit
2148 703 2199 757 in
2244 704 2477 759 medium
2514 707 2682 776 magis
2723 721 2909 763 vecors
2954 724 3110 779 quam
3141 693 3448 768 misericors

1866 798 2071 852 vanitas
2095 839 2110 863 ,
2138 806 2192 852 et
2218 798 2348 854 dicit
2380 817 2392 854 :
2419 798 2539 853 Non
2577 800 2747 854 solum
2782 815 2886 856 non
2911 813 3037 856 eunt
3067 803 3120 857 in
3150 803 3446 860 damnatio-

1868 906 1989 945 nem
2037 892 2262 961 parvuli,
2310 893 2410 946 etsi
2445 893 2647 947 nullum
2686 909 2778 949 eos
2816 895 3120 951 christiana:
3151 898 3270 954 lidei
3301 899 3446 954 lava-

1866 997 2016 1037 crum
2062 999 2092 1036 a
2133 983 2344 1038 vinculo
2383 984 2654 1054 originalis
2697 987 2896 1054 peccati
2940 988 3210 1055 absolvat;
3261 1007 3443 1046 verum

1865 1074 2024 1128 etiam
2071 1073 2322 1130 felicitate
2364 1074 2590 1144 paradisi
2635 1085 2755 1145 post
2800 1085 3027 1131 mortem
3075 1079 3282 1134 interim
3326 1099 3446 1152 per-

1865 1164 2110 1220 fruuntur
2133 1208 2149 1232 ,
2181 1175 2301 1236 post
2327 1167 2775 1222 resurrectionem
2807 1183 2934 1222 vero
2964 1170 3122 1223 etiam
3155 1174 3298 1240 regni
3331 1190 3445 1229 cce-

1865 1259 2035 1314 lorum
2061 1260 2380 1330 {felicitatem
2419 1261 2786 1330 possidebunt.
2837 1263 2961 1318 Haec
2989 1263 3090 1317 iste
3129 1272 3312 1318 contra
3351 1281 3446 1321 ca-

1866 1351 2114 1406 tholicam
2145 1352 2563 1408 fundatissimam
2605 1353 2763 1409 ﬁdem
2797 1355 2814 1385 ⁸
2844 1355 3097 1425 numquid
3130 1355 3310 1411 dicere
3349 1371 3443 1411 au-

1864 1443 2033 1507 deret,
2078 1443 2123 1498 si
2161 1445 2509 1514 quaestionem
2553 1447 2861 1502 solvendam
2906 1447 2975 1503 de
3016 1450 3206 1502 anin'ue
3236 1449 3441 1519 origine

1863 1535 2006 1591 vires
2033 1551 2155 1590 suas
2180 1537 2522 1593 excedentem
2553 1540 2824 1610 suscipere
2846 1555 2951 1594 non
2977 1541 3236 1597 auderet?

1934 1627 2159 1684 CAPUT
2188 1629 2400 1684 Xlll.—
2428 1631 2514 1686 18.
2549 1632 2838 1687 llorrendis
2863 1642 2946 1688 est
2971 1635 3111 1689 enim
3138 1645 3440 1692 coarctatus

1862 1721 2120 1790 angustiis
2160 1722 2226 1776 ab
2250 1722 2328 1778 eis
2349 1723 2438 1792 qui
2465 1723 2680 1790 dicunt,
2719 1743 2738 1776 ι
2759 1724 2868 1780 Cur
2899 1725 3040 1781 Deus
3068 1727 3299 1782 animam
3334 1739 3438 1783 tam

1863 1813 2056 1883 injusta
2100 1814 2562 1871 animadversione
2590 1817 2862 1873 mulctavit
2880 1859 2896 1885 ,
2924 1826 2981 1872 ut
3019 1818 3072 1873 in
3099 1835 3292 1890 corpus
3319 1837 3438 1876 eam

1863 1907 2068 1976 peccati
2107 1907 2344 1977 relegare
2377 1909 2603 1963 voluerit
2627 1926 2642 1976 ;
2668 1924 2790 1965 cum
2816 1911 3086 1967 consortio
3115 1913 3290 1967 carnis
3317 1929 3445 1983 pec-

1862 1999 2028 2053 catrix
2059 2012 2178 2053 esse
2206 1999 2422 2069 incipit,
2445 2016 2563 2071 quae
2590 2003 2852 2071 peccatrix
2874 2019 2993 2059 esse
3032 2020 3136 2059 non
3173 2007 3376 2075 potuit?
3412 2024 3432 2059 ι

1868 2093 2056 2163 Utique
2081 2092 2222 2148 enim
2255 2093 2462 2161 dicunt,
2501 2095 2653 2150 «Non
2684 2097 2854 2166 potuit
2893 2099 3070 2155 anima
3095 2114 3215 2156 esse
3251 2116 3442 2172 pecca-

1866 2185 1989 2250 trix,
2009 2183 2110 2238 nisi
2141 2200 2258 2238 eam
2283 2185 2420 2240 Deus
2443 2187 2742 2242 miscuisset
2763 2190 2939 2244 carnis
2955 2193 3223 2246 consortio
3251 2208 3442 2262 pecca-

1868 2277 2033 2332 tricis.
2056 2297 2075 2330 ι
2108 2277 2222 2345 Qua
2259 2292 2387 2347 ergo
2413 2277 2615 2347 justitia
2657 2279 2708 2333 id
2750 2279 2936 2335 fecerit
2976 2283 3150 2350 Deus,
3191 2298 3312 2337 cum
3343 2286 3442 2340 iste

1866 2371 2108 2425 invenire
2151 2386 2256 2424 non
2288 2381 2466 2440 posset
2495 2387 2510 2436 ;
2551 2371 2788 2425 maxime
2832 2375 3046 2442 propter
3073 2385 3327 2429 aeternam
3352 2377 3447 2430 da-

1867 2465 2193 2520 mnationem
2209 2464 2546 2519 morientium
2565 2465 2925 2534 parvulorum,
2943 2468 3134 2536 quibus
3155 2482 3258 2522 non
3278 2469 3446 2538 bapti-

1867 2557 1998 2612 zatis
2042 2557 2315 2626 expiatum
2358 2572 2464 2611 non
2505 2556 2663 2611 fuerit
2699 2558 2954 2628 originale
2992 2570 3264 2628 peccatum
3306 2578 3446 2617 :cur

1867 2649 2047 2719 itaque
2095 2649 2236 2705 Deus
2267 2650 2444 2719 justus
2471 2659 2525 2704 et
2563 2650 2769 2714 bonus,
2820 2653 3160 2720 parvulorum
3204 2654 3444 2718 animas,

1866 2743 2056 2813 quibus
2078 2743 2346 2813 praescivit
2371 2757 2477 2798 non
2519 2743 2898 2798 subventurum
2929 2744 3231 2799 christiana:
3261 2746 3448 2815 gratiis

1865 2833 2264 2891 Sacramentum
2282 2876 2296 2902 ,
2321 2835 2389 2889 ab
2407 2835 2552 2889 omni
2582 2849 2719 2890 noxa
2745 2835 3050 2906 propaginis
3073 2836 3290 2901 liberas,
3319 2837 3445 2892 mit-

1867 2926 2028 2982 tendo
2062 2925 2115 2981 in
2144 2942 2336 2998 corpus
2357 2927 2497 2998 quod
2521 2944 2588 2982 ex
2618 2928 2786 2983 Adam
2814 2928 3056 2992 trahitur,
3077 2929 3289 2985 vinculo
3314 2924 3442 3000 pec-

1863 3017 1970 3074 cati
1984 3018 2252 3090 originalis
2265 3019 2629 3088 obstrinxerit,
2643 3028 2801 3090 atque
2818 3020 2921 3074 isto
2933 3019 3092 3075 modo
3105 3035 3222 3076 reas
3231 3029 3448 3077 ateriae

1867 3113 2221 3170 damnationis
2246 3113 2512 3180 effecerit,
2539 3129 2660 3168 cum
2691 3114 2928 3168 invenire
2965 3130 3070 3168 non
3103 3122 3310 3183 posset;
3349 3128 3448 3170 nec

1867 3208 2032 3263 vellet
2053 3206 2232 3261 dicere
2251 3207 2409 3262 etiam
2439 3207 2583 3276 ipsas
2609 3223 2672 3261 ex
2698 3207 2785 3262 illa
2811 3223 2913 3260 una
2943 3207 3205 3276 originem
3239 3205 3450 3262 trahere

1867 3298 2217 3370 peccatricem
2239 3316 2252 3353 :
2282 3299 2467 3353 maluit
2487 3315 2584 3368 per
2604 3298 2931 3369 naufragium
2959 3300 3260 3355 miserabile
3277 3301 3445 3364 exire,

1868 3411 2024 3467 quam
2055 3395 2394 3450 temerarium
2409 3409 2623 3450 cursum
2644 3395 2775 3450 velis
2792 3395 3064 3464 depositis,
3085 3405 3137 3450 et
3156 3395 3318 3450 remis
3339 3410 3450 3450 suae

1868 3487 2240 3558 disputationis
2266 3487 2524 3555 inhibitis,
2555 3487 2771 3558 provida
2801 3487 3183 3543 deliberatione
3212 3486 3444 3542 frenare.

1868 3582 2035 3639 Viluit
2074 3583 2270 3652 quippe
2305 3583 2485 3652 juveni
2524 3581 2705 3634 senilis
2747 3589 2924 3635 nostra
2970 3581 3268 3646 cunctatio,
3295 3579 3444 3648 quasi

1870 3677 1996 3731 huic
2031 3674 2423 3732 molestissima:
2443 3688 2506 3728 ac
2536 3672 2997 3743 periculosissima:
3020 3671 3299 3741 quaestioni
3329 3684 3445 3724 ma-

1870 3771 1950 3840 gis
1976 3768 2132 3824 fuerit
2157 3769 2386 3838 impetus
2414 3765 2768 3836 eloquentiae,
2807 3778 2965 3833 quam
3005 3761 3288 3816 consilium
3319 3776 3450 3832 prn-

1870 3861 2065 3917 dentize
2090 3859 2575 3916 necessariumLEt
2601 3855 2841 3926 praevidit
2873 3855 2974 3908 hoc
3000 3853 3157 3908 etiam
3186 3853 3328 3921 ipse,
3357 3851 3452 3906 sed

1872 3957 2087 4011 frustra.
2110 3952 2242 4008 Nam
2265 3953 2380 4006 haec
2398 3950 2497 4006 sibi
2526 3949 2671 4005 velut
2696 3949 2764 4003 ab
2789 3945 3109 4002 adversariis
3145 3943 3450 4014 propositu-

1871 4066 1963 4105 rus
1985 4049 2224 4118 objecta,
2259 4065 2278 4099 ι
2307 4045 2386 4101 Ex
2428 4045 2552 4100 hinc
2577 4043 2709 4108 alia,
2734 4061 2753 4095 ι
2788 4041 2990 4110 inquit,
3033 4056 3051 4090 ι
3076 4037 3454 4092 substruuntur

1873 4143 2157 4216 opprobria
2182 4140 2421 4212 querulis
2448 4134 2955 4193 murmurationibus
2975 4130 3371 4192 oblatrantium,
3399 4138 3454 4184 et

1873 4239 2082 4296 excussi
2108 4235 2259 4307 quasi
2288 4233 2515 4306 quodam
2538 4231 2766 4298 turbine,
2795 4227 3084 4284 identidem
3107 4227 3244 4280 inter
3265 4224 3455 4278 imma-

1874 4332 1960 4386 nia
1991 4345 2114 4385 saxa
2142 4327 2460 4384 collidimur.
2483 4342 2502 4376 ι
2530 4323 2623 4378 His
2642 4321 2912 4393 przedictis
2927 4318 3274 4390 quaistionem
3294 4330 3454 4386 supra

1875 4422 2071 4478 dictam
2096 4417 2581 4489 scopulosissimam
2600 4413 2702 4469 sibi
2726 4411 3023 4482 proposuit,
3054 4409 3144 4464 ubi
3168 4423 3198 4461 a
3231 4407 3335 4462 ﬁde
3360 4421 3452 4461 ca-

1877 4515 2070 4570 tholica
2113 4510 2470 4580 naufragavit,
2520 4507 2620 4562 nisi
2660 4504 2907 4562 refecerit
2959 4500 3264 4572 ptenitendo
3313 4499 3456 4570 quod

1877 4605 2054 4677 fregit.
2082 4604 2236 4658 lllum
2263 4616 2364 4670 ego
2391 4603 2412 4632 ²
2440 4600 2706 4654 turbinem
2731 4607 2888 4667 atque
2909 4597 2998 4650 illa
3025 4611 3151 4650 saxa
3175 4593 3418 4649 devitans
3437 4634 3452 4660 ,

1878 4712 2064 4752 navem
2091 4695 2192 4749 illis
2212 4693 2544 4748 committere
2570 4689 2750 4747 nolui:
2774 4689 2913 4744 etde
2943 4689 3043 4742 hac
3066 4702 3125 4741 re
3152 4687 3220 4741 ita
3247 4685 3456 4753 scripsi,

1877 4798 1935 4844 ut
1963 4787 2220 4842 rationem
2259 4784 2430 4854 potius
2467 4780 2822 4837 cunctationis
2852 4795 3016 4843 mem,
3049 4791 3208 4848 quam
3240 4776 3458 4831 tenneri-

1877 4888 2043 4934 tatem
2087 4874 2516 4947 praesumptionis
2561 4871 2896 4927 ostenderem
2939 4867 3078 4941 (Lib.
3117 4869 3151 4924 5
3189 4868 3252 4921 de
3280 4866 3457 4920 Libero

1879 4974 2118 5037 Arbitrio,
2147 4990 2200 5026 η.
2223 4970 2426 5036 59-62;
2451 4970 2536 5024 lib.
2559 4968 2595 5023 2
2615 4967 2677 5022 de
2703 4967 3035 5021 Peccatorum
3054 4964 3271 5029 Meritis,
3292 4979 3344 5017 η.
3370 4961 3459 5027 59;

1879 5069 2024 5139 epist.
2075 5065 2198 5132 166,
2247 5066 2314 5119 ad
2343 5062 2742 5134 Hieronymum,
2784 5069 2835 5116 et
2881 5059 3018 5127 190,
3049 5061 3116 5113 ad
3157 5056 3459 5130 Optatum).

1878 5162 2029 5231 Quod
2082 5160 2394 5232 opusculum
2442 5173 2618 5214 meum
2658 5172 2778 5212 cum
2832 5154 2971 5226 apud
3023 5162 3075 5209 te
3121 5153 3458 5217 invenisset,

1878 5255 2075 5322 irrisit,
2107 5268 2270 5325 seque
2300 5253 2402 5306 illis
2428 5251 2671 5307 cautibus
2707 5249 3030 5304 animosiore
3072 5248 3271 5318 impetu
3302 5261 3460 5316 quam

1878 5349 2203 5405 consultiore
2232 5345 2515 5402 commisit.
2544 5343 2649 5400 Sed
2689 5358 2793 5413 quo
2833 5357 2957 5397 eum
2999 5337 3325 5410 przetidentia
3362 5338 3458 5392 ista

1878 5441 2220 5514 perduxerit,
2253 5449 2380 5509 puto
2407 5436 2548 5508 quod
2587 5449 2728 5490 nunc
2767 5434 2948 5489 videas
2987 5452 3000 5488 :
3042 5433 3254 5486 uberius
3283 5438 3458 5484 autem

1880 5551 1980 5608 ago
2007 5537 2116 5590 Deo
2149 5533 2378 5604 gratias,
2401 5531 2443 5586 si
2478 5537 2534 5585 et
2569 5538 2723 5583 antea
2751 5527 2861 5597 jam
2895 5525 3129 5579 videbas.
3162 5521 3291 5577 Cum
3321 5519 3459 5576 enim

1833 5639 1836 5642 '
1880 5630 2047 5686 nollet
2065 5627 2314 5684 cohibere
2343 5625 2668 5696 praecipitem
2690 5635 2926 5683 cursum,
2951 5626 3166 5688 propter
3180 5619 3454 5685 ancipitem

1881 5738 2194 5786 excursum,
2223 5718 2577 5774 miserabilem
2622 5714 2822 5771 invenit
2864 5713 3165 5777 incursum,
3213 5717 3457 5764 asserens

1944 5841 1968 5936 ἔ
2000 5836 2140 5962 eiii,
2157 5833 2809 5960 ¹εἲίἷδῑιξέἵὲι⁴ἐῗ⁸¹¹⁸⁶¹²παη¹⁴¹⁸⁸⁰
