3938 6518
363 366 584 466 “ω·ι

481 521 654 578 Deum
668 513 900 588 parvulis
918 510 1034 566 sine
1044 503 1329 562 christiana
1357 499 1756 572 regeneratione
1767 495 2055 584 defunctis,

481 621 541 669 et
567 609 726 666 modo
758 602 1060 676 paradisum
1077 638 1093 665 ,
1118 606 1172 653 et
1200 603 1386 668 postea
1423 607 1643 665 regnum
1673 591 1918 648 conferre
1943 602 2062 646 οφ..

491 705 689 760 lorum.

556 807 780 869 CAPUT
803 803 944 862 XIV.
963 827 1037 846 -—
1073 801 1162 859 19.
1184 798 1578 869 Scripturarum
1609 810 1738 851 vero
1763 791 2066 850 testimonia
2115 839 2118 842 .

1330 387 1418 445 DE
1455 383 1668 444 ANIMA
1704 381 1796 442 ET
1832 379 1998 441 EJUS
2031 377 2333 448 ORIGINE,
2371 379 2430 440 6.
2471 379 2841 440 AUGUSTINI

3637 374 3759 439 508

2171 495 2363 556 Debuit
2390 497 2535 554 enim
2560 496 2665 556 dici
2685 539 2704 568 ,
2731 497 2911 564 aiunt,
2939 495 3200 566 Quoniam
3241 493 3310 556 de
3345 493 3460 552 viro
3493 506 3594 552 suo
3621 506 3768 550 caro

2168 589 2286 661 ejus
2307 598 2519 662 sumpta
2539 600 2655 658 est;
2691 591 2736 646 si
2766 606 2872 648 non
2900 599 3008 650 tota
3029 589 3242 656 mulier,
3273 581 3326 648 id
3351 596 3452 654 est,
3480 603 3602 648 cum
3625 586 3768 644 aui-

2169 698 2287 750 ma,
2319 683 2414 740 sed
2451 684 2566 740 sola
2593 699 2720 740 caro
2757 692 3060 748 sumeretur
3089 699 3155 740 ex
3189 683 3323 740 viro.
3365 681 3534 738 Porro
3565 690 3760 748 autem

2172 777 2413 848 utrisque
2439 775 2664 844 auditis,
2685 776 2776 847 qui
2799 776 2914 835 sine
2945 774 3120 832 studio
3159 773 3392 845 partium
3413 771 3618 844 iudicat
3635 813 3652 841 ,
3679 771 3775 826 vi-

487 864 836 980 quzeeumque
857 897 1050 972 posuit,
1075 895 1263 966 quibus
1287 864 1492 946 animas
1522 891 1688 945 Deum
1710 903 1817 943 non
1840 901 1907 942 ex
1923 884 2068 940 illius
2170 869 2540 980 ddﬂplj‘oiectp,
2570 882 2670 980 nec
2697 867 3032 980 cpntra‘istpls
3053 864 3772 980 qni-propagin‘emnanima-

487 977 674 1069 prima:
712 990 1003 1064 propagine
1041 985 1326 1048 attrahere,
1363 981 1458 1038 sed
1487 981 1624 1036 sicut
1645 980 1812 1051 ipsam
1842 977 2068 1048 primam

483 1101 610 1143 suas
637 1085 934 1156 quibusque
959 1077 1182 1150 singulis
1213 1074 1506 1140 insuitlare,
1536 1073 1679 1127 velut
1723 1069 1950 1141 probare
1975 1081 2068 1122 co-

487 1186 643 1233 natus
667 1184 768 1241 est,
798 1175 867 1227 ita
892 1179 1032 1236 sunt,
1053 1167 1194 1240 quod
1214 1167 1280 1222 ad
1307 1165 1460 1220 istam
1490 1164 1836 1234 quaestionem
1857 1161 2069 1228 attinet,

487 1271 689 1326 incerta
719 1277 774 1323 et
793 1265 1069 1335 ambigua,
1103 1271 1159 1316 ut
1179 1261 1338 1317 etiam
1363 1259 1516 1314 aliter
1537 1257 1739 1326 accipi,
1771 1271 1928 1326 quam
1959 1255 2074 1324 ipse

488 1361 635 1423 vult,
681 1356 928 1413 facillime
969 1353 1191 1424 possint.
1223 1350 1375 1420 Quod
1405 1349 1515 1421 jam
1565 1349 1618 1402 in
1655 1363 1721 1402 eo
1751 1346 1887 1401 libro
1914 1359 2074 1416 quem

490 1451 678 1520 scripsi
703 1449 770 1504 ad
798 1447 1024 1501 amicum
1044 1454 1303 1507 nostrum,
1331 1439 1484 1510 cujus
1508 1436 2075 1494 commemorationem

492 1541 738 1612 superius
768 1538 896 1602 feci,
928 1537 1087 1600 satis,
1117 1543 1372 1605 quantum
1401 1531 1682 1596 existimo,
1713 1525 2074 1583 demonstravi

493 1633 712 1706 (Supra,
733 1631 820 1684 lib.
854 1631 908 1696 i,
932 1645 988 1683 η.
1016 1627 1082 1682 17
1103 1625 1240 1696 sqq.)
1265 1623 1589 1680 Testimonia
1611 1621 1806 1693 quippe
1829 1621 1941 1690 ipsa
1958 1633 2078 1689 quae

485 1723 756 1788 .adltibuit,
783 1721 869 1776 ubi
901 1720 1094 1790 legitur
1114 1717 1256 1772 Deus
1281 1715 1488 1771 animus
1503 1715 1584 1770 vel
1606 1713 1755 1778 dare,
1773 1710 1856 1766 vel
1882 1711 2076 1776 facere,

493 1817 580 1873 vel
606 1816 836 1886 ﬁngere;
867 1813 1005 1868 unde
1029 1811 1146 1866 illas
1167 1809 1276 1872 det,
1302 1809 1386 1863 vel
1412 1807 1551 1862 unde
1577 1806 1733 1862 iaciat
1757 1806 1872 1860 sive
1893 1805 2078 1875 lingat,

495 1925 602 1964 non
627 1907 949 1969 ostendunt;
982 1915 1160 1959 utrum
1189 1917 1256 1957 ea
1282 1901 1572 1972 propagine
1603 1901 1746 1954 illius
1774 1899 1984 1970 primm,
2011 1913 2080 1952 an

497 1999 821 2056 insui‘ilando
841 1999 978 2054 sicut
1008 1997 1151 2052 illam
1179 1994 1427 2064 primam.
1458 1993 1562 2048 iste
1580 2002 1757 2050 autem
1783 2007 1850 2048 ex
1878 2007 1944 2047 eo
1968 1993 2082 2061 ipso

488 2093 638 2164 quod
667 2093 862 2162 legitur
888 2091 1096 2145 animas
1124 2090 1262 2144 Deus
1289 2087 1419 2142 dare
1437 2129 1452 2152 ,
1482 2087 1594 2141 sive
1611 2087 1804 2150 facere,
1835 2085 1952 2140 sive
1981 2083 2082 2138 iln-

493 2199 624 2254 gere
641 2181 794 2252 (Isai.
819 2196 945 2247 xui,
974 2181 1026 2244 5;
1055 2195 1182 2245 LVII,
1210 2179 1298 2244 l6,
1329 2177 1550 2232 etlaclt.
1579 2191 1679 2243 itu,
1709 2175 1784 2249 l),
1806 2177 1915 2241 jam
1938 2185 2087 2246 putat

498 2275 795 2330 animarum
833 2281 1078 2343 negatam
1115 2286 1238 2327 esse
1281 2270 1626 2341 prepaginem
1680 2285 1695 2322 :
1737 2283 1862 2325 eum
1915 2271 2081 2336 Deus,

501 2367 688 2424 eadem
713 2364 994 2436 Scriptura
1011 2372 1165 2431 teste,
1201 2365 1359 2418 etiam
1380 2375 1604 2434 corpora
1629 2361 1739 2428 dot,
1771 2363 1884 2418 sive
1909 2362 2082 2429 iaciat,

502 2459 617 2515 sive
636 2460 816 2528 ﬁngat,
849 2471 968 2528 quze
997 2465 1172 2512 tamen
1203 2456 1270 2511 ab
1302 2455 1396 2513 illo
1415 2470 1481 2510 ex
1517 2437 1808 2526 propagine
1829 2454 2086 2510 soiniais‘

503 2549 652 2616 dari,
677 2549 816 2614 ﬁeri,
837 2549 982 2618 tingi.
1003 2561 1161 2603 nemo
1187 2547 1428 2616 antliigit.

484 2692 488 2695 .
575 2641 668 2696 20.
703 2642 832 2696 item
857 2641 1000 2712 quod
1023 2641 1277 2710 scriptum
1305 2649 1420 2706 est,
1449 2653 1631 2694 eatena
1653 2639 1898 2712 sanguine
1919 2640 2087 2694 Deum

509 2733 698 2790 fecisse
721 2749 868 2787 omne
891 2749 1046 2804 genus
1071 2732 1334 2786 hominum
1355 2729 1492 2803 (Act.
1514 2747 1648 2798 avu,
1675 2732 1802 2802 36);
1833 2733 1916 2786 vel
1945 2731 2092 2802 quod

511 2824 586 2878 ait
627 2823 824 2888 Adam,
859 2822 974 2878 Hoc
1016 2839 1148 2880 nunc
1191 2839 1248 2878 os
1289 2839 1352 2878 eo:
1379 2821 1572 2878 ossibus
1598 2823 1750 2890 meis,
1787 2832 1835 2877 et
1875 2839 1994 2876 caro
2029 2823 2094 2878 de

511 2930 662 2970 carne
701 2913 994 2985 m.(Gen.
1023 2930 1090 2979 ιι,
1119 2911 1212 2986 25)
1242 2930 1256 2968 ι
1289 2914 1410 2983 quia
1440 2929 1611 2984 neque
1645 2913 1714 2970 ibi
1747 2914 1946 2968 dictum
1973 2921 2089 2979 est,

515 3007 595 3063 Ex
623 3024 727 3064 una
767 3008 980 3074 anima;
1023 3022 1195 3078 neque
1232 3006 1350 3073 hic,
1395 3005 1585 3062 Anima
1623 3005 1691 3061 de
1729 3006 1908 3062 anima
1942 3021 2091 3072 mu;

513 3110 662 3172 putat
689 3103 870 3172 negari
901 3102 1105 3156 animas
1131 3100 1356 3154 ﬁliorum
1389 3115 1454 3154 ex
1482 3099 1810 3170 parentibus,
1843 3098 1927 3152 vel
1953 3098 2094 3154 illius

517 3195 754 3248 mulieris
781 3211 844 3248 ex
876 3195 1024 3248 viro:
1051 3192 1202 3262 quasi
1220 3206 1345 3247 vero
1369 3191 1414 3246 si
1441 3207 1570 3255 non,
1599 3206 1666 3245 ea:
1690 3206 1792 3246 uno
1816 3190 2094 3260 sanguine,

516 3283 632 3350 sed,
664 3284 740 3338 Ex
772 3299 874 3340 una
895 3284 1070 3339 anima
1097 3277 1384 3350 diceretur,
1415 3283 1562 3337 aliud
1584 3297 1741 3352 quam
1769 3289 1912 3339 totus
1939 3283 2098 3344 homo

513 3377 921 3446 intelligeretur,
953 3391 1053 3432 nec
1079 3375 1318 3445 corporis
1347 3373 1658 3444 propagatio
1683 3383 1988 3444 negaretur.
2011 3373 2099 3430 Sic

515 3469 674 3523 etiam
719 3467 766 3522 si
799 3467 997 3522 dictum
1027 3473 1199 3532 esset,
1243 3465 1436 3524 Anima
1475 3464 1544 3526 de
1588 3463 1768 3523 animo
1805 3478 1950 3528 mea;
1990 3479 2099 3519 non

514 3559 698 3628 utique
724 3564 1006 3626 negaretur
1027 3572 1180 3622 caro,
1211 3571 1368 3626 quam
1396 3555 1466 3611 de
1497 3555 1591 3610 illo
1611 3565 1913 3624 exemptam
1935 3555 2098 3616 fuisse

491 3650 816 3708 constabat.
853 3650 898 3704 Δ
926 3656 1078 3718 parte
1114 3648 1257 3704 enim
1288 3655 1490 3712 totum,
1531 3645 1668 3704 sicut
1711 3647 1871 3706 etiam
1915 3662 1944 3700 a
1987 3655 2100 3702 toto

520 3751 721 3810 partem
753 3740 1064 3810 plerumque
1092 3737 1367 3807 Scriptura
1406 3736 1683 3807 signiﬁcat.
1711 3735 1844 3792 Nam
1883 3747 2028 3796 certe
2053 3737 2100 3793 si

515 3849 622 3888 non
641 3871 657 3898 ,
685 3849 748 3887 ea:
771 3848 870 3888 uno
897 3831 1169 3902 sanguine,
1198 3829 1315 3895 sed,
1344 3830 1422 3886 Ex
1452 3846 1561 3888 uno
1587 3829 1802 3889 homine
1820 3871 1836 3898 ,
1861 3831 1952 3896 illo
1980 3833 2100 3888 loco

514 3924 770 3992 scriptum
797 3931 958 3987 esset,
985 3923 1286 3984 institutum
1305 3936 1424 3981 esse
1438 3937 1606 3992 genus
1624 3923 1910 3996 humanum
1918 3965 1932 3992 ,
1957 3924 2100 3980 unde

482 4049 490 4056 ~
516 4013 616 4070 istc
641 4013 886 4072 adhibuit
911 4015 1302 4080 testimonium,
1335 4029 1444 4070 non
1482 4013 1856 4088 pratjudicaret
1874 4016 1990 4072 istis
2009 4017 2099 4088 qui

514 4113 712 4174 negant
763 4105 1059 4160 animarum
1099 4105 1485 4176 propaginem;
1527 4106 1768 4176 quamvis
1822 4121 1930 4162 non
1977 4108 2092 4164 sola

515 4199 720 4262 anima,
751 4213 852 4254 nec
893 4197 1004 4254 sola
1051 4212 1208 4266 caro,
1239 4196 1336 4254 sed
1358 4203 1638 4268 utrumque
1667 4199 1736 4256 sit
1777 4197 1958 4257 homo.
1991 4193 2099 4261 Be-

517 4287 846 4358 sponderent
864 4289 1004 4344 enim
1025 4303 1056 4344 a
1081 4295 1192 4343 toto
1221 4297 1448 4361 partem,
1475 4286 1526 4344 id
1549 4297 1650 4354 est,
1671 4289 1739 4346 ab
1770 4289 1988 4350 homine
2008 4307 2100 4350 so-

515 4381 623 4444 lam
645 4381 875 4446 hominis
894 4397 1133 4450 carnem,
1162 4381 1493 4454 Scripturam
1513 4383 1812 4455 signiﬁcare
1839 4385 2096 4455 potuisse.

516 4473 606 4530 Sic
631 4490 757 4544 ergo
789 4481 852 4530 et.
881 4474 914 4533 ii
950 4473 1041 4545 qui
1073 4473 1366 4541 defendunt
1401 4475 1695 4540 animarum
1721 4478 2092 4548 propaginem,

515 4565 647 4624 illud
667 4567 807 4638 quod
827 4567 1026 4632 dictum
1053 4576 1158 4636 est,
1179 4583 1244 4626 ea:
1260 4583 1360 4624 uno
1379 4568 1644 4640 sanguine,
1668 4584 1762 4638 per
1785 4570 2098 4640 sanguinem

519 4657 722 4712 scilicet
749 4657 1054 4729 hominem,
1087 4657 1140 4713 id
1169 4666 1270 4724 est,
1302 4673 1334 4714 a
1361 4666 1509 4728 parte
1544 4667 1712 4716 totum
1749 4660 2099 4730 signiﬁcatum

518 4762 638 4804 esse
659 4747 1004 4804 contendunt.
1027 4748 1177 4806 Sicut
1201 4750 1342 4806 enim
1371 4748 1580 4806 videtur
1607 4751 1934 4826 illosjuvaye
1955 4752 2099 4823 quod

521 4837 718 4892 dictum
746 4845 848 4904 est,
879 4853 942 4894 ea:
967 4855 1067 4892 uno
1096 4841 1374 4910 sanguine,
1412 4855 1512 4899 nec
1539 4841 1739 4900 dictum
1763 4853 1864 4911 est,
1889 4844 1966 4900 Ex
1993 4859 2100 4902 uno

528 4929 743 4988 homine
770 4947 784 4984 :
818 4929 895 4986 sic
923 4929 1130 4994 videtur
1149 4940 1202 4986 et.
1225 4931 1356 4988 istos
1389 4931 1577 5004 iuvare
1607 4934 1748 5002 quod
1777 4933 1974 4992 dictum
1995 4945 2096 5001 est,

526 5019 626 5078 Per
641 5037 810 5098 ’unum
852 5020 1102 5078 hominem
1125 5031 1388 5096 peccatum
1413 5023 1619 5080 intravit
1655 5025 1708 5078 in
1747 5025 2024 5091 mundum,
2052 5036 2100 5082 et

519 5129 608 5184 per
631 5119 889 5184 peccatum
914 5127 1080 5178 nwrs;
1105 5123 1150 5166 et
1171 5113 1240 5168 ita
1265 5113 1318 5166 in
1343 5130 1514 5170 omnes
1539 5115 1764 5180 notitiae:
1787 5118 2096 5186 pertransiit,

517 5203 570 5260 in
587 5220 683 5274 quo
702 5219 872 5270 omnes
893 5215 1217 5276 peccaverunt
1245 5203 1418 5280 (Rom.
1443 5223 1498 5276 ν,
1525 5207 1632 5280 l9);
1658 5224 1754 5269 nec
1777 5204 1974 5266 dictum
1996 5220 2097 5280 est,

518 5294 574 5350 In
603 5309 706 5376 quo
736 5296 970 5353 omnium
997 5311 1123 5352 caro
1157 5300 1412 5368 peccavit.
1445 5297 1684 5372 Itemque
1709 5303 1846 5366 sicut
1881 5301 1999 5367 illos
2023 5302 2099 5356 vi-

519 5384 676 5441 detur
685 5383 882 5456 juvare
905 5385 1047 5456 quod
1078 5387 1275 5452 dictum
1297 5399 1379 5444 est
1399 5433 1412 5468 ι
1451 5389 1560 5450 Hoc
1581 5408 1713 5458 nunc
1741 5409 1797 5446 os
1823 5409 1884 5458 ea:
1907 5391 2101 5448 ossibus

518 5473 642 5532 nisi:
660 5518 676 5545 ,
704 5485 752 5532 et
789 5492 908 5532 caro
945 5477 1010 5532 de
1037 5494 1188 5532 carne
1215 5495 1358 5545 mea;
1393 5481 1512 5550 quia
1543 5497 1664 5551 pars
1689 5493 1772 5546 est
1793 5477 1934 5538 dicta
1953 5525 1967 5550 ,
1995 5498 2098 5538 non

519 5575 686 5626 totum
719 5583 734 5622 :
766 5564 844 5626 sic
877 5565 1066 5624 iterum
1093 5571 1222 5626 istos
1242 5613 1257 5640 ,
1279 5572 1420 5644 quod
1445 5574 1514 5628 ibi
1545 5575 1797 5632 cuntiimo
1822 5576 2061 5646 sequitur
2081 5617 2098 5644 ,

524 5659 650 5717 hinc
676 5660 932 5718 vocabitur
955 5660 1152 5732 uiliter,
1176 5666 1412 5737 quoniam
1439 5666 1502 5724 de
1527 5669 1630 5722 viro
1657 5687 1749 5725 suo
1775 5677 1976 5740 sumpta
2003 5678 2096 5724 est.

577 5833 1553 5906 tmumpmpagmmw.

2175 972 2294 1016 rum
2314 959 2605 1016 defendunt
2621 957 2937 1030 proferenda
2953 958 3044 1014 illa
3065 957 3366 1018 testimonia
3391 957 3480 1014 ubi
3509 971 3634 1029 pars
3663 969 3777 1010 no-

2175 1053 2437 1120 minatur;
2458 1053 2583 1122 quia
2602 1053 2778 1123 potuit
2801 1052 3072 1122 Scriptura
3092 1049 3394 1120 significare
3411 1050 3522 1108 illic
3543 1065 3575 1105 a
3605 1059 3776 1119 parte

2179 1153 2380 1210 totum,
2424 1144 2563 1200 sicut
2598 1142 2812 1202 Verbum
2843 1159 2962 1198 cura
2991 1143 3188 1212 factum
3213 1150 3287 1204 est
3327 1141 3506 1212 (Joan.
3532 1157 3568 1206 ι,
3609 1142 3684 1198 Η
3719 1143 3770 1212 ),

2173 1253 2299 1293 cum
2328 1237 2580 1308 legimus,
2615 1248 2722 1294 non
2747 1237 2931 1307 utique
2969 1251 3189 1296 carnem
3217 1236 3384 1295 solam
3405 1275 3422 1302 ,
3460 1234 3558 1292 sed
3585 1234 3780 1290 homi-

2175 1344 2302 1385 nem
2331 1337 2500 1386 totum
2523 1328 2905 1399 intelligimus;
2945 1342 3046 1384 nec
3070 1335 3252 1386 contra
3287 1327 3406 1386 illos
3434 1328 3524 1397 qui
3567 1342 3783 1398 propa-

2177 1421 2357 1494 ginem
2387 1421 2684 1478 animarum
2713 1421 3013 1484 destruunt,
3036 1418 3137 1476 ista
3166 1418 3500 1491 proferenda,
3535 1421 3627 1476 ubi
3657 1435 3780 1474 non

2177 1524 2305 1584 pars
2333 1512 2582 1580 hominis,
2617 1511 2713 1568 sed
2739 1520 2910 1568 totum
2927 1520 3408 1577 commemoratur;
3439 1511 3561 1582 quia
3589 1509 3781 1581 potuit

2181 1605 2254 1660 ibi
2272 1605 2544 1674 Scriptura
2565 1620 2596 1660 a
2625 1612 2740 1660 toto
2770 1611 2972 1674 partem
2991 1602 3313 1674 signiﬁcare,
3335 1603 3471 1663 sicut
3491 1604 3780 1674 Sepultum

2181 1697 2498 1754 conﬁtemur
2519 1696 2789 1754 Christum
2813 1736 2832 1764 ,
2854 1710 2976 1752 cum
3001 1695 3121 1766 ejus
3147 1709 3274 1752 caro
3304 1695 3416 1756 sola
3439 1697 3654 1768 sepulta
3675 1697 3780 1761 sit.

2181 1789 2262 1844 Ae
2287 1803 2383 1858 per
2399 1787 2502 1844 hoc
2515 1787 2858 1860 propaginem
2875 1786 3174 1847 animarum
3193 1801 3292 1854 nec
3309 1795 3511 1845 temere
3523 1797 3784 1847 astruen-

2181 1879 2328 1948 dam,
2364 1894 2468 1936 nec
2494 1888 2694 1936 temere
2713 1877 3086 1936 destruendam
3105 1877 3333 1936 dicimus
3364 1895 3377 1932 :
3399 1879 3491 1936 sed
3513 1879 3786 1942 admone-

2184 1987 2305 2030 mus
2322 2013 2338 2040 ,
2376 1973 2481 2034 alia
2506 1971 2810 2032 testimonia
2835 1985 2960 2030 esse
2995 1971 3308 2044 querenda,
3332 1987 3452 2044 quas
3475 1987 3582 2030 non
3615 1973 3782 2034 iuve-

2187 2064 2400 2122 niantur
2424 2064 2694 2135 ambigua.

2255 2153 2482 2212 CAPUT
2511 2153 2628 2212 XV.
2661 2183 2734 2198 —
2755 2153 2845 2212 2i.
2871 2153 3226 2222 Quamobrem
3247 2194 3264 2222 ,
3295 2155 3424 2226 quid
3449 2165 3503 2224 to
3525 2155 3632 2220 ista
3669 2157 3783 2226 do-

2185 2247 2377 2314 cuerit,
2407 2257 2462 2303 et
2493 2245 2634 2304 unde
2661 2247 2864 2318 gratias
2897 2247 3102 2318 egeriS.
3137 2246 3374 2310 nondum
3414 2250 3547 2310 scio.
3585 2251 3784 2312 Manet

2187 2339 2384 2410 quippe
2433 2339 2520 2398 illa
2555 2340 2782 2412 quaestio
2812 2339 2957 2398 sicut
2991 2347 3140 2408 erat,
3181 2340 3239 2398 in
3277 2355 3385 2412 qua
3418 2343 3680 2413 queritur
3707 2343 3787 2408 de

2190 2433 2486 2490 animarum
2519 2433 2758 2504 origine,
2803 2439 2981 2490 utrum
3027 2431 3148 2491 illas
3195 2433 3341 2493 Deus
3379 2449 3444 2490 ex
3481 2436 3786 2508 propagine

2192 2527 2334 2582 illius
2359 2527 2546 2594 unius,
2579 2543 2740 2598 quam
2776 2526 2950 2598 primo
2997 2525 3290 2586 insufflsz
3334 2525 3572 2595 homini;
3607 2544 3684 2586 an
3707 2542 3786 2590 ex

2192 2616 2320 2672 ﬂatu
2349 2633 2467 2684 suo,
2501 2618 2638 2673 siem
2671 2619 2844 2688 primo
2874 2616 3102 2683 homini,
3125 2615 3240 2683 det,
3269 2615 3450 2686 faciat,
3476 2617 3648 2691 ﬁngat
3673 2620 3786 2678 bo-

2195 2711 2425 2768 ininibus
2441 2753 2457 2780 ,
2479 2727 2612 2782 quas
2636 2728 2758 2768 eum
2782 2712 2942 2776 dare,
2971 2711 3148 2768 facere
3167 2753 3184 2780 ,
3215 2711 3417 2784 ﬁngere
3435 2755 3450 2779 ,
3473 2714 3608 2772 ﬁdes
3625 2716 3785 2775 clari-

2191 2804 2363 2860 stiana
2385 2820 2493 2860 non
2511 2804 2740 2865 dubitat.
2755 2805 2924 2875 Quam
2939 2805 3290 2878 quaestionem
3307 2805 3408 2866 iste
3425 2821 3548 2870 cum
3562 2810 3786 2869 salvere

2193 2903 2509 2963 conaretur,
2531 2910 2638 2952 nec
2665 2897 2806 2956 vires
2835 2912 2962 2956 suas
2995 2899 3324 2969 intueretur,
3353 2898 3638 2962 destruens
3663 2904 3784 2960 aui-

2195 3003 2404 3045 marum
2442 2989 2785 3060 propaginem
2810 3029 2826 3058 ,
2855 2999 2913 3048 et
2941 3005 3190 3052 asserens
3215 3011 3309 3057 sas
3340 3012 3502 3068 puras
3531 2997 3602 3054 ab
3628 2998 3785 3056 omni

2195 3080 2513 3151 contagione
2537 3082 2763 3151 peccati,
2791 3098 2898 3141 non
2925 3083 2995 3142 de
3017 3085 3204 3153 nihilo,
3233 3087 3334 3146 sed
3363 3087 3433 3144 de
3459 3103 3523 3146 se
3545 3089 3668 3159 ipso
3693 3090 3784 3146 ia-

2197 3175 2412 3230 suiilare
2435 3175 2774 3242 Creatorem,
2809 3185 2868 3234 ot
2893 3187 3137 3236 neutram
3172 3180 3268 3237 Dei
3291 3181 3660 3242 mutabilitatis
3683 3197 3787 3252 op-

2199 3268 2434 3338 probrio,
2471 3268 2613 3340 quod
2639 3285 2859 3328 necesse
2882 3287 2990 3328 non
3017 3271 3212 3339 fuerat,
3241 3273 3547 3342 infamavit;
3567 3285 3626 3332 et
3650 3275 3782 3335 dum

2197 3363 2309 3418 valt
2333 3363 2560 3418 reddere
2591 3365 2855 3420 rationem
2871 3397 2889 3432 ,
2913 3381 2980 3422 ns
3003 3367 3146 3422 Deus
3175 3367 3428 3424 caedatur
3444 3368 3711 3440 iniustus,
3733 3385 3787 3426 θ.

2199 3455 2449 3526 puras-ab
2473 3456 2624 3512 omni
2649 3466 2869 3527 peccato
2892 3459 3132 3529 animus,
3151 3462 3314 3524 etiam
3343 3461 3463 3518 illas
3481 3477 3616 3533 quas
3637 3463 3786 3520 chei-

2199 3548 2372 3604 stiana
2411 3549 2817 3620 regeneratione
2849 3559 2957 3609 non
2992 3551 3208 3610 redimit
3246 3554 3292 3620 ⁸,
3321 3555 3533 3614 vinculo
3577 3557 3786 3627 pennati

2199 3641 2470 3712 originalis
2488 3641 2730 3712 innectit,
2756 3656 2821 3698 ea
2845 3642 2976 3700 dixit
2993 3653 3112 3714 quae
3137 3653 3192 3701 te
3209 3645 3336 3701 nolo
3349 3645 3613 3708 desumit.
3643 3648 3788 3704 Tan-

2202 3741 2312 3787 tum
2341 3733 2485 3789 enim
2507 3732 2700 3790 salutis
2715 3743 2773 3789 et
2799 3733 3066 3799 felicitatis
3090 3751 3198 3792 non
3225 3736 3506 3806 boptiaatis
3545 3740 3788 3808 [initiis

2199 3823 2405 3890 tribuit,
2427 3832 2682 3894 quantum
2707 3839 2812 3881 nec
2837 3825 3116 3896 Pelagium
3143 3825 3368 3884 hamis
3383 3828 3678 3899 potuit..Et
3697 3838 3785 3888 ιι-

2200 3929 2323 3975 men
2351 3915 2422 3970 de
2461 3923 2541 3970 tot
2567 3916 2804 3973 millibus
2849 3917 3193 3988 parvulorum
3215 3953 3234 3984 ,
3261 3921 3352 3989 qui
3393 3929 3691 3980 nascuntur
3715 3933 3786 3980 cx

2201 4007 2399 4078 impiis,
2443 4017 2500 4062 et
2522 4007 2662 4064 inter
2691 4008 2884 4078 impios
2906 4009 3229 4082 oriuntur,
3257 4025 3362 4070 non
3389 4013 3588 4084 quibus
3612 4013 3789 4074 immi-

2199 4113 2300 4154 nes
2330 4115 2426 4170 per
2452 4099 2812 4169 Βψιίιιιιυιιι,
2837 4113 2960 4157 cum
3000 4101 3193 4170 velint,
3215 4103 3505 4163 subvenire
3527 4121 3638 4163 non
3655 4119 3780 4178 pos-

2197 4201 2344 4258 sunt,
2370 4191 2465 4247 and
2483 4191 2553 4248 ds
2565 4191 2761 4262 quibus
2788 4192 3117 4264 baptiaandis
3137 4205 3298 4253 nouo
3319 4199 3495 4266 intuit
3513 4199 3601 4255 vel
3623 4208 3784 4268 pote-

2201 4285 2272 4340 rit
2295 4285 2552 4356 cogitare;
2575 4299 2676 4342 nec
2687 4286 2966 4358 quisquam
2987 4289 3180 4358 prosis
3191 4289 3388 4348 obtulit
3407 4291 3490 4348 vel
3503 4291 3786 4352 olilaturus

2201 4385 2286 4433 est
2309 4377 2625 4433 sacriﬁcium
2643 4415 2662 4446 ,
2700 4379 2846 4450 quod
2883 4380 2987 4437 iste
3009 4382 3170 4439 etiam
3195 4390 3291 4452 pm
3315 4383 3476 4441 nobis
3499 4384 3786 4456 baptismi:

2201 4471 2410 4526 censuit
2454 4469 2784 4528 ol'ereadum
2836 4473 2880 4540 ³,
2909 4473 3037 4544 quid
3069 4472 3274 4532 diceret
3303 4483 3412 4532 non
3447 4475 3675 4535 invenit.
3711 4479 3788 4536 De

2201 4561 2394 4631 quibus
2419 4561 2466 4616 si
2487 4560 2649 4617 fuerit
2675 4562 3052 4636 interrogatus,
3077 4579 3268 4622 eorum
3291 4557 3487 4629 animo
3509 4569 3642 4640 quid
3673 4586 3789 4626 nte-

2199 4655 2439 4722 ruerint,
2465 4662 2528 4711 ut
2561 4655 2680 4711 illas
2703 4655 2846 4712 Deus
2879 4670 2982 4714 asc
3016 4657 3304 4720 abluenda
3338 4659 3646 4732 Baptismo,
3686 4677 3787 4719 nec

2201 4746 2492 4817 expiandas
2520 4743 2722 4803 Christi
2749 4749 2990 4818 corporis
3015 4756 3072 4806 et
3095 4749 3370 4820 sanguinis
3403 4751 3710 4820 sacriﬁcio,
3733 4762 3788 4808 et

2203 4837 2258 4893 in
2277 4846 2536 4894 aeternum
2556 4838 2890 4896 damnandus
2913 4840 3061 4898 uenti
3095 4840 3296 4902 inserat
3313 4845 3600 4912 ρων-ἰοί
3623 4845 3670 4910 ³;
3699 4855 3786 4902 aut

2201 4929 2420 4986 omnino
2446 4929 2687 4997 haerebit,
2709 4940 2765 4986 ot
2785 4931 2838 4987 ei
2857 4942 3041 4989 nostra
3063 4935 3333 4996 cunctatio
3356 4935 3440 4992 vol
3469 4948 3598 4993 sero
3619 4939 3788 5008 place-

2203 5022 2282 5077 bit
2303 5059 2338 5088 ,ο
2363 5030 2456 5084 aut
2491 5023 2649 5078 simul
2673 5037 2771 5094 pro
2805 5025 3054 5082 omnibus
3084 5027 3352 5097 paruulis,
3388 5029 3478 5098 qui
3520 5037 3635 5085 toto
3653 5031 3792 5086 orbe

2203 5124 2468 5170 terrarum
2481 5113 2598 5170 sine
2627 5115 2920 5172 christiano
2944 5117 3268 5188 Baptismate
3285 5119 3608 5184 moriuntur,
3629 5123 3790 5178 etiam

2201 5221 2388 5262 comm
2419 5206 2724 5262 nominibus
2739 5209 2915 5264 tacitis
2933 5248 2948 5274 ,
2973 5209 3226 5280 quoniam
3249 5211 3566 5268 nesciuntur
3595 5211 3654 5267 in
3687 5212 3790 5267 Ec-

2203 5300 2368 5354 clesia
2396 5297 2592 5356 Christi
2611 5339 2630 5368 ,
2655 5315 2762 5356 non
2791 5301 3145 5372 incol-pontis
3168 5303 3386 5372 corpori
3399 5300 3626 5370 Chiis“,
3655 5303 3790 5360 olfe-

2205 5391 2430 5447 renilum
2459 5407 2654 5462 corpus
2675 5391 2874 5448 Christi
2891 5407 3016 5449 osse
3033 5394 3298 5449 censebit.

2273 5481 2499 5540 CAPUT
2525 5483 2664 5538 XVI.
2685 5483 2868 5549 ~02.
2897 5483 3053 5540 Absit
3083 5499 3114 5540 a
3141 5493 3224 5551 te,
3245 5484 3440 5551 frater,
3463 5493 3529 5542 at
3553 5484 3680 5542 hac
3697 5485 3794 5542 tibi

2266 5592 2285 5630 ι
2317 5597 2392 5648 Sic
2417 5599 2758 5649 mucosis
2775 5593 2931 5648 codex
2955 5601 3009 5648 et
3027 5598 3312 5648 νιαοιιιιιιιε.
3337 5595 3475 5657 satu,
3499 5596 3731 5649 mea.

2267 5661 2287 5697 ³
2446 5667 2520 5732 Er.
2545 5659 2842 5732 “plerique
2883 5668 2992 5722 uss.
3011 5692 3028 5722 ,
3048 5659 3196 5716 uias:
3229 5673 3322 5725 pro
3355 5673 3452 5724 non
3485 5658 3796 5725 6W5:

2205 5729 2386 5772 censuit
2408 5729 2720 5772 onerandum.

2267 5784 2290 5816 ³
2327 5779 2504 5854 Belgch
2543 5784 2640 5855 duo
2675 5789 2777 5832 Mss.
2801 5815 2816 5842 ,
3032 5779 3600 5849 κῆρα-Μ
3636 5789 3796 5834 Μ

2203 5857 2402 5908 omitas.
2435 5851 2601 5910 uisam
2628 5859 2648 5903 .°
2671 5853 2920 5914 corrupte.
3116 5911 3123 5914 _
3441 5891 3446 5896 .
