3938 6518
164 526 382 598 μοι
399 559 414 587 ,
443 517 588 577 absit
614 515 694 593 ιλιι
714 519 820 575 ista
843 519 931 579 vel
958 516 1209 575 didicisse
1234 514 1467 587 gaudeas
1483 555 1499 582 ,
1527 513 1612 569 vel
1647 512 1745 567 do-

161 625 573 684 ωηπαυωιε
602 630 617 666 t
639 611 891 682 alioquin
916 610 1072 681 longe
1099 608 1288 664 melior
1314 605 1611 665 invenietur
1631 603 1746 673 ipse

160 721 299 780 quam
356 712 429 759 tu.
474 702 617 772 Quia
647 704 706 759 in
750 703 977 759 exordio
1018 700 1170 771 primi
1206 701 1290 755 sui
1341 698 1463 753 libri
1504 695 1745 755 modeste

161 808 299 869 atque
313 794 593 851 humiliter
618 795 952 865 prelocutus
976 803 1076 859 est.
1092 792 1278 849 dicens
1302 805 1316 847 :
1348 789 1510 847 «Cum
1533 789 1624 846 tibi
1647 804 1743 859 pa-

160 885 556 951 reredesidero.
589 896 779 943 notam
818 884 1247 956 praesumptionis
1285 884 1504 943 incurro
1549 883 1588 936 ι.
1627 900 1647 935 ι
1677 882 1747 936 Ει

158 979 297 1052 paulo
320 984 485 1048 post:
523 998 543 1030 ι
564 977 1066 1048 Quandoquidem"
1098 975 1285 1048 inquit,
1310 992 1330 1027 ι
1361 987 1461 1031 nec
1475 973 1603 1029 mihi
1633 973 1745 1044 ipse

161 1072 246 1129 dtu
262 1069 539 1136 credulus,
560 1085 626 1126 ea
651 1085 775 1141 qum
795 1069 984 1127 dixero
1016 1082 1169 1139 posse
1195 1066 1408 1137 probari
1434 1082 1451 1133 ;
1474 1066 1745 1121 studeam-

161 1178 250 1236 (με
272 1176 492 1231 semper
528 1162 698 1219 etiam
733 1162 1006 1233 propriam
1033 1160 1353 1217 sententiam
1383 1174 1489 1214 non
1519 1158 1675 1224 tueri,
1697 1158 1744 1213 si

159 1252 861 1325 inprobabilisdetegatur;
892 1263 949 1309 et
974 1253 1044 1308 sit
1066 1251 1195 1307 mihi
1215 1251 1384 1317 cordi,
1414 1251 1631 1320 proprio
1651 1249 1742 1320 ju-

158 1346 282 1404 dicio
302 1344 599 1413 damnato,
625 1344 850 1401 meliora
872 1344 1039 1414 magis
1065 1350 1119 1400 et
1141 1358 1260 1413 qua:
1288 1343 1396 1397 sint
1420 1342 1627 1399 veriora
1652 1357 1743 1398 se-

160 1439 294 1497 ctari.
317 1437 453 1494 Nam
477 1449 538 1494 ut
565 1446 651 1496 est
675 1439 864 1508 Optimi
885 1437 1140 1508 propositi
1172 1436 1533 1510 laudandique
1556 1435 1738 1493 consi-

160 1534 232 1601 lii,
252 1531 410 1589 facile
431 1531 506 1586 ad
540 1530 751 1591 veriora
782 1529 1086 1595 transduci;
1114 1529 1186 1584 ita
1215 1527 1444 1597 improbi
1468 1526 1745 1585 obstinati-

160 1642 247 1697 que
275 1625 468 1695 iudicii
499 1632 614 1691 est,
646 1624 789 1678 nolle
814 1625 972 1679 citius
1005 1621 1071 1678 ad
1112 1623 1377 1677 tramitem
1418 1622 1639 1677 rationis
1664 1622 1745 1676 in-

160 1719 303 1775 ﬂecti.
339 1735 360 1772 ι
397 1718 532 1773 Haec
568 1717 767 1788 quippe
807 1716 899 1773 ille
924 1717 971 1772 si
1000 1715 1261 1772 veraciter
1285 1715 1448 1780 dixit,
1482 1725 1645 1785 atque
1686 1722 1745 1769 ut

160 1811 351 1866 locum
376 1816 467 1865 est
493 1810 680 1876 sentit,
702 1823 908 1879 magnae
934 1807 1172 1878 profecto
1194 1808 1307 1879 spei
1327 1807 1562 1863 animum
1582 1807 1739 1878 gerit.

158 1900 271 1957 item
298 1900 355 1955 in
377 1899 490 1955 ﬁne
519 1899 642 1955 libri
668 1899 893 1965 secundi
917 1916 971 1951 τι
998 1897 1109 1955 Nec
1131 1906 1306 1969 putes,
1343 1917 1364 1952 ι
1398 1898 1589 1970 inquit,
1636 1916 1655 1950 ι
1674 1898 1741 1953 ad

157 1990 395 2048 invidiam
422 1999 575 2046 tuam
616 1991 837 2047 forsitan
862 1989 1248 2056 revocandum,
1282 1989 1427 2060 quod
1463 1990 1516 2044 in
1543 1998 1629 2045 tua
1654 1987 1741 2043 di-

158 2096 349 2141 ctorum
367 2098 621 2140 meorum
640 2084 960 2139 constituam
984 2082 1537 2153 potestatejudicium.
1568 2084 1645 2138 Ac
1671 2097 1740 2138 ne

155 2176 277 2232 forte
293 2177 621 2246 cujusquam
641 2175 834 2232 curiosi
863 2175 1077 2232 lectoris
1101 2175 1339 2244 obtutus,
1381 2177 1523 2231 inter
1540 2176 1698 2232 illitas
1718 2178 1738 2209 ¹

155 2268 300 2325 ﬁbras
323 2270 722 2326 elementorum
769 2269 990 2340 vestigia
1020 2270 1349 2325 remanentis
1370 2270 1658 2325 sollicitent
1686 2278 1741 2325 et

154 2359 443 2428 edendam,
493 2368 802 2416 contextam
846 2360 1055 2431 pagina:
1090 2362 1287 2417 seriem
1315 2362 1505 2432 pollice
1541 2376 1734 2418 severo

152 2452 385 2523 discerpe
408 2470 424 2508 :
450 2468 652 2524 meque
679 2452 841 2523 hujus
858 2454 1127 2509 censionis
1150 2461 1393 2525 experte,
1420 2455 1565 2525 puni,
1598 2465 1741 2509 atra-

151 2554 320 2603 menta
345 2561 470 2616 qua;
496 2544 713 2616 indigna
739 2545 953 2616 eloquia
977 2546 1321 2617 signaverunt
1353 2546 1396 2613 ’δ
1428 2562 1496 2602 ne
1521 2548 1620 2603 hac
1644 2561 1737 2602 oc—

151 2638 358 2695 casione
383 2647 441 2694 et
477 2647 626 2695 tuum
653 2652 782 2709 erga
824 2653 913 2694 me
944 2638 1236 2709 judicium,
1277 2654 1385 2710 quo
1421 2638 1552 2694 mibi
1573 2639 1738 2696 vehe-

148 2740 353 2785 menter
387 2728 636 2801 indulges
657 2769 675 2797 ,
710 2738 767 2785 et
800 2743 937 2786 mea:
973 2744 1092 2802 qua:
1127 2730 1366 2788 latebant
1403 2731 1618 2802 ineptia:
1664 2728 1739 2786 ri-

149 2819 390 2877 deantm'.
426 2840 449 2875 ι

215 2915 442 2975 CAPUT
479 2915 641 2972 XVII.
672 2945 745 2958 —
769 2915 861 2973 35.
887 2915 995 2972 isto
1023 2917 1184 2988 igitur
1208 2931 1333 2973 eum
1374 2916 1464 2974 ille
1489 2931 1617 2975 suos
1666 2914 1735 2972 li-

152 3006 284 3063 bros
316 3016 373 3064 et
406 3008 549 3064 initio
574 3009 1009 3079 prmmuniverit,
1038 3017 1094 3064 et
1118 3009 1349 3065 termino
1373 3010 1737 3066 communive-

150 3098 264 3164 rit,
295 3107 457 3169 atque
482 3100 577 3154 tuis
598 3100 859 3155 humeris
902 3100 1220 3171 imposuerit
1262 3112 1400 3156 onus
1424 3101 1735 3172 religiosum

151 3192 497 3247 correctionis
518 3203 571 3248 et
611 3193 1004 3267 emendationis
1031 3208 1141 3249 sua:
1168 3210 1185 3249 :
1212 3194 1316 3250 hoc
1341 3193 1482 3265 apud
1510 3206 1562 3250 te
1584 3194 1734 3250 inve-

158 3283 257 3338 aiat
277 3283 418 3353 quod
448 3284 669 3354 petivit,
708 3293 766 3340 ut
805 3284 1060 3340 emendes
1087 3299 1211 3341 eum
1234 3285 1408 3356 justus
1441 3286 1495 3340 in
1522 3286 1734 3341 miseri-

155 3376 348 3442 cordia,
382 3386 440 3433 et
466 3393 660 3448 arguas
687 3393 843 3444 eum;
874 3378 1051 3434 oleum
1094 3387 1274 3435 autem
1302 3381 1600 3450 peccatoris
1627 3394 1735 3450 quo

152 3468 503 3540 impinguetur
539 3477 698 3541 caput
725 3470 844 3540 ejus
871 3468 1046 3541 (Ρωι.
1073 3485 1177 3526 ext.
1197 3511 1215 3539 ,
1262 3471 1319 3544 Β)
1344 3508 1361 3538 ,
1394 3472 1533 3527 absit
1557 3488 1589 3527 a
1616 3482 1733 3527 mac-

154 3564 294 3620 nibus
317 3573 481 3635 atque
521 3565 694 3620 oculis
734 3564 878 3630 tuis,
908 3564 961 3620 id
987 3573 1105 3634 est,
1149 3565 1441 3621 assentatio
1480 3565 1734 3622 indecens

210 3736 227 3799 ξ
257 3735 392 3795 aditi,
651 3744 753 3788 Duo
777 3744 906 3799 Mss,
927 3735 1143 3791 incurro.

207 3797 228 3828 ι
257 3803 306 3846 tn
326 3792 459 3857 35’s.,
482 3792 696 3849 illicitas.

212 3859 231 3890 ³
261 3866 485 3924 A_m._Er.,
505 3866 755 3924 expertem
770 3858 892 3924 puni
910 3872 928 3922 ;
952 3868 1003 3912 et
1021 3861 1169 3911 iidem
1185 3868 1293 3911 cum
1313 3866 1444 3924 tot,
1469 3868 1735 3913 atramento

270 3918 678 3995 uidiqna'elognia
699 3918 1111 3995 sig'mﬁcdtermu.
1129 3932 1218 3995 stos
1242 3937 1307 3974 ex
1325 3918 1577 3995 plerisque
1601 3931 1731 3987 Mss,

158 3986 438 4050 atramenta;
462 3998 526 4034 ex
549 3986 865 4050 Germanensi
888 3986 1072 4050 codice,
1111 3986 1432 4050 signaverunt.
1469 3986 1588 4050 't'res
1622 3995 1730 4037 Mss.

156 4044 268 4117 apui
288 4051 395 4096 Inv.
418 4044 432 4094 ὲ
458 4054 626 4117 neque
644 4045 792 4117 hujus
816 4046 1049 4117 revisionis
1072 4044 1321 4117 expertem
1336 4084 1351 4109 ,
1376 4046 1577 4113 puniant
1599 4052 1732 4099 atra-

159 4112 298 4157 menta
317 4119 429 4172 φιω
448 4105 649 4172 indigna
663 4105 862 4179 eloquig
882 4105 1291 4175 signiﬁoav'emu.
1336 4105 1417 4159 'n.

1290 4236 1661 4252 *ῌΑ

1510 394 1715 453 LIBER
1751 389 2063 449 TERTIUS.

1853 508 2118 566 adulantis
2138 550 2155 575 ,
2182 516 2237 565 et
2255 508 2561 581 deceptoria
2586 511 2825 569 lentitudo
2849 513 3191 575 blandientis.
3217 519 3370 588 Quod
3392 525 3439 579 si

1855 599 2143 657 emendare
2165 602 2386 673 negligis
2404 619 2527 659 cum
2545 604 2724 662 videas
2749 608 3160 678 emendandum.
3183 612 3440 671 adversus

1852 691 2166 748 charitatem
2191 692 2321 748 facis
2350 711 2363 747 :
2393 694 2438 749 si
2465 704 2640 751 autem
2669 697 2761 752 tibi
2800 700 3165 763 emendandus
3188 715 3438 775 prepter-

1852 799 1914 840 ea
1945 799 2050 840 non
2080 784 2316 851 videtur,
2370 786 2490 857 quia
2527 796 2677 857 putas
2707 804 2828 843 eum
2857 801 3001 847 recte
3040 794 3138 850 ista
3166 797 3435 863 sensisse;

1850 874 2110 933 adversus
2144 876 2423 933 veritatem
2465 881 2628 949 sapis.
2676 880 2746 935 Et
2788 881 2907 936 ideo
2952 884 3040 940 ille
3085 888 3298 955 melior,
3348 894 3437 960 qui

1851 969 2123 1026 emendari
2164 981 2247 1027 est
2293 971 2557 1041 paratior,
2599 972 2644 1027 si
2689 988 2804 1028 non.
2838 974 3064 1032 defuerit
3104 982 3432 1049 emendator,

1851 1076 2009 1132 quam
2038 1069 2113 1127 tu,
2133 1061 2180 1118 si
2209 1062 2291 1117 vel
2320 1063 2496 1117 sciens
2524 1061 2804 1119 irridentcr
2823 1069 3123 1131 contemnis
3149 1082 3433 1141 errantem,

1849 1153 1933 1209 vel
1976 1153 2220 1211 nesciens
2264 1154 2464 1223 pariter
2492 1155 2714 1210 sectaris
2740 1171 2996 1219 errorem.
3039 1158 3227 1217 Omnia
3261 1164 3439 1234 itaque

1850 1243 1904 1300 in
1932 1244 2135 1300 eisdem
2182 1245 2332 1300 libris
2372 1245 2438 1301 ad
2484 1254 2536 1301 te
2580 1247 2792 1318 scriptis
2822 1257 2871 1303 ct
2904 1250 2998 1305 tibi
3026 1252 3232 1315 traditis
3260 1256 3440 1311 sobrie

1849 1335 2234 1406 vigilanterque
2258 1336 2536 1392 considera
2556 1378 2572 1405 ,
2603 1347 2656 1393 et
2696 1338 2845 1409 plura
2873 1356 3031 1411 quam
3062 1358 3163 1412 ego
3193 1345 3432 1407 invenies

1849 1424 2078 1481 fortasse
2100 1426 2383 1496 culpanda.
2402 1429 2468 1483 Et
2488 1445 2834 1502 quaecumque
2858 1432 2931 1487 ibi
2957 1442 3081 1489 sunt
3102 1439 3439 1505 approbando

1850 1526 2011 1587 atque
2036 1519 2295 1575 laudanda
2316 1561 2332 1586 ,
2356 1519 2399 1577 si
2435 1521 2561 1593 quid
2585 1522 2636 1579 in
2664 1523 2741 1581 eis
2765 1540 2951 1581 revera
2981 1525 3201 1584 forsitan
3229 1529 3438 1599 ignora-

1826 1607 1974 1683 ‘bas,
2018 1619 2175 1681 atque
2218 1610 2320 1666 isto
2350 1610 2649 1669 disserente
2676 1614 2940 1684 didicisti,
2971 1618 3245 1681 evidenter
3270 1623 3436 1692 proﬁ-

1850 1708 1965 1757 tere
1993 1702 2117 1774 quid
2148 1703 2275 1759 illud
2303 1705 2405 1769 sit;
2454 1714 2511 1760 ut
2552 1707 2618 1761 de
2658 1710 2761 1765 hoc
2790 1718 2841 1767 te
2866 1712 3065 1779 gratias
3091 1713 3265 1783 egisse
3287 1757 3303 1781 ,
3332 1733 3437 1772 non

1850 1790 1917 1848 de
1944 1793 2027 1849 his
2058 1810 2176 1865 qua:
2206 1796 2313 1852 illic
2341 1796 2686 1868 improbanda
2721 1809 2824 1855 tam
2865 1802 3029 1861 multa
3060 1814 3216 1871 sunt,
3247 1821 3435 1863 omnes

1848 1885 2129 1953 noverint,
2173 1889 2263 1959 qui
2303 1889 2389 1943 vel
2432 1891 2688 1947 recitante
2730 1891 2823 1948 illo
2853 1904 3026 1949 tecum
3070 1898 3228 1952 simul
3256 1900 3438 1955 audie-

1847 1987 2011 2047 runt,
2045 1979 2129 2035 vel
2166 1980 2383 2037 eosdem
2427 1990 2611 2051 postea
2641 1983 2808 2040 libros
2836 1986 3112 2057 legerunt:
3143 2005 3211 2046 ne
3241 1991 3293 2047 in
3324 1992 3437 2061 ejus

1849 2076 2040 2124 ornato
2066 2069 2278 2141 eloquio
2305 2080 2554 2143 tanquam
2590 2073 2643 2129 in
2685 2078 2919 2145 pretioso
2948 2080 3157 2148 .poculo
3201 2089 3252 2136 te
3295 2083 3434 2138 invi-

1850 2171 2025 2229 tante,
2054 2164 2155 2219 etsi
2187 2180 2294 2221 non
2319 2165 2532 2223 bibente
2552 2209 2566 2234 ,
2592 2184 2857 2225 venenum
2896 2171 3113 2240 bibant,
3146 2176 3191 2231 si
3225 2185 3275 2231 tu
3306 2179 3432 2247 quid

1847 2250 1971 2307 inde
2000 2254 2197 2311 biberis
2221 2296 2235 2322 ,
2267 2265 2321 2312 et
2358 2252 2485 2329 quid
2513 2274 2620 2315 non
2658 2260 2857 2316 biberis
2901 2263 3176 2333 nesciunt,
3208 2279 3262 2323 et
3307 2285 3432 2339 pro-

1854 2353 1971 2415 pter
1997 2346 2204 2401 laudem
2236 2356 2377 2409 tuam
2409 2351 2585 2409 omnia
2617 2351 2727 2407 illic
2772 2352 3001 2409 bibenda
3041 2357 3324 2414 salubriter
3350 2375 3437 2414 ar-

1846 2435 2132 2494 bitrantur.
2161 2438 2412 2507 Quamvis
2440 2451 2495 2499 et
2522 2442 2739 2509 audire,
2763 2453 2818 2499 et
2838 2445 3012 2516 legere
3031 2488 3044 2511 ,
3073 2456 3128 2502 et
3148 2465 3266 2518 qum
3292 2451 3433 2506 diota

1844 2536 1967 2583 sunt
1994 2528 2206 2585 haurire
2226 2532 2501 2600 memoria,
2524 2534 2649 2603 quid
2678 2543 2761 2590 est
2786 2537 2889 2591 nisi
2921 2537 3141 2594 bibere?
3167 2540 3271 2596 Sed
3296 2558 3433 2612 prte-

1845 2618 1980 2675 dixit
2007 2620 2261 2677 Dominus
2289 2622 2355 2678 de
2385 2622 2629 2681 ﬁdelibus
2658 2626 2803 2691 suis,
2850 2628 2993 2697 quod
3031 2638 3080 2684 et
3120 2631 3165 2684 si
3202 2636 3432 2705 mortife-

1843 2727 1959 2769 rum
1981 2712 2104 2784 quid
2126 2712 2337 2768 biberint
2356 2755 2373 2780 ,
2396 2732 2495 2770 non
2517 2716 2586 2771 eis
2612 2718 2807 2775 nocebit
2832 2718 3027 2790 (Herc.
3057 2736 3142 2776 xvt
3160 2761 3179 2789 ,
3210 2724 3322 2795 18).
3353 2727 3429 2781 Ac

1843 2818 1942 2875 per
1970 2804 2073 2860 hoc
2101 2806 2189 2877 qui
2216 2823 2338 2862 cum
2362 2807 2562 2877 judicio
2586 2810 2787 2880 legunt,
2809 2821 2864 2868 et
2885 2813 3174 2870 secundum
3197 2818 3429 2886 regulam

1843 2894 1967 2951 ﬁdei
2010 2897 2353 2968 approbando
2401 2900 2723 2969 approbant,
2774 2912 2829 2957 et
2872 2903 3176 2974 improbant
3230 2908 3430 2977 impro-

1841 2987 2052 3058 banda;
2084 2990 2293 3049 etiamsi
2336 2994 2709 3051 commendant
2752 2998 3024 3052 memorim
3068 3016 3187 3068 qua:
3228 3001 3430 3072 impro-

1841 3079 2021 3136 banda
2062 3081 2331 3152 dicuntur,
2364 3084 2510 3141 nulla
2539 3094 2798 3145 venenata
2842 3091 3224 3145 sententiarum
3252 3094 3431 3162 pravi-

1843 3179 1952 3229 tate
2000 3172 2285 3231 laeduntur.
2333 3175 2460 3231 Haec
2500 3192 2587 3233 me
2624 3176 2950 3235 Gravitatem
3001 3191 3054 3236 et
3100 3182 3430 3253 Religionem

1844 3272 1986 3327 tuam
2008 3307 2023 3335 ,
2073 3265 2188 3322 sive
2216 3274 2395 3323 mutua
2417 3306 2435 3335 ,
2482 3269 2596 3325 sive
2640 3271 2835 3339 prtevia
2873 3271 3131 3328 charitate
3159 3258 3432 3332 monuisse

1842 3354 1928 3413 vel
1956 3356 2352 3412 commonuisse
2397 3358 2619 3415 minime
2658 3361 2966 3429 ptenitebit,
3001 3363 3225 3419 Domino
3270 3367 3431 3422 mise-

1841 3456 2022 3509 rante,
2052 3447 2455 3517 quomodolibet
2497 3450 2760 3520 accipias,
2813 3453 2958 3521 quod
2993 3454 3087 3508 tibi
3132 3471 3435 3526 praerogan-

1841 3535 1966 3591 dum
1999 3538 2198 3606 putavi.
2244 3540 2410 3609 Agam
2438 3555 2567 3597 vero
2596 3542 2643 3597 ei
2674 3543 2866 3599 uberes
2908 3545 3106 3612 gratias
3127 3586 3142 3610 ,
3170 3545 3240 3600 de
3279 3548 3431 3616 cujus

1841 3628 2205 3685 misericordia
2245 3630 2652 3687 saluberrimum
2680 3642 2764 3688 est
2793 3633 2991 3700 ﬁdere,
3019 3635 3062 3689 si
3093 3636 3163 3689 ab
3190 3635 3277 3691 his
3308 3652 3431 3706 prs-

1840 3721 2097 3777 vitatibns
2125 3730 2181 3777 et
2202 3722 2511 3790 erroribus,
2553 3739 2688 3793 quos
2727 3740 2794 3781 ex
2838 3724 2987 3780 libris
3012 3724 3173 3794 hujus
3203 3728 3432 3783 hominis

1840 3813 2126 3869 ostendere
2179 3813 2261 3869 his
2315 3814 2508 3869 litteris
2569 3817 2749 3884 potui,
2804 3816 3032 3877 alienam
3082 3826 3242 3887 atque
3287 3820 3429 3875 inte-

1840 3920 1988 3981 gram
2015 3900 2177 3977 iidem
2207 3915 2350 3971 tuam
2370 3946 2386 3976 ,
2416 3906 2500 3963 vel
2528 3907 2789 3965 invenerit
2811 3906 3035 3978 epistola
3082 3909 3212 3977 ista,
3241 3910 3323 3967 vel
3350 3911 3430 3966 le-

1845 3997 1997 4054 cerit.

1689 4234 3431 4261 W

1141 4238 2187 4421 ῖιῖἔῖΤΕΒΤι
2210 4313 2414 4425 US.

1217 4498 1326 4559 AD
1366 4497 1865 4562 VINCENTIUM
1910 4499 2352 4563 VICTOREM.
2438 4542 2443 4547 «

218 4620 458 4696 Mentior
682 4626 922 4696 monstrat
942 4632 1055 4696 qum
1076 4633 1283 4696 necesse
1305 4628 1381 4672 est
1403 4622 1458 4696 in
1489 4621 1671 4696 suisnde
1694 4622 1886 4696 origine
1910 4622 2082 4696 animm
2099 4620 2249 4696 libris
2276 4622 2524 4696 emendet,
2564 4624 2606 4673 si
2647 4624 2753 4696 vult
3219 4646 3233 4696 ξ
3274 4645 3433 4696 eaque

298 4682 627 4755 libris
645 4684 713 4755 ad.
734 4682 975 4755 uenatum
1011 4689 1064 4734 et
1102 4683 1163 4732 ad
1192 4688 1383 4755 Petrum
1397 4683 1496 4755 jam
1529 4682 1757 4744 rel‘utata,
1778 4682 1877 4734 hoc
1909 4686 2057 4735 tertio
2076 4685 2137 4733 ad
2159 4690 2394 4734 victorem
2417 4685 2573 4747 ipsum
2595 4687 2775 4753 scripto
2791 4691 3077 4755 perstringit
3096 4691 3316 4744 breviter
3341 4682 3433 4745 tu;

157 4744 392 4809 sudans,
432 4753 487 4797 et
516 4745 580 4796 ad
608 4745 840 4797 undecim
872 4758 1089 4797 errorum
1121 4747 1279 4808 capita
1307 4744 1523 4797 revecat.

1593 4850 1963 4906 4199182656:

216 4955 434 5015 CAPUT
474 4956 760 5014 PRIMUM.
790 4987 865 4998 —
900 4957 953 5013 1.
980 4956 1133 5026 Quod
1160 4957 1289 5013 mihi
1316 4956 1384 5013 ad
1407 4960 1460 5013 te
1480 4957 1725 5014 scriben-

155 5049 267 5107 «ιω
304 5052 489 5123 putavi
508 5086 524 5117 ,
573 5051 676 5106 hoc
704 5049 852 5119 prius
887 5050 1121 5121 cogites,
1151 5050 1225 5104 ﬁli
1255 5050 1601 5106 dilectiSsime
1632 5050 1725 5105 Vi-

152 5151 273 5207 ctor,
302 5144 457 5207 volo,
507 5142 555 5197 si
592 5151 644 5196 te
681 5148 1118 5206 cordemnerem,
1166 5152 1495 5212 nequaquam
1542 5141 1593 5197 id
1642 5155 1727 5197 me

150 5230 303 5289 fuisse
318 5234 605 5289 facturum.
631 5233 742 5288 Nec
766 5233 888 5287 ideo
913 5241 1090 5288 tamen
1117 5228 1420 5289 humilitate
1449 5242 1627 5289 nostra
1649 5235 1727 5291 sic

149 5324 374 5380 abutaris
389 5365 405 5390 ,
436 5333 493 5379 ut
521 5334 802 5396 propterea
828 5330 881 5379 te
905 5325 1176 5379 existimes
1196 5325 1547 5395 approbatum
1569 5367 1582 5390 ,
1606 5326 1727 5395 quia

150 5417 313 5472 cernis
337 5431 457 5472 norr
472 5416 640 5472 fuisse
663 5426 1048 5487 contemptum.
1070 5416 1183 5472 Non
1206 5418 1346 5472 enim
1377 5417 1726 5488 sequendum,

149 5507 237 5561 sed
272 5508 652 5578 corrigendum
695 5519 748 5562 te
785 5508 946 5578 diligo
990 5526 1003 5563 :
1034 5516 1086 5563 et
1114 5508 1363 5583 quoniam
1395 5522 1494 5565 nec
1534 5509 1730 5580 corrigi

150 5611 296 5667 posse
337 5601 611 5672 despero,
661 5599 787 5655 uolo
838 5598 1049 5655 mireris
1094 5616 1183 5656 me
1226 5609 1577 5656 contemnere
1622 5614 1729 5654 non

150 5705 299 5761 posse
325 5709 487 5764 quem
533 5693 717 5764 diligo.
745 5692 803 5748 Si
828 5694 971 5749 enim
1002 5703 1055 5749 te
1083 5704 1367 5766 antequam
1396 5694 1549 5749 nobis
1577 5708 1728 5749 com-

152 5787 473 5855 muniearea,
545 5786 769 5857 diligere
825 5784 1020 5853 debui,
1078 5795 1137 5843 ut
1192 5802 1340 5842 esses
1399 5787 1729 5852 catholicus;

155 5886 342 5943 Quanto
364 5880 539 5955 magis
560 5888 615 5934 te
631 5879 739 5953 jam
768 5882 1248 5939 communicanth
1276 5872 1497 5952 diligere
1522 5877 1693 5935 debeo
1712 5918 1731 5947 ,

1840 4972 1911 5013 ne
1937 4956 2012 5012 sis
2039 4964 2211 5012 novus
2238 4954 2552 5025 haereticus,
2576 4967 2629 5015 et
2655 4968 2711 5014 ut
2736 4959 2809 5015 sis
2839 4959 2957 5015 talis
2986 4960 3311 5027 calholicus,
3347 4965 3461 5031 cui,

1836 5049 2087 5104 resistere
2108 5048 2282 5103 nullus
2308 5051 2476 5119 possit
2497 5048 2817 5107 limrcticus?
2854 5052 3117 5121 Quantum
3146 5054 3286 5109 enim
3317 5072 3415 5124 ap-

1838 5148 1989 5209 paret
2031 5152 2099 5193 ex
2144 5138 2299 5193 donis
2345 5141 2580 5211 ingenii,
2628 5156 2745 5212 quae
2780 5141 2890 5213 jam
2944 5138 3034 5199 tibi
3082 5144 3300 5214 largitus
3343 5157 3425 5200 est

1839 5229 2000 5291 Deus,
2020 5222 2258 5299 profecto
2284 5232 2495 5301 sapiens
2510 5232 2637 5299 eris,
2673 5233 2719 5288 si
2747 5241 2800 5289 te
2824 5250 2929 5289 non
2960 5250 3079 5290 esse
3099 5235 3389 5290 credideris
3417 5254 3429 5301 ;

1838 5329 1998 5392 aeque
2018 5329 2076 5376 ut
2105 5322 2208 5389 sis,
2241 5323 2308 5379 ab
2348 5324 2437 5378 illo
2468 5324 2555 5395 qui
2588 5322 2711 5379 facit
2739 5327 3006 5396 sapientes
3030 5369 3042 5391 ,
3073 5326 3159 5398 pie
3182 5369 3195 5393 ,
3226 5328 3395 5396 suppli
3414 5357 3429 5365 ς

1837 5415 1990 5481 clter,
2038 5417 2403 5487 instanterque
2459 5414 2803 5488 poposceris;
2851 5429 2905 5474 et
2953 5420 3201 5474 malueris
3248 5436 3432 5476 errore

1838 5520 1945 5560 non
1971 5505 2186 5577 decipi,
2225 5522 2380 5577 quam
2407 5508 2697 5563 errantium
2729 5508 2970 5565 laudibus
2997 5510 3266 5565 honorari.

1910 5599 2136 5658 CAPUT
2165 5600 2230 5657 ll.
2258 5632 2330 5643 —
2352 5602 2408 5658 2.
2441 5604 2598 5665 Prius
2626 5619 2712 5661 me
2740 5603 2794 5660 in
2827 5604 2975 5660 libris
3004 5604 3109 5660 tuis
3140 5605 3320 5665 titulus
3350 5605 3423 5661 tui

1840 5693 2069 5748 nominis
2107 5708 2203 5764 pro
2234 5702 2285 5749 te
2331 5694 2614 5749 sollicitum
2662 5693 2912 5750 reddidit.
2964 5692 3096 5771 Cum
3139 5696 3281 5749 enim
3312 5697 3428 5767 quis

1840 5796 1985 5843 esset
2012 5787 2319 5844 Vincentius
2350 5788 2549 5855 Victor,
2596 5787 2664 5842 ab
2703 5787 2780 5843 eis
2820 5787 2912 5858 qui
2953 5795 3006 5841 te
3050 5797 3338 5857 noverant,
3375 5796 3432 5845 et

1838 5878 1975 5935 forte
2015 5879 2236 5941 aderant
2257 5919 2272 5948 ,
2303 5880 2678 5952 requisissem;
2704 5878 2887 5936 audivi
2930 5886 2984 5935 te
3008 5880 3173 5937 luisse
3206 5880 3429 5937 Donati-
