3938 6526
1387 401 1476 460 DE
1513 399 1724 458 ANIMA
1762 396 1849 454 ET
1888 394 2049 452 EJUS
2085 392 2382 461 ORlGlNE,
2424 391 2482 448 S.
2521 391 2884 452 AUGUSTINI
3713 381 3848 442 512

2219 517 2389 588 possit
2424 517 2676 588 prodesse
2702 517 3042 586 Vincentius,
3065 519 3120 575 in
3143 521 3308 590 quem
3331 534 3392 576 se
3416 519 3482 575 ad
3513 527 3567 576 te
3594 519 3790 575 fallen
3807 546 3842 560 ο

2219 610 2344 666 dum
2361 609 2754 680 transfiguravit
2768 611 3178 681 malignissimus
3197 611 3444 681 spiritus:
3463 612 3578 682 ejus
3596 612 3833 682 quippe

2220 711 2340 757 sunt
2369 701 2456 756 illa
2476 743 2490 767 ,
2523 702 2754 771 qualibet
2779 702 2870 755 tibi
2897 700 3080 756 fraude
3113 717 3384 772 persuasa.
3431 702 3562 770 Qua:
3609 703 3659 756 si
3705 700 3840 756 ad-

2218 795 2451 850 monitus
2479 795 2566 864 pia
2610 794 2908 849 humilitate
2935 802 2989 850 et
3009 793 3270 849 catholica
3300 811 3430 865 pace
3457 796 3788 851 correxeris
3813 835 3833 862 ,

2220 879 2432 941 errores
2479 885 2644 940 fuisse
2691 885 3068 955 judicabuntur
3126 886 3498 942 studiosissimi
3547 887 3832 956 juvenis,

2219 975 2488 1030 emendari
2519 977 2694 1044 potius
2723 991 2881 1046 quam
2911 976 2962 1030 in
2993 977 3072 1031 eis
3113 991 3393 1032 remanere
3433 977 3732 1047 cupientis.-
3765 976 3834 1033 Si

2219 1076 2395 1122 autem
2425 1083 2520 1136 pro
2543 1068 2622 1122 eis
2660 1067 2754 1122 tibi
2783 1069 2943 1123 etiam
2984 1069 3382 1123 contentionem
3401 1110 3416 1135 ,
3449 1068 3592 1139 quod
3625 1068 3789 1122 absit
3809 1111 3829 1135 ,

2219 1161 2548 1230 persuaserit
2575 1161 2938 1229 pervicacem;
2967 1162 3076 1232 jam
3109 1170 3358 1232 tanquam
3386 1161 3642 1216 haaretica
3675 1161 3837 1231 dog-

2219 1259 2360 1306 mata
2389 1267 2507 1307 cum
2541 1267 2639 1306 suo
2677 1267 2898 1308 necesse
2940 1255 3043 1309 erit
3089 1263 3306 1308 auctore
3347 1253 3630 1319 damnari,
3686 1267 3834 1307 cura

2219 1345 2420 1400 scilicet
2449 1346 2697 1414 pastorali
2723 1354 2779 1400 et
2805 1345 3104 1400 medicinali
3128 1387 3142 1411 ,
3175 1346 3480 1416 priusquam
3507 1361 3602 1414 per
3631 1346 3840 1399 incau-

2221 1440 2332 1488 tum
2381 1435 2568 1506 vulgus
2598 1436 2614 1467 ¹
2643 1444 2860 1505 serpant
2903 1431 3030 1490 dira
3066 1438 3339 1506 contagia,
3391 1451 3512 1491 cum
3561 1435 3840 1491 dilectio-

2219 1526 2303 1581 nis
2331 1542 2435 1581 non
2466 1528 2715 1596 veritate,
2743 1527 2840 1584 sed
2865 1523 3080 1584 nomine
3099 1570 3114 1597 ,
3145 1523 3696 1600 salubris‘negligitur
3725 1527 3834 1582 di-

2218 1619 2439 1688 sciplina
2468 1621 2488 1652 ²
2517 1659 2532 1673 .

2287 1710 2513 1768 CAPUT
2551 1712 2636 1767 lll.
2666 1743 2739 1754 —
2765 1715 2818 1769 5.
2849 1714 2904 1770 Si
2928 1715 3122 1786 quieris
3149 1730 3391 1786 quaenam
3419 1717 3504 1771 illa
3531 1717 3644 1772 sint
3663 1759 3681 1783 ,
3715 1729 3834 1786 po-

2220 1803 2345 1858 teris
2384 1803 2594 1872 quidem
2633 1805 2809 1873 legere
2847 1821 2964 1861 mea
3003 1807 3197 1878 scripta
3234 1808 3300 1862 ad
3343 1807 3534 1864 fratres
3565 1817 3830 1875 nostros,

2217 1891 2478 1946 Renatum
2520 1894 2611 1948 Dei
2653 1909 2899 1962 servum,
2942 1905 2997 1951 et
3035 1898 3396 1970 presbyterum
3441 1900 3702 1968 Petrum,
3751 1901 3832 1955 ad

2217 1997 2374 2052 quem
2402 1991 2454 2037 tu
2481 1984 2664 2039 eadem
2693 1987 2826 2056 ipsa,
2851 1987 2917 2042 de
2940 1989 3130 2057 quibus
3155 2006 3293 2045 nunc
3315 1992 3540 2060 agimus,
3565 1994 3834 2049 scriben-

2217 2073 2282 2127 da
2308 2075 2642 2141 existimasti,
2672 2095 2691 2128 ι
2714 2079 2850 2146 ejus,
2878 2097 2898 2130 ι
2923 2089 2981 2133 ιιι
3005 2081 3220 2144 asseris,
3248 2101 3268 2134 ι
3295 2083 3552 2138 voluntati
3575 2085 3830 2154 petentis

532 409 630 468 5H

531 539 700 596 stam,
727 529 813 585 vel
853 529 1027 598 potius
1055 524 1382 596 Rogatistam
1404 565 1419 590 ,
1463 537 1632 593 nuper
1657 528 1831 575 autem
1860 533 2104 574 commu-

533 619 740 675 nicasse
768 618 1074 673 Catholicae.
1109 618 1175 671 Et
1211 630 1330 671 cum
1358 615 1640 686 gauderem
1673 622 1871 667 tantum
1899 653 1913 678 ,
1941 625 2110 681 quan-

533 723 642 770 tum
669 712 737 768 de
757 712 839 767 his
859 712 1092 768 solemus
1113 753 1128 779 ,
1149 725 1283 781 quos
1305 709 1373 764 ab
1397 709 1488 763 illo
1510 723 1691 763 errore
1720 706 1971 761 liberatos
1991 719 2110 758 csse

531 805 938 878 cognoscimus;
985 805 1090 858 imo
1116 820 1243 860 vero
1273 804 1431 857 etiam
1475 802 1641 856 multo
1681 799 1907 868 amplius
1927 840 1941 865 ,
1970 796 2110 868 quod

531 900 800 970 ingenium
826 904 974 953 tuum
999 940 1014 965 ,
1057 897 1197 968 quod
1238 894 1540 951 delectabar
1566 893 1618 948 in
1646 892 1836 947 litteris
1861 891 1961 944 tuis
1985 932 1999 958 ,
2031 889 2110 944 vi-

529 991 721 1046 debam
765 1006 871 1046 non
917 991 1239 1046 remansisse
1282 988 1420 1059 apud
1459 987 1793 1043 adversarios
1826 985 2063 1038 veritatis
2095 1000 2108 1036 :

532 1086 769 1140 additum
799 1094 881 1142 est
907 1100 936 1138 a
963 1083 1350 1149 referentibus,
1393 1096 1500 1152 quo
1543 1095 1628 1134 me
1655 1079 1795 1134 inter
1833 1077 1923 1132 illa
1979 1092 2112 1146 gau-

532 1177 619 1231 dia
657 1177 1026 1243 contristaret,
1073 1175 1193 1230 ideo
1236 1183 1288 1228 te
1320 1171 1680 1243 cognominari
1716 1169 1949 1224 voluisse
1983 1168 2112 1222 Vin-

531 1269 792 1334 centium,
822 1268 962 1339 quod
1001 1267 1187 1338 Rogati
1217 1279 1577 1321 successorem
1599 1305 1614 1328 ,
1645 1263 1735 1332 qui
1766 1261 1868 1316 hoc
1896 1260 2112 1315 nomine

532 1361 828 1430 appellatus
857 1369 939 1416 est
960 1401 976 1428 ,
1003 1359 1175 1414 adhuc
1216 1368 1465 1429 tanquam
1494 1371 1742 1427 magnum
1771 1365 1828 1410 et
1869 1363 2110 1410 sanctum

533 1451 706 1504 virum
755 1451 932 1505 animo
959 1459 1174 1516 teneas;
1203 1457 1258 1505 et
1282 1449 1350 1503 ob
1391 1447 1491 1503 hoc
1535 1447 1674 1502 illius
1703 1461 1894 1500 nomen
1916 1486 1931 1510 ,
1965 1455 2111 1500 tuum

533 1541 767 1595 volneris
796 1557 914 1596 esse
941 1555 1270 1614 cognomen.‘
1289 1539 1399 1595 Nec
1427 1538 1708 1594 defuerunt
1731 1538 1820 1608 qui
1848 1537 2106 1602 dicerent,

533 1633 692 1686 etiam
720 1632 821 1687 hoc
841 1649 870 1685 a
898 1643 952 1689 te
972 1632 1134 1688 fuisse
1149 1633 1404 1703 jactatum
1433 1634 1472 1698 ί,
1506 1631 1646 1702 quod
1671 1633 1783 1700 ipse
1811 1631 1904 1686 tibi
1933 1631 2112 1686 nescio

533 1737 638 1791 qua
667 1723 868 1777 visione
891 1724 1226 1793 apparuerit,
1259 1731 1418 1792 atque
1448 1723 1513 1777 ad
1543 1722 1640 1777 hos
1669 1721 2029 1777 conﬁciendos
2051 1721 2114 1775 li-

535 1813 695 1878 bros,
738 1813 804 1868 de
835 1815 1024 1884 quibus
1056 1823 1228 1869 tecum
1274 1829 1434 1885 agere
1483 1814 1582 1868 isto
1627 1823 1810 1868 nostro
1852 1812 2112 1882 opusculo

535 1904 766 1970 institui,
803 1905 880 1960 sic
917 1905 1208 1975 adjuverit,
1242 1915 1298 1959 ut
1333 1921 1396 1960 ea
1445 1906 1534 1960 tibi
1574 1905 1854 1960 scribenda
1875 1908 1918 1972 ²,
1945 1920 2114 1975 quan-

538 2003 647 2048 tum
679 1995 744 2049 ad
787 2010 873 2050 res
917 1996 1057 2065 ipsas
1087 1995 1426 2066 rationesque
1471 1997 1692 2063 attinet,
1723 1997 1836 2066 ipse
1864 1996 2107 2051 dictaret.

535 2083 686 2149 Quod
714 2085 757 2138 si
790 2101 972 2140 verum
1013 2094 1127 2152 est,
1165 2087 1276 2155 jam
1307 2097 1359 2141 te
1400 2087 1486 2140 illa
1525 2086 1702 2141 dicere
1735 2088 1968 2156 potuisse
2005 2101 2111 2141 non

538 2177 722 2240 miror,
746 2192 863 2246 quae
883 2218 897 2242 ,
930 2178 973 2231 si
1001 2178 1259 2246 patienter
1285 2180 1551 2233 auscultes
1579 2179 1927 2232 admonitioni
1954 2195 2106 2240 mere,

531 2277 586 2321 et
615 2282 706 2342 eos
749 2268 912 2323 libros
953 2269 1212 2324 catholica
1251 2280 1428 2324 mente
1465 2271 1770 2326 consideres
1800 2283 1957 2341 atque
1986 2287 2112 2341 per-

534 2365 728 2413 tractes
747 2399 762 2425 ,
789 2369 840 2413 te
863 2358 1062 2414 dixisse
1089 2361 1452 2429 proculdubio
1479 2361 1774 2430 paenitebit.
1805 2363 1894 2418 llle
1917 2363 2112 2435 quippe

532 2449 730 2519 quise,
763 2450 900 2505 sicut
933 2466 1054 2506 eum
1101 2452 1277 2521 prodit
1318 2454 1640 2522 Apostolus,
1687 2455 2012 2526 transﬁgurat
2059 2456 2114 2509 in

533 2542 768 2612 angelum
805 2543 930 2597 lucis
959 2543 1040 2614 (ll
1066 2544 1181 2599 Cor.
1210 2562 1263 2600 ιι
1283 2587 1298 2610 ,
1330 2544 1441 2617 Η),
1473 2547 1524 2600 in
1556 2563 1675 2602 eum
1707 2548 1800 2603 tibi
1829 2559 1911 2604 est
1940 2559 2112 2605 trans-

537 2633 786 2702 ﬁguratus
805 2673 819 2697 ,
862 2649 1018 2703 quem
1049 2644 1102 2689 tu
1133 2635 1295 2692 fuisse
1335 2638 1416 2692 vel
1439 2653 1557 2693 esse
1584 2649 1832 2710 tanquam
1859 2641 1992 2696 lucis
2020 2658 2114 2695 an-

533 2725 709 2794 gelum
735 2724 926 2779 credis.
951 2727 1017 2780 Et
1043 2740 1108 2780 eo
1129 2728 1340 2797 quidem
1367 2728 1526 2783 modo
1557 2731 1732 2784 minus
1754 2731 1818 2785 ad
1846 2731 2115 2803 decipien-

539 2815 637 2870 dos
661 2815 962 2872 Catliolicos
981 2820 1152 2884 valet,
1180 2819 1393 2890 quando
1419 2837 1476 2874 se
1503 2837 1608 2876 non
1633 2822 1684 2876 in
1713 2823 1845 2878 lucis
1873 2825 2110 2893 angelos,

534 2905 630 2960 sed
657 2906 709 2959 in
740 2905 1019 2962 haereticos
1045 2909 1382 2979 transﬁgurat
1419 2927 1433 2963 :
1480 2910 1576 2966 sed
1601 2921 1651 2966 te
1681 2911 1747 2966 ab
1783 2928 1848 2968 eo
1874 2913 1981 2966 falli
2000 2913 2110 2983 jam

534 2997 854 3052 catholicum
901 2999 1116 3054 nollem.
1164 3000 1443 3056 Crucietur
1469 3018 1595 3073 ergo
1623 3011 1673 3057 te
1698 3003 1950 3060 didicisse
1995 3021 2113 3074 quae

539 3105 660 3145 vera
691 3099 846 3156 sunt,
877 3101 1078 3162 quanto
1120 3095 1286 3163 magis
1313 3094 1519 3150 laetatus
1547 3091 1720 3151 fuerat
1747 3114 1806 3152 se
1853 3099 1943 3152 tibi
1991 3115 2113 3169 per-

536 3181 767 3235 suasisse
796 3197 914 3252 quae
939 3182 1069 3238 falsa
1097 3194 1237 3238 sunt.
1266 3185 1337 3240 Ut
1376 3193 1552 3240 autem
1595 3202 1700 3241 non
1725 3188 1912 3258 diligas
1939 3189 2113 3245 homi-

537 3285 660 3324 nem
685 3280 971 3340 mortuum,
990 3273 1140 3343 cujus
1164 3275 1377 3331 dilectio
1404 3275 1495 3332 tibi
1523 3278 1712 3334 obesse
1735 3290 1930 3350 potest,
1951 3283 2114 3349 prod-

540 3377 662 3418 esse
700 3363 776 3417 illi
818 3381 927 3419 non
965 3375 1170 3435 potest;
1203 3367 1305 3424 hoc
1333 3369 1567 3426 breviter
1595 3371 1616 3402 ³
1645 3373 1902 3429 intuearis
1931 3375 2115 3430 admo-

537 3468 675 3518 neo;
706 3455 847 3524 quod
875 3456 1056 3526 utique
1075 3457 1164 3512 ille
1190 3475 1294 3513 non
1321 3469 1404 3516 est
1430 3471 1646 3517 sanctus
1669 3479 1723 3518 et
1747 3464 1922 3534 justus
1940 3510 1955 3534 ,
1989 3467 2033 3522 si
2061 3477 2115 3522 tu

535 3541 909 3600 haireticorum
941 3547 1328 3603 Donatistarum
1363 3550 1448 3604 vel
1486 3551 1872 3622 liogatistarum
1899 3556 2115 3627 laqueos

531 3635 746 3688 evasisti
773 3637 851 3690 :si
880 3647 1056 3692 autem
1079 3639 1224 3693 illiilli
1255 3651 1494 3697 sanetum
1517 3654 1571 3698 et
1592 3645 1790 3713 justum
1818 3648 2110 3718 arbitraris,

537 3733 592 3779 tu
620 3729 1058 3783 communicando
1101 3730 1388 3788 Catholicis
1416 3734 1664 3790 interisti.
1699 3737 1941 3794 Profecto
1965 3743 2109 3796 enim

535 3823 589 3870 te
613 3815 930 3873 catholicum
977 3819 1128 3890 fingis
1147 3863 1163 3888 ,
1211 3823 1256 3876 si
1298 3825 1476 3878 animo
1506 3827 1634 3881 illud
1665 3843 1721 3883 cs
1749 3828 1792 3896 ⁸,
1835 3833 1974 3901 quod
2001 3843 2114 3888 erat

536 3907 627 3963 ille
663 3925 818 3980 quem
847 3911 1044 3983 diligis.
1073 3914 1139 3970 Et
1163 3916 1302 3970 nosti
1331 3933 1489 3988 quam
1533 3920 1836 3976 terribiliter
1860 3924 2111 3992 scriptum

534 4001 622 4064 sit,
645 4002 782 4070 quod
807 4001 1030 4073 Spiritus
1049 4017 1249 4060 sanctus
1274 4008 1558 4078 disciplinae
1579 4011 1738 4082 fugiet
1761 4013 1935 4081 ﬁctum
1959 4013 2110 4086 (Snp.

535 4104 590 4155 1,
625 4090 700 4162 5).
741 4092 796 4148 Si
843 4104 1018 4150 autem
1064 4099 1324 4153 veraciter
1362 4103 1780 4169 communicans,
1815 4120 1917 4160 non
1947 4114 1998 4160 te
2025 4122 2116 4162 ca-

537 4181 790 4238 tholicum
824 4187 1003 4256 lingis;
1032 4189 1158 4258 quid
1202 4191 1377 4246 adhuc
1403 4193 1710 4248 litereticum
1741 4207 2006 4253 mortuum
2037 4201 2113 4255 sic

535 4271 732 4342 diligis,
765 4283 824 4328 ut
846 4276 962 4346 ejus
991 4279 1128 4334 velis
1166 4290 1216 4334 te
1247 4281 1450 4350 jactare
1478 4285 1652 4341 adhuc
1680 4289 1894 4344 nomine
1915 4331 1929 4354 ,
1962 4293 2112 4361 cujus

529 4363 638 4436 jam
667 4381 771 4421 non
801 4369 998 4424 teneris
1023 4373 1238 4426 errore?
1267 4373 1522 4430 Nolumus
1549 4387 1600 4433 te
1643 4377 1841 4435 habere
1883 4382 1988 4438 tale
2016 4399 2108 4438 co-

533 4471 878 4527 guomentum
898 4502 912 4526 ,
947 4471 1194 4534 tanquam
1224 4465 1299 4522 sis
1327 4469 1560 4524 haeretici
1583 4473 1776 4527 mortui
1801 4490 2112 4532 monumen-

534 4556 665 4605 tum.
696 4550 954 4634 Nolumus
983 4555 1139 4612 talem
1187 4559 1395 4614 titulum
1446 4561 1640 4634 habere
1683 4564 1878 4620 librum
1926 4577 2106 4637 tuum,

531 4642 739 4708 qualem
771 4642 962 4699 falsum
990 4661 1111 4704 esse
1139 4649 1438 4707 diceremus
1459 4694 1475 4719 ,
1507 4655 1552 4708 si
1605 4656 1656 4710 in
1702 4659 1816 4727 ejus
1863 4662 2107 4730 sepulcro

531 4732 846 4799 legeremus.
895 4736 1008 4793 Non
1053 4742 1194 4796 enim
1241 4743 1573 4800 Vincentium
1615 4749 1865 4805 victorem
1911 4753 2108 4809 scimus

533 4836 652 4874 esse
670 4863 684 4884 ,
719 4824 810 4878 sed
838 4827 1032 4881 victum
1063 4847 1075 4883 :
1109 4839 1162 4884 et
1191 4833 1390 4887 utinam
1422 4834 1708 4904 fructuose,
1731 4841 1870 4894 sicut
1890 4851 1942 4896 te
1965 4843 2106 4899 vinci

531 4915 770 4969 volumus
817 4921 1055 4974 veritate.
1105 4922 1292 4978 Astute
1332 4935 1508 4980 autem
1555 4930 1755 4998 putaris
1793 4941 1848 4986 et
1879 4935 2104 5006 callide,

529 5020 645 5058 cum
678 5007 839 5062 libros
868 5019 1014 5076 tuos,
1043 5029 1174 5082 quos
1201 5018 1358 5082 ,credi
1387 5019 1535 5088 cupis
1575 5021 1668 5075 illo
1697 5023 1789 5078 tibi
1830 5028 2098 5084 revelante

528 5096 780 5166 dictatos,
826 5102 1061 5172 appellas
1095 5104 1355 5162 Vincentii
1385 5107 1640 5179 Victoris,
1687 5129 1794 5169 non
1841 5125 1946 5172 tam
1978 5120 2104 5176 Vin-

532 5191 760 5244 centium
802 5201 852 5248 te
895 5209 1052 5264 quam
1101 5197 1249 5252 illum
1297 5203 1472 5254 vocari
1521 5203 1752 5260 voluisse
1800 5207 2101 5279 Victorem,

528 5281 668 5336 velut
701 5283 790 5336 tibi
823 5287 1104 5344 revelando
1127 5305 1246 5358 qua}
1278 5290 1571 5362 scriberes,
1603 5296 1815 5374 vicisset
1839 5315 2100 5358 errorem.

529 5372 719 5444 thuid
762 5375 852 5430 tibi
887 5378 1018 5445 ista,
1067 5381 1175 5436 fili?
1197 5384 1331 5446 Esto
1376 5387 1550 5455 potius
1577 5372 1898 5456 verus,'non
1951 5395 2104 5450 fictus

423 5491 426 5494 ι
525 5467 818 5524 catholicus
837 5511 852 5536 ,
881 5483 950 5538 ne
976 5481 1026 5528 te
1053 5474 1212 5546 fugiat
1240 5476 1467 5548 Spiritus
1495 5491 1741 5548 sanctus,
1769 5495 1822 5540 et
1847 5484 1980 5540 nihil
2007 5487 2101 5544 tibi

524 5623 848 5742 “81.12.1155”
896 5625 985 5678 hoc
1021 5633 1066 5680 te
1099 5631 1248 5696 fuisse
1272 5635 1544 5700 jactatum;
1581 5639 1757 5690 omissa
1799 5641 2098 5706 praepositio-

588 5745 611 5836 :
639 5747 833 5836 ξ’ξξδξῌθ·
860 5758 1040 5836 ,τέξοιηι
1057 5768 1136 5810 eos
1157 5756 1245 5811 tibi
1265 5758 1559 5814 scribendos.

640 5811 691 5854 In
709 5813 834 5870 κρίθη
855 5811 942 5864 hoc
954 5811 1120 5869 breve.

585 5863 611 5898 ⁸
639 5863 1005 5932 emensa
1023 5863 1126 5941 iis:
1149 5880 1196 5934 si
1213 5879 1370 5936 intimo
1391 5883 1514 5938 illud
1538 5887 1754 5940 sectaris.

2218 2166 2612 2237 obtemperans.
2644 2187 2663 2221 ι
2701 2169 2907 2225 Dabunt
2932 2172 3072 2225 enim
3103 2172 3198 2227 tibi
3227 2182 3284 2228 ut
3308 2173 3452 2244 legas
3487 2178 3674 2246 procul
3705 2176 3828 2230 du-

2217 2258 2328 2324 bio,
2355 2261 2398 2314 si
2421 2261 2672 2326 volueris,
2695 2271 2750 2316 et
2769 2263 3008 2332 ingerent
3026 2264 3184 2318 etiam
3207 2279 3311 2319 non
3336 2268 3551 2336 petenti.
3578 2268 3828 2323 Verum-

2219 2358 2394 2406 tamen
2426 2351 2585 2406 etiam
2615 2351 2731 2418 liic,
2765 2370 2880 2422 qua:
2910 2356 3138 2410 maxime
3175 2357 3228 2410 in
3265 2357 3462 2412 eiSdem
3495 2358 3649 2414 libris
3681 2359 3818 2427 tuis,

2219 2451 2273 2497 et
2301 2443 2353 2496 in
2382 2443 2486 2498 fide
2515 2453 2602 2499 tua
2629 2446 2902 2501 emendari
2925 2447 3130 2516 cupiam
3148 2491 3162 2514 ,
3195 2463 3297 2504 non
3329 2451 3534 2505 tacebo.
3563 2450 3820 2506 Primum

2217 2542 2333 2599 est,
2363 2535 2504 2604 quod
2539 2554 2557 2586 ι
2585 2537 2830 2591 Animam
2871 2553 2976 2592 non
3015 2539 3085 2593 ita
3123 2541 3204 2596 vis
3231 2555 3259 2594 a
3293 2541 3402 2596 Deo
3429 2557 3548 2598 esse
3588 2544 3814 2612 factam,

2221 2632 2276 2676 ut
2304 2639 2420 2678 eam
2465 2640 2530 2680 ex
2575 2626 2740 2682 nihilo
2769 2629 2972 2695 fecerit,
3003 2631 3099 2686 sed
3121 2647 3183 2686 ex
3207 2633 3494 2703 semetipso
3525 2655 3544 2688 ι
3581 2634 3814 2707 (Supra,

2217 2714 2307 2767 lib.
2333 2716 2385 2780 1,
2417 2733 2470 2769 n.
2497 2716 2551 2782 ι,
2580 2727 2626 2770 et
2651 2719 2739 2772 lib.
2763 2719 2820 2786 2,
2852 2739 2904 2774 η.
2934 2722 3010 2792 5).
3057 2721 3158 2778 Ubi
3185 2739 3290 2779 non
3334 2736 3484 2796 putas
3509 2741 3632 2782 esse
3677 2745 3818 2784 con-

2219 2822 2446 2877 sequens
2473 2818 2530 2864 ut
2553 2823 2752 2867 natura:
2777 2813 2845 2868 sit
2871 2815 2962 2870 Dei
2989 2834 3002 2870 :
3025 2818 3146 2886 quia
3175 2820 3412 2888 profecto
3433 2837 3588 2892 quam
3611 2825 3686 2878 sit
3708 2825 3818 2877 im-

2219 2901 2386 2971 pium,
2415 2914 2470 2958 et
2495 2904 2608 2974 ipse
2633 2908 2928 2976 cognoscis.
2959 2909 3071 2975 Qua
3098 2913 3368 2982 impietate
3395 2924 3454 2969 ut
3479 2931 3666 2971 careas
3687 2959 3702 2984 ,
3735 2919 3812 2973 ita

2218 3001 2428 3062 oportet
2469 3005 2522 3049 ut
2569 2995 2715 3050 dicas
2759 3000 2950 3054 animm
2993 3011 3263 3058 auctorem
3305 3006 3500 3073 Deum,
3538 3015 3594 3061 ut
3621 3009 3692 3062 ab
3719 3009 3812 3064 illo

2217 3083 2354 3138 facta
2377 3085 2465 3150 sit,
2493 3101 2598 3142 non
2625 3087 2690 3142 de
2713 3089 2823 3143 illo.
2847 3089 2998 3158 Quod
3023 3093 3163 3147 enim
3189 3093 3256 3149 de
3283 3095 3374 3150 illo
3397 3108 3499 3162 est,
3529 3099 3666 3152 sicut
3690 3100 3813 3153 uni-

2217 3180 2427 3247 genitus
2451 3179 2617 3236 Filius
2637 3223 2650 3244 ,
2683 3183 2920 3253 ejusdem
2950 3195 3153 3243 naturae
3186 3192 3336 3259 cujus
3375 3200 3430 3245 et
3467 3192 3554 3246 ille
3589 3203 3692 3246 est.
3737 3193 3812 3248 Ut

2218 3280 2395 3325 autem
2435 3273 2610 3328 anima
2651 3275 2888 3348 ejusdem
2929 3289 3130 3334 natura:
3166 3295 3271 3335 non
3301 3281 3369 3335 sit
3395 3282 3546 3352 cujus
3573 3293 3656 3337 est
3692 3285 3805 3349 ille,

2203 3361 2354 3417 .facla
2378 3374 2458 3418 est
2481 3365 2696 3436 quidem
2719 3369 2787 3423 ab
2813 3371 2923 3434 illo,
2951 3371 3046 3426 sed
3076 3387 3178 3427 non
3204 3373 3272 3428 de
3298 3375 3406 3428 illo.
3436 3378 3544 3430 Aut
3568 3391 3696 3446 ergo
3717 3378 3808 3432 die

2219 3457 2378 3525 unde,
2407 3469 2498 3514 aut
2523 3459 2687 3516 fatere
2711 3463 2778 3518 de
2805 3463 2991 3528 nihilo.
3019 3465 3154 3533 Quid
3177 3475 3259 3521 est
3285 3468 3426 3538 quod
3451 3469 3606 3537 dicis,
3641 3489 3659 3522 ι
3683 3487 3804 3526 eam

2220 3550 2526 3618 particulam
2552 3568 2670 3608 esse
2691 3556 2970 3623 quamdam
2999 3557 3192 3614 halitus
3213 3567 3415 3614 natura;
3437 3561 3568 3615 Dei?
3597 3581 3616 3614 ι
3641 3563 3806 3618 Νυιιι-

2219 3642 2468 3710 quidnam
2493 3644 2664 3712 ipsum
2696 3644 2916 3702 halitum
2947 3658 3150 3704 naturae
3176 3651 3292 3718 Dei,
3323 3653 3478 3721 cujus
3507 3653 3700 3709 halitus
3723 3665 3806 3712 est

2219 3730 2318 3786 ista
2348 3735 2623 3800 particula,
2657 3752 2818 3806 negas
2843 3738 3082 3808 ejusdem
3112 3741 3263 3813 cujus
3295 3744 3434 3800 Deus
3459 3755 3542 3799 est
3566 3761 3686 3802 esse
3711 3763 3804 3802 na-

2221 3825 2390 3878 tura)?
2419 3824 2472 3882 Si
2505 3843 2686 3898 negas,
2719 3845 2847 3901 ergo
2877 3831 2942 3888 de
2971 3832 3135 3888 nihilo
3163 3843 3216 3889 et
3243 3837 3400 3891 istum
3433 3838 3649 3892 halitum
3679 3839 3804 3896 fecit

2221 3912 2360 3968 Deus
2380 3954 2397 3981 ,
2426 3917 2577 3986 cujus
2606 3917 2800 3974 halitus
2828 3923 3058 3977 animam
3089 3925 3167 3978 vis
3193 3940 3310 3980 esse
3336 3928 3670 3998 particulam.
3699 3933 3804 3986 Aut

2217 4003 2265 4058 si
2291 4021 2394 4059 non
2423 4005 2489 4062 de
2518 4008 2702 4076 nihilo,
2731 4009 2817 4066 dic
2841 4012 2980 4068 unde
3003 4014 3150 4068 illum
3179 4015 3362 4072 fecerit
3387 4019 3544 4075 Deus.
3575 4019 3632 4074 Si
3655 4021 3720 4076 de
3743 4038 3802 4077 se

2221 4094 2336 4164 ipso
2355 4137 2369 4161 ,
2403 4112 2528 4167 ergo
2557 4099 2670 4169 ipse
2697 4111 2812 4167 est,
2841 4104 2982 4172 quod
3013 4105 3178 4172 absit,
3211 4110 3462 4164 materies
3493 4114 3668 4180 operis
3697 4115 3796 4168 sui.

2218 4185 2324 4241 Sed
2353 4187 2486 4244 dicis
2504 4229 2520 4256 ,
2556 4209 2576 4244 ι
2603 4191 2735 4246 Cum
2765 4192 2834 4249 de
2858 4209 2919 4250 se
2943 4196 3060 4266 ipso
3085 4197 3304 4254 halitum
3333 4201 3416 4256 vel
3445 4201 3627 4258 flatum
3655 4205 3796 4272 facit,

2219 4278 2332 4348 ipse
2357 4279 2562 4351 integer
2589 4293 2769 4338 manet
2794 4303 2808 4340 :
2845 4305 2864 4338 ι
2899 4288 3050 4358 quasi
3079 4304 3184 4345 non
3211 4300 3265 4346 et
3295 4291 3430 4362 ignis
3457 4294 3686 4350 lucerna:
3715 4297 3795 4350 in-

2219 4379 2365 4442 teger
2389 4385 2619 4442 maneat,
2644 4391 2764 4430 cum
2795 4377 2861 4432 de
2887 4379 2976 4434 illo
3004 4381 3167 4436 altera
3191 4383 3517 4453 accenditur,
3546 4395 3600 4442 et
3627 4396 3796 4443 tamen

2217 4461 2452 4532 ejusdem
2471 4505 2486 4529 ,
2519 4481 2622 4519 non
2649 4467 2886 4536 alterius,
2911 4471 2980 4524 sit
3007 4481 3230 4528 naturae.

2285 4553 2511 4612 CAPUT
2549 4555 2638 4612 IV.
2665 4587 2740 4600 —-
2771 4561 2825 4614 4.
2872 4579 2890 4613 ι
2921 4561 3028 4618 Sed
3047 4605 3062 4630 ,
3093 4583 3113 4617 ι
3145 4565 3351 4636 inquis,
3389 4586 3409 4620 ι
3437 4583 3558 4626 cum
3588 4587 3618 4626 a
3649 4573 3796 4629 nobis

2215 4656 2336 4702 uter
2363 4647 2609 4716 inflatur,
2649 4667 2753 4708 non
2793 4655 2966 4725 aliqua
3006 4659 3180 4726 portio
3219 4671 3414 4716 nostra:
3451 4675 3688 4730 naturas,
3715 4667 3794 4722 vel

2214 4739 2483 4807 qualitatis
2511 4741 2834 4811 infunditur;
2863 4761 2984 4801 cum
3015 4747 3102 4804 hic
3130 4751 3246 4820 ipse
3273 4753 3509 4820 spiritus,
3539 4771 3644 4827 quo
3667 4759 3794 4813 hau—

2213 4838 2298 4884 sto
2324 4839 2440 4885 uter
2460 4831 2481 4862 ³
2510 4833 2756 4902 impletus
2778 4839 3102 4909 extenditur,
3127 4843 3244 4898 sine
3263 4846 3436 4916 aliqua
3458 4849 3624 4902 nostri
3646 4849 3790 4905 αἰειιί-

2214 4921 2431 4976 nntione
2454 4935 2718 4994 egeratur.
2750 4946 2770 4980 ι
2801 4929 2895 4984 His
2921 4933 3098 4988 verbis
3127 4936 3229 4992 tuis
3253 4937 3428 4996 adhuc
3451 4941 3604 4997 addis
3627 4953 3680 4999 et
3699 4945 3792 4999 im-

2213 5013 2458 5080 moraris,
2481 5023 2536 5069 et
2561 5015 2794 5074 inculcas
2819 5020 3214 5082 similitudinem
3241 5031 3390 5100 quasi
3419 5038 3786 5105 necessariam,

2211 5117 2314 5172 qua
2345 5103 2700 5176 intelligamus
2729 5113 2998 5180 quomodo
3021 5116 3160 5174 Deus
3187 5120 3302 5176 sine
3327 5137 3438 5178 sua:
3467 5135 3669 5183 natura:
3696 5103 3790 5184 ali-

2211 5209 2316 5264 quo
2344 5193 2684 5268 detrimento,
2713 5211 2768 5258 et
2793 5204 2861 5260 de
2889 5221 2948 5263 se
2976 5208 3093 5277 ipso
3117 5211 3346 5268 animam
3377 5214 3556 5282 faciat,
3583 5229 3637 5274 et
3661 5220 3786 5278 facta

2209 5284 2277 5342 de
2304 5286 2454 5356 ipso,
2486 5305 2592 5346 non
2629 5293 2700 5348 sit
2737 5296 2878 5366 quod
2909 5298 3046 5369 ipse.
3073 5300 3216 5359 Dicis
3253 5305 3396 5360 enim
3427 5325 3442 5362 :
3478 5326 3500 5362 ι
3529 5308 3787 5384 Numquid

2275 5465 2596 5544 ᾍῨίίὲξίῗῗξωὲἓ
2617 5471 2810 5544 ἕξειὲξρ.
2846 5476 3062 5544 “Muli!
3083 5483 3244 5544 Πέίυυε
3276 5491 3434 5535 ι’θοῑθι
3477 5495 3593 5538 Nam
3629 5489 3788 5542 alludit

2207 5530 2502 5602 Augustinus
2538 5531 2597 5580 ad
2622 5531 2740 5582 illud
2763 5530 2959 5606 Virgilii,
2993 5538 3078 5590 lib.
3103 5543 3134 5591 δ
3154 5530 3750 5614 ςὲὸνξςῖζῖεξτέῗῑὲθζῐῶ

2329 5595 2562 5641 continuo
2583 5593 2772 5650 culpam
2797 5599 2926 5649 lerro
2947 5613 3203 5650 comoesce
3218 5642 3231 5650 .
3257 5611 3390 5650 nrius
3409 5623 3556 5650 aliam

2333 5607 2772 5666 uonrmuocutpam
2797 5607 2926 5649 terre
2947 5613 3203 5666 compesce
3218 5642 3231 5665 ,
3257 5607 3390 5669 prius
3409 5623 3558 5672 quam

2333 5657 2440 5734 Dira
2458 5665 3030 5734 pergincautumferpant
3053 5669 3481 5734 contagiavulgus.

2271 5712 2291 5782 ξ
2325 5721 2425 5782 Am.
2455 5712 2505 5764 et
2525 5721 2599 5765 Er.
2627 5727 2678 5782 et
2701 5728 2779 5769 Ms.
2805 5712 3410 5782 Pratellensisjrit‘edicii;

2324 5780 2788 5861 plures
2811 5791 2938 5861 Mss,
2958 5773 3410 5861 qui;
3425 5796 3606 5861 spiritu
3625 5801 3786 5854 hausto

2353 5835 2445 5924 eis
2477 5835 3064 5924 αξίέἒΨιΨξὲ-λεςξεέιιξοέ
3086 5835 3397 5924 asciam
3625 5835 3790 5924 ω

2206 5902 2332 5948 uter.
2353 5904 2482 5961 Lov.,
2496 5901 2618 5952 cum
2639 5901 2718 5954 hic
2739 5901 2842 5970 ipse
2863 5907 3063 5972 spiritus
3413 5901 3539 5975 utng
