3938 6506
153 429 243 488 5,3
1046 411 1048 416 '
1471 425 1671 482 uasa
1711 423 2079 487 SECUNDUS.

151 551 311 607 anima:
340 553 536 601 nostrae
565 556 649 603 est
694 547 874 619 portio
915 548 1046 605 utris
1085 543 1282 602 inﬂatio
1303 591 1318 614 ,
1347 558 1436 602 aut
1475 548 1716 604 homines

149 643 364 714 fingimus
391 656 514 695 cum
542 649 701 696 utres
731 641 1004 708 inﬂamus,
1031 650 1118 696 aut
1143 641 1516 695 detrimentum
1545 643 1712 696 nostri

146 737 185 790 in
209 733 372 802 aliquo
399 731 661 800 patimur,
694 747 818 788 cum
847 732 1004 788 ﬂatus
1033 740 1241 787 nostros
1271 731 1322 786 in
1353 731 1559 786 diversa
1590 747 1714 802 par-

145 825 311 882 timur?
345 823 452 879 Sed
499 824 708 879 nullum
754 826 990 897 patimur
1030 825 1442 892 detrimentum,
1487 841 1606 881 eum
1647 842 1714 882 ex

145 919 267 975 nobis
293 915 358 969 ad
382 915 586 986 aliquid
617 919 1026 973 transmittimus
1053 918 1269 982 flatum;
1303 929 1356 973 et
1385 929 1632 973 manente
1657 918 1710 973 in

144 1010 266 1067 nobis
293 1008 448 1078 plena
485 1008 646 1063 ﬂatus
687 1009 886 1079 proprii
917 1009 1164 1080 qualitate
1193 1019 1246 1062 et
1275 1011 1473 1079 integra
1504 1009 1712 1080 quanti-

144 1111 255 1166 tate,
279 1100 487 1154 nttllum
517 1115 616 1154 nos
642 1100 984 1154 meminimus
1012 1099 1260 1154 damnum
1297 1114 1361 1154 ex
1396 1099 1525 1154 utris
1561 1099 1710 1154 inﬂa-

145 1196 257 1247 tione
279 1193 507 1248 sentire.
543 1211 562 1244 ι
597 1191 697 1246 Ista
725 1192 1090 1257 similitudine,
1121 1208 1239 1262 quae
1266 1193 1392 1246 satis
1418 1192 1631 1262 elegans
1655 1199 1711 1246 et

139 1298 412 1354 congruens
431 1282 528 1336 tibi
545 1281 779 1349 videtur,
797 1294 1047 1353 quantum
1071 1283 1267 1336 fallaris
1285 1281 1516 1336 attende.
1541 1283 1706 1336 Deum

141 1377 306 1445 quippe
331 1373 472 1428 dicis
504 1374 901 1442 incorporeum,
930 1391 1032 1429 non
1063 1375 1128 1428 de
1155 1374 1322 1429 nihilo
1349 1390 1378 1428 a
1405 1390 1462 1430 se
1490 1374 1704 1444 factam,

142 1467 212 1522 sed
253 1465 318 1521 de
364 1480 426 1520 se
473 1467 593 1536 ipso
640 1467 871 1520 animam
924 1465 1134 1521 sufﬂare
1179 1480 1486 1534 corpoream
1533 1484 1547 1521 :
1587 1481 1707 1520 cum

142 1557 292 1611 flatum
320 1572 442 1619 nos,
475 1557 603 1611 licet
629 1572 968 1627 corporeum,
998 1557 1325 1613 subtiliorem
1352 1568 1527 1613 tamen
1549 1559 1707 1613 emit-

144 1660 304 1716 tamus,
337 1665 506 1718 quam
539 1659 719 1704 nostra
747 1658 873 1704 sunt
895 1664 1113 1718 corpora
1135 1666 1149 1711 ;
1183 1665 1279 1704 nec
1299 1665 1420 1705 eum
1446 1649 1511 1705 de
1533 1654 1706 1705 anima

141 1753 322 1806 nostra,
352 1742 451 1796 sed
491 1741 557 1796 de
596 1741 696 1796 hoc
726 1757 849 1796 aere
877 1757 974 1812 per
1001 1743 1200 1797 viscera
1229 1742 1467 1812 corporis
1494 1741 1708 1797 exhale-

140 1850 253 1889 mus.
282 1835 582 1889 Pulmones
613 1835 806 1906 quippe
831 1837 1006 1889 anima
1027 1877 1042 1902 ,
1074 1835 1224 1904 cujus
1261 1844 1388 1889 nutu
1429 1844 1708 1890 moventur

139 1927 271 1979 etiam
300 1934 500 1980 cetera
541 1927 780 1996 corporis
808 1925 1074 1992 membra,
1104 1925 1167 1980 ad
1196 1925 1338 1981 hunc
1366 1927 1566 1981 aerium
1595 1926 1704 1996 Spi-

139 2020 274 2072 ritum
296 2017 606 2072 dueendum
627 2028 786 2088 atque
807 2017 1152 2081 reddendum,
1177 2017 1313 2071 sicut
1335 2017 1485 2073 folles
1507 2026 1701 2072 movet.

136 2109 315 2164 Prazter
340 2111 488 2164 enim
518 2110 768 2164 alimenta
809 2109 977 2164 solida
1005 2119 1057 2164 et
1085 2109 1220 2163 ﬂuxa
1239 2151 1253 2174 ,
1285 2109 1423 2164 unde
1450 2118 1532 2165 est
1557 2110 1704 2166 cibus

134 2213 177 2256 et
201 2214 380 2270 potus,
409 2202 518 2257 hoc
549 2207 762 2258 tertium
789 2203 944 2258 nobis
973 2204 1108 2257 Deus
1135 2205 1443 2258 alimentum
1480 2205 1706 2258 circum-

134 2295 246 2348 fudit
265 2310 543 2358 aurarum,
572 2310 705 2365 quas
729 2295 800 2348 ita
825 2295 1110 2364 carpimus,
1140 2303 1197 2348 ιιι
1223 2295 1336 2350 sine
1361 2295 1480 2349 cibo
1503 2304 1556 2349 et
1579 2303 1702 2363 potu

132 2387 206 2441 diu
230 2401 348 2441 esse
378 2387 682 2456 possimus,
728 2386 847 2440 sine
885 2385 988 2441 hoc
1023 2395 1201 2440 autem
1239 2386 1493 2440 alimento
1523 2386 1700 2452 tertio,

131 2479 251 2549 quod
279 2494 409 2532 aura
439 2477 624 2540 nobis,
657 2493 778 2547 quae
806 2477 1039 2547 undique
1064 2478 1426 2542 circumsistit,
1457 2477 1704 2547 Spiranti-

131 2571 212 2623 bus
233 2578 286 2623 et
306 2569 695 2638 respirantibus
715 2567 951 2634 exhibet,
976 2583 1072 2623 nec
1092 2568 1281 2638 exiguo
1308 2569 1560 2638 temporis
1579 2583 1701 2638 spa-

129 2664 193 2716 tio
226 2662 492 2730 possimus
521 2661 720 2715 vivere.
751 2660 900 2715 Sicut
927 2670 1099 2714 autem
1130 2661 1278 2716 cibus
1317 2669 1372 2714 et
1409 2668 1564 2729 potus
1593 2675 1697 2715 non

126 2753 284 2807 solum
311 2751 609 2822 ingerendi,
638 2766 824 2805 verum
851 2752 1009 2806 etiam
1042 2767 1137 2821 per
1165 2760 1366 2806 meatus
1392 2751 1458 2805 ad
1490 2751 1591 2804 hoc
1615 2751 1697 2805 in-

125 2845 331 2898 stitutos
360 2842 610 2914 egerendi
641 2852 798 2906 sunt,
831 2858 899 2896 ne
941 2851 1160 2912 utroque
1199 2842 1425 2909 lat-dant,
1469 2843 1550 2897 vel
1590 2859 1697 2898 non

125 2935 399 3000 intrando,
439 2935 519 2988 vel
561 2950 664 2989 non
703 2935 952 2990 exeundo
994 2952 1008 2989 :
1048 2935 1117 2988 ita
1155 2935 1256 2989 hoc
1286 2935 1495 2989 tertium
1522 2933 1700 2991 ﬂabile

113 3027 456 3091 'alimentum,
478 3027 590 3097 quia
610 3027 661 3080 in
684 3028 842 3082 nobis
867 3042 1082 3082 manere
1109 3043 1211 3081 non
1238 3028 1444 3091 sinitur,
1475 3043 1575 3082 nec
1602 3028 1701 3083 im-

126 3117 384 3172 morando
405 3119 771 3188 corrumpitur,
802 3118 896 3172 sed
923 3119 1154 3188 egeritur
1178 3133 1300 3172 mox
1327 3127 1384 3172 ut
1411 3119 1694 3188 ingeritur;

129 3226 223 3266 non
247 3211 413 3277 alios,
446 3211 536 3265 sed
564 3211 782 3266 eosdem
810 3219 1015 3266 meatus
1036 3253 1051 3277 ,
1083 3211 1134 3266 id
1159 3217 1262 3278 est,
1291 3225 1371 3277 os,
1403 3221 1493 3266 aut
1516 3227 1694 3281 nares,

134 3311 212 3356 aut
233 3313 531 3374 utrumque,
563 3314 616 3359 et
638 3320 740 3374 qua
767 3305 1006 3366 intraret,
1039 3313 1092 3358 et
1120 3320 1221 3374 qua
1249 3305 1439 3371 exiret,
1471 3306 1694 3375 accepit.

189 3397 238 3452 5.
269 3397 324 3452 in
352 3407 404 3452 te
433 3398 549 3467 ipso
578 3397 667 3452 tibi
698 3399 864 3468 proba
891 3398 1002 3467 ipse
1027 3397 1165 3468 quod
1193 3398 1314 3453 dico
1341 3415 1354 3452 :
1382 3397 1563 3453 emitte
1590 3399 1698 3468 Spi-

127 3490 271 3544 ritum
301 3489 501 3554 ﬂando,
531 3500 587 3546 et
613 3490 735 3546 vide
764 3501 940 3545 utrum
971 3490 1148 3554 durcs,
1179 3490 1224 3545 si
1254 3507 1358 3545 non
1390 3493 1654 3560 receperis
1679 3508 1692 3546 :

129 3583 287 3653 recipe
311 3583 656 3653 respirando,
689 3593 742 3639 et
766 3583 889 3637 vide
914 3599 1042 3653 quas
1071 3583 1286 3653 patiaris
1315 3584 1585 3654 angustias
1605 3625 1619 3646 ,
1649 3583 1694 3637 si

129 3687 221 3728 non
266 3689 452 3729 rursus
500 3675 764 3729 emiseris.
819 3674 930 3727 Hoc
979 3674 1134 3744 igitur
1177 3673 1433 3739 facimus,
1483 3673 1695 3744 quando

128 3778 314 3834 utrem,
343 3769 484 3823 sicut
512 3768 677 3836 dicis,
710 3767 988 3832 inﬂamus,
1021 3767 1160 3837 quod
1203 3767 1424 3822 facimus
1461 3777 1518 3820 ut
1546 3767 1692 3820 viva-

128 3876 264 3917 mus:
284 3861 382 3916 nisi
406 3861 547 3931 quod
567 3868 694 3915 tunc
718 3860 876 3930 paulo
895 3859 1014 3930 plus
1033 3859 1297 3925 ducimus,
1322 3868 1378 3913 ut
1398 3859 1554 3928 paulo
1575 3858 1694 3929 plus

129 3955 447 4020 emittamus,
479 3961 536 4008 ut
564 3951 806 4022 spiritum
835 3949 1062 4006 ﬂabilem
1086 3993 1100 4019 ,
1142 3951 1194 4004 id
1233 3961 1343 4015 est,
1383 3959 1597 4005 ventum
1639 3950 1692 4005 in

130 4053 279 4100 utrem
305 4044 629 4114 implendum
656 4051 712 4097 et
738 4040 1130 4098 extendendum
1160 4057 1265 4095 non
1291 4043 1468 4112 quiete
1488 4043 1694 4110 spiran-

130 4137 172 4191 di
204 4148 255 4193 et
287 4139 612 4209 respirandi,
651 4137 750 4193 sed
790 4135 1070 4191 anhelandi
1111 4137 1307 4206 impetu
1338 4145 1688 4189 coarctetnus.

130 4227 381 4296 Quomodo
407 4246 534 4301 ergo
558 4229 714 4296 dicis,
749 4247 768 4279 ‹
799 4227 1009 4282 Nullum
1038 4228 1266 4300 patimur
1291 4227 1690 4294 detrimentum,

130 4334 232 4374 cum
251 4337 311 4376 ex
333 4321 484 4377 nobis
508 4321 574 4376 ad
597 4319 801 4390 aliquid
830 4319 1234 4374 transmittimus
1254 4318 1472 4383 ﬂatum;
1501 4325 1554 4372 et
1579 4333 1691 4372 ma-

132 4421 269 4467 nente
292 4413 340 4466 in
365 4413 519 4468 nobis
544 4412 701 4483 plena
731 4410 887 4465 ﬂatus
917 4411 1109 4481 pmprii
1139 4409 1390 4479 qualitate
1415 4418 1467 4463 et
1490 4409 1690 4478 integra

131 4505 423 4571 quantitate,
457 4505 656 4558 nullum
689 4518 790 4557 nos
819 4502 1156 4556 meminimus
1188 4501 1439 4555 damnum
1467 4516 1530 4555 ex
1557 4500 1691 4554 utris

132 4594 373 4651 inﬂatione
414 4597 656 4651 sentire?
686 4614 703 4646 ι
744 4595 975 4666 Apparet
1023 4603 1112 4660 te,
1164 4593 1270 4660 fili,
1319 4594 1362 4648 si
1408 4593 1691 4663 aliquando

129 4696 282 4742 utrem
306 4689 518 4754 intlasti,
548 4703 651 4742 non
679 4685 973 4742 advertisse
998 4685 1121 4756 quid
1150 4685 1342 4756 egeris.
1371 4684 1522 4752 Quod
1548 4684 1690 4738 enim

129 4778 336 4834 inﬂando
357 4781 374 4811 ¹
401 4780 633 4844 amittis,
665 4778 846 4832 statim
877 4777 1179 4847 recipiendo
1221 4791 1327 4830 non
1368 4777 1552 4831 sentis.
1583 4774 1690 4829 Sed

128 4880 255 4938 potes
281 4871 381 4926 hoc
407 4871 660 4927 facillime
686 4869 917 4935 discere,
949 4869 992 4922 si
1022 4869 1122 4922 hoc
1153 4868 1326 4938 potius
1350 4867 1503 4931 velis,
1531 4881 1687 4936 quam

126 4973 196 5015 tua
220 4963 375 5032 dicta,
406 4965 530 5034 quia
553 4963 662 5032 jam
692 4961 832 5016 dicta
858 4969 1000 5024 sunt,
1029 4975 1132 5015 non
1159 4960 1349 5013 iuﬂans
1373 4965 1567 5020 utrem,
1595 4956 1690 5012 sed

121 5055 312 5112 inﬂatus
337 5058 453 5127 ipse
483 5055 796 5122 defendere,
827 5064 882 5110 et
908 5053 1176 5109 auditores
1205 5062 1356 5121 tuos,
1388 5067 1519 5122 quos
1551 5051 1690 5106 veris

116 5150 300 5204 rebus”
325 5151 598 5205 aedificare
635 5149 836 5215 debes,
881 5147 1021 5201 inani
1065 5147 1286 5216 strepitu
1326 5146 1528 5201 ventosi
1572 5159 1690 5199 ser-

113 5244 272 5298 monis
300 5243 510 5298 inﬂare.
540 5242 597 5296 1η
625 5241 726 5296 hac
751 5255 908 5295 causa
934 5255 1036 5294 non
1066 5249 1116 5294 te
1143 5239 1208 5293 ad
1237 5239 1540 5308 magistrum
1571 5239 1689 5291 mit-

113 5341 192 5398 to,
225 5335 324 5390 nisi
345 5336 367 5366 ³
391 5335 458 5390 ad
488 5343 540 5390 te
567 5335 761 5406 ipsum.
791 5333 986 5388 Emitte
1020 5334 1200 5387 ﬂatum
1231 5333 1284 5386 in
1314 5341 1514 5396 utrem,
1547 5340 1601 5386 et
1630 5347 1689 5386 os

112 5425 287 5481 claude
311 5427 568 5482 continuo
589 5467 605 5492 ,
636 5440 899 5494 naresque
925 5423 1124 5491 detine,
1156 5434 1209 5478 et
1238 5423 1316 5478 sic
1341 5424 1526 5478 saltem
1553 5423 1688 5478 senti

113 5532 283 5574 verum
313 5535 436 5577 esse
472 5519 618 5589 quod
656 5518 794 5572 dico.
836 5515 969 5573 Cum
996 5518 1136 5572 enim
1165 5518 1390 5587 emperis
1421 5516 1688 5586 angustias

113 5608 463 5666 intolerabiles
484 5610 717 5682 perpeti,
747 5607 874 5679 quid
903 5609 1084 5678 cupies
1110 5623 1204 5663 ore
1229 5617 1412 5678 aperto
1442 5607 1688 5662 naribus-

170 5781 185 5811 ⁸
219 5787 316 5830 Am.
340 5786 417 5829 er.
436 5787 492 5829 et
507 5777 735 5842 plerique
756 5785 868 5827 Mss.
887 5812 903 5838 ,

167 5842 188 5904 ἓ
217 5843 413 5894 dsterc.
441 5839 793 5904 tusi,quosnon_
806 5839 979 5904 uerbis,
996 5839 1081 5890 sed
1107 5839 1268 5890 rebus.

171 5903 190 5938 ³
219 5905 362 5969 Editi,
384 5903 494 5956 sed.
519 5901 726 5964 atus-5.,

3299 442 3398 505 5H

1823 559 1924 615 que
1954 547 2190 618 recipere
2211 591 2224 614 ,
2266 549 2308 604 si
2348 550 2558 622 quando
2595 552 2819 611 sufﬂaSIi
2841 599 2854 623 ,
2885 555 3014 614 nihil
3047 566 3098 615 te
3125 561 3398 619 existimas

1819 639 2102 696 amisisse?
2126 641 2256 697 Vide
2284 643 2338 697 in
2364 661 2467 715 quo
2493 647 2630 700 malo
2659 649 2761 714 sis,
2792 649 2895 706 nisi
2922 651 3213 709 hauriendo
3242 671 3397 710 resu-

1819 747 1932 788 mas
1957 733 2098 803 quod
2125 733 2446 792 eﬂ'undendo
2468 737 2795 796 reddideras.
2826 742 2978 810 Vide,
3007 745 3092 800 illa
3114 745 3397 802 insufﬂatio

1818 823 1995 894 qualia
2019 823 2210 879 damna
2239 834 2293 880 et
2316 827 2632 883 detrimenta
2660 829 2889 898 fecisset,
2913 835 3012 888 nisi
3037 851 3098 891 ea
3120 839 3398 907 respiratio

1817 927 2136 986 reparasset.
2167 918 2274 973 Nisi
2306 920 2446 973 enim
2478 920 2618 990 quod
2647 921 2969 991 impenderis
2994 925 3060 980 ad
3092 938 3260 983 utrem
3292 929 3394 983 im-

1815 1008 2066 1078 plendum
2087 1051 2102 1076 ,
2134 1009 2200 1064 ad
2230 1018 2282 1066 te
2318 1011 2500 1067 itidem
2527 1012 2773 1068 alendum
2803 1014 2945 1070 aditu
2974 1018 3234 1087 patefacto
3270 1021 3397 1076 red-

1815 1099 1967 1165 ierit,
2011 1101 2136 1171 quid
2182 1103 2310 1169 tibi,
2343 1119 2448 1158 non
2478 1105 2650 1159 solum
2678 1105 2822 1161 unde
2862 1107 3010 1162 illum
3052 1108 3264 1176 inﬂare,
3297 1111 3394 1167 sed

1815 1191 1955 1247 unde
1986 1200 2039 1246 tu
2072 1193 2244 1262 possis
2271 1194 2469 1260 vivere,
2501 1197 2832 1252 remanebit?

1883 1282 1936 1336 6.
1973 1282 2096 1338 Haec
2117 1283 2343 1339 debuisti
2371 1285 2729 1353 considerare,
2753 1303 2874 1342 cum
2897 1289 3186 1357 scriberes;
3214 1299 3268 1346 et
3289 1306 3392 1348 non

1812 1372 1910 1427 ista
1953 1373 2297 1429 similitudine
2338 1377 2532 1432 utrium
2577 1376 2878 1433 inﬂatorum
2921 1381 3002 1434 vel
3043 1379 3392 1436 inﬂandorum

1813 1462 2152 1520 introducere
2178 1465 2330 1519 nobis
2357 1467 2522 1522 Deum
2541 1511 2555 1534 ,
2585 1478 2675 1523 aut
2698 1485 2764 1525 ex
2795 1471 2896 1525 alia
2924 1479 3112 1526 natura
3138 1487 3256 1542 quae
3281 1473 3391 1542 jam

1811 1567 1945 1622 erat,
1969 1557 2105 1610 sicut
2131 1572 2228 1612 nos
2247 1574 2310 1612 ex
2336 1559 2437 1612 isto
2457 1560 2778 1616 circumfuso
2799 1577 2923 1618 aere
2944 1562 3124 1617 ﬂatum
3149 1562 3391 1630 facimus,

1811 1646 2015 1700 animas
2041 1647 2170 1702 ﬂare
2201 1666 2213 1701 :
2242 1657 2331 1702 aut
2358 1657 2532 1716 certe,
2574 1651 2714 1721 quod
2746 1662 2798 1706 et
2825 1652 3078 1708 abhorret
3103 1653 3170 1708 ab
3193 1655 3290 1709 ista
3317 1656 3392 1710 si-

1810 1738 2126 1802 militudine,
2157 1751 2210 1795 et
2233 1741 2466 1796 abundat
2493 1743 2783 1812 impietate,
2812 1745 2976 1800 Deum
3001 1745 3118 1799 sine
3145 1746 3251 1800 ullo
3277 1745 3394 1815 qui-

1808 1829 1929 1885 dem
1947 1832 2026 1887 sui
2049 1832 2386 1899 detrimento,
2410 1833 2503 1889 sed
2529 1844 2703 1890 tamen
2730 1835 2796 1891 de
2815 1851 2906 1890 sua
2930 1847 3114 1892 natura
3139 1838 3393 1894 mutabile

1809 1921 2003 1992 aliquid
2029 1927 2110 1978 vel
2139 1924 2405 1994 proferre,
2434 1927 2538 1991 vel,
2569 1927 2709 1996 quod
2734 1936 2816 1983 est
2843 1929 3013 1999 pejus,
3035 1940 3283 2001 tanquam
3310 1931 3391 1986 sui

1808 2017 1984 2085 operis
2011 2017 2258 2072 materies
2285 2019 2396 2087 ipse
2421 2019 2524 2084 sit,
2558 2020 2756 2076 facere.
2789 2021 2860 2077 Ut
2887 2037 3014 2092 ergo
3051 2023 3282 2094 aliquam
3324 2024 3392 2080 de

1807 2118 1990 2162 nostro
2032 2107 2158 2164 ﬂatu
2187 2110 2251 2164 ad
2279 2110 2414 2165 hanc
2438 2127 2552 2166 rem
2580 2112 2926 2168 adhibeamus
2960 2114 3388 2181 similitudinem,

1807 2199 1859 2252 id
1895 2199 2068 2268 potius
2096 2209 2179 2256 est
2207 2201 2526 2256 credendum
2556 2219 2570 2256 :
2599 2203 2737 2272 quod
2767 2205 2904 2258 sicut
2932 2219 3028 2259 nos
3060 2220 3164 2259 non
3196 2205 3263 2259 de
3293 2221 3392 2259 na-

1807 2297 1923 2344 tura
1953 2299 2132 2344 nostra
2155 2333 2168 2356 ,
2201 2291 2294 2344 sed
2324 2293 2443 2362 quia
2483 2293 2876 2362 omnipotentes
2921 2309 3024 2348 non
3069 2310 3281 2360 sumus,
3323 2295 3391 2350 de

1807 2380 1908 2437 isto
1932 2397 2057 2437 aere
2077 2383 2396 2438 circumfuso
2421 2399 2577 2454 quem
2601 2383 2858 2439 trahimus
2879 2394 2932 2439 et
2953 2385 3242 2449 reddimus,
3266 2402 3389 2441 cum

1806 2475 2072 2546 spiramus
2096 2485 2149 2530 et
2175 2477 2498 2545 respiramus
2519 2517 2534 2543 ,
2562 2475 2743 2530 ﬂatum
2783 2477 3006 2531 facimus
3039 2476 3252 2547 quando
3277 2477 3390 2532 suf-

1805 2565 2024 2632 ﬂamus,
2058 2582 2158 2622 nec
2195 2567 2458 2622 viventem
2503 2581 2602 2621 nec
2641 2567 2990 2632 sentientem,
3020 2567 3261 2637 quamvis
3289 2582 3388 2623 nos

1804 2661 2042 2715 vivamus
2070 2671 2228 2730 atque
2256 2663 2580 2725 sentiamus;
2623 2661 2693 2714 ita
2720 2661 2886 2715 Deum
2915 2676 3020 2714 non
3061 2662 3129 2714 de
3165 2675 3260 2714 sua
3290 2677 3388 2714 na-

1805 2761 1954 2819 tura,
1985 2754 2079 2808 sed
2115 2754 2234 2824 quia
2275 2754 2352 2808 sic
2394 2753 2732 2822 omnipotens
2769 2762 2884 2819 est,
2928 2761 2986 2806 ut
3015 2753 3179 2822 possit
3205 2765 3391 2807 creare

1803 2843 1942 2916 quod
1969 2845 2112 2909 vult,
2141 2844 2299 2899 etiam
2328 2859 2390 2898 ex
2420 2859 2484 2898 eo
2515 2843 2650 2913 quod
2679 2844 2898 2898 omnino
2927 2858 3033 2897 non
3063 2852 3174 2907 est,
3203 2841 3255 2896 id
3284 2851 3385 2907 est,

1801 2935 1870 2992 de
1897 2936 2060 2990 nihilo
2086 2936 2263 2990 ﬂatum
2294 2933 2470 2990 facere
2500 2950 2652 3004 posse
2677 2935 2940 2989 viventem
2971 2943 3127 3004 atque
3156 2933 3390 2988 sentien-

1802 3037 1943 3092 tem;
1973 3027 2066 3083 sed
2093 3029 2246 3098 plane
2271 3041 2390 3081 cum
2418 3025 2488 3080 sit
2513 3025 2854 3080 immutabilis
2878 3025 2992 3095 ipse
3017 3025 3322 3079 mutabilem
3343 3025 3384 3078 ¹.

1871 3141 2096 3200 CAPUT
2138 3141 2200 3196 V.
2226 3172 2300 3182 —
2323 3141 2376 3196 7.
2407 3140 2541 3208 Quid
2573 3149 2747 3195 autem
2776 3140 2876 3194 sibi
2903 3140 3050 3204 vult,
3094 3138 3232 3209 quod
3266 3139 3387 3196 huic

1800 3236 2130 3293 similitudini
2155 3236 2453 3291 addendum
2477 3235 2668 3304 putasti
2693 3233 2756 3288 ad
2779 3233 3078 3302 exemplum
3101 3235 3121 3264 '
3143 3231 3210 3286 de
3231 3232 3388 3286 beato

1800 3331 1997 3387 Elisaeo
2016 3373 2030 3397 ,
2059 3331 2178 3402 quia
2209 3329 2385 3384 flando
2413 3328 2466 3382 in
2497 3328 2611 3398 ejus
2643 3327 2828 3381 faciem
2862 3305 3125 3380 mortuum
3157 3325 3384 3379 suscita-

1799 3423 1934 3478 verit
1967 3421 2055 3496 (Ν
2084 3419 2208 3492 Reg.
2242 3440 2308 3486 tv,
2340 3421 2430 3487 34,
2461 3419 2593 3490 35)?
2624 3419 2769 3473 Itane
2799 3427 2854 3473 tu
2886 3417 3064 3471 ﬂatum
3096 3417 3275 3471 Elismi
3307 3417 3386 3469 fa-

1799 3499 1940 3570 ctum
1962 3514 1982 3546 ³
2013 3513 2174 3568 fuisse
2194 3523 2348 3582 putas
2369 3513 2596 3566 animam
2626 3511 2814 3581 pueri?
2840 3511 2952 3564 Non
2981 3527 3146 3581 usque
3176 3509 3309 3564 adeo
3333 3519 3384 3564 te

1797 3621 1828 3664 a
1858 3621 1984 3660 vero
2011 3605 2311 3661 exorbitare
2345 3603 2680 3658 crediderim.
2710 3603 2765 3657 Si
2790 3617 2916 3671 ergo
2945 3601 3118 3654 anima
3148 3601 3234 3654 illa
3265 3616 3383 3670 qua!

1798 3697 1994 3752 viventi
2021 3696 2192 3750 ablata
2225 3695 2397 3751 fuerat
2425 3703 2482 3749 ut
2509 3703 2804 3748 moreretur
2823 3736 2838 3760 ,
2870 3693 3054 3748 eadem
3084 3693 3194 3762 ipsa
3224 3694 3296 3746 illi
3327 3703 3384 3748 ut

1797 3785 2177 3842 revivisceret”
2209 3786 2412 3841 reddita
2451 3795 2563 3850 est;
2593 3785 2718 3855 quid
2750 3785 2814 3838 ad
2845 3800 2958 3839 rem
2989 3787 3216 3854 pertinet
3243 3784 3383 3852 quod

1797 3878 1996 3942 dixisti,
2029 3896 2047 3928 ι
2079 3877 2209 3931 nihil
2230 3876 2421 3930 Elisa'o
2442 3875 2601 3930 fuisse
2621 3875 2959 3938 diminutum,
2989 3894 3006 3926 ι
3032 3875 3180 3944 quasi
3203 3874 3270 3929 ab
3292 3874 3385 3930 illo

1796 3969 1995 4041 aliquid
2025 3969 2309 4036 transisse,
2336 3967 2477 4023 unde
2504 3968 2738 4032 viveret,
2767 3967 3014 4022 credatur
3041 3967 3092 4021 in
3121 3967 3382 4036 puerum?

1796 4063 1948 4130 Quod
1988 4063 2031 4116 si
2072 4072 2351 4134 propterea
2383 4061 2580 4115 dictum
2611 4069 2724 4127 est,
2758 4061 2878 4130 quia
2918 4059 3063 4115 ﬂavit
3099 4069 3152 4115 et
3181 4061 3388 4131 integer.

1796 4156 2024 4222 mansit;
2051 4155 2174 4226 quid
2200 4169 2333 4225 opus
2358 4162 2473 4209 erat
2495 4162 2552 4208 ut
2581 4154 2681 4209 hoc
2706 4154 2771 4208 de
2796 4153 2990 4208 Elistco
3011 4163 3274 4208 mortuttm
3300 4169 3382 4208 re-

1795 4251 2084 4306 suscitante
2109 4251 2334 4317 diceres,
2368 4251 2509 4322 quod
2536 4251 2602 4306 de
2625 4251 2819 4322 quovis
2850 4251 3007 4306 ﬂante
3036 4260 3088 4306 et
3114 4252 3380 4307 nemiuem

1795 4345 2088 4400 suscitante
2128 4343 2307 4400 dicere
2353 4343 2696 4398 nihilominus
2737 4345 2959 4414 posses?
3005 4343 3213 4399 Incaute
3253 4359 3382 4400 sane

1797 4436 2004 4490 locutus
2031 4450 2090 4491 es
2122 4437 2262 4508 (cum
2291 4436 2429 4490 absit
2459 4445 2514 4490 ut
2540 4435 2729 4490 credas
2758 4435 2941 4489 ﬂatum
2970 4435 3146 4489 Elismi
3186 4437 3380 4488 factum

1796 4525 1957 4581 fuisse
1987 4526 2352 4580 reviviscentis
2379 4526 2609 4580 animam
2640 4527 2832 4595 pueri),
2865 4526 3004 4594 quod
3034 4526 3257 4594 primum
3291 4525 3380 4580 Dei

1795 4617 1989 4672 factum
2011 4659 2025 4683 ,
2057 4617 2124 4672 ab
2151 4617 2303 4671 istius
2331 4617 2600 4686 propheta:
2627 4617 2766 4670 facto
2793 4616 2894 4670 hoc
2922 4617 3117 4671 distare
3148 4617 3376 4683 voluisti,

1794 4712 1935 4783 quod
1968 4712 2057 4766 ille
2087 4711 2274 4776 semel,
2305 4710 2404 4765 iste
2430 4721 2510 4765 ter
2539 4709 2757 4765 ﬂaverit.
2792 4709 2976 4764 Dixisti
3002 4710 3194 4780 quippe
3225 4729 3242 4761 ι
3274 4710 3380 4764 Ett-

1796 4820 1960 4860 s:eum
1994 4804 2043 4858 in
2076 4803 2262 4858 faciem
2292 4802 2524 4858 defuncti
2557 4802 2642 4857 filii
2682 4803 2821 4857 illius
2849 4803 3170 4868 Sunamitis,
3203 4803 3267 4856 ad
3299 4803 3378 4856 in-

1796 4907 1907 4951 star
1945 4895 2214 4966 primaeva:
2244 4893 2463 4964 originis
2505 4892 2820 4948 iusufflasse.
2868 4893 2933 4947 Et
2978 4909 3096 4948 cum
3140 4903 3378 4948 emortua

1795 4991 2054 5055 membra,
2087 5010 2105 5042 ι
2139 4990 2332 5059 inquis,
2367 5008 2385 5041 ι
2419 4990 2469 5042 in
2501 4990 2734 5060 vigorem
2768 4989 3046 5058 pristinum
3077 4989 3376 5044 redanima-

1797 5096 1844 5139 ta
1865 5125 1880 5150 ,
1926 5100 2020 5154 per
2065 5082 2284 5137 halitum
2331 5082 2609 5150 Propheta:
2639 5082 2816 5136 divina
2847 5083 3014 5137 virtus
3042 5083 3375 5147 accenderet,

1796 5177 1923 5232 nihil
1954 5177 2141 5230 Elisuro
2170 5175 2327 5230 fuerit
2357 5175 2710 5240 imminutum,
2744 5191 2840 5244 per
2869 5175 3019 5244 cujus
3048 5175 3227 5230 ﬂatum
3255 5191 3374 5229 cor-

1795 5285 1894 5339 pus
1914 5278 2210 5324 emortuum
2235 5267 2520 5323 redivivam
2547 5268 2778 5321 animam
2806 5266 3004 5336 recepit
3027 5279 3080 5322 et
3104 5269 3374 5336 spiritum:

1797 5363 1895 5417 nisi
1927 5361 2068 5432 quod
2099 5363 2265 5416 semel
2297 5361 2549 5414 Dominus
2581 5361 2632 5414 in
2663 5360 2846 5414 faciem
2879 5359 3108 5414 hominis
3136 5357 3375 5412 insufﬂa-

1796 5453 1891 5520 vit,
1914 5461 1966 5506 et
1988 5451 2150 5518 vixit;
2179 5451 2337 5506 tertio
2359 5451 2582 5505 Elisa-us
2609 5450 2659 5504 in
2685 5450 2872 5504 faciem
2893 5449 3084 5504 mortui
3105 5449 3375 5520 aspiravit,

1857 5653 1874 5722 ξ
1911 5653 1995 5701 Hie
2018 5651 2135 5722 editi
2159 5650 2372 5722 addunt,
2381 5649 2514 5722 facit.

1856 5715 1876 5745 ³
1912 5715 2039 5776 Apud
2065 5721 2191 5771 l.ov.,
2220 5711 2395 5775 putasti
2416 5720 2461 5762 cl
2483 5711 2772 5775 exemplum.

1859 5776 1880 5808 ³
1912 5773 2157 5836 Addimus,
2181 5773 2380 5836 furtum,
2415 5787 2476 5822 ex
2503 5773 2853 5836 uiantism'iptis.

1859 5837 1882 5870 ⁸
1915 5845 1967 5887 In
2003 5845 2110 5888 Mss.
2135 5834 2151 5898 ,
2181 5834 2534 5898 revivesceret;
2599 5845 2650 5887 et
2728 5834 2870 5898 paulo
2907 5843 3043 5900 post,
3089 5837 3375 5890 revivescen-

1796 5909 1873 5961 (is.
