3938 6516
520 556 577 607 et
617 537 826 600 revixit.
857 553 878 589 ι
911 531 1002 592 Sic
1029 532 1220 586 sonant
1249 533 1333 580 tua
1371 521 1532 578 verba
1573 521 1672 574 ista
1695 559 1709 584 ,
1753 515 1905 588 quasi
1940 513 2102 570 ﬂandi

522 644 728 694 tantum
755 640 1006 688 numerus
1029 617 1390 683 interfuerit‘,
1419 622 1475 670 ut
1501 629 1604 668 non
1630 609 1770 681 quod
1797 609 1919 663 fecit
1939 608 2102 673 Deus,

523 727 682 784 etiam
713 717 977 790 Propheta
1011 712 1202 768 fecisse
1229 706 1493 764 credatur.
1527 703 1591 760 Et
1616 702 1718 758 hoc
1748 715 1875 770 ergo
1916 713 2102 790 emeuf

521 815 752 874 dandum
779 788 881 868 est.
914 807 1044 864 Tam
1072 803 1294 860 multum
1323 800 1514 872 quippe
1545 793 1781 854 interfuit
1811 794 1948 848 inter
1979 788 2105 847 illud

520 924 653 981 opus
679 906 806 972 Dei,
831 911 886 958 et
923 899 1026 956 hoc
1065 895 1275 961 Eliseei,
1303 902 1359 950 ut
1400 891 1488 948 ille
1517 888 1723 948 ﬂaverit
1751 885 1930 939 ﬂatum
1961 884 2103 981 vit-:13,

521 977 628 1073 quo
655 999 808 1056 ﬁeret
833 996 993 1050 homo
1018 992 1070 1048 in
1095 990 1326 1050 animam
1353 985 1650 1047 viventem;
1683 981 1782 1036 istc
1807 988 1982 1038 autem
2011 977 2108 1073 lla:

522 1068 659 1155 verit
687 1091 901 1153 ﬂatum,
933 1098 1104 1155 neque
1132 1081 1449 1137 sentientem
1479 1090 1650 1146 neque
1680 1074 1974 1138 viventem,
2011 1068 2107 1126 sed

521 1181 721 1254 aliquid
741 1176 1072 1251 significandi
1092 1173 1256 1246 gratia
1283 1170 1616 1240 figurantem.
1647 1163 1877 1232 Denique
1900 1169 1954 1216 ut
1979 1175 2108 1230 puer

524 1279 626 1336 iste
654 1275 1030 1336 revivisceret,
1063 1283 1170 1324 non
1207 1279 1330 1322 eum
1359 1259 1644 1318 animando
1669 1257 1935 1328 PrOplieta
1963 1255 2104 1318 fecit,

521 1369 616 1426 sed
643 1367 808 1425 eum”
849 1362 1078 1423 amando
1119 1369 1174 1419 ut
1216 1358 1316 1415 hoc
1359 1356 1500 1410 Deus
1545 1352 1740 1408 faceret
1788 1348 2104 1418 impetravit.

523 1460 676 1528 Quod
703 1468 881 1517 autem
910 1456 1060 1515 illum
1100 1461 1182 1513 ter
1219 1449 1464 1506 sufflasse
1500 1445 1668 1510 dicis,
1698 1450 1791 1500 aut
1829 1439 2103 1505 memoria.

523 1555 658 1610 sicut
695 1551 812 1607 ﬁeri
851 1549 1016 1615 solet,
1061 1554 1152 1602 aut
1195 1539 1520 1600 mendositas
1561 1536 1758 1592 codicis
1804 1543 1854 1588 te
1898 1532 2107 1592 fefellit.

522 1645 660 1714 Quid
695 1641 882 1713 plura?
911 1639 1026 1696 Non
1053 1645 1175 1696 sunt
1209 1635 1302 1692 tibi
1342 1631 1409 1687 ad
1440 1631 1543 1688 hoc
1565 1626 1908 1684 astruendum
1935 1625 2109 1694 aliqua

523 1736 762 1805 exempla
793 1743 848 1790 et
869 1739 1178 1803 argumenta
1207 1725 1523 1798 qumrenda,
1569 1721 1663 1777 sed
1705 1720 1881 1790 potius
1922 1732 2108 1776 emen-

523 1829 696 1885 danda
735 1836 792 1883 et
827 1823 1076 1884 mutanda
1107 1817 1388 1876 sententia.
1420 1815 1535 1872 Noli
1563 1827 1692 1884 ergo
1715 1811 1970 1876 credere,
1999 1807 2110 1867 noli

523 1937 652 1993 ergo
676 1921 873 1984 dicere,
909 1916 1018 1975 noli
1047 1915 1240 1972 docere
1271 1929 1290 1963 ι
1319 1909 1458 1980 quod
1490 1923 1595 1962 non
1619 1905 1687 1964 de
1710 1903 1896 1970 nihilo,
1924 1901 2017 1958 sed
2041 1899 2110 1957 de

522 2029 616 2072 sua
639 2023 822 2068 natura
838 2009 1022 2068 fecerit
1038 2007 1268 2064 animam
1292 2003 1485 2067 Deus,»
1503 1999 1640 2054 sivis
1663 1994 2106 2054 essecatholicus.

592 2102 815 2160 CAPUT
856 2099 1102 2154 VI.—-8.
1131 2095 1249 2151 Noli
1293 2093 1546 2158 credere,
1597 2104 1698 2144 nec
1739 2087 1952 2151 dicere,
2009 2100 2111 2142 nec

521 2195 734 2258 docere,
786 2211 805 2245 ι
843 2192 946 2250 Per
990 2189 1250 2246 infinitum
1301 2195 1537 2254 tempus,
1578 2191 1739 2252 atque
1776 2181 1848 2236 ita
1893 2193 2110 2250 semper

523 2287 690 2344 Deum
735 2285 940 2340 animas
976 2281 1138 2345 dare,
1179 2279 1319 2335 sicut
1358 2290 1570 2346 semper
1608 2283 1690 2328 est
1714 2273 1830 2342 ipse
1853 2271 1944 2342 qui
1967 2269 2058 2326 dat
2082 2288 2102 2324 ι

527 2377 747 2451 (Supra,
775 2375 863 2430 lib.
895 2375 948 2440 l,
1005 2390 1058 2428 η.
1095 2370 1208 2441 96),
1239 2369 1282 2424 si
1321 2368 1400 2424 vis
1435 2381 1556 2422 esse
1619 2363 1936 2420 catholicus.
1992 2359 2110 2418 Erit

525 2469 666 2524 enim
699 2477 906 2536 tempus
930 2462 1140 2534 quando
1160 2477 1267 2516 non
1292 2459 1438 2518 dabit
1456 2458 1660 2517 animas
1680 2457 1841 2522 Deus,
1871 2467 1994 2508 cum
2022 2459 2102 2508 ta-

523 2575 644 2615 men
689 2573 810 2614 esse
837 2557 951 2627 ipse
979 2571 1084 2611 non
1111 2553 1334 2609 desinat.
1367 2552 1584 2608 Poterat
1611 2549 1824 2620 quidem
1851 2547 1931 2604 sic
1962 2545 2105 2605 acci-

524 2651 602 2722 pi,
627 2649 769 2722 quod
814 2649 955 2714 aisti,
989 2665 1010 2700 ι
1037 2661 1250 2715 semper
1277 2644 1369 2700 dat
1397 2662 1416 2696 ι
1456 2651 1514 2702 ιιι
1555 2642 1945 2712 intelligeretur
1984 2639 2104 2698 sine

524 2742 824 2797 cessatione
843 2739 975 2794 dare
1003 2737 1258 2808 quamdiu
1284 2735 1527 2792 homines
1567 2739 1826 2804 generant
1858 2742 1914 2790 et
1945 2746 2110 2802 gene—

524 2839 729 2898 rantur,
770 2830 907 2886 sicut
943 2828 1141 2886 dictum
1165 2835 1248 2882 est
1274 2825 1342 2881 de
1377 2823 1714 2896 quibusdam,
1759 2819 1973 2893 Semper
2023 2821 2106 2876 di-

535 2931 744 2989 scentes,
777 2930 823 2976 et
849 2921 918 2976 ad
944 2917 1165 2974 veritatis
1187 2917 1446 2973 scientiam
1489 2931 1742 2986 nunquam
1773 2913 2110 2986 peruenientes

535 3013 617 3084 (ll
643 3011 775 3068 Tim.
802 3027 884 3078 ιιι,
916 3011 970 3081 7)
997 3028 1012 3065 :
1041 3024 1150 3069 non
1177 3008 1318 3064 enim
1348 3008 1426 3064 sic
1453 3003 1874 3076 accipitur‘quod
1903 3003 1992 3066 hic
2017 3017 2110 3078 pou

537 3110 696 3162 situm
726 3112 826 3172 est,
855 3118 1068 3173 semper,
1099 3102 1242 3157 velut
1283 3113 1552 3170 nunquam
1581 3095 1830 3152 desinant
1868 3093 2106 3160 discere;

526 3211 652 3256 cum
695 3195 876 3266 procul
915 3195 1076 3249 dubio
1111 3208 1216 3248 non
1246 3191 1486 3258 discant,
1511 3185 1723 3260 quando
1752 3183 1805 3242 in
1848 3185 1952 3243 hoc
1986 3199 2108 3240 cor-

529 3306 661 3361 pore
703 3287 1002 3348 destiterint
1035 3287 1234 3352 vivere,
1263 3284 1349 3340 vel
1387 3298 1509 3339 cum
1539 3281 1803 3354 coeperint
1847 3276 2108 3350 supplicio

523 3383 834 3454 gehennalis
888 3381 1026 3452 ignis
1062 3378 1254 3439 ardere
1285 3394 1300 3432 :
1333 3375 1435 3432 sed
1470 3385 1526 3430 tu
1563 3389 1670 3430 non
1713 3371 2002 3444 permisisti
2031 3371 2110 3426 sic

525 3475 696 3546 accipi
739 3473 960 3530 verbum
1004 3481 1182 3538 tuum,
1227 3484 1348 3525 cum
1390 3466 1593 3532 dixisti,
1629 3483 1648 3516 ‹
1681 3480 1894 3535 semper
1922 3462 2047 3529 dat;
2083 3481 2104 3516 ι

523 3563 951 3640 quandoquidem
985 3565 1037 3620 id
1081 3563 1148 3618 ad
1181 3561 1452 3618 infinitum
1499 3568 1706 3634 tempus
1750 3553 2108 3611 revocandum

523 3645 740 3732 putasti.
767 3659 836 3720 Et
862 3671 1047 3730 parum
1074 3655 1178 3710 hoc
1203 3653 1300 3708 fuit
1333 3671 1346 3707 :
1371 3649 1466 3708 sed
1496 3659 1748 3722 tanquam
1777 3655 2108 3720 quaereretur

521 3753 618 3810 abs
642 3759 717 3819 te,
740 3757 797 3810 ut
814 3749 1049 3822 apertius
1064 3747 1361 3818 explicares
1378 3739 1644 3814 quomodo
1660 3739 1882 3806 dixeris,
1915 3758 1934 3790 ι
1964 3753 2110 3794 sem-

523 3859 621 3916 per
643 3843 768 3910 dat;
809 3861 830 3896 ι
861 3839 1108 3901 addidisti
1135 3845 1293 3909 atque
1322 3835 1522 3902 dixisti,
1559 3852 1578 3887 ‹
1609 3833 1748 3888 sicut
1773 3847 1988 3902 semper
2017 3840 2102 3886 est

523 3936 638 4010 ipse
677 3934 766 4006 qui
809 3932 920 3988 dat.
955 3950 978 3986 ι
1008 3931 1120 3987 Hoc
1158 3943 1284 3984 sana
1317 3935 1372 3984 et
1417 3924 1678 3981 catholica
1717 3921 1850 3978 fides
1890 3921 2110 3978 omnino

525 4026 869 4083 condemnat.
913 4021 1068 4084 Absit
1105 4020 1249 4076 enim
1298 4025 1360 4072 ut
1393 4015 1674 4072 credamus
1714 4011 1857 4086 quod
1903 4013 2110 4071 animas

525 4120 668 4177 Deus
686 4133 898 4190 semper
922 4115 1036 4184 dat,
1075 4113 1213 4168 sicut
1248 4126 1460 4182 semper
1484 4117 1566 4164 est
1597 4108 1712 4180 ipse
1751 4107 1840 4179 qui
1878 4105 1990 4162 dat.
2022 4105 2112 4162 Sic

525 4211 669 4268 enim
709 4223 922 4280 semper
961 4214 1044 4262 est
1089 4204 1224 4278 ipse,
1264 4212 1323 4257 ut
1367 4216 1638 4280 nunquam
1673 4215 1792 4256 esse
1835 4198 2105 4254 desistat:

526 4303 731 4358 animas
761 4309 937 4355 autem
968 4313 1074 4354 non
1095 4309 1308 4365 semper
1332 4291 1498 4359 dabit,
1526 4291 1620 4348 sed
1649 4305 1740 4346 eas
1761 4288 1910 4346 linito
1939 4303 2106 4360 gene-

525 4395 748 4454 rationis
772 4393 988 4460 sasculo,
1018 4406 1126 4445 non
1161 4387 1270 4460 jam
1313 4383 1654 4443 nascentibus
1681 4385 1872 4458 quibus
1916 4383 2108 4440 dandas

524 4487 650 4554 sint,
674 4483 860 4560 procul
879 4483 1040 4540 dubio
1067 4481 1195 4536 dare
1213 4477 1464 4536 cessabit.

595 4578 822 4636 CAPUT
865 4573 1142 4632 Vll.—9.
1171 4573 1292 4630 Noli
1330 4573 1570 4642 credere,
1611 4585 1710 4628 nec
1757 4569 1958 4640 dicere,
2009 4585 2109 4626 nec

527 4669 742 4738 docere,
770 4668 1047 4724 «Animam
1067 4666 1314 4722 meritum
1327 4663 1539 4736 aliquod
1563 4661 1856 4734 perdidisse
1874 4677 1969 4734 per
1989 4676 2109 4715 car-

527 4777 671 4830 nem,
715 4770 962 4832 tanquam
984 4757 1108 4814 boni
1139 4756 1313 4812 meriti
1337 4753 1496 4811 fuerit
1523 4761 1648 4810 ante
1667 4768 1881 4808 carnem
1921 4771 1940 4805 ι
1973 4750 2108 4826 (Su-

526 4872 642 4928 pra,
675 4853 762 4909 lib.
791 4853 846 4920 2,
878 4870 932 4907 u.
983 4849 1072 4922 il)
1104 4891 1120 4915 ,
1177 4849 1222 4904 si
1261 4847 1342 4904 vis
1375 4863 1494 4904 esse
1517 4845 1832 4903 catholicus.
1862 4845 2106 4902 Nondum

524 4948 669 5004 enim
696 4955 851 5001 natos
880 4944 1167 5014 Aposmlus
1195 4941 1326 4996 nihil
1353 4942 1527 5012 egisse
1553 4937 1682 4996 dicit
1715 4937 1840 4995 boni
1869 4938 1951 4994 vel
1979 4939 2106 4994 mali

525 5038 702 5110 (Rom.
727 5053 780 5092 Ix
799 5078 813 5104 ,
839 5033 954 5112 ll).
985 5033 1134 5090 Unde
1161 5049 1288 5104 ergo
1317 5031 1495 5090 anima
1519 5031 1691 5104 potuit
1729 5041 1855 5086 ante
1888 5039 2104 5085 carnem

523 5131 725 5188 habere
759 5130 1006 5186 meritum
1051 5127 1282 5189 bonum,
1305 5125 1396 5182 ubi
1445 5120 1572 5181 nihil
1605 5131 1791 5196 egerat
1833 5123 1999 5180 boni?
2024 5125 2107 5180 An

523 5224 663 5282 forte
700 5221 919 5278 audebis
943 5235 1062 5278 eam
1095 5219 1272 5274 dicere
1298 5228 1423 5274 ante
1451 5232 1666 5273 carnem
1710 5215 1846 5270 bene
1884 5215 2103 5282 vixisse,

525 5331 682 5389 quam
722 5329 828 5370 non
847 5323 998 5385 potes
1018 5309 1300 5371 ostendere
1328 5310 1414 5366 vel
1442 5307 1644 5364 fuisse?
1673 5305 1950 5376 Quomodo
1979 5323 2107 5378 ergo

523 5408 678 5476 dicis,
714 5425 732 5460 ι
769 5405 884 5462 Non
910 5405 990 5460 vis
1019 5403 1248 5460 animam
1279 5419 1342 5459 ex
1366 5417 1527 5457 carne
1559 5400 1760 5472 peccati
1787 5399 2107 5456 contrahere

521 5497 880 5554 valetudinem
900 5539 915 5564 ,
951 5494 1020 5552 ad
1047 5511 1202 5566 quam
1239 5491 1474 5548 vicissim
1514 5491 1988 5547 sanctificationem
2020 5493 2102 5547 vi-

523 5588 654 5646 deas
680 5589 907 5645 transire
937 5601 1031 5658 per
1059 5599 1273 5641 carnem
1293 5624 1310 5650 ,
1338 5593 1396 5639 ut
1425 5598 1518 5654 per
1551 5583 1717 5654 ipsam
1748 5592 1960 5654 reparet
1993 5591 2104 5638 sta-

529 5761 1395 5940 Wﬁmgﬂua
1418 5824 1684 5876 Victorinus
1700 5858 1716 5887 ,
1758 5824 1844 5878 sed
1865 5827 2104 5890 mdo,

707 5919 722 5950 β
743 5919 868 5940 ῠιυηο

1401 407 1488 464 DE
1527 403 1735 462 ANIMA
1777 401 1865 458 ET
1904 398 2068 457 EJUS
2104 395 2405 465 ORIGINE,
2446 395 2502 452 S.
2532 391 2894 453 AUGUSTINI

3691 391 3827 454 516

2215 519 2348 579 tum,
2369 525 2468 582 per
2486 525 2641 581 quam
2667 509 2970 582 perdiderat
2988 507 3272 564 meritum?
3303 526 3324 562 ι
3358 506 3486 564 Haec
3517 506 3824 580 dogmata,

2209 605 2400 676 quibus
2430 611 2641 675 putatur
2665 603 2840 658 anima
2869 611 2992 658 ante
3019 617 3234 658 carnem
3265 599 3514 658 habuisse
3553 602 3816 676 aliquem

2209 705 2401 752 statum
2422 697 2619 752 bonum
2644 703 2700 752 et
2725 695 2974 751 meritum
2997 694 3215 760 bonum,
3239 695 3286 750 si
3316 693 3451 752 forte
3477 695 3682 762 nescis,
3704 709 3825 750 ex-

2209 789 2375 858 ceptis
2403 789 2633 859 antiquis
2667 787 2952 862 haereticis,
2984 786 3142 842 etiam
3178 785 3446 846 recentius
3483 785 3538 842 in
3569 783 3822 844 Priscil-

2209 879 2433 938 lianistis
2453 882 2562 952 jam
2577 881 2840 938 catholica
2872 881 3144 936 damnavit
3172 879 3432 938 Ecclesia.

2282 975 2367 1032 10.
2398 975 2515 1031 Noli
2543 975 2783 1044 credere,
2822 991 2922 1032 nec
2946 974 3153 1042 dicere,
3194 991 3292 1032 nec
3319 975 3546 1044 docere,
3586 995 3608 1030 ι
3661 975 3814 1034 Ani-

2211 1082 2352 1122 mam
2392 1083 2486 1136 per
2513 1081 2726 1126 carnem
2769 1082 3016 1138 reparare
3057 1065 3420 1122 habitudinem
3461 1066 3694 1138 priscam
3751 1077 3814 1122 ct

2211 1176 2307 1232 per
2331 1161 2474 1216 illam
2493 1160 2993 1232 renasci,perquam
3023 1169 3290 1218 meruerat
3313 1159 3576 1231 inquinari
3604 1180 3624 1216 ι
3657 1157 3808 1230 (Su-

2211 1270 2324 1324 pra,
2349 1251 2436 1308 lib.
2474 1253 2522 1318 l,
2555 1269 2606 1307 rt.
2635 1252 2689 1318 6,
2713 1262 2759 1308 et
2781 1252 2867 1307 lib.
2895 1251 2950 1320 2,
2979 1269 3034 1307 η.
3063 1251 3175 1324 ll),
3223 1252 3268 1308 si
3317 1252 3396 1310 vis
3433 1266 3554 1308 esse
3603 1253 3814 1308 catho-

2209 1343 2360 1399 licus.
2391 1343 2458 1400 Ut
2499 1343 2640 1398 enim
2677 1347 2918 1398 omittam
2959 1343 3012 1398 in
3049 1359 3114 1400 eo
3143 1343 3284 1416 quod
3313 1343 3513 1408 dixisti,
3541 1362 3562 1400 ι
3597 1343 3808 1400 Merito

2211 1451 2338 1506 ergo
2361 1451 2452 1504 per
2475 1450 2712 1498 carnem,
2733 1434 2960 1506 priscam
2987 1443 3200 1506 reparat
3225 1435 3611 1504 habitudinem,
3635 1451 3811 1508 quant

2211 1526 2322 1580 visa
2347 1525 2522 1580 fuerat
2543 1527 2808 1596 paulisper
2828 1527 3068 1584 amisisse
3090 1541 3186 1598 per
3211 1541 3447 1594 carnem,
3471 1535 3528 1580 ut
3556 1539 3657 1598 per
3678 1540 3806 1585 eam

2211 1615 2428 1688 incipiat
2447 1615 2681 1681 renasci,
2706 1633 2798 1686 per
2825 1633 2984 1686 quam
3007 1627 3276 1674 meruerat
3305 1618 3602 1689 inquinari,
3644 1637 3664 1672 ι
3695 1627 3808 1678 tam

2210 1706 2264 1762 in
2292 1708 2536 1784 proximo
2566 1717 2616 1766 te
2644 1708 2816 1779 ipsum
2837 1709 2929 1764 tibi
2959 1709 3057 1780 ipsi
3086 1711 3356 1766 exstitisse
3382 1710 3718 1770 contrarium
3743 1712 3802 1778 ¹;

2211 1809 2270 1855 ιιι
2299 1799 2456 1856 homo
2481 1800 2568 1870 qui
2596 1801 2752 1870 paulo
2775 1809 2902 1856 ante
2929 1801 3142 1857 dixeras
3159 1843 3174 1868 ,
3201 1803 3433 1860 animam
3457 1818 3551 1874 per
3575 1818 3806 1862 carnem

2212 1904 2461 1960 reparare
2503 1900 2694 1948 statum
2739 1907 2834 1962 per
2870 1907 3026 1963 quam
3061 1893 3370 1964 perdiderat
3393 1895 3684 1962 meritum,
3711 1895 3805 1952 ubi

2212 1981 2356 2036 nullo
2387 1982 2544 2038 modo
2561 1991 2732 2054 potest
2753 1983 2852 2038 nisi
2873 1983 3070 2040 bonum
3096 1985 3344 2044 meritum
3373 1985 3618 2060 intelligi,
3650 1987 3806 2057 quod

2210 2073 2290 2142 vis
2320 2075 2502 2147 utique
2532 2090 2627 2148 per
2645 2090 2859 2132 carnem
2890 2076 2946 2136 in
2968 2076 3293 2148 Baptismate
3314 2081 3571 2150 reparari,
3601 2095 3806 2138 rursus

2211 2182 2328 2222 eam
2359 2167 2564 2224 diceres
2586 2168 2847 2240 inquinari
2875 2169 3138 2228 meruisse
3175 2185 3270 2242 per
3289 2185 3538 2238 carnem,
3566 2171 3660 2228 ubi
3679 2171 3804 2244 jam

2211 2273 2316 2316 non
2347 2267 2520 2330 potest
2545 2259 2740 2316 bonum
2775 2259 2870 2320 scd
2902 2260 3099 2321 malum
3133 2264 3382 2318 meritum
3421 2261 3646 2334 intelligi
3693 2281 3708 2318 :
3743 2273 3808 2320 ut

2211 2365 2337 2420 ergo
2379 2351 2432 2407 id
2474 2352 2744 2419 omittam;
2793 2368 3010 2426 prorsus
3047 2355 3130 2413 vel
3178 2353 3409 2422 bonum,
3455 2355 3539 2412 vel
3585 2357 3799 2416 malum

2210 2443 2460 2498 meritum
2480 2442 2702 2500 credere
2741 2429 2992 2503 habuisse
3011 2444 3244 2508 animam
3269 2454 3394 2502 ante
3415 2461 3635 2508 carnem
3654 2487 3674 2516 ,
3703 2462 3802 2504 ca-

2210 2531 2464 2591 tholicum
2492 2549 2596 2590 non
2623 2543 2728 2592 est.

2280 2621 2508 2682 CAPUT
2525 2625 2760 2683 Vill.—-i
2773 2627 2795 2680 l
2809 2665 2822 2680 .
2841 2625 2960 2686 Noli
2972 2626 3215 2696 credere,
3243 2643 3341 2687 nec
3356 2627 3555 2698 dicere,
3576 2645 3680 2686 nec
3697 2629 3804 2688 do.

2211 2728 2354 2783 cere,
2382 2734 2402 2768 ι
2429 2715 2581 2783 Quod
2601 2717 2776 2775 anima
2795 2720 3052 2776 meruerit
3071 2735 3189 2776 esse
3201 2721 3468 2792 peccatrix
3487 2733 3612 2782 ante
3633 2740 3801 2783 omne

2212 2819 2488 2882 peccatum
2520 2829 2540 2864 ι
2579 2809 2796 2884 (Supra,
2825 2811 2914 2868 lib.
2944 2815 2998 2879 1,
3039 2831 3095 2870 η.
3124 2815 3179 2884 8,
3221 2824 3267 2870 el
3299 2815 3390 2872 lib.
3429 2815 3485 2880 2,
3514 2833 3568 2876 tt.
3593 2817 3710 2888 12),
3755 2819 3804 2880 εἰ

2210 2900 2292 2959 vis
2317 2915 2438 2956 esse
2463 2900 2778 2960 catholicus.
2800 2901 2968 2960 Valde
2997 2905 3138 2960 enim
3170 2905 3366 2960 malum
3393 2908 3646 2966 meritum
3677 2918 3794 2978 est,

2211 2993 2470 3049 meruisse
2501 2993 2620 3052 ﬁeri
2646 2996 3019 3068 peccatricem.
3039 2997 3110 3056 Et
3131 2998 3312 3070 utique
3342 3007 3450 3059 tam
3470 3001 3672 3060 malum
3694 3016 3803 3058 me-

2211 3084 2374 3145 ritum
2403 3085 2550 3142 nullo
2576 3087 2737 3145 modo
2757 3087 2956 3147 habere
2980 3089 3151 3158 potuit
3173 3099 3296 3146 ante
3317 3106 3475 3149 omne
3495 3103 3798 3164 peccatum.

2212 3175 2508 3246 praesertim
2535 3177 2840 3251 priusquam
2865 3179 3070 3244 veniret
3097 3182 3152 3242 in
3171 3197 3411 3252 carnem,
3442 3184 3655 3256 quando
3673 3201 3794 3242 me-

2212 3267 2374 3324 ritum
2398 3283 2512 3326 ccc
2541 3269 2739 3328 malum
2771 3272 2943 3342 potuit
2991 3273 3221 3342 habere,
3253 3289 3354 3332 nec
3390 3275 3611 3333 bonum.
3649 3277 3800 3348 Quo-

2212 3361 2374 3418 modo
2399 3361 2556 3433 igitur
2580 3361 2743 3430 dicis,
2779 3383 2799 3416 ι
2839 3365 3032 3422 Anima
3071 3367 3250 3438 itaque
3287 3367 3335 3422 si
3373 3370 3641 3440 peccatrix
3671 3386 3793 3428 esse

2211 3453 2430 3522 meruit,
2457 3469 2576 3525 quae
2601 3457 2872 3525 peccatrix
2901 3473 3024 3516 esse
3048 3475 3155 3518 non
3187 3459 3380 3530 potuit,
3409 3469 3588 3520 tamen
3619 3478 3797 3536 neque

2212 3545 2268 3601 in
2292 3554 2508 3616 peccato
2542 3551 2831 3620 remansit,
2855 3551 2978 3623 quia
3019 3551 3074 3608 in
3101 3551 3319 3612 Christo
3358 3555 3695 3627 praefigurata
3740 3558 3800 3619 in

2210 3646 2433 3710 peccato
2454 3653 2577 3696 esse
2599 3657 2708 3696 non
2729 3641 2931 3709 debuit,
2959 3643 3097 3702 sicut
3120 3659 3242 3701 esse
3271 3661 3376 3702 non
3406 3647 3619 3718 potuit?
3645 3666 3667 3701 ι
3695 3650 3794 3708 At-

2213 3731 2374 3788 tende
2410 3732 2538 3804 quid
2573 3732 2752 3802 dicas,
2781 3742 2837 3790 et
2880 3733 3079 3794 desiste
3115 3736 3227 3808 jam
3271 3736 3475 3796 dicere.
3510 3739 3794 3810 Quomodo

2213 3823 2356 3877 enim
2381 3824 2594 3890 meruit,
2627 3832 2684 3882 et
2708 3826 2976 3898 quomodo
3001 3844 3108 3884 non
3129 3829 3300 3900 potuit
3326 3845 3447 3890 esse
3484 3833 3797 3902 peccatrix?

2213 3910 2507 3981 Quomodo,
2537 3931 2719 3986 quaeso
2751 3925 2820 3981 te,
2840 3917 3104 3987 peccatrix
3131 3933 3250 3976 esse
3273 3919 3488 3988 meruit,
3517 3937 3638 3995 qua:
3657 3923 3798 3984 male

2212 4019 2318 4060 non
2355 4005 2529 4060 vixit?
2555 4007 2851 4076 Quomodo,
2881 4023 3064 4080 qumso
3090 4019 3156 4077 te.
3202 4011 3468 4082 peccatrix
3511 4011 3649 4070 facta
3692 4025 3796 4082 est,

2214 4111 2332 4164 quae
2352 4099 2619 4167 peccatrix
2641 4115 2764 4156 esse
2789 4115 2894 4160 non
2925 4101 3132 4170 potuit?
3160 4110 3267 4158 Aut
3285 4103 3330 4158 si
3363 4121 3384 4156 ι
3417 4119 3525 4160 non
3545 4105 3736 4176 potuit,
3771 4125 3792 4160 ι

2213 4185 2335 4242 ideo
2360 4186 2492 4244 dicis
2512 4232 2526 4255 ,
2561 4191 2682 4261 quia
2708 4200 2902 4262 praeter
2927 4208 3144 4250 carnem
3169 4210 3274 4250 non
3297 4196 3468 4270 potuit
3491 4213 3504 4250 :
3527 4198 3801 4268 quomodo

2214 4296 2340 4352 ergo
2382 4283 2583 4344 meruit
2623 4299 2745 4342 esse
2784 4287 3070 4356 peccatrix,
3103 4304 3208 4360 quo
3251 4291 3442 4350 merito
3485 4293 3539 4348 in
3580 4308 3798 4360 cantent

2212 4374 2514 4432 mitteretur
2541 4392 2556 4442 ;
2583 4377 3012 4452 quandoquidem
3053 4389 3178 4436 ante
3219 4397 3439 4442 carnem
3479 4399 3588 4442 non
3626 4386 3800 4456 potuit

2211 4481 2331 4524 esse
2359 4469 2648 4538 peccatrix,
2676 4471 2818 4528 unde
2841 4473 2969 4530 mali
2995 4473 3195 4546 aliquid
3219 4477 3558 4535 mereretur?

2283 4558 2508 4619 CAPUT
2547 4561 2734 4616 lX.~—-
2759 4563 2845 4619 12.
2885 4563 3005 4622 Noli
3049 4566 3299 4634 credere,
3331 4583 3433 4624 nec
3467 4567 3672 4637 dicere,
3698 4585 3799 4626 nec

2210 4650 2426 4719 docere,
2465 4671 2484 4709 ‹
2517 4645 2752 4710 infantes
2778 4664 3064 4726 antequam
3099 4656 3436 4735 haptizentur
3455 4669 3632 4716 morte
3662 4676 3798 4732 prat-

2211 4751 2417 4810 ventos,
2451 4747 2732 4816 pervenire
2762 4763 2916 4816 posse
2942 4747 3009 4802 ad
3038 4749 3379 4820 originalium
3408 4749 3793 4822 indulgentiam

2211 4845 2550 4904 peccatorum
2582 4854 2601 4888 ι
2634 4838 2650 4910 (
2685 4837 2878 4908 Supra,
2907 4838 2993 4894 lib.
3024 4840 3076 4910 l,
3106 4857 3158 4896 η.
3192 4841 3376 4910 10-13,
3403 4851 3452 4900 et
3484 4842 3574 4902 lib.
3600 4842 3656 4910 2,
3703 4860 3793 4900 nn.

2212 4925 2301 4996 15,
2329 4925 2435 4996 14),
2475 4925 2520 4980 si
2543 4927 2622 4982 vis
2642 4942 2762 4983 esse
2781 4928 3092 4986 catholicus.
3117 4931 3370 5003 Exempla
3386 4931 3528 4994 enim
3581 4948 3702 5004 qua:
3744 4943 3797 4989 te

2212 5015 2419 5086 fallunt,
2443 5019 2526 5074 vel
2553 5019 2622 5075 de
2651 5020 2857 5084 latrone
2895 5022 2986 5092 qui
3019 5022 3302 5083 Dominum
3331 5033 3414 5080 est
3437 5007 3717 5080 confessus
3741 5025 3796 5080 in

2212 5125 2370 5166 cruce
2402 5109 2552 5184 (Lac.
2577 5127 2732 5180 xxm,
2759 5111 2871 5185 45),
2897 5115 2978 5169 vel
3009 5114 3074 5170 de
3098 5113 3262 5173 fratre
3281 5125 3481 5173 sancta:
3518 5117 3796 5188 Perpetua:

2212 5201 2520 5272 Dinocrate,
2542 5203 2674 5258 nihil
2706 5205 2800 5262 tibi
2827 5204 2893 5260 ad
2923 5204 3080 5277 hujus
3109 5209 3310 5264 erroris
3333 5207 3657 5270 sententiam
3685 5206 3798 5262 suf-

2213 5294 2510 5366 l'ragantur.
2544 5295 2704 5354 Latro
2726 5296 2920 5368 quippe
2947 5297 3056 5368 ille,
3084 5301 3333 5380 quamvis
3355 5299 3798 5369 potueritjudicio

2213 5386 2393 5443 divino
2427 5387 2563 5442 inter
2599 5403 2692 5444 eos
2733 5389 3008 5460 deputari,
3049 5389 3139 5462 qui
3176 5389 3415 5463 martyrii
3459 5390 3798 5448 confessione

2212 5491 2524 5552 purgantur,
2559 5489 2733 5538 tamen
2755 5484 2914 5538 etiam
2941 5493 3118 5540 utrum
3150 5499 3256 5544 non
3285 5482 3444 5540 fuerit
3473 5484 3793 5556 baptizatus.

2212 5574 2446 5645 ignoras.
2472 5574 2602 5630 Nam
2629 5584 2686 5630 ut
2711 5576 2950 5630 omittam
2977 5575 3121 5649 quod
3155 5576 3392 5636 creditur
3413 5619 3432 5647 ,
3461 5592 3601 5652 aqua
3641 5579 3800 5636 simul

2211 5681 2332 5721 cum
2353 5667 2608 5738 sanguine
2635 5667 2910 5722 exsiliente
2929 5667 2998 5722 de
3029 5668 3194 5725 latere
3216 5668 3449 5740 Domini,
3473 5673 3622 5743 juxta
3641 5683 3789 5724 con-

2249 5823 2296 5894 f
2330 5820 2482 5894 editi,
2507 5825 2602 5894 lant
2624 5817 2676 5872 in
2695 5817 2989 5894 progimotu
3007 5817 3212 5885 εειαεὶῡὶ
3232 5818 3329 5886 ipsi
3347 5813 3576 5874 exstitisu
3604 5825 3806 5874 cauca.

2212 5889 2334 5936 rius.
2358 5889 2656 5947 castigantur
2691 5896 2754 5933 ex
2786 5889 2896 5933 Mss.
