3938 6524
1504 383 1709 446 LIBER
1747 381 2068 446 TERTIUS.
3319 393 3422 458 518

1839 509 1963 556 ante
1998 500 2105 556 dixi
2151 508 2412 570 tenerem,
2475 511 2531 558 ut
2573 501 2696 562 hinc
2723 512 2772 560 te
2797 504 3028 564 breviter
3053 507 3418 570 admonerem.

1912 592 1998 646 M.
2015 591 2132 660 Noli
2153 593 2391 660 credere,
2417 610 2513 649 nec
2530 595 2722 662 dicere,
2755 614 2851 656 nec
2870 598 3086 670 docere,
3112 621 3128 654 ι
3159 603 3230 657 De
3252 604 3421 660 inlan-

1844 700 1862 733 ι
1899 682 2036 740 tibus
2053 684 2212 754 (Sup.
2235 686 2322 739 lib.
2346 685 2400 751 2,
2422 703 2473 740 ιι.
2491 687 2602 757 15),
2627 689 2714 762 qui
2741 691 3042 762 priusquam
3075 705 3418 752 renascantur

151 399 247 462 5"

147 513 268 569 ﬁxus
295 507 530 580 potuisse
559 504 846 580 perfundi,
869 514 1028 580 atque
1053 503 1358 577 huiusmodi
1388 503 1730 560 sanctissimo

144 605 445 674 baptismate
471 600 610 656 dilui
647 619 660 655 :
698 603 855 674 quid,
879 603 923 656 si
951 603 1001 656 in
1032 616 1248 662 carcere
1290 599 1463 658 fuerat
1492 598 1732 667 baptiza-

145 707 236 762 tas,
285 693 426 763 quod
461 703 516 750 et
559 702 754 763 postea
789 693 1174 764 persecutionis
1224 701 1461 761 tempore
1490 688 1726 748 nonnulli

140 790 365 848 clanculo
393 788 694 857 impetrare
734 789 1056 858 potuerunt?
1084 787 1241 855 Quid,
1272 787 1314 846 si
1345 794 1401 841 et
1445 793 1729 854 antequam

141 879 430 938 teneretur?
453 879 644 949 Neque
655 880 806 934 enim
819 887 1096 948 propterea
1113 877 1186 934 illi
1202 876 1426 946 publicae
1441 875 1582 944 leges
1609 890 1733 944 par-

137 989 244 1031 cere
279 982 563 1042 poterant,
595 981 858 1043 quantum
890 973 1078 1034 attinet
1107 970 1170 1026 ad
1195 969 1436 1039 corporis
1465 977 1690 1024 mortem
1711 1009 1728 1036 ,

136 1067 374 1135 quoniam
388 1066 656 1122 divinitus
673 1067 1046 1122 remissionem
1063 1071 1341 1134 acceperat
1367 1053 1726 1131 peccatorum.

135 1156 275 1222 Quid,
307 1157 355 1210 si
401 1157 519 1224 jam
563 1157 865 1226 baptizatus
910 1157 963 1214 in
994 1155 1254 1214 latrocinii
1294 1154 1497 1210 facinus
1537 1163 1591 1208 et
1620 1153 1729 1207 cri-

135 1262 242 1302 men
268 1247 606 1314 incurrerat,
631 1256 687 1308 et
721 1264 828 1304 non
872 1262 1063 1317 expers
1097 1245 1454 1315 Baptismatis,
1488 1244 1580 1300 sed
1613 1253 1730 1300 tan-

133 1355 277 1410 quam
313 1339 593 1408 pce-nitens
620 1341 829 1410 accepit
856 1340 1116 1394 scelerum
1148 1338 1362 1392 veniam
1403 1353 1520 1406 qua:
1552 1336 1726 1405 bapti-

137 1441 273 1486 zatus
317 1430 587 1488 admisit?
614 1430 1046 1501 quandoquidem
1093 1429 1261 1499 pietas
1295 1437 1401 1483 tam
1450 1428 1643 1494 ﬁdelis,
1675 1436 1730 1482 et

141 1524 357 1580 Domino
389 1525 444 1580 in
481 1526 666 1584 animo
702 1525 841 1594 ejus,
875 1533 930 1584 et
956 1525 1106 1580 nobis
1133 1524 1186 1581 in
1213 1523 1387 1578 verbis
1413 1523 1526 1593 ejus
1557 1537 1725 1593 appa-

136 1616 242 1673 ruit.
269 1614 412 1671 Nam
441 1616 489 1670 si
514 1631 632 1681 eos,
667 1616 736 1672 de
760 1617 954 1686 quibus
991 1630 1094 1670 non
1139 1615 1395 1684 scriptum
1438 1625 1520 1670 est
1549 1623 1726 1670 utrum

139 1707 316 1762 ruerint
346 1707 630 1777 baptizati,
662 1709 777 1764 sine
803 1709 1070 1777 Baptismo
1094 1707 1162 1763 de
1184 1707 1282 1763 hac
1314 1707 1417 1762 vita
1440 1707 1727 1761 recessisse

136 1800 545 1866 contendimus;
572 1801 703 1870 ipsis
722 1800 1108 1860 calumniamur
1136 1800 1423 1869 Apostolis,
1451 1799 1561 1870 qui,
1592 1814 1729 1867 prte-

139 1904 207 1953 tet'
231 1892 547 1962 apostolum
578 1893 797 1948 Paulum
825 1892 960 1962 (Act.
994 1908 1066 1958 tx,
1095 1890 1207 1959 18),
1235 1890 1446 1961 quando
1473 1890 1725 1959 baptizati

140 1982 321 2040 iuerint
350 1984 690 2053 ignoramus.
721 1982 827 2039 Sed
864 1984 909 2038 si
949 1983 1092 2052 ipsos
1133 1983 1428 2052 baptizatos
1466 1998 1584 2038 esse
1629 1998 1725 2053 per

139 2073 226 2128 hoc
265 2075 430 2130 nobis
468 2076 811 2134 innotescere
837 2076 1037 2145 potuit,
1069 2074 1208 2148 quod
1240 2075 1394 2130 beato
1434 2075 1592 2129 Petro
1619 2073 1725 2129 Do-

139 2169 296 2226 minus
317 2170 413 2232 ait;
445 2168 548 2235 Qui
574 2169 707 2226 lotus
735 2176 828 2235 est,
852 2185 950 2224 non
973 2167 1158 2238 indiget
1187 2169 1284 2222 nisi
1304 2178 1356 2222 ut
1382 2167 1531 2238 pedes
1559 2165 1686 2221 lavet
1703 2167 1720 2200 ⁸

140 2257 302 2326 (Joan.
333 2275 460 2324 xui,
497 2261 595 2329 10)
625 2260 784 2330 :quid
816 2253 883 2315 de
908 2260 1042 2324 aliis,
1073 2259 1140 2314 de
1165 2260 1356 2329 quibus
1383 2260 1462 2314 vel
1495 2259 1598 2314 tale
1640 2259 1723 2314 ni-

144 2353 209 2408 hil
253 2353 488 2422 legimus
527 2353 727 2412 dictum
753 2395 768 2418 ,
821 2353 890 2410 de
919 2353 1183 2420 Barnaba,
1223 2353 1290 2408 de
1316 2353 1617 2420 Timotheo,
1653 2353 1722 2409 de

143 2444 271 2509 Tito,
298 2445 369 2500 de
410 2446 525 2502 Sila
553 2488 568 2512 ,
599 2446 668 2502 de
700 2446 1012 2503 Philemone
1035 2486 1050 2511 ,
1078 2445 1146 2501 de
1201 2447 1330 2516 ipsis
1374 2447 1722 2517 evangelistis

144 2537 312 2594 Marco
351 2549 406 2594 et
461 2539 629 2607 Luca,
662 2540 731 2596 de
777 2541 1250 2598 innumerabilibus
1296 2541 1546 2606 cieteris;
1587 2553 1722 2610 quos

138 2631 267 2686 absit
295 2640 353 2686 ut
381 2632 687 2702 baptizatos
703 2648 827 2689 esse
854 2633 1176 2701 dubitemus,
1221 2633 1467 2704 quamvis
1497 2650 1603 2687 non
1633 2634 1719 2688 le-

137 2724 353 2791 gamus?
380 2724 699 2780 Dinocrates
727 2733 906 2779 autem
951 2725 1228 2794 septennia
1259 2741 1408 2794 puer,
1438 2725 1491 2778 in
1521 2725 1717 2795 quibus

137 2817 285 2874 annis
324 2819 624 2887 puericum
670 2819 1026 2887 baptizantur,
1069 2818 1178 2888 jam
1228 2818 1541 2889 Symbolum
1597 2817 1719 2873 red-

137 2905 294 2972 dunt,
329 2916 385 2964 et
435 2923 532 2978 pro
560 2923 620 2964 se
664 2909 769 2978 ipsi
798 2908 866 2963 ad
900 2909 1220 2979 interrogata
1246 2909 1589 2980 respondent,
1621 2923 1719 2964 cur

141 3016 254 3058 non
282 3002 375 3059 tibi
403 3003 542 3058 visus
559 3001 722 3057 fuerit
758 3002 1055 3071 baptizatus
1079 3003 1316 3072 potuisse
1343 3002 1410 3056 ab
1437 3001 1598 3070 impio
1622 3017 1719 3074 ps-

143 3104 226 3150 tne
245 3094 314 3152 ad
337 3095 608 3151 Gentilium
649 3095 928 3166 sacrilegia
958 3095 1231 3160 revocari,
1255 3103 1309 3150 et
1335 3094 1404 3149 ob
1427 3094 1528 3149 hoc
1553 3093 1718 3150 fuisse

139 3189 192 3244 in
218 3189 413 3260 pinnis,
447 3189 512 3243 de
534 3189 728 3259 quibus
751 3203 938 3244 sorore
966 3201 1153 3244 orante
1198 3189 1452 3244 liberatus
1481 3198 1583 3254 est,
1616 3203 1715 3243 ne-

144 3285 264 3338 scio.
290 3283 483 3354 Neque
511 3285 656 3339 enim
683 3293 737 3338 et
768 3284 940 3354 ipsum
979 3283 1062 3339 vel
1084 3298 1355 3353 nunquam
1382 3281 1546 3340 fuisse
1571 3282 1718 3337 obri-

147 3377 360 3434 stianum
383 3418 397 3443 ,
435 3377 519 3430 vel
559 3376 1002 3432 catechumenum
1046 3376 1356 3432 defunctum
1387 3377 1550 3432 fulsse
1576 3376 1714 3447 legi—

150 3470 243 3523 sti?
262 3471 581 3539 Quanquam
612 3469 725 3539 ipsa
757 3469 916 3524 lectio
944 3484 1054 3524 non
1079 3470 1150 3525 sit
1181 3470 1233 3524 In
1255 3485 1320 3525 eo
1343 3485 1548 3524 canone
1573 3469 1717 3524 Seri-

145 3570 402 3630 ptnrsrnm
424 3605 441 3627 ,
477 3561 619 3615 unde
640 3562 694 3614 in
722 3560 1028 3631 hujustnodi
1061 3562 1445 3632 quaestionibus
1473 3561 1714 3617 testimo-

143 3652 214 3705 nis
241 3651 565 3721 proferenda
593 3660 740 3706 sunt.

175 3743 396 3801 CAPUT
415 3744 591 3800 X.—I
603 3747 655 3800 5.
671 3744 788 3799 Noli
802 3743 1041 3812 credere,
1056 3760 1156 3800 nec
1171 3745 1370 3810 dicere,
1386 3759 1483 3800 nec
1499 3745 1711 3814 docere,

146 3834 268 3900 Quos
285 3835 542 3890 Dominus
560 3837 932 3906 prwdatinavit
945 3837 1012 3890 ad
1031 3837 1366 3907 Baptismum,
1392 3839 1714 3907 praedestina-

144 3926 251 3980 tiani
271 3928 383 3997 ejus
411 3928 544 3998 eripi
566 3944 734 3997 posse,
757 3937 804 3981 et
824 3937 940 3982 ante
964 3927 1172 3998 defungi
1193 3945 1346 4007 quam
1371 3929 1423 3993 ip
1467 3931 1537 3982 eis
1565 3930 1716 4000 fuerit

146 4021 262 4088 quod
285 4019 616 4092 Omnipotens
633 4021 1004 4092 praedestinavit
1023 4023 1284 4091 impletum
1301 4021 1520 4092 (Supra,
1546 4023 1634 4077 lib.
1655 4023 1712 4088 2,

148 4129 192 4164 ιι.
219 4113 326 4181 15),
349 4113 396 4168 si
425 4114 507 4168 vis
543 4129 663 4169 esse
712 4113 1026 4169 catholicus.
1065 4113 1259 4169 Nescio
1298 4115 1441 4168 enim
1482 4131 1600 4185 quae
1629 4113 1717 4170 hic

148 4211 365 4270 potestas
383 4213 572 4258 contra
603 4212 924 4272 potestatem
951 4206 1046 4259 Det
1070 4205 1284 4260 casibus
1314 4205 1490 4272 datur,
1521 4205 1715 4276 quibus

151 4294 458 4351 irruentibus
481 4295 623 4366 quod
648 4296 736 4350 ille
777 4295 1178 4365 praedestinavit
1209 4295 1323 4352 ﬁeri
1347 4312 1454 4351 non
1488 4298 1712 4352 sinatur.

153 4385 238 4442 llic
258 4403 406 4444 error
432 4397 630 4458 quanta
662 4395 932 4443 errantem
958 4388 1212 4458 voragine
1230 4388 1520 4460 impietatis
1536 4389 1712 4446 absor~

153 4479 282 4546 beat,
313 4496 640 4551 exaggerare
666 4495 774 4535 non
822 4495 960 4550 opus
993 4490 1102 4546 est;
1131 4497 1254 4536 cum
1295 4481 1610 4552 prudentem
1637 4483 1719 4538 vl-

156 4587 262 4626 runi
279 4584 329 4626 et
345 4573 539 4643 corrigi
566 4580 806 4644 paratum
834 4572 1064 4629 breviter
1093 4573 1436 4631 admonuisse
1465 4575 1712 4630 sufﬁciat.

159 4660 258 4716 Tua
281 4665 462 4736 quippe
503 4666 605 4720 ista
632 4675 757 4720 sunt
782 4665 944 4721 verba
977 4683 992 4721 :
1025 4664 1324 4720 [iubendam
1368 4667 1600 4734 dicimus,
1630 4667 1716 4723 in-

157 4757 258 4825 quis
275 4799 291 4824 ,
313 4760 374 4814 de
400 4759 686 4829 infantibus
734 4759 1018 4814 istiusmodi
1042 4760 1308 4826 rationem,
1339 4761 1426 4828 qui
1451 4760 1715 4830 praedesti-

162 4851 247 4903 καί
269 4849 547 4923 Baptistae,
573 4853 684 4906 vita
705 4854 987 4923 praesentis.
1009 4862 1277 4917 antequam
1313 4865 1643 4908 rettascantur
1662 4856 1717 4910 in

162 4938 363 5009 Christo,
397 4944 775 5013 prcueniuntur
818 4942 1028 4998 occiduo
1101 4943 1313 5014 Ergone
1351 4945 1717 5016 predestinati

163 5031 427 5104 Baptismo,
457 5037 582 5091 vitae
628 5037 927 5106 prementis,
967 5044 1250 5106 antequam
1309 5036 1375 5091 ad
1413 5053 1535 5093 eum
1592 5053 1716 5108 per-

160 5130 382 5194 veniant,
447 5129 846 5200 prieveniuntur
890 5127 1112 5184 occiduo
1141 5168 1155 5192 ,
1211 5137 1267 5182 et
1311 5128 1718 5198 prtedcstinaret

162 5214 279 5273 Deus
314 5219 452 5290 quod
509 5219 745 5274 futurum
790 5234 896 5274 non
950 5218 1112 5274 fuisse
1160 5221 1458 5288 pmscivit,
1495 5230 1586 5275 aut
1614 5221 1718 5277 hoe

160 5308 360 5368 futurum
415 5329 521 5370 non
559 5313 724 5368 fuisse
775 5313 996 5368 nescivit
1038 5314 1058 5345 ⁸
1084 5355 1098 5379 ,
1145 5322 1202 5367 ut
1264 5313 1380 5382 ejus
1439 5322 1531 5368 aut
1580 5331 1718 5386 pm-

161 5400 410 5462 destinatio
461 5405 847 5470 frustraretur,
895 5413 986 5458 aut
1032 5405 1360 5474 tumscientia
1403 5403 1715 5462 falleretur?

161 5493 295 5553 Vides
329 5509 530 5570 quanta
585 5498 715 5554 hinc
757 5497 861 5554 dici
917 5508 1165 5568 possent,
1219 5498 1323 5554 nisi
1375 5500 1517 5570 quod
1563 5501 1720 5571 paulo

200 5693 216 5760 ξ
245 5702 290 5746 tn
308 5702 438 5756 κει,
485 5708 589 5760 non
607 5693 799 5758 indiget
820 5700 871 5745 ut
894 5693 1054 5760 lavet;
1101 5699 1279 5748 omisso
1295 5732 1308 5758 ,
1341 5699 1439 5750 nisi
1458 5703 1621 5760 pedes.

198 5757 215 5786 ³
243 5766 336 5831 Αιιι.
361 5766 436 5809 Er.
465 5767 521 5831 et.
544 5757 878 5831 plumea-15s...
889 5758 1105 5831 futurum
1126 5761 1273 5831 fugsse
1292 5757 1522 5831 nesciant;
1545 5767 1722 5818 omissa

143 5828 331 5934 male
355 5813 618 5886 partimin.
658 5813 907 5883 sagicuSis
949 5813 1138 5884 codex;
1169 5813 1388 5886 futurum
1428 5813 1722 5892 [άίέδερἷιὲῖ

1845 792 1862 824 ι
1899 775 1951 828 in
1982 774 2192 830 Christo
2218 818 2232 842 ,
2265 779 2661 848 prmvettiuntur
2685 783 2940 850 occiduo,
2971 787 3225 855 scriptum
3253 803 3372 844 esse
3398 831 3413 858 ,

1849 884 1867 918 ι
1907 865 2105 938 Raptus
2130 878 2201 922 est
2231 886 2292 923 ne
2317 871 2510 924 malitia
2531 882 2682 932 mutet
2710 873 2846 928 illius
2869 876 3169 933 intellectum
3193 921 3210 948 ,
3243 892 3329 936 aut
3357 900 3419 940 ne

1842 978 1860 1011 ι
1896 961 2033 1030 ﬁctio
2063 963 2282 1031 decipiat
2311 963 2535 1020 animam
2582 966 2712 1035 ejus.
2761 965 2984 1037 Propter
3010 971 3102 1023 hoc
3128 977 3414 1042 properavit

1843 1071 1861 1104 ι
1894 1053 1956 1106 de
1981 1054 2144 1108 medio
2189 1055 2470 1126 iniquitatis
2498 1055 2642 1110 illuni
2672 1057 2918 1123 educere;
2949 1061 3135 1128 placita
3161 1067 3291 1118 enim
3310 1077 3416 1126 crat

1841 1163 1859 1196 ι
1894 1143 2002 1199 Deo
2027 1147 2197 1200 anima
2225 1149 2334 1218 ejus
2370 1163 2390 1203 :
2427 1159 2472 1202 et
2505 1160 2882 1205 consummatus
2931 1152 2982 1206 in
3009 1153 3137 1206 brevi
3158 1196 3172 1221 ,
3201 1157 3416 1226 explevit

1841 1257 1859 1290 ι
1887 1247 2110 1307 tempora
2131 1240 2282 1311 longa
2315 1261 2334 1294 ι
2367 1241 2522 1313 (Sap.
2543 1258 2614 1308 tv,
2643 1244 2732 1310 11,
2763 1244 2852 1310 14,
2879 1245 2991 1315 15),
3016 1246 3059 1300 si
3083 1264 3162 1301 vis
3182 1264 3299 1303 esse
3329 1265 3414 1306 αις

1844 1331 2088 1389 tholicus.
2124 1334 2234 1388 Hoc
2257 1336 2397 1390 enim
2420 1336 2487 1390 ad
2514 1336 2633 1392 illos
2663 1338 2878 1394 omnino
2906 1355 3011 1394 non
3039 1343 3288 1408 pertinet,
3319 1343 3412 1398 sed

1833 1424 1900 1479 ad
1947 1441 2043 1481 eos
2073 1429 2267 1496 potius,
2297 1431 2383 1498 qui
2427 1429 2674 1498 baptizati
2710 1441 2763 1488 et
2786 1433 2873 1502 pie
2903 1432 3159 1500 viventes,
3188 1435 3275 1490 diu
3308 1453 3412 1491 non

1837 1518 2212 1587 permittuntur
2270 1519 2356 1576 hic
2404 1521 2602 1586 vivere,
2651 1539 2758 1577 non
2810 1525 3003 1593 annis,
3059 1527 3152 1590 sed
3199 1529 3413 1596 sapien-

1841 1610 1926 1664 tia:
1953 1611 2119 1680 gratia
2167 1613 2538 1668 consummati.
2568 1613 2671 1670 Iste
2702 1632 2827 1670 vero
2862 1633 3031 1683 error,
3059 1635 3164 1688 quo
3202 1630 3413 1688 putatur

1833 1698 1936 1754 hoc
1965 1700 2033 1754 de
2086 1703 2319 1771 parvulis
2347 1714 2628 1774 antequam
2675 1706 3011 1777 baptizcntur
3062 1713 3410 1774 morientibus

1831 1807 1952 1848 esse
1980 1793 2214 1859 dictum;
2249 1795 2348 1866 ipsi
2397 1807 2740 1854 sacrosancto
2764 1799 2978 1855 lavacro
3019 1802 3409 1864 intolerabilem

1829 1884 1950 1939 facit
1971 1885 2237 1955 injuriam,
2267 1889 2310 1942 si
2335 1889 2582 1956 parvulus
2606 1891 2694 1960 qui
2721 1892 3013 1960 baptizatus
3039 1896 3150 1962 rapi
3184 1907 3410 1965 poterat,

1830 1987 2110 2045 propterea
2137 1978 2285 2048 prius
2313 1979 2536 2050 rapitur,
2569 1996 2636 2038 ne
2664 1984 2862 2038 malitia
2895 1994 3063 2041 mutet
3089 1986 3227 2041 illius
3251 1977 3410 2044 intell

1831 2068 2025 2123 lcctum
2052 2111 2066 2135 ,
2097 2079 2190 2126 aut
2217 2087 2285 2126 ne
2305 2072 2447 2128 ﬁctio
2468 2073 2701 2144 decipiat
2728 2077 2958 2134 animant
2981 2079 3094 2148 ejus
3133 2099 3145 2135 :
3177 2082 3326 2150 quasi
3357 2082 3411 2140 in

1829 2162 2018 2219 eodem
2042 2164 2313 2235 Baptismo
2336 2165 2450 2222 Iuno
2494 2183 2612 2223 esse
2660 2171 2858 2226 malitia
2888 2173 3154 2238 credatur,
3187 2184 3242 2228 et
3269 2176 3410 2230 ﬁctio

1829 2269 1932 2323 qua
1958 2254 2012 2310 in
2049 2255 2201 2327 pejus
2229 2265 2465 2312 mutetur
2485 2269 2538 2318 ct
2572 2259 2864 2330 decipiatur
2886 2303 2902 2330 ,
2948 2265 2991 2318 si
3028 2281 3134 2320 non
3165 2275 3288 2320 ante
3319 2283 3407 2324 ra-

1829 2347 2022 2416 piatur.
2051 2347 2256 2405 Deinde
2283 2351 2533 2420 quoniant
2563 2353 2755 2422 placita
2781 2363 2896 2410 erat
2925 2356 3036 2410 Deo
3063 2358 3239 2412 anima
3265 2358 3404 2429 ejus,

1830 2442 2134 2512 properavit
2154 2443 2220 2498 de
2244 2445 2424 2500 medio
2453 2446 2748 2516 iniquitatis
2778 2448 2930 2502 illum
2950 2449 3178 2505 educere
3203 2491 3219 2518 ,
3252 2451 3321 2505 ita
3353 2460 3411 2509 ut

1827 2550 1928 2590 nec
1960 2537 2234 2605 paululum
2264 2548 2651 2609 remoraretur,
2695 2550 2750 2596 ut
2773 2542 2915 2611 quod
2954 2543 3006 2596 in
3033 2559 3098 2598 eo
3128 2544 3407 2614 praedesti-

1827 2637 1981 2683 narat
2001 2669 2020 2696 ,
2053 2630 2306 2700 imploret
2330 2649 2344 2688 :
2374 2631 2468 2688 sed
2492 2641 2676 2688 contra
2701 2647 2850 2690 suam
2883 2635 3408 2704 praedestinationem

1825 2718 2004 2776 facere
2031 2723 2222 2778 maluit
2255 2723 2271 2755 ‘
2305 2731 2557 2793 tanquam
2601 2726 2879 2792 festinans,
2934 2743 3002 2782 ne
3040 2728 3183 2799 quod
3215 2729 3265 2786 ei
3297 2729 3409 2798 pla-

1824 2821 2007 2868 cuerat
2046 2813 2100 2867 in
2156 2828 2262 2869 non
2303 2814 2599 2884 baptizato,
2639 2817 3092 2876 exterminaretur
3141 2820 3193 2874 in
3222 2819 3406 2890 Bapti-

1824 2917 1941 2958 smo
1968 2921 1982 2959 :
2016 2913 2266 2976 tanquam
2294 2907 2586 2966 moriturus
2620 2908 2794 2964 infans
2821 2910 2891 2965 ibi
2927 2918 3139 2979 pereat,
3159 2927 3267 2980 quo
3286 2927 3408 2970 cur-

1824 2996 2051 3052 rendum
2077 3008 2159 3055 est
2189 3015 2309 3056 cum
2339 2999 2432 3054 illo
2454 3016 2522 3058 ne
2551 3010 2749 3071 pereat.
2783 3004 2914 3069 Quis
2937 3021 3070 3074 ergo
3100 3004 3214 3062 haec
3246 3005 3405 3062 verba

1832 3090 2028 3158 scripta
2064 3091 2116 3145 in
2155 3091 2292 3148 libro
2343 3091 2626 3162 Sapientia:
2649 3135 2664 3162 ,
2702 3093 2772 3150 de
2817 3096 3048 3164 parvulis
3073 3097 3189 3151 sine
3226 3096 3407 3166 Bapti-

1828 3193 1999 3240 smate
2025 3186 2248 3241 mortuis
2273 3187 2416 3244 dicta
2439 3203 2558 3244 esse
2583 3189 2848 3257 crederet,
2869 3189 3094 3256 diceret,
3121 3191 3403 3261 scriberet,

1829 3275 2102 3342 recitaret,
2130 3276 2173 3334 si
2199 3292 2282 3343 ea,
2313 3278 2447 3334 sicut
2463 3288 2791 3349 oportuerat,
2820 3280 3123 3351 cogitaret?

1891 3365 2116 3424 CAPUT
2155 3368 2244 3426 XI.
2272 3399 2346 3410 --
2369 3370 2454 3426 15.
2495 3371 2613 3428 Noli
2651 3372 2891 3440 credere,
2932 3373 3268 3442 ιιθιι·ι1ιοθι·θ,
3307 3390 3408 3432 nec

1823 3458 2039 3527 docere,
2077 3479 2095 3512 ι
2125 3461 2343 3532 Aliquae
2379 3465 2686 3521 mansiones
2714 3481 2833 3522 esse
2859 3476 3010 3522 extra
3037 3483 3259 3538 regnum
3287 3470 3402 3537 Dei,

1821 3566 1954 3621 quas
1978 3567 2096 3608 esse
2123 3553 2380 3612 Dominus
2406 3556 2540 3612 dixit
2581 3557 2633 3612 in
2654 3557 2814 3613 domo
2843 3559 3012 3614 Patris
3034 3562 3116 3614 sui
3140 3579 3159 3612 r
3184 3562 3402 3631 (Supra,

1822 3645 1911 3700 lib.
1945 3645 2000 3710 3,
2029 3663 2082 3701 ιι.
2114 3647 2227 3720 14),
2263 3649 2308 3703 si
2340 3649 2419 3705 vis
2468 3665 2588 3705 esse
2625 3651 2939 3708 catholicus.
2969 3652 3087 3708 Non
3134 3655 3275 3710 enim
3308 3656 3404 3719 ait,

1823 3735 1960 3792 sicut
1990 3736 2093 3792 hoc
2121 3740 2480 3796 testimonium
2509 3742 2623 3812 ipse
2654 3744 2894 3812 posuisti,
2917 3744 3097 3800 Mulae
3122 3748 3406 3802 mansiones

1821 3838 1938 3884 sunt
1957 3831 2096 3899 apud
2126 3829 2334 3885 Patrem
2357 3849 2523 3888 meum
2539 3851 2560 3900 ;
2581 3835 2721 3904 quod
2748 3837 2794 3891 si
2821 3838 2891 3891 ita
2913 3837 3152 3905 dixisset,
3184 3854 3290 3894 non
3310 3840 3407 3894 ali-

1822 3921 1874 3978 bi
1895 3932 2076 3978 essent
2101 3926 2460 3996 intelligenda:
2486 3944 2644 3998 quam
2675 3929 2728 3984 in
2752 3929 2913 3985 domo
2939 3932 3112 3987 Patris
3133 3935 3282 4001 ejus:
3307 3934 3406 3990 sed

1823 4023 2006 4084 aperte
2032 4017 2126 4081 ait,
2159 4015 2225 4070 In
2246 4017 2397 4072 domo
2429 4018 2601 4076 Patris
2639 4023 2738 4075 mei
2783 4023 3068 4078 mansiones
3093 4027 3266 4080 multa
3289 4035 3407 4080 sunt

1827 4105 2001 4176 (Joan.
2036 4123 2151 4174 xiv,
2177 4108 2256 4182 2).
2287 4110 2418 4176 Quis
2447 4111 2623 4183 itaque
2651 4113 2844 4168 audeat
2871 4115 3074 4186 aliquas
3100 4126 3280 4186 partes
3306 4117 3404 4172 do-

1822 4213 1942 4254 mus
1988 4200 2084 4256 Dei
2121 4216 2369 4272 separare
2394 4219 2422 4257 a
2454 4219 2622 4275 regno
2660 4205 2790 4272 Dei;
2816 4215 2874 4261 ut
2918 4223 3040 4262 cum
3070 4225 3222 4279 reges
3249 4217 3408 4265 terrm

1824 4308 1929 4348 non
1956 4301 2159 4350 tantum
2201 4295 2254 4350 in
2300 4296 2463 4352 domo
2502 4313 2618 4364 sua,
2642 4314 2743 4354 nec
2782 4309 2983 4355 tantum
3010 4301 3063 4355 in
3092 4302 3258 4371 patria
3283 4317 3402 4370 sua,

1823 4387 1922 4443 sed
1950 4389 2126 4460 longe,
2156 4390 2367 4462 lateque
2403 4391 2563 4447 etiam
2607 4399 2753 4448 trans
2799 4409 2948 4449 mare
2991 4410 3214 4464 regnare
3257 4396 3406 4451 inve-

1824 4481 2070 4547 niantur;
2099 4498 2192 4538 rex
2236 4485 2323 4553 qui
2365 4484 2489 4539 fecit
2531 4486 2727 4540 calum
2775 4495 2830 4540 et
2862 4494 3062 4542 terram
3091 4502 3192 4542 nec
3216 4488 3270 4542 in
3296 4495 3406 4543 tota

1822 4571 1984 4627 domo
2006 4589 2102 4628 sua
2133 4589 2358 4644 regnare
2381 4574 2630 4630 dicatur?

1896 4665 1984 4720 16.
2021 4665 2127 4721 Sed
2168 4667 2304 4722 forte
2351 4667 2516 4733 dicas,
2547 4669 2723 4726 omnia
2771 4669 2986 4740 quidem
3030 4672 3298 4741 pertinere
3339 4673 3408 4729 ad

1825 4753 1920 4810 Dei
1945 4771 2190 4827 regnum,
2219 4759 2341 4828 quia
2371 4770 2558 4830 regnat
2585 4760 2638 4814 in
2662 4760 2834 4828 calin,
2863 4773 3045 4832 regnat
3076 4765 3130 4820 in
3159 4766 3333 4832 terris,
3355 4767 3406 4821 in

1823 4847 2050 4921 abyssis,
2100 4850 2152 4905 in
2194 4850 2463 4920 paradiso,
2499 4853 2551 4905 in
2593 4851 2835 4920 inferno,
2871 4855 2984 4923 (ubi
3013 4855 3157 4909 enim
3189 4871 3292 4910 non
3326 4872 3408 4911 re-

1823 4953 1969 5012 gnat,
2003 4943 2159 5012 cujus
2200 4944 2393 5013 ubique
2437 4959 2640 4998 summa
2685 4953 2922 5016 potestas
2966 4956 3050 5003 est
3066 4949 3110 5020 ἲ)
3142 4949 3236 5005 sed
3266 4949 3408 5004 aliud

1825 5047 1944 5088 esse
1969 5049 2194 5104 regnum
2221 5035 2504 5102 coriorum,
2532 5053 2636 5106 quo
2663 5036 2740 5092 ius
2766 5052 2871 5092 non
2898 5047 2982 5094 est
3006 5041 3281 5104 accedere,
3309 5040 3409 5094 nisi

1824 5127 2036 5183 lavacro
2076 5128 2498 5197 regenerationis
2543 5129 2772 5195 ablutos,
2823 5142 3040 5202 propter
3083 5132 3406 5188 dominicam

1825 5234 2006 5273 veram
2037 5218 2301 5289 ﬁxamque
2351 5221 2705 5290 sententiam;
2748 5222 2893 5277 aliud
2942 5233 3119 5278 autem
3161 5239 3280 5279 esse
3319 5238 3407 5278 re-

1823 5327 1986 5382 gnum
2029 5321 2312 5382 terrarum,
2344 5315 2431 5369 vel
2467 5314 2690 5370 aliarum
2729 5323 2991 5372 creatura:
3039 5317 3286 5387 partium,
3320 5317 3408 5371 ubi

1824 5412 2049 5474 possunt
2087 5419 2208 5460 esse
2247 5405 2438 5476 aliqua:
2466 5407 2776 5463 mansiones
2806 5409 3000 5463 domus
3028 5409 3142 5474 Dei,
3170 5408 3410 5478 quamvis

1826 5497 2158 5567 pertinentes
2201 5496 2268 5552 ad
2311 5513 2530 5569 regnum
2561 5500 2677 5566 Dei,
2707 5515 2813 5554 non
2853 5509 3029 5556 tamen
3076 5499 3144 5555 ad
3184 5514 3409 5570 regnum

1825 5591 2107 5660 caelorum,
2140 5591 2232 5648 ubi
2261 5592 2606 5650 excellentius
2625 5600 2679 5650 et
2699 5593 2903 5652 beatius
2923 5602 3004 5650 est
3025 5608 3247 5666 regnum
3275 5591 3406 5652 Dei:

1831 5898 1851 5946 ἴ
1893 5836 1919 5946 ει
1943 5837 2315 5948 Evigiranntinsls
2337 5843 2440 5898 Ms,
2484 5837 2666 5901 facere!
2687 5833 2842 5890 aliud.
2876 5843 3027 5889 Locus
3046 5843 3316 5908 perplexas
3357 5846 3413 5894 et

1848 5913 1898 5946 ur
1928 5915 1951 5944 υ
1979 5916 1992 5945 ι
2017 5912 2191 5948 -.-;-rava
2215 5912 2289 5948 us.

1848 5912 1951 5946 «πω
1979 5912 2006 5945 u
2017 5912 2289 5957 i-gravatus.
