3938 6516
456 541 531 596 ita
555 534 691 604 ﬁeri,
718 538 779 590 ut
815 543 916 586 nec
951 525 1141 598 aliquae
1160 521 1353 578 domus
1381 518 1475 576 Dei
1505 528 1684 589 partes
1705 525 1864 587 atque
1889 529 2040 570 man-

457 633 638 692 siones
657 645 686 684 a
718 639 881 697 regno
910 621 1006 677 Dei
1027 616 1233 675 nefarie
1265 621 1616 685 separentur;
1647 617 1702 667 et
1731 618 1907 665 tamen
1934 623 2038 662 non

459 737 645 782 omnes
685 720 738 774 in
785 730 951 788 regno
992 712 1252 770 caelorum
1280 707 2042 775 mansiones‘przeparentur;

459 825 618 886 atque
643 813 694 866 in
728 810 793 864 iis
820 822 941 878 quae
971 806 1023 860 in
1049 817 1216 874 regno
1241 800 1501 857 cmlorum
1529 813 1634 852 non
1663 805 1806 860 sunt,
1838 793 2044 886 possint

457 885 681 964 feliciter
700 901 960 964 habitare,
979 897 1174 968 quibus
1193 891 1453 949 easetiam
1477 905 1580 944 non
1604 886 1880 957 baptizatis
1903 885 2043 938 Deus

459 996 586 1053 dare
614 992 874 1055 voluerit;
898 999 955 1045 ut
979 987 1032 1043 in
1055 1001 1222 1056 regno
1252 984 1343 1040 Dei
1375 983 1502 1046 sint,
1535 980 1775 1050 quamvis
1805 978 1857 1032 in
1880 991 2044 1047 regno

458 1089 734 1152 caelorum,
763 1084 885 1156 quia
915 1080 1164 1152 baptizati
1206 1093 1314 1133 non
1355 1084 1500 1142 sunt,
1529 1089 1647 1130 esse
1692 1088 1794 1126 non
1821 1071 2040 1141 possint.

532 1183 620 1236 i7.
651 1179 764 1234 Hoc
803 1176 893 1246 qui
937 1175 1142 1240 dicunt,
1167 1171 1416 1226 videntur
1455 1166 1669 1250 quidem
1720 1165 1821 1220 sibi
1865 1164 2045 1219 dicere

460 1271 694 1344 aliquid,
743 1269 866 1340 quia
918 1267 1223 1337 Scripturas
1277 1261 1606 1334 negligenter
1648 1257 1960 1323 attendunt,
1992 1264 2048 1310 et

461 1361 730 1436 quomodo
755 1374 981 1430 regnum
1004 1357 1097 1412 Dei
1125 1357 1350 1418 dicatur,
1381 1352 1520 1407 unde
1549 1363 1762 1404 oramus
1783 1349 2041 1408 dicentes.

474 1455 681 1508 Veniat'
699 1468 910 1523 regnum
937 1459 1074 1503 tuum
1093 1445 1304 1518 (Matth.
1323 1460 1394 1508 v1,
1423 1443 1534 1513 10),
1563 1457 1667 1496 non
1697 1440 1997 1508 intelligunt
2027 1455 2041 1492 :

462 1551 584 1619 quia
611 1563 832 1617 regnum
858 1546 950 1600 Dei
971 1543 1185 1608 dicitur,
1215 1539 1302 1596 ubi
1346 1554 1466 1594 cum
1513 1537 1604 1593 illo
1653 1535 1821 1590 ﬁdelis
1849 1533 2046 1588 familia

463 1639 582 1711 ejus
603 1640 756 1694 beate
786 1645 840 1693 et
879 1636 1203 1705 sempiterne
1238 1639 1350 1686 tota
1381 1627 1811 1712 regnabitrkNam
1851 1641 2046 1682 secun—

464 1734 590 1790 dum
623 1739 939 1803 potestatem
969 1745 1085 1799 qua:
1107 1727 1184 1781 illi
1215 1741 1374 1796 super
1395 1724 1572 1777 omnia
1598 1730 1702 1785 est,
1721 1722 1880 1775 etiam
1907 1733 2048 1774 nunc

465 1826 648 1896 utique
677 1831 882 1894 regnat.
913 1821 1046 1888 Quid
1077 1834 1204 1889 ergo
1242 1826 1324 1874 est
1351 1815 1492 1886 quod
1520 1828 1736 1869 oramus
1763 1821 1822 1866 ut
1851 1811 2043 1874 veniat,

465 1917 567 1974 nisi
597 1925 656 1972 ut
696 1931 816 1970 cum
847 1915 938 1968 illo
965 1925 1190 1982 regnare
1221 1903 1560 1962 mereamur?
1591 1903 1700 1960 Sub
1729 1903 1844 1972 ejus
1871 1910 2046 1956 autem

466 2019 730 2081 potestate
757 2007 916 2062 etiam
961 2005 1033 2060 illi
1059 2014 1235 2068 erunt,
1269 2001 1360 2072 qui
1388 2015 1546 2070 paena
1577 1997 1764 2052 mterni
1793 1997 1931 2064 ignis
1959 2009 2049 2047 ar-

467 2098 1105 2169 debuntmumquidnam
1145 2096 1214 2150 ob
1253 2095 1358 2149 hoc
1401 2093 1562 2147 etiam
1611 2091 1755 2160 ipsos
1797 2089 1847 2143 in
1887 2104 2050 2157 regno

467 2191 565 2246 Dei
617 2190 821 2245 futuros
877 2187 1067 2242 dicturi
1107 2184 1326 2240 sumus?
1371 2183 1528 2238 Aliud
1581 2191 1663 2237 est
1707 2180 1848 2235 enim
1900 2176 2052 2247 regni

469 2283 566 2338 Dei
617 2281 928 2337 muneribus
978 2277 1260 2350 honorari,
1309 2275 1450 2330 aliud
1498 2273 1652 2343 regni
1706 2272 1802 2326 Dei
1849 2271 2052 2341 legibus

467 2377 704 2435 coerceri
743 2376 784 2428 ³.
817 2375 885 2431 Ut
921 2382 1097 2428 autem
1144 2371 1236 2425 tibi
1289 2367 1722 2438 manifestissime
1761 2371 2048 2434 appareat,

470 2484 578 2524 non
648 2483 766 2524 esse
844 2481 1063 2537 regnum
1125 2463 1388 2519 caelorum
1454 2456 1881 2514 distribuendum
1954 2456 2052 2510 ba-

469 2560 701 2631 ptizatis,
736 2567 790 2614 et
833 2558 964 2611 alias
989 2565 1168 2627 partes
1203 2553 1352 2624 regni
1383 2553 1477 2607 Dei
1503 2550 1706 2606 dandas
1735 2550 1924 2619 quibus
1953 2548 2048 2604 tibi

449 2647 645 2706 visum
675 2657 776 2714 est,
808 2664 916 2702 non
941 2645 1253 2715 baptizatis;
1285 2644 1458 2713 ipsum
1488 2641 1770 2696 Dominum
1797 2639 1940 2706 audi,
1964 2637 2054 2709 qui

471 2756 580 2798 non
613 2742 707 2805 ait,
741 2739 802 2794 Si
827 2740 939 2809 quis
968 2755 1069 2791 non
1113 2745 1312 2790 renatus
1339 2735 1490 2806 fuerit
1516 2749 1579 2787 ea:
1603 2749 1735 2801 aqua
1760 2742 1807 2786 et
1829 2732 2050 2802 Spiritu,

472 2848 580 2889 non
611 2839 788 2902 potest
815 2831 1014 2885 intrare
1039 2829 1093 2882 in
1123 2842 1348 2897 regnum
1369 2825 1664 2892 cmlorum;
1695 2824 1812 2890 sed,
1841 2840 1942 2878 non
1966 2839 2058 2893 po-

473 2932 587 2992 test,
615 2923 805 2994 inquit,
837 2923 1026 2975 intrare
1052 2921 1106 2974 in
1130 2934 1340 2990 regnum
1367 2916 1485 2970 Dei.
1511 2915 1642 2970 Nam
1667 2915 1827 2970 verba
1855 2915 1972 2983 ejus
1987 2913 2056 2969 de

473 3016 575 3072 hac
623 3031 683 3070 re
729 3017 828 3070 ista
871 3021 996 3067 sunt
1033 3012 1096 3065 ad
1136 3010 1484 3066 Nicodemum
1507 3025 1524 3064 :
1548 3007 1726 3069 Amen,
1757 3023 1905 3060 amen
1941 3005 2056 3058 dico

475 3107 584 3171 tibi,
611 3106 709 3161 nisi
743 3105 854 3176 quis
893 3114 1042 3158 natus
1072 3103 1223 3172 fuerit
1259 3103 1444 3164 denuo,
1477 3115 1579 3155 non
1619 3107 1777 3168 potest
1799 3098 1965 3152 videre
1986 3113 2059 3150 re-

474 3216 628 3272 gnum
644 3197 760 3252 Dei.
787 3197 927 3252 Ecce
947 3210 1050 3250 non
1074 3195 1158 3249 hic
1181 3193 1332 3258 dixit,
1359 3193 1600 3262 Regnum
1621 3191 1914 3252 caelorum;
1939 3187 2054 3254 sed,

475 3289 590 3344 Dei.
624 3289 692 3342 Et
723 3303 844 3342 cum
889 3285 1257 3356 respondisset
1280 3283 1602 3338 Nicodemus
1629 3287 1790 3350 atque
1815 3279 2055 3346 dixisset,

479 3381 742 3447 Quomodo
779 3389 938 3450 potest
981 3379 1130 3432 homo
1169 3377 1330 3442 nasci,
1359 3392 1474 3429 cum
1507 3390 1659 3429 senex
1695 3373 1796 3428 sit?
1815 3371 2059 3442 numquid

476 3483 638 3545 potest
657 3473 711 3526 in
737 3481 954 3526 ventrem
981 3471 1155 3524 matris
1178 3485 1283 3523 sum
1307 3469 1486 3522 iterato
1512 3466 1740 3532 introire,
1769 3474 1816 3518 et
1835 3465 1977 3518 nasci
1991 3462 2014 3494 ⁸
2033 3461 2062 3518 2

476 3564 722 3620 eamdem
772 3563 1029 3618 Dominus
1089 3560 1407 3616 sententiam
1457 3558 1665 3628 planius
1719 3556 2062 3626 apertiusque

477 3671 728 3732 repetens
751 3661 845 3725 ait,
871 3659 1054 3722 Amen,
1097 3673 1242 3710 omen
1288 3655 1401 3709 dico
1448 3654 1558 3720 tibi,
1589 3653 1686 3707 nisi
1713 3651 1824 3723 quis
1855 3660 2060 3704 renatus

481 3753 630 3824 fuerit
649 3767 712 3805 ea:
754 3765 886 3822 aqua
913 3757 958 3802 et
989 3748 1208 3818 Spiritu,
1239 3761 1340 3800 non
1367 3753 1526 3816 potest
1549 3743 1756 3797 introire
1773 3743 1830 3795 in
1853 3756 2061 3812 regnum

479 3841 579 3896 Dei
603 3840 781 3914 (Joan.
815 3837 1044 3911 |u,3-5).
1065 3838 1200 3893 Ecce
1230 3852 1329 3892 nec
1351 3837 1438 3891 hic
1457 3835 1610 3899 dixit,
1637 3835 1877 3904 Regnum
1893 3833 2062 3888 cmlo-

481 3951 636 4002 rum;
667 3934 779 4000 sed,
811 3949 1022 4006 regnum
1042 3931 1154 3986 Dei.
1185 3929 1338 3997 Quod
1367 3931 1509 3984 enim
1537 3928 1765 3992 dixerat,
1795 3925 1914 3980 Nisi
1952 3926 2064 3995 quis

482 4037 630 4082 natus
665 4026 818 4098 fuerit
845 4025 1042 4089 denuo;
1073 4023 1176 4077 hoc
1217 4021 1344 4092 quid
1387 4027 1532 4075 esset
1572 4018 1816 4088 exposuit
1856 4017 2057 4083 dicens,

485 4117 605 4174 Nisi
643 4118 755 4189 quis
789 4125 994 4170 renatus
1035 4115 1184 4186 fuerit
1232 4129 1296 4168 ea:
1321 4127 1452 4182 aqua
1495 4120 1540 4164 et
1580 4109 1797 4181 Spiritu.
1827 4108 1896 4162 Et
1921 4105 2064 4178 quod

485 4211 716 4277 dixerat,
741 4226 842 4264 non
871 4217 1030 4278 potest
1055 4208 1255 4270 uidere;
1283 4207 1384 4260 hoc
1411 4203 1660 4273 exposuit
1683 4199 1932 4266 dicendo,
1962 4215 2064 4253 non

487 4312 646 4376 potest
691 4301 919 4356 introire.
971 4298 1105 4354 illud
1154 4307 1330 4353 tamen
1369 4295 1510 4365 quod
1553 4291 1824 4358 dixerat},
1855 4307 2066 4361 regnum

486 4395 605 4460 Dei,
635 4409 744 4449 non
771 4393 877 4446 alio
903 4390 1120 4445 nomine
1145 4387 1410 4458 repetivit.
1438 4385 1622 4455 Neque
1659 4399 1800 4438 nunc
1823 4397 1958 4452 opus
1983 4389 2066 4438 est

485 4501 728 4558 quaerere
743 4493 913 4555 "atque
937 4483 1222 4543 disserere,
1251 4487 1429 4533 utrum
1456 4491 1678 4547 regnum
1701 4475 1794 4529 Dei
1811 4489 2065 4544 regnum-

486 4593 592 4649 que
610 4577 867 4636 cmlorum
887 4589 1008 4629 cum
1029 4573 1205 4642 aliqua
1223 4568 1519 4625 diﬁ‘erentia
1543 4567 1612 4621 sit
1635 4565 2063 4637 intelligendum,

486 4686 556 4726 an
583 4685 670 4725 res
695 4683 800 4726 una
845 4668 915 4722 sit
953 4665 1163 4721 duobus
1209 4663 1470 4734 appellata
1513 4657 2068 4714 nominibus:sul‘ﬁcit

487 4761 630 4834 quod
657 4777 762 4816 non
792 4768 969 4831 potest
991 4758 1214 4814 introire
1234 4757 1287 4810 in
1310 4769 1534 4826 regnum
1559 4753 1674 4820 Dei,
1703 4753 1794 4824 qui
1817 4767 1924 4807 non
1949 4752 2065 4807 fue-

487 4853 558 4911 rit
585 4853 796 4908 lavacro
841 4848 1260 4920 regenerationis
1287 4847 1516 4902 ablutus.
1550 4844 1848 4900 Mansiones
1885 4851 2064 4899 autem

487 4945 692 5015 aliquas
713 4942 1028 4999 constitutas
1053 4941 1106 4996 in
1132 4940 1292 4995 domo
1317 4939 1408 4993 Dei
1439 4953 1688 5008 separare
1706 4953 1736 4990 a
1763 4951 1927 5006 regno
1949 4936 2064 5003 Dei,

489 5050 650 5106 quam
679 5034 749 5088 sit
765 5048 795 5086 a
811 5032 1036 5088 veritate
1053 5031 1285 5096 devium,
1317 5037 1445 5100 puto
1469 5027 1610 5098 quod
1633 5027 1743 5098 jam
1773 5028 2061 5098 intelligas.

491 5129 560 5184 Et
585 5128 704 5183 ideo
727 5125 870 5198 quod
895 5125 1114 5198 putasti,
1148 5124 1200 5178 in
1232 5122 1492 5193 aliquibus
1519 5121 1912 5188 mansionibus,
1933 5136 2067 5191 quas

491 5224 754 5280 Dominus
779 5220 975 5276 multas
1003 5233 1122 5274 esse
1155 5217 1290 5272 dixit
1319 5216 1374 5271 in
1397 5215 1558 5271 domo
1581 5215 1754 5270 Patris
1779 5214 1880 5280 sui,
1914 5229 2068 5268 man-

491 5330 647 5374 suros
675 5313 934 5386 quosdam
959 5312 1118 5368 etiam
1143 5324 1250 5365 non
1279 5317 1494 5364 renatos
1515 5323 1581 5364 ex
1612 5322 1748 5378 aqua
1775 5317 1828 5363 et
1845 5306 2064 5378 Spiritu,

555 5517 574 5585 ἓ
607 5517 810 5585 5‘93”?-
827 5522 892 5585 ἕο
910 5509 1134 5585 deum
1146 5513 1283 5585 ,Μεὲῖξ
1303 5505 1623 5585 ’ΜἮἮῨΕἯ-

553 5579 576 5609 ³
607 5575 726 5625 mliti
749 5581 801 5625 et
821 5565 1187 5638 cygirannensis
1221 5565 1304 5620 Ms.
1327 5604 1340 5628 ,
1379 5567 1616 5638 adveniat.
1635 5565 1883 5638 inquibus
1904 5571 2070 5615 tamen

495 5645 662 5701 postea
679 5639 804 5686 sicut
823 5633 873 5684 in
888 5633 1082 5701 caeteris
1103 5639 1232 5690 Mss,
1256 5637 1522 5701 ormnuaut
1545 5633 1718 5701 peniat.

557 5701 578 5732 ³
611 5707 710 5760 Am.
735 5705 810 5760 Er.
839 5705 891 5748 et
913 5695 1141 5760 plerique
1161 5703 1295 5760 M_ss.:
1327 5691 1463 5742 Aliud
1486 5697 1556 5760 est
1581 5691 1716 5760 enim
1737 5701 1940 5752 regnum
1975 5697 2071 5760 pet

495 5759 768 5810 muneribus
788 5750 1041 5820 hami-ari,
1056 5750 1208 5807 'aliud
1241 5768 1440 5820 regnum
1465 5751 1553 5803 Dei
1576 5750 1750 5814 legibus
1776 5750 2004 5820 coerceri.

557 5823 579 5890 ξ
610 5828 740 5890 μιν.)
755 5809 1040 5890 ξςρεέιαεσὲί
1057 5819 1226 5890 Ctetcrj
1252 5809 1380 5890 libri,
1399 5817 1540 5890 juxta
1559 5809 1790 5878 gramum,
1816 5819 1862 5864 et
1895 5811 2045 5864 nasci.

557 5881 580 5922 ³
610 5883 750 5937 Editi.
772 5881 896 5934 illud
911 5889 1070 5934 autem
1091 5881 1216 5937 quod
1238 5879 1449 5931 dixerat.

1344 403 1432 461 ns
1471 401 1680 460 suum
1720 399 1809 456 ET
1847 393 2012 455 EJUS
2047 390 2341 463 ORIGINE,
2381 395 2449 454 s.
2486 394 2854 456 AUGUSTINI
2957 377 2972 396 '

2150 519 2210 566 ut
2251 510 2410 568 ﬁdem
2447 512 2764 568 catholicam
2814 520 3019 582 teneas,
3039 509 3322 583 admoneo,
3355 512 3402 570 si
3443 514 3746 585 permittis,

2149 606 2439 662 emendare
2460 619 2565 662 non
2593 605 2828 662 diﬁ‘eras.

2215 696 2439 754 CAPUT
2474 695 2590 752 XII.
2621 727 2693 738 —
2723 699 2811 754 18.
2843 695 2962 753 Noli
2988 696 3230 767 credere,
3264 713 3364 756 nec
3397 697 3599 766 dicere,
3630 711 3740 756 nec

2148 785 2360 855 docere,
2395 807 2414 840 ι
2447 787 2774 844 Sacriﬁcium
2799 787 3225 854 Christianorum
3267 805 3366 861 pro
3409 791 3474 846 iis
3502 791 3591 862 qui
3621 804 3738 847 non

2148 878 2396 948 baptizati
2425 879 2493 934 de
2521 895 2745 950 corpore
2774 881 3020 944 exierint,
3052 880 3382 937 oﬂ'erendum
3443 901 3463 935 ι
3513 881 3738 956 (Supra

2150 971 2237 1026 lib.
2271 973 2323 1038 1,
2355 989 2408 1026 n.
2435 974 2521 1037 15,
2546 983 2592 1027 et
2619 973 2708 1028 lib.
2748 974 2803 1041 2,
2828 991 2881 1028 η.
2927 974 3041 1045 15),
3071 974 3114 1029 si
3138 975 3220 1030 vis
3245 990 3366 1030 esse
3409 976 3734 1032 catholicus.

2150 1064 2281 1132 Quia
2309 1082 2408 1122 nec
2435 1067 2564 1122 illud
2590 1068 2728 1138 quod
2755 1068 2822 1123 de
2852 1067 3270 1123 Machabazorum
3309 1068 3458 1124 libris
3485 1083 3731 1144 comme-

2149 1159 2372 1214 morasti
2415 1159 2730 1214 sacriﬁcium
2774 1158 3077 1214 Jndieorum
3106 1157 3184 1230 (ll
3214 1157 3451 1213 Maehab.
3482 1174 3552 1213 xu
3577 1201 3602 1226 .,
3633 1157 3748 1214 39-

2150 1249 2265 1322 46).
2299 1267 2394 1321 pro
2419 1252 2498 1307 eis
2523 1252 2612 1322 qui
2641 1267 2747 1307 non
2778 1252 3080 1307 circumcisi
3108 1252 3175 1306 de
3214 1265 3440 1322 corpore
3467 1253 3740 1320 exierant,

2151 1343 2388 1399 ostendis
2434 1345 2690 1399 oblatum.
2735 1344 2790 1398 ln
2821 1359 2921 1414 qua
2951 1354 3038 1398 tua
3066 1343 3325 1398 sententia
3355 1353 3460 1398 tam
3493 1357 3652 1409 nova,
3685 1351 3744 1398 et

2151 1443 2334 1490 contra
2381 1436 2634 1491 Ecclesiae
2677 1437 2837 1490 totius
2877 1436 3246 1490 auctoritatem
3293 1433 3742 1504 disciplinamque

2152 1527 2381 1596 prolata,
2414 1528 2768 1584 verbo-etiam
2800 1527 3220 1582 insolentissimo
3247 1539 3376 1581 usus
3420 1541 3502 1590 es,
3526 1525 3738 1592 dicens,

2159 1636 2177 1669 ‹
2213 1619 2316 1673 Pro
2348 1619 2430 1672 his
2458 1633 2587 1673 sane
2614 1619 2910 1674 oblationes
2940 1619 3184 1674 assiduas
3210 1627 3266 1673 et
3289 1617 3562 1674 oﬁ‘erenda
3598 1617 3744 1690 jugi-

2156 1721 2236 1765 ter
2281 1719 2586 1765 sanctorum
2626 1725 2822 1766 censeo
2851 1709 3107 1766 sacriﬁcia
3132 1709 3468 1765 sacerdotum
3495 1727 3508 1763 :
3542 1727 3563 1762 ι
3605 1719 3666 1764 ιιι
3687 1719 3742 1766 te

2155 1802 2315 1858 homo
2342 1803 2506 1858 laicus
2535 1803 2898 1858 sacerdotibus
2925 1803 3016 1858 Dei
3041 1817 3146 1858 nec
3175 1803 3428 1858 discendo
3453 1802 3742 1870 subderes,

2155 1908 2254 1948 nec
2286 1893 2472 1948 saltem
2504 1893 2663 1947 simul
2699 1893 2988 1961 quaerendo
3034 1895 3310 1959 misceres,
3341 1893 3435 1948 sed
3469 1893 3746 1950 censendo

2155 2000 2516 2054 praeponeres.
2550 1985 2713 2040 Aufer
2743 1985 2836 2039 tibi
2865 1985 2986 2052 ista,
3019 1984 3091 2039 ﬁli
3118 2003 3130 2039 :
3155 2000 3260 2040 non
3287 1985 3366 2040 sic
3385 1984 3562 2052 invia,
3581 2001 3746 2055 quam

2154 2074 2399 2130 Christus
2427 2075 2641 2130 humilis
2688 2091 2747 2130 se
2787 2077 2960 2148 ipsum
3009 2091 3130 2132 esse
3177 2076 3376 2142 docuit,
3406 2077 3748 2142 ambulatur;

2155 2166 2332 2221 nullus
2355 2182 2477 2221 cum
2505 2167 2609 2223 hoc
2632 2175 2846 2224 tumore
2872 2173 2967 2239 per
2993 2177 3270 2246 angustam
3298 2177 3508 2239 portam
3526 2169 3648 2240 ejus
3665 2169 3751 2224 in-

2155 2260 2416 2329 greditur.

2226 2350 2452 2406 CAPUT
2489 2350 2628 2408 Xlll.
2655 2382 2728 2394 —-
2753 2349 2841 2408 i9.
2870 2351 2986 2407 Noli
3015 2351 3262 2419 credere,
3287 2367 3389 2410 nec
3415 2352 3617 2420 dicere,
3649 2367 3751 2410 nec

2156 2441 2369 2508 docere,
2406 2461 2424 2493 ι
2459 2443 2678 2513 Aliquos
2717 2457 2904 2498 eorum
2951 2444 3039 2514 qui
3083 2443 3202 2499 sine
3241 2443 3516 2513 Baptismo
3543 2443 3752 2499 Christi

2157 2548 2224 2586 ex
2255 2532 2353 2588 hac
2379 2533 2482 2588 vita
2512 2535 2909 2604 emigraverint,
2933 2535 3145 2589 interim
3177 2551 3283 2589 non
3323 2535 3402 2590 ire
3427 2536 3479 2589 in
3517 2549 3748 2606 regnum

2158 2623 2435 2690 caelorum,
2469 2623 2566 2679 sed
2602 2624 2655 2678 in
2697 2625 3002 2694 paradisum
3032 2641 3048 2691 ;
3076 2635 3260 2694 postea
3283 2639 3439 2691 vero,
3469 2626 3522 2680 in
3561 2640 3758 2681 resur-

2158 2716 2396 2770 rectione
2427 2725 2758 2770 mortuorum
2775 2757 2791 2784 ,
2821 2718 2982 2772 etiam
3009 2717 3075 2772 ad
3103 2719 3250 2788 regni
3277 2718 3536 2773 calorum
3563 2716 3750 2773 beati-

2159 2808 2396 2862 tudinem
2427 2809 2706 2879 pervenire
2734 2829 2753 2862 ι
2795 2809 2992 2882 (Supra
3020 2809 3108 2866 tib.
3135 2811 3192 2875 2,
3219 2829 3274 2865 η.
3303 2810 3415 2881 16),
3447 2813 3490 2866 si
3519 2811 3602 2867 vis
3624 2825 3752 2868 esse

2160 2901 2472 2956 catholicus.
2506 2901 2620 2956 Hoc
2644 2903 2787 2957 enim
2819 2903 2898 2958 eis
2925 2901 3057 2959 dare
3086 2917 3188 2958 nec
3212 2903 3496 2975 Pelagiana
3525 2903 3756 2959 haeresis

2159 3007 2289 3047 ausa
2314 3001 2413 3058 est,
2437 3009 2556 3063 qua":
2581 2993 2828 3064 opinatur
2850 2996 3103 3064 parvulos
3123 3011 3228 3050 non
3255 2995 3465 3052 trahere
3485 2995 3754 3068 originale

2161 3094 2476 3154 peccatum:
2525 3099 2661 3155 quos
2714 3093 2771 3140 tu
2819 3087 3062 3157 quamvis
3089 3087 3229 3143 sicut
3281 3089 3575 3144 catholicus
3619 3105 3744 3145 cum

2163 3185 2380 3245 peccato
2405 3176 2550 3232 nasci
2581 3177 2814 3240 fatearis,
2845 3179 3026 3234 nescio
3047 3193 3151 3249 qua
3183 3188 3360 3234 tamen
3393 3181 3752 3249 perversioris

2162 3267 2396 3323 novitate
2439 3268 2724 3337 opinionis,
2773 3269 2890 3324 sine
2939 3269 3264 3338 Baptismate
3303 3271 3546 3336 salutari,
3573 3281 3629 3327 et
3675 3271 3748 3326 ab

2163 3358 2266 3414 hoc
2291 3367 2508 3429 peccato
2527 3375 2773 3429 cumquo
2793 3367 3086 3416 nascuntur
3111 3361 3341 3428 absolvi,
3369 3370 3422 3417 et
3448 3364 3499 3416 in
3525 3379 3752 3434 regnum

2163 3452 2419 3508 caelorum
2455 3453 2651 3508 asseris
2680 3451 2964 3507 introduci.
2994 3451 3179 3523 Neque
3207 3453 3539 3520 consideras,
3567 3456 3620 3509 in
3651 3455 3756 3512 bac

2164 3559 2326 3600 causa
2365 3552 2564 3614 quanto
2615 3543 2848 3599 deterius
2899 3544 3076 3614 sapias
3127 3560 3287 3615 quam
3339 3545 3609 3616 Pelagius.
3659 3546 3756 3602 Ille

2163 3640 2358 3710 quippe
2385 3638 2703 3694 dominicam
2725 3638 3044 3692 sententiam
3069 3640 3476 3708 pertimescens,
3505 3655 3609 3708 qua
3635 3655 3750 3696 non

2164 3730 2412 3802 baptizati
2449 3731 2504 3786 in
2553 3746 2775 3801 regnum
2812 3731 3074 3787 caelorum
3117 3746 3224 3786 non
3255 3731 3639 3801 permittuntur
3665 3732 3754 3788 in-

2165 3834 2325 3890 trare,
2354 3825 2481 3881 licet
2506 3839 2600 3880 eos
2628 3839 2764 3896 quos
2787 3823 2857 3879 ab
2896 3825 3040 3878 omni
3079 3833 3300 3893 peccato
3329 3825 3528 3880 liberos
3553 3825 3755 3894 credit,

2166 3937 2273 3976 non
2301 3919 2391 3974 illo
2417 3920 2574 3974 audet
2601 3919 2858 3990 parvulos
2883 3918 3094 3974 mittere
3123 3935 3137 3972 :
3159 3927 3216 3973 tu
3239 3933 3371 3974 vero
3396 3918 3476 3974 sic
3499 3927 3755 3976 eontem-

2167 4011 2249 4068 nis
2277 4011 2416 4082 quod
2437 4009 2637 4066 dictum
2657 4019 2772 4076 est,
2789 4010 2850 4066 Si
2873 4010 2984 4078 quis
3005 4025 3107 4064 non
3131 4019 3336 4064 renatus
3361 4009 3512 4082 fuerit
3536 4025 3600 4065 es:
3617 4025 3758 4080 aqua

2167 4115 2214 4160 et
2245 4105 2462 4175 Spiritu,
2489 4119 2591 4159 non
2619 4113 2780 4174 potest
2819 4103 3030 4157 introire
3071 4103 3126 4157 in
3169 4119 3380 4173 regnum
3405 4102 3543 4168 Dei;
3569 4111 3630 4158 ut
3655 4119 3758 4158 ex-

2169 4207 2324 4268 cepto
2349 4212 2550 4263 errore,
2579 4213 2684 4267 quo
2703 4195 2869 4252 audes
2897 4211 2927 4250 a
2955 4209 3120 4266 regno
3146 4195 3240 4251 Dei
3269 4196 3572 4264 paradisum
3593 4211 3758 4264 sepa-

2167 4305 2309 4355 rare,
2337 4289 2652 4360 quibusdam
2697 4303 2833 4358 quos
2877 4302 3000 4343 reos
3044 4287 3211 4353 nasci,
3245 4289 3384 4342 sicut
3427 4287 3752 4357 catholicus,

2169 4386 2362 4452 credis,
2392 4387 2508 4440 sine
2533 4382 2856 4452 Baptismate
2883 4379 3138 4444 mortuis,
3169 4389 3223 4436 et
3265 4379 3407 4435 illius
3445 4388 3626 4436 reatus
3653 4381 3758 4435 ab-

2168 4477 2509 4546 solutionem,
2536 4486 2590 4530 et
2615 4489 2833 4544 regnum
2855 4473 3117 4528 caelorum
3147 4487 3256 4526 non
3285 4471 3501 4529 dubites
3525 4473 3756 4545 insuper

2169 4567 2828 4640 polliceri:quasi~coutra
2857 4564 3126 4637 Pelagium
3165 4567 3218 4620 in
3257 4566 3498 4638 originali
3533 4577 3764 4637 peccato

2169 4662 2459 4719 astruendo
2475 4671 2599 4717 tunc
2621 4675 2744 4717 esse
2765 4658 2943 4729 possis
2963 4659 3256 4715 catholicus
3283 4673 3460 4726 verus,
3493 4661 3540 4716 si
3567 4670 3762 4716 contra

2171 4757 2454 4812 Dominum
2480 4755 2643 4810 fueris
2663 4754 2716 4810 in
2744 4752 3069 4810 destruenda
3101 4753 3216 4823 ejus
3241 4753 3308 4808 de
3334 4753 3608 4824 Baptismo
3627 4769 3762 4812 sen-

2171 4848 2336 4904 tentia
2363 4847 2646 4902 haereticus
2673 4859 2866 4900 novus.
2895 4843 3004 4900 Nos
3033 4853 3105 4910 te,
3139 4844 3504 4914 dilectissime,
3539 4861 3649 4902 non
3683 4847 3766 4904 sic

2169 4939 2417 4994 volumus
2443 4937 2814 4992 haereticorum
2845 4950 2965 4991 esse
2989 4935 3270 5000 victorem,
3303 4945 3362 4991 ut
3399 4951 3553 4992 error
3581 4939 3766 4994 vincat

2171 5045 2428 5096 errorem,
2467 5037 2543 5095 et,
2585 5027 2724 5098 quod
2757 5037 2839 5083 est
2879 5027 3050 5098 pejus,
3091 5029 3261 5098 major
3298 5031 3583 5086 minorem.
3619 5030 3768 5086 Dicis

2173 5126 2352 5182 enim:
2391 5141 2412 5176 ι
2453 5123 2562 5176 Aut
2601 5123 2647 5177 si
2691 5119 2830 5175 forte
2867 5121 3131 5190 quispiam
3171 5121 3484 5189 reluctetur,
3535 5123 3768 5178 latronis

2173 5217 2366 5270 animae
2401 5214 2488 5269 vel
2533 5212 2830 5268 Dinocratis
2877 5212 3090 5267 interim
3142 5215 3463 5283 temporarie
3503 5216 3764 5271 collatum

2175 5323 2296 5363 esse
2321 5305 2661 5378 paradisum;
2689 5319 2812 5358 nam
2845 5317 3132 5374 superesse
3157 5304 3264 5358 illis
3293 5303 3473 5360 adhuc
3501 5307 3554 5360 in
3585 5321 3770 5362 resur-

2173 5399 2418 5455 rectione
2456 5397 2732 5467 praemium
2779 5395 2927 5466 regni
2978 5395 3272 5461 oculorum;
3301 5411 3610 5468 quanquam
3645 5413 3772 5454 sen-

2175 5491 2336 5547 tentia
2385 5490 2472 5544 illa
2517 5487 2824 5558 principalis
2865 5487 3108 5552 obsistat,
3141 5488 3274 5556 Quia
3303 5490 3392 5556 qui
3420 5505 3525 5544 non
3559 5503 3770 5547 renatus

2177 5587 2326 5659 fuerit
2353 5601 2416 5639 ea:
2455 5599 2586 5653 aqua
2611 5591 2657 5636 et
2679 5582 2876 5653 Spiritu
2900 5591 3094 5648 sancto,
3127 5599 3228 5636 non
3251 5582 3454 5636 intrabit
3479 5585 3532 5637 in
3553 5602 3768 5657 regnum

2175 5682 2436 5746 caelorum;
2453 5687 2628 5733 tamen
2651 5683 2828 5731 teneat
2841 5675 3002 5730 etiam
3017 5689 3192 5730 meum
3208 5675 3261 5730 in
3281 5675 3378 5732 bac
3395 5687 3546 5745 parte
3571 5693 3680 5732 non
3697 5680 3782 5734 in-

2176 5774 2402 5830 videntis
2412 5785 2709 5832 assensnm,
2739 5767 2896 5822 modo
2909 5767 3288 5823 misericordia:
3304 5770 3560 5838 praescien
3571 5771 3778 5842 tiaeque

2177 5869 2366 5924 ιιίιεὶιιιυ
2390 5875 2440 5917 ιιι
2468 5862 2710 5918 etinctum
2739 5860 3026 5934 ampliﬁcet
3057 5871 3109 5916 et
3135 5859 3400 5916 alii-ctum.
3437 5881 3454 5916 ι
3489 5862 3618 5922 llzcc
3643 5880 3776 5924 ver-

3423 5957 3454 5978 sb-
