  <div class='ocr_page' id='page_1' title='image "/cluster/home/n/w/nwhite01/storage/ocr_20150623/44-45/uva.x000217727/264.png"; bbox 0 0 3938 6504; ppageno 0'>
   <div class='ocr_carea' id='block_1_1' title="bbox 186 350 2091 430">
    <p class='ocr_par' dir='ltr' id='par_1_1' title="bbox 186 350 2091 430">
     <span class='ocr_line' id='line_1_1' title="bbox 186 350 2091 430; baseline -0.007 -10"><span class='ocrx_word' id='word_1_1' title='bbox 186 370 279 430; x_wconf 70' lang='grc' dir='ltr'><strong>ιιι</strong></span> <span class='ocrx_word' id='word_1_2' title='bbox 1531 353 1736 410; x_wconf 79' lang='lat' dir='ltr'><strong>LIBER</strong></span> <span class='ocrx_word' id='word_1_3' title='bbox 1773 350 2091 409; x_wconf 81' lang='lat' dir='ltr'><strong>TERTIUS.</strong></span> 
     </span>
    </p>
   </div>
   <div class='ocr_carea' id='block_1_2' title="bbox 181 465 1772 542">
    <p class='ocr_par' dir='ltr' id='par_1_2' title="bbox 181 465 1772 542">
     <span class='ocr_line' id='line_1_2' title="bbox 181 465 1772 542; baseline -0.011 -6"><span class='ocrx_word' id='word_1_4' title='bbox 181 485 245 542; x_wconf 80' lang='lat' dir='ltr'><strong>ba</strong></span> <span class='ocrx_word' id='word_1_5' title='bbox 271 490 353 535; x_wconf 89' lang='lat' dir='ltr'><strong>tua</strong></span> <span class='ocrx_word' id='word_1_6' title='bbox 380 483 520 540; x_wconf 87' lang='lat' dir='ltr'><strong>sunt,</strong></span> <span class='ocrx_word' id='word_1_7' title='bbox 564 473 660 530; x_wconf 90' lang='lat' dir='ltr'><strong>ubi</strong></span> <span class='ocrx_word' id='word_1_8' title='bbox 686 483 743 529; x_wconf 91' lang='lat' dir='ltr'><strong>te</strong></span> <span class='ocrx_word' id='word_1_9' title='bbox 770 471 1046 528; x_wconf 87' lang='lat' dir='ltr'><strong>confiteris</strong></span> <span class='ocrx_word' id='word_1_10' title='bbox 1073 469 1378 525; x_wconf 89' lang='lat' dir='ltr'><strong>consentire</strong></span> <span class='ocrx_word' id='word_1_11' title='bbox 1403 467 1619 531; x_wconf 87' lang='lat' dir='ltr'><strong>dicenti,</strong></span> <span class='ocrx_word' id='word_1_12' title='bbox 1653 465 1772 536; x_wconf 88' lang='lat' dir='ltr'><strong>qui-</strong></span> 
     </span>
    </p>
   </div>
   <div class='ocr_carea' id='block_1_3' title="bbox 184 561 1771 638">
    <p class='ocr_par' dir='ltr' id='par_1_3' title="bbox 184 561 1771 638">
     <span class='ocr_line' id='line_1_3' title="bbox 184 561 1771 638; baseline -0.014 -5"><span class='ocrx_word' id='word_1_13' title='bbox 184 575 396 637; x_wconf 83' lang='lat' dir='ltr'><strong>busdam</strong></span> <span class='ocrx_word' id='word_1_14' title='bbox 425 585 528 625; x_wconf 91' lang='lat' dir='ltr'><strong>non</strong></span> <span class='ocrx_word' id='word_1_15' title='bbox 577 568 874 638; x_wconf 81' lang='lat' dir='ltr'><strong>baptizatis</strong></span> <span class='ocrx_word' id='word_1_16' title='bbox 913 567 990 623; x_wconf 90' lang='lat' dir='ltr'><strong>sic</strong></span> <span class='ocrx_word' id='word_1_17' title='bbox 1029 562 1350 635; x_wconf 91' lang='lat' dir='ltr'><strong>temporarie</strong></span> <span class='ocrx_word' id='word_1_18' title='bbox 1377 561 1629 616; x_wconf 89' lang='lat' dir='ltr'><strong>collatum</strong></span> <span class='ocrx_word' id='word_1_19' title='bbox 1652 572 1771 614; x_wconf 85' lang='lat' dir='ltr'><strong>esse</strong></span> 
     </span>
    </p>
   </div>
   <div class='ocr_carea' id='block_1_4' title="bbox 183 650 1771 741">
    <p class='ocr_par' dir='ltr' id='par_1_4' title="bbox 183 650 1771 741">
     <span class='ocr_line' id='line_1_4' title="bbox 183 650 1771 741; baseline -0.013 -19"><span class='ocrx_word' id='word_1_20' title='bbox 183 663 499 741; x_wconf 81' lang='lat' dir='ltr'><strong>paradisum,</strong></span> <span class='ocrx_word' id='word_1_21' title='bbox 523 668 584 714; x_wconf 87' lang='lat' dir='ltr'><strong>ut</strong></span> <span class='ocrx_word' id='word_1_22' title='bbox 599 659 844 729; x_wconf 91' lang='lat' dir='ltr'><strong>supersit</strong></span> <span class='ocrx_word' id='word_1_23' title='bbox 866 659 972 712; x_wconf 81' lang='lat' dir='ltr'><strong>illis</strong></span> <span class='ocrx_word' id='word_1_24' title='bbox 1002 658 1055 711; x_wconf 89' lang='lat' dir='ltr'><strong>in</strong></span> <span class='ocrx_word' id='word_1_25' title='bbox 1081 653 1471 709; x_wconf 82' lang='lat' dir='ltr'><strong>resurrectione</strong></span> <span class='ocrx_word' id='word_1_26' title='bbox 1497 650 1771 722; x_wconf 83' lang='lat' dir='ltr'><strong>praemium</strong></span> 
     </span>
    </p>
   </div>
   <div class='ocr_carea' id='block_1_5' title="bbox 183 745 1773 831">
    <p class='ocr_par' dir='ltr' id='par_1_5' title="bbox 183 745 1773 831">
     <span class='ocr_line' id='line_1_5' title="bbox 183 745 1773 831; baseline -0.013 -14"><span class='ocrx_word' id='word_1_27' title='bbox 183 760 327 831; x_wconf 85' lang='lat' dir='ltr'><strong>regni</strong></span> <span class='ocrx_word' id='word_1_28' title='bbox 368 756 654 821; x_wconf 73' lang='lat' dir='ltr'><strong>cmlorum,</strong></span> <span class='ocrx_word' id='word_1_29' title='bbox 691 763 887 807; x_wconf 89' lang='lat' dir='ltr'><strong>contra</strong></span> <span class='ocrx_word' id='word_1_30' title='bbox 927 748 1243 804; x_wconf 86' lang='lat' dir='ltr'><strong>sententiam</strong></span> <span class='ocrx_word' id='word_1_31' title='bbox 1278 745 1646 816; x_wconf 77' lang='lat' dir='ltr'><strong>principalem,</strong></span> <span class='ocrx_word' id='word_1_32' title='bbox 1673 757 1773 813; x_wconf 86' lang='lat' dir='ltr'><strong>qua</strong></span> 
     </span>
    </p>
   </div>
   <div class='ocr_carea' id='block_1_6' title="bbox 184 835 1774 912">
    <p class='ocr_par' dir='ltr' id='par_1_6' title="bbox 184 835 1774 912">
     <span class='ocr_line' id='line_1_6' title="bbox 184 835 1774 912; baseline -0.011 -5"><span class='ocrx_word' id='word_1_33' title='bbox 184 851 528 909; x_wconf 86' lang='lat' dir='ltr'><strong>constitutum</strong></span> <span class='ocrx_word' id='word_1_34' title='bbox 559 857 664 912; x_wconf 88' lang='lat' dir='ltr'><strong>est,</strong></span> <span class='ocrx_word' id='word_1_35' title='bbox 693 861 803 900; x_wconf 91' lang='lat' dir='ltr'><strong>non</strong></span> <span class='ocrx_word' id='word_1_36' title='bbox 832 846 1150 898; x_wconf 77' lang='lat' dir='ltr'><strong>intraturum</strong></span> <span class='ocrx_word' id='word_1_37' title='bbox 1179 842 1231 893; x_wconf 92' lang='lat' dir='ltr'><strong>in</strong></span> <span class='ocrx_word' id='word_1_38' title='bbox 1259 838 1392 893; x_wconf 88' lang='lat' dir='ltr'><strong>illud</strong></span> <span class='ocrx_word' id='word_1_39' title='bbox 1418 852 1660 908; x_wconf 87' lang='lat' dir='ltr'><strong>regnum,</strong></span> <span class='ocrx_word' id='word_1_40' title='bbox 1684 835 1774 905; x_wconf 90' lang='lat' dir='ltr'><strong>qui</strong></span> 
     </span>
    </p>
   </div>
   <div class='ocr_carea' id='block_1_7' title="bbox 183 928 1770 1005">
    <p class='ocr_par' dir='ltr' id='par_1_7' title="bbox 183 928 1770 1005">
     <span class='ocr_line' id='line_1_7' title="bbox 183 928 1770 1005; baseline -0.012 -6"><span class='ocrx_word' id='word_1_41' title='bbox 183 960 284 1000; x_wconf 89' lang='lat' dir='ltr'><strong>non</strong></span> <span class='ocrx_word' id='word_1_42' title='bbox 307 949 530 996; x_wconf 89' lang='lat' dir='ltr'><strong>renatus</strong></span> <span class='ocrx_word' id='word_1_43' title='bbox 573 937 734 992; x_wconf 87' lang='lat' dir='ltr'><strong>fuerit</strong></span> <span class='ocrx_word' id='word_1_44' title='bbox 762 953 830 991; x_wconf 90' lang='lat' dir='ltr'><strong>ex</strong></span> <span class='ocrx_word' id='word_1_45' title='bbox 860 949 996 1005; x_wconf 91' lang='lat' dir='ltr'><strong>aqua</strong></span> <span class='ocrx_word' id='word_1_46' title='bbox 1036 943 1090 988; x_wconf 89' lang='lat' dir='ltr'><strong>et</strong></span> <span class='ocrx_word' id='word_1_47' title='bbox 1133 930 1335 1001; x_wconf 89' lang='lat' dir='ltr'><strong>Spiritu</strong></span> <span class='ocrx_word' id='word_1_48' title='bbox 1365 939 1570 983; x_wconf 92' lang='lat' dir='ltr'><strong>sancto.</strong></span> <span class='ocrx_word' id='word_1_49' title='bbox 1598 928 1770 995; x_wconf 86' lang='lat' dir='ltr'><strong>Quam</strong></span> 
     </span>
    </p>
   </div>
   <div class='ocr_carea' id='block_1_8' title="bbox 186 1020 1776 1102">
    <p class='ocr_par' dir='ltr' id='par_1_8' title="bbox 186 1020 1776 1102">
     <span class='ocr_line' id='line_1_8' title="bbox 186 1020 1776 1102; baseline -0.011 -10"><span class='ocrx_word' id='word_1_50' title='bbox 186 1035 501 1092; x_wconf 84' lang='lat' dir='ltr'><strong>sententiam</strong></span> <span class='ocrx_word' id='word_1_51' title='bbox 529 1029 884 1102; x_wconf 84' lang='lat' dir='ltr'><strong>principalem</strong></span> <span class='ocrx_word' id='word_1_52' title='bbox 926 1028 1116 1080; x_wconf 89' lang='lat' dir='ltr'><strong>timens</strong></span> <span class='ocrx_word' id='word_1_53' title='bbox 1154 1022 1359 1077; x_wconf 86' lang='lat' dir='ltr'><strong>violare</strong></span> <span class='ocrx_word' id='word_1_54' title='bbox 1383 1020 1648 1092; x_wconf 90' lang='lat' dir='ltr'><strong>Pelagius,</strong></span> <span class='ocrx_word' id='word_1_55' title='bbox 1676 1034 1776 1074; x_wconf 90' lang='lat' dir='ltr'><strong>nec</strong></span> 
     </span>
    </p>
   </div>
   <div class='ocr_carea' id='block_1_9' title="bbox 187 1110 1776 1192">
    <p class='ocr_par' dir='ltr' id='par_1_9' title="bbox 187 1110 1776 1192">
     <span class='ocr_line' id='line_1_9' title="bbox 187 1110 1776 1192; baseline -0.013 -10"><span class='ocrx_word' id='word_1_56' title='bbox 187 1128 299 1182; x_wconf 89' lang='lat' dir='ltr'><strong>illos</strong></span> <span class='ocrx_word' id='word_1_57' title='bbox 326 1124 448 1178; x_wconf 89' lang='lat' dir='ltr'><strong>sine</strong></span> <span class='ocrx_word' id='word_1_58' title='bbox 479 1122 754 1192; x_wconf 84' lang='lat' dir='ltr'><strong>Baptismo</strong></span> <span class='ocrx_word' id='word_1_59' title='bbox 781 1121 835 1174; x_wconf 90' lang='lat' dir='ltr'><strong>in</strong></span> <span class='ocrx_word' id='word_1_60' title='bbox 870 1132 1092 1188; x_wconf 77' lang='lat' dir='ltr'><strong>regnum</strong></span> <span class='ocrx_word' id='word_1_61' title='bbox 1122 1115 1382 1171; x_wconf 62' lang='lat' dir='ltr'><strong>calorum</strong></span> <span class='ocrx_word' id='word_1_62' title='bbox 1425 1111 1652 1167; x_wconf 91' lang='lat' dir='ltr'><strong>credidit</strong></span> <span class='ocrx_word' id='word_1_63' title='bbox 1690 1110 1776 1164; x_wconf 87' lang='lat' dir='ltr'><strong>in-</strong></span> 
     </span>
    </p>
   </div>
   <div class='ocr_carea' id='block_1_10' title="bbox 187 1202 1776 1283">
    <p class='ocr_par' dir='ltr' id='par_1_10' title="bbox 187 1202 1776 1283">
     <span class='ocr_line' id='line_1_10' title="bbox 187 1202 1776 1283; baseline -0.01 -12"><span class='ocrx_word' id='word_1_64' title='bbox 187 1225 446 1280; x_wconf 84' lang='lat' dir='ltr'><strong>traturos,</strong></span> <span class='ocrx_word' id='word_1_65' title='bbox 492 1229 630 1283; x_wconf 89' lang='lat' dir='ltr'><strong>quos</strong></span> <span class='ocrx_word' id='word_1_66' title='bbox 658 1227 763 1266; x_wconf 89' lang='lat' dir='ltr'><strong>non</strong></span> <span class='ocrx_word' id='word_1_67' title='bbox 794 1209 1021 1266; x_wconf 85' lang='lat' dir='ltr'><strong>credidit</strong></span> <span class='ocrx_word' id='word_1_68' title='bbox 1050 1222 1207 1262; x_wconf 88' lang='lat' dir='ltr'><strong>reos:</strong></span> <span class='ocrx_word' id='word_1_69' title='bbox 1231 1217 1286 1260; x_wconf 90' lang='lat' dir='ltr'><strong>tu</strong></span> <span class='ocrx_word' id='word_1_70' title='bbox 1329 1214 1508 1267; x_wconf 85' lang='lat' dir='ltr'><strong>autem</strong></span> <span class='ocrx_word' id='word_1_71' title='bbox 1533 1213 1587 1258; x_wconf 90' lang='lat' dir='ltr'><strong>et</strong></span> <span class='ocrx_word' id='word_1_72' title='bbox 1611 1202 1776 1272; x_wconf 90' lang='lat' dir='ltr'><strong>origi-</strong></span> 
     </span>
    </p>
   </div>
   <div class='ocr_carea' id='block_1_11' title="bbox 189 1295 1777 1374">
    <p class='ocr_par' dir='ltr' id='par_1_11' title="bbox 189 1295 1777 1374">
     <span class='ocr_line' id='line_1_11' title="bbox 189 1295 1777 1374; baseline -0.01 -12"><span class='ocrx_word' id='word_1_73' title='bbox 189 1307 318 1364; x_wconf 84' lang='lat' dir='ltr'><strong>nalis</strong></span> <span class='ocrx_word' id='word_1_74' title='bbox 347 1303 560 1374; x_wconf 82' lang='lat' dir='ltr'><strong>peccati</strong></span> <span class='ocrx_word' id='word_1_75' title='bbox 609 1317 731 1356; x_wconf 87' lang='lat' dir='ltr'><strong>reos</strong></span> <span class='ocrx_word' id='word_1_76' title='bbox 777 1299 1025 1370; x_wconf 89' lang='lat' dir='ltr'><strong>parvulos</strong></span> <span class='ocrx_word' id='word_1_77' title='bbox 1065 1295 1368 1363; x_wconf 83' lang='lat' dir='ltr'><strong>conﬁteris,</strong></span> <span class='ocrx_word' id='word_1_78' title='bbox 1398 1304 1454 1350; x_wconf 88' lang='lat' dir='ltr'><strong>et</strong></span> <span class='ocrx_word' id='word_1_79' title='bbox 1478 1303 1655 1348; x_wconf 89' lang='lat' dir='ltr'><strong>tamen</strong></span> <span class='ocrx_word' id='word_1_80' title='bbox 1683 1306 1777 1348; x_wconf 91' lang='lat' dir='ltr'><strong>eos</strong></span> 
     </span>
    </p>
   </div>
   <div class='ocr_carea' id='block_1_12' title="bbox 189 1384 1775 1464">
    <p class='ocr_par' dir='ltr' id='par_1_12' title="bbox 189 1384 1775 1464">
     <span class='ocr_line' id='line_1_12' title="bbox 189 1384 1775 1464; baseline -0.011 -10"><span class='ocrx_word' id='word_1_81' title='bbox 189 1400 297 1456; x_wconf 80' lang='lat' dir='ltr'><strong>sine</strong></span> <span class='ocrx_word' id='word_1_82' title='bbox 321 1396 546 1450; x_wconf 88' lang='lat' dir='ltr'><strong>lavacro</strong></span> <span class='ocrx_word' id='word_1_83' title='bbox 580 1391 1000 1464; x_wconf 83' lang='lat' dir='ltr'><strong>regenerationis</strong></span> <span class='ocrx_word' id='word_1_84' title='bbox 1026 1387 1280 1453; x_wconf 89' lang='lat' dir='ltr'><strong>absolvis,</strong></span> <span class='ocrx_word' id='word_1_85' title='bbox 1308 1395 1364 1442; x_wconf 92' lang='lat' dir='ltr'><strong>et</strong></span> <span class='ocrx_word' id='word_1_86' title='bbox 1387 1387 1439 1440; x_wconf 92' lang='lat' dir='ltr'><strong>in</strong></span> <span class='ocrx_word' id='word_1_87' title='bbox 1471 1384 1775 1456; x_wconf 85' lang='lat' dir='ltr'><strong>paradisum</strong></span> 
     </span>
    </p>
   </div>
   <div class='ocr_carea' id='block_1_13' title="bbox 190 1478 1779 1557">
    <p class='ocr_par' dir='ltr' id='par_1_13' title="bbox 190 1478 1779 1557">
     <span class='ocr_line' id='line_1_13' title="bbox 190 1478 1779 1557; baseline -0.009 -10"><span class='ocrx_word' id='word_1_88' title='bbox 190 1489 374 1556; x_wconf 84' lang='lat' dir='ltr'><strong>mittis,</strong></span> <span class='ocrx_word' id='word_1_89' title='bbox 405 1496 465 1544; x_wconf 90' lang='lat' dir='ltr'><strong>et</strong></span> <span class='ocrx_word' id='word_1_90' title='bbox 489 1495 679 1557; x_wconf 84' lang='lat' dir='ltr'><strong>postea</strong></span> <span class='ocrx_word' id='word_1_91' title='bbox 698 1483 861 1540; x_wconf 84' lang='lat' dir='ltr'><strong>etiam</strong></span> <span class='ocrx_word' id='word_1_92' title='bbox 890 1497 1110 1555; x_wconf 85' lang='lat' dir='ltr'><strong>regnum</strong></span> <span class='ocrx_word' id='word_1_93' title='bbox 1137 1478 1398 1536; x_wconf 53' lang='lat' dir='ltr'><strong>caelorum</strong></span> <span class='ocrx_word' id='word_1_94' title='bbox 1428 1478 1633 1533; x_wconf 89' lang='lat' dir='ltr'><strong>intrare</strong></span> <span class='ocrx_word' id='word_1_95' title='bbox 1663 1492 1779 1549; x_wconf 86' lang='lat' dir='ltr'><strong>per-</strong></span> 
     </span>
    </p>
   </div>
   <div class='ocr_carea' id='block_1_14' title="bbox 191 1583 370 1639">
    <p class='ocr_par' dir='ltr' id='par_1_14' title="bbox 191 1583 370 1639">
     <span class='ocr_line' id='line_1_14' title="bbox 191 1583 370 1639; baseline -0.022 0"><span class='ocrx_word' id='word_1_96' title='bbox 191 1583 370 1639; x_wconf 89' lang='lat' dir='ltr'><strong>mittis.</strong></span> 
     </span>
    </p>
   </div>
   <div class='ocr_carea' id='block_1_15' title="bbox 256 1661 1779 1736">
    <p class='ocr_par' dir='ltr' id='par_1_15' title="bbox 256 1661 1779 1736">
     <span class='ocr_line' id='line_1_15' title="bbox 256 1661 1779 1736; baseline -0.009 -8"><span class='ocrx_word' id='word_1_97' title='bbox 256 1670 491 1728; x_wconf 82' lang='lat' dir='ltr'><strong>CAPUT</strong></span> <span class='ocrx_word' id='word_1_98' title='bbox 531 1668 676 1724; x_wconf 70' lang='grc' dir='ltr'><strong>ΚΝ.</strong></span> <span class='ocrx_word' id='word_1_99' title='bbox 726 1699 801 1709; x_wconf 96' lang='grc'><strong><em>-</em></strong></span> <span class='ocrx_word' id='word_1_100' title='bbox 823 1668 916 1723; x_wconf 76' lang='lat'><strong>20.</strong></span> <span class='ocrx_word' id='word_1_101' title='bbox 946 1666 1070 1722; x_wconf 67' lang='lat' dir='ltr'><strong>Haec</strong></span> <span class='ocrx_word' id='word_1_102' title='bbox 1095 1673 1253 1736; x_wconf 88' lang='lat' dir='ltr'><strong>atque</strong></span> <span class='ocrx_word' id='word_1_103' title='bbox 1275 1661 1606 1734; x_wconf 70' lang='lat' dir='ltr'><strong>huiusmodi,</strong></span> <span class='ocrx_word' id='word_1_104' title='bbox 1635 1661 1678 1716; x_wconf 88' lang='lat' dir='ltr'><strong>si</strong></span> <span class='ocrx_word' id='word_1_105' title='bbox 1722 1669 1779 1716; x_wconf 93' lang='lat' dir='ltr'><strong>et</strong></span> 
     </span>
    </p>
   </div>
   <div class='ocr_carea' id='block_1_16' title="bbox 192 1750 1780 1820">
    <p class='ocr_par' dir='ltr' id='par_1_16' title="bbox 192 1750 1780 1820">
     <span class='ocr_line' id='line_1_16' title="bbox 192 1750 1780 1820; baseline -0.009 -2"><span class='ocrx_word' id='word_1_106' title='bbox 192 1764 286 1820; x_wconf 79' lang='lat' dir='ltr'><strong>alia</strong></span> <span class='ocrx_word' id='word_1_107' title='bbox 314 1760 553 1816; x_wconf 77' lang='lat' dir='ltr'><strong>forsitan</strong></span> <span class='ocrx_word' id='word_1_108' title='bbox 594 1760 648 1814; x_wconf 89' lang='lat' dir='ltr'><strong>in</strong></span> <span class='ocrx_word' id='word_1_109' title='bbox 686 1758 788 1813; x_wconf 87' lang='lat' dir='ltr'><strong>tuis</strong></span> <span class='ocrx_word' id='word_1_110' title='bbox 826 1758 976 1812; x_wconf 89' lang='lat' dir='ltr'><strong>libris</strong></span> <span class='ocrx_word' id='word_1_111' title='bbox 1004 1756 1256 1811; x_wconf 87' lang='lat' dir='ltr'><strong>attentior</strong></span> <span class='ocrx_word' id='word_1_112' title='bbox 1293 1762 1349 1809; x_wconf 90' lang='lat' dir='ltr'><strong>et</strong></span> <span class='ocrx_word' id='word_1_113' title='bbox 1384 1751 1606 1807; x_wconf 91' lang='lat' dir='ltr'><strong>otiosior</strong></span> <span class='ocrx_word' id='word_1_114' title='bbox 1631 1750 1780 1806; x_wconf 90' lang='lat' dir='ltr'><strong>inve-</strong></span> 
     </span>
    </p>
   </div>
   <div class='ocr_carea' id='block_1_17' title="bbox 193 1843 1780 1925">
    <p class='ocr_par' dir='ltr' id='par_1_17' title="bbox 193 1843 1780 1925">
     <span class='ocr_line' id='line_1_17' title="bbox 193 1843 1780 1925; baseline -0.008 -13"><span class='ocrx_word' id='word_1_115' title='bbox 193 1859 302 1912; x_wconf 88' lang='lat' dir='ltr'><strong>nire</strong></span> <span class='ocrx_word' id='word_1_116' title='bbox 337 1854 610 1925; x_wconf 79' lang='lat' dir='ltr'><strong>potueris,</strong></span> <span class='ocrx_word' id='word_1_117' title='bbox 639 1853 758 1907; x_wconf 86' lang='lat' dir='ltr'><strong>sine</strong></span> <span class='ocrx_word' id='word_1_118' title='bbox 786 1852 891 1906; x_wconf 89' lang='lat' dir='ltr'><strong>ulla</strong></span> <span class='ocrx_word' id='word_1_119' title='bbox 918 1849 1171 1904; x_wconf 88' lang='lat' dir='ltr'><strong>dilatione</strong></span> <span class='ocrx_word' id='word_1_120' title='bbox 1191 1846 1302 1918; x_wconf 87' lang='lat' dir='ltr'><strong>jam</strong></span> <span class='ocrx_word' id='word_1_121' title='bbox 1333 1845 1564 1916; x_wconf 89' lang='lat' dir='ltr'><strong>corrige,</strong></span> <span class='ocrx_word' id='word_1_122' title='bbox 1595 1845 1642 1900; x_wconf 89' lang='lat' dir='ltr'><strong>si</strong></span> <span class='ocrx_word' id='word_1_123' title='bbox 1665 1843 1780 1899; x_wconf 87' lang='lat' dir='ltr'><strong>ani-</strong></span> 
     </span>
    </p>
   </div>
   <div class='ocr_carea' id='block_1_18' title="bbox 194 1939 1780 2016">
    <p class='ocr_par' dir='ltr' id='par_1_18' title="bbox 194 1939 1780 2016">
     <span class='ocr_line' id='line_1_18' title="bbox 194 1939 1780 2016; baseline -0.009 -9"><span class='ocrx_word' id='word_1_124' title='bbox 194 1966 329 2007; x_wconf 83' lang='lat' dir='ltr'><strong>mum</strong></span> <span class='ocrx_word' id='word_1_125' title='bbox 353 1946 688 2001; x_wconf 85' lang='lat' dir='ltr'><strong>catholicum</strong></span> <span class='ocrx_word' id='word_1_126' title='bbox 705 1945 870 2016; x_wconf 89' lang='lat' dir='ltr'><strong>geris,</strong></span> <span class='ocrx_word' id='word_1_127' title='bbox 897 1943 952 1998; x_wconf 92' lang='lat' dir='ltr'><strong>id</strong></span> <span class='ocrx_word' id='word_1_128' title='bbox 977 1951 1078 2010; x_wconf 91' lang='lat' dir='ltr'><strong>est,</strong></span> <span class='ocrx_word' id='word_1_129' title='bbox 1107 1942 1153 1997; x_wconf 88' lang='lat' dir='ltr'><strong>si</strong></span> <span class='ocrx_word' id='word_1_130' title='bbox 1177 1940 1439 1996; x_wconf 84' lang='lat' dir='ltr'><strong>veraciter</strong></span> <span class='ocrx_word' id='word_1_131' title='bbox 1463 1939 1780 2011; x_wconf 68' lang='lat' dir='ltr'><strong>praelocutus</strong></span> 
     </span>
    </p>
   </div>
   <div class='ocr_carea' id='block_1_19' title="bbox 194 2032 1779 2110">
    <p class='ocr_par' dir='ltr' id='par_1_19' title="bbox 194 2032 1779 2110">
     <span class='ocr_line' id='line_1_19' title="bbox 194 2032 1779 2110; baseline -0.008 -13"><span class='ocrx_word' id='word_1_132' title='bbox 194 2059 264 2108; x_wconf 82' lang='lat' dir='ltr'><strong>es,</strong></span> <span class='ocrx_word' id='word_1_133' title='bbox 298 2041 513 2106; x_wconf 88' lang='lat' dir='ltr'><strong>dicens,</strong></span> <span class='ocrx_word' id='word_1_134' title='bbox 553 2057 575 2091; x_wconf 85' lang='grc'><strong>‹</strong></span> <span class='ocrx_word' id='word_1_135' title='bbox 603 2037 746 2110; x_wconf 90' lang='lat' dir='ltr'><strong>quod</strong></span> <span class='ocrx_word' id='word_1_136' title='bbox 779 2037 873 2092; x_wconf 89' lang='lat' dir='ltr'><strong>tibi</strong></span> <span class='ocrx_word' id='word_1_137' title='bbox 913 2034 1016 2108; x_wconf 90' lang='lat' dir='ltr'><strong>ipsi</strong></span> <span class='ocrx_word' id='word_1_138' title='bbox 1038 2033 1290 2090; x_wconf 89' lang='lat' dir='ltr'><strong>credulus</strong></span> <span class='ocrx_word' id='word_1_139' title='bbox 1310 2047 1416 2088; x_wconf 90' lang='lat' dir='ltr'><strong>non</strong></span> <span class='ocrx_word' id='word_1_140' title='bbox 1436 2032 1533 2100; x_wconf 88' lang='lat' dir='ltr'><strong>sis,</strong></span> <span class='ocrx_word' id='word_1_141' title='bbox 1561 2047 1624 2086; x_wconf 88' lang='lat' dir='ltr'><strong>ea</strong></span> <span class='ocrx_word' id='word_1_142' title='bbox 1651 2045 1779 2102; x_wconf 89' lang='lat' dir='ltr'><strong>pro-</strong></span> 
     </span>
    </p>
   </div>
   <div class='ocr_carea' id='block_1_20' title="bbox 191 2123 1780 2206">
    <p class='ocr_par' dir='ltr' id='par_1_20' title="bbox 191 2123 1780 2206">
     <span class='ocr_line' id='line_1_20' title="bbox 191 2123 1780 2206; baseline -0.009 -13"><span class='ocrx_word' id='word_1_143' title='bbox 191 2137 298 2194; x_wconf 82' lang='lat' dir='ltr'><strong>bari</strong></span> <span class='ocrx_word' id='word_1_144' title='bbox 320 2150 484 2206; x_wconf 86' lang='lat' dir='ltr'><strong>posse</strong></span> <span class='ocrx_word' id='word_1_145' title='bbox 504 2149 629 2204; x_wconf 78' lang='lat' dir='ltr'><strong>qua:</strong></span> <span class='ocrx_word' id='word_1_146' title='bbox 654 2131 854 2187; x_wconf 90' lang='lat' dir='ltr'><strong>dixeris</strong></span> <span class='ocrx_word' id='word_1_147' title='bbox 872 2148 887 2194; x_wconf 84' lang='lat'><strong>;</strong></span> <span class='ocrx_word' id='word_1_148' title='bbox 915 2139 970 2186; x_wconf 92' lang='lat' dir='ltr'><strong>et</strong></span> <span class='ocrx_word' id='word_1_149' title='bbox 987 2127 1128 2199; x_wconf 87' lang='lat' dir='ltr'><strong>quod</strong></span> <span class='ocrx_word' id='word_1_150' title='bbox 1154 2143 1367 2198; x_wconf 85' lang='lat' dir='ltr'><strong>semper</strong></span> <span class='ocrx_word' id='word_1_151' title='bbox 1385 2126 1600 2182; x_wconf 75' lang='lat' dir='ltr'><strong>studeas</strong></span> <span class='ocrx_word' id='word_1_152' title='bbox 1616 2123 1780 2180; x_wconf 86' lang='lat' dir='ltr'><strong>etiam</strong></span> 
     </span>
    </p>
   </div>
   <div class='ocr_carea' id='block_1_21' title="bbox 191 2214 1784 2302">
    <p class='ocr_par' dir='ltr' id='par_1_21' title="bbox 191 2214 1784 2302">
     <span class='ocr_line' id='line_1_21' title="bbox 191 2214 1784 2302; baseline -0.01 -18"><span class='ocrx_word' id='word_1_153' title='bbox 191 2228 458 2302; x_wconf 88' lang='lat' dir='ltr'><strong>propriam</strong></span> <span class='ocrx_word' id='word_1_154' title='bbox 484 2225 815 2280; x_wconf 89' lang='lat' dir='ltr'><strong>sententiam</strong></span> <span class='ocrx_word' id='word_1_155' title='bbox 843 2237 950 2276; x_wconf 91' lang='lat' dir='ltr'><strong>non</strong></span> <span class='ocrx_word' id='word_1_156' title='bbox 978 2220 1135 2285; x_wconf 89' lang='lat' dir='ltr'><strong>tueri,</strong></span> <span class='ocrx_word' id='word_1_157' title='bbox 1164 2220 1209 2273; x_wconf 90' lang='lat' dir='ltr'><strong>si</strong></span> <span class='ocrx_word' id='word_1_158' title='bbox 1241 2214 1606 2288; x_wconf 75' lang='lat' dir='ltr'><strong>improbabilis</strong></span> <span class='ocrx_word' id='word_1_159' title='bbox 1632 2214 1784 2269; x_wconf 89' lang='lat' dir='ltr'><strong>dete-</strong></span> 
     </span>
    </p>
   </div>
   <div class='ocr_carea' id='block_1_22' title="bbox 191 2311 1783 2393">
    <p class='ocr_par' dir='ltr' id='par_1_22' title="bbox 191 2311 1783 2393">
     <span class='ocr_line' id='line_1_22' title="bbox 191 2311 1783 2393; baseline -0.008 -18"><span class='ocrx_word' id='word_1_160' title='bbox 191 2331 374 2393; x_wconf 83' lang='lat' dir='ltr'><strong>gatur;</strong></span> <span class='ocrx_word' id='word_1_161' title='bbox 403 2327 463 2374; x_wconf 89' lang='lat' dir='ltr'><strong>et</strong></span> <span class='ocrx_word' id='word_1_162' title='bbox 481 2319 556 2372; x_wconf 88' lang='lat' dir='ltr'><strong>sit</strong></span> <span class='ocrx_word' id='word_1_163' title='bbox 582 2315 680 2372; x_wconf 89' lang='lat' dir='ltr'><strong>tibi</strong></span> <span class='ocrx_word' id='word_1_164' title='bbox 703 2314 874 2380; x_wconf 89' lang='lat' dir='ltr'><strong>cordi,</strong></span> <span class='ocrx_word' id='word_1_165' title='bbox 913 2313 1132 2386; x_wconf 88' lang='lat' dir='ltr'><strong>pr0prio</strong></span> <span class='ocrx_word' id='word_1_166' title='bbox 1153 2311 1353 2382; x_wconf 84' lang='lat' dir='ltr'><strong>judicio</strong></span> <span class='ocrx_word' id='word_1_167' title='bbox 1380 2311 1650 2374; x_wconf 88' lang='lat' dir='ltr'><strong>damnato,</strong></span> <span class='ocrx_word' id='word_1_168' title='bbox 1671 2323 1783 2363; x_wconf 85' lang='lat' dir='ltr'><strong>me-</strong></span> 
     </span>
    </p>
   </div>
   <div class='ocr_carea' id='block_1_23' title="bbox 193 2403 1782 2482">
    <p class='ocr_par' dir='ltr' id='par_1_23' title="bbox 193 2403 1782 2482">
     <span class='ocr_line' id='line_1_23' title="bbox 193 2403 1782 2482; baseline -0.008 -12"><span class='ocrx_word' id='word_1_169' title='bbox 193 2417 320 2470; x_wconf 87' lang='lat' dir='ltr'><strong>liora</strong></span> <span class='ocrx_word' id='word_1_170' title='bbox 347 2412 521 2482; x_wconf 87' lang='lat' dir='ltr'><strong>magis</strong></span> <span class='ocrx_word' id='word_1_171' title='bbox 547 2419 604 2464; x_wconf 89' lang='lat' dir='ltr'><strong>et</strong></span> <span class='ocrx_word' id='word_1_172' title='bbox 635 2425 757 2480; x_wconf 74' lang='lat' dir='ltr'><strong>qua:</strong></span> <span class='ocrx_word' id='word_1_173' title='bbox 783 2416 909 2462; x_wconf 89' lang='lat' dir='ltr'><strong>sunt</strong></span> <span class='ocrx_word' id='word_1_174' title='bbox 932 2406 1139 2461; x_wconf 89' lang='lat' dir='ltr'><strong>veriora</strong></span> <span class='ocrx_word' id='word_1_175' title='bbox 1165 2405 1382 2460; x_wconf 85' lang='lat' dir='ltr'><strong>sectari.</strong></span> <span class='ocrx_word' id='word_1_176' title='bbox 1418 2424 1437 2456; x_wconf 77' lang='grc' dir='ltr'><strong>ι</strong></span> <span class='ocrx_word' id='word_1_177' title='bbox 1473 2403 1630 2458; x_wconf 83' lang='lat' dir='ltr'><strong>Modo</strong></span> <span class='ocrx_word' id='word_1_178' title='bbox 1657 2417 1782 2473; x_wconf 88' lang='lat' dir='ltr'><strong>pro-</strong></span> 
     </span>
    </p>
   </div>
   <div class='ocr_carea' id='block_1_24' title="bbox 147 2492 1784 2572">
    <p class='ocr_par' dir='ltr' id='par_1_24' title="bbox 147 2492 1784 2572">
     <span class='ocr_line' id='line_1_24' title="bbox 147 2492 1784 2572; baseline -0.008 -12"><span class='ocrx_word' id='word_1_179' title='bbox 147 2526 152 2534; x_wconf 70' lang='lat'>&#39;</span> <span class='ocrx_word' id='word_1_180' title='bbox 191 2507 274 2572; x_wconf 81' lang='lat' dir='ltr'><strong>ba,</strong></span> <span class='ocrx_word' id='word_1_181' title='bbox 303 2500 654 2565; x_wconf 87' lang='lat' dir='ltr'><strong>charis&#39;sime,</strong></span> <span class='ocrx_word' id='word_1_182' title='bbox 694 2514 803 2554; x_wconf 91' lang='lat' dir='ltr'><strong>non</strong></span> <span class='ocrx_word' id='word_1_183' title='bbox 849 2507 901 2552; x_wconf 92' lang='lat' dir='ltr'><strong>te</strong></span> <span class='ocrx_word' id='word_1_184' title='bbox 948 2495 1204 2551; x_wconf 81' lang='lat' dir='ltr'><strong>fallaciter</strong></span> <span class='ocrx_word' id='word_1_185' title='bbox 1247 2497 1348 2550; x_wconf 89' lang='lat' dir='ltr'><strong>ista</strong></span> <span class='ocrx_word' id='word_1_186' title='bbox 1376 2494 1598 2562; x_wconf 86' lang='lat' dir='ltr'><strong>dixisse,</strong></span> <span class='ocrx_word' id='word_1_187' title='bbox 1628 2503 1688 2548; x_wconf 90' lang='lat' dir='ltr'><strong>ut</strong></span> <span class='ocrx_word' id='word_1_188' title='bbox 1714 2492 1784 2548; x_wconf 91' lang='lat' dir='ltr'><strong>de</strong></span> 
     </span>
    </p>
   </div>
   <div class='ocr_carea' id='block_1_25' title="bbox 193 2585 1778 2659">
    <p class='ocr_par' dir='ltr' id='par_1_25' title="bbox 193 2585 1778 2659">
     <span class='ocr_line' id='line_1_25' title="bbox 193 2585 1778 2659; baseline -0.006 -9"><span class='ocrx_word' id='word_1_189' title='bbox 193 2607 278 2651; x_wconf 88' lang='lat' dir='ltr'><strong>tua</strong></span> <span class='ocrx_word' id='word_1_190' title='bbox 305 2593 487 2648; x_wconf 89' lang='lat' dir='ltr'><strong>indole</strong></span> <span class='ocrx_word' id='word_1_191' title='bbox 515 2606 626 2646; x_wconf 90' lang='lat' dir='ltr'><strong>non</strong></span> <span class='ocrx_word' id='word_1_192' title='bbox 667 2590 840 2644; x_wconf 90' lang='lat' dir='ltr'><strong>solum</strong></span> <span class='ocrx_word' id='word_1_193' title='bbox 884 2587 1177 2659; x_wconf 88' lang='lat' dir='ltr'><strong>ingeniosa,</strong></span> <span class='ocrx_word' id='word_1_194' title='bbox 1200 2603 1386 2641; x_wconf 90' lang='lat' dir='ltr'><strong>verum</strong></span> <span class='ocrx_word' id='word_1_195' title='bbox 1414 2585 1573 2641; x_wconf 87' lang='lat' dir='ltr'><strong>etiam</strong></span> <span class='ocrx_word' id='word_1_196' title='bbox 1605 2593 1778 2652; x_wconf 88' lang='lat' dir='ltr'><strong>cauta,</strong></span> 
     </span>
    </p>
   </div>
   <div class='ocr_carea' id='block_1_26' title="bbox 193 2674 1780 2757">
    <p class='ocr_par' dir='ltr' id='par_1_26' title="bbox 193 2674 1780 2757">
     <span class='ocr_line' id='line_1_26' title="bbox 193 2674 1780 2757; baseline -0.007 -16"><span class='ocrx_word' id='word_1_197' title='bbox 193 2689 294 2757; x_wconf 86' lang='lat' dir='ltr'><strong>pia,</strong></span> <span class='ocrx_word' id='word_1_198' title='bbox 320 2685 588 2749; x_wconf 85' lang='lat' dir='ltr'><strong>modesta,</strong></span> <span class='ocrx_word' id='word_1_199' title='bbox 609 2680 843 2752; x_wconf 82' lang='lat' dir='ltr'><strong>gaudeat</strong></span> <span class='ocrx_word' id='word_1_200' title='bbox 865 2677 1124 2734; x_wconf 90' lang='lat' dir='ltr'><strong>catholica</strong></span> <span class='ocrx_word' id='word_1_201' title='bbox 1146 2677 1408 2743; x_wconf 86' lang='lat' dir='ltr'><strong>Ecclesia,</strong></span> <span class='ocrx_word' id='word_1_202' title='bbox 1433 2691 1540 2730; x_wconf 90' lang='lat' dir='ltr'><strong>non</strong></span> <span class='ocrx_word' id='word_1_203' title='bbox 1562 2674 1630 2730; x_wconf 91' lang='lat' dir='ltr'><strong>de</strong></span> <span class='ocrx_word' id='word_1_204' title='bbox 1649 2689 1780 2730; x_wconf 89' lang='lat' dir='ltr'><strong>con-</strong></span> 
     </span>
    </p>
   </div>
   <div class='ocr_carea' id='block_1_27' title="bbox 196 2763 1784 2845">
    <p class='ocr_par' dir='ltr' id='par_1_27' title="bbox 196 2763 1784 2845">
     <span class='ocr_line' id='line_1_27' title="bbox 196 2763 1784 2845; baseline -0.006 -15"><span class='ocrx_word' id='word_1_205' title='bbox 196 2779 418 2832; x_wconf 87' lang='lat' dir='ltr'><strong>tentiosa</strong></span> <span class='ocrx_word' id='word_1_206' title='bbox 443 2772 743 2845; x_wconf 82' lang='lat' dir='ltr'><strong>pertinacia</strong></span> <span class='ocrx_word' id='word_1_207' title='bbox 770 2769 1018 2825; x_wconf 61' lang='lat' dir='ltr'><strong>heretica</strong></span> <span class='ocrx_word' id='word_1_208' title='bbox 1041 2767 1355 2823; x_wconf 84' lang='lat' dir='ltr'><strong>exardescat</strong></span> <span class='ocrx_word' id='word_1_209' title='bbox 1377 2764 1606 2820; x_wconf 89' lang='lat' dir='ltr'><strong>insania.</strong></span> <span class='ocrx_word' id='word_1_210' title='bbox 1630 2763 1784 2820; x_wconf 86' lang='lat' dir='ltr'><strong>Nunc</strong></span> 
     </span>
    </p>
   </div>
   <div class='ocr_carea' id='block_1_28' title="bbox 193 2859 1782 2936">
    <p class='ocr_par' dir='ltr' id='par_1_28' title="bbox 193 2859 1782 2936">
     <span class='ocr_line' id='line_1_28' title="bbox 193 2859 1782 2936; baseline -0.009 -10"><span class='ocrx_word' id='word_1_211' title='bbox 193 2881 280 2926; x_wconf 88' lang='lat' dir='ltr'><strong>est</strong></span> <span class='ocrx_word' id='word_1_212' title='bbox 307 2878 367 2925; x_wconf 89' lang='lat' dir='ltr'><strong>ut</strong></span> <span class='ocrx_word' id='word_1_213' title='bbox 389 2867 660 2932; x_wconf 84' lang='lat' dir='ltr'><strong>ostendas,</strong></span> <span class='ocrx_word' id='word_1_214' title='bbox 683 2875 882 2936; x_wconf 87' lang='lat' dir='ltr'><strong>quanta</strong></span> <span class='ocrx_word' id='word_1_215' title='bbox 909 2871 1028 2934; x_wconf 92' lang='lat' dir='ltr'><strong>post</strong></span> <span class='ocrx_word' id='word_1_216' title='bbox 1053 2861 1169 2916; x_wconf 62' lang='lat' dir='ltr'><strong>haec</strong></span> <span class='ocrx_word' id='word_1_217' title='bbox 1199 2861 1334 2916; x_wconf 84' lang='lat' dir='ltr'><strong>bona</strong></span> <span class='ocrx_word' id='word_1_218' title='bbox 1358 2859 1520 2914; x_wconf 90' lang='lat' dir='ltr'><strong>verba</strong></span> <span class='ocrx_word' id='word_1_219' title='bbox 1543 2873 1664 2929; x_wconf 73' lang='lat' dir='ltr'><strong>qua:</strong></span> <span class='ocrx_word' id='word_1_220' title='bbox 1693 2867 1782 2911; x_wconf 91' lang='lat' dir='ltr'><strong>tua</strong></span> 
     </span>
    </p>
   </div>
   <div class='ocr_carea' id='block_1_29' title="bbox 198 2952 1783 3026">
    <p class='ocr_par' dir='ltr' id='par_1_29' title="bbox 198 2952 1783 3026">
     <span class='ocr_line' id='line_1_29' title="bbox 198 2952 1783 3026; baseline -0.009 -8"><span class='ocrx_word' id='word_1_221' title='bbox 198 2961 646 3025; x_wconf 76' lang='lat' dir='ltr'><strong>commemoravi,</strong></span> <span class='ocrx_word' id='word_1_222' title='bbox 668 2958 976 3015; x_wconf 84' lang='lat' dir='ltr'><strong>sinceritate</strong></span> <span class='ocrx_word' id='word_1_223' title='bbox 1006 2955 1236 3026; x_wconf 88' lang='lat' dir='ltr'><strong>pectoris</strong></span> <span class='ocrx_word' id='word_1_224' title='bbox 1255 2953 1473 3020; x_wconf 80' lang='lat' dir='ltr'><strong>dixeris,</strong></span> <span class='ocrx_word' id='word_1_225' title='bbox 1491 2952 1630 3023; x_wconf 92' lang='lat' dir='ltr'><strong>quod</strong></span> <span class='ocrx_word' id='word_1_226' title='bbox 1654 2965 1783 3005; x_wconf 82' lang='lat' dir='ltr'><strong>con-</strong></span> 
     </span>
    </p>
   </div>
   <div class='ocr_carea' id='block_1_30' title="bbox 210 3045 1786 3125">
    <p class='ocr_par' dir='ltr' id='par_1_30' title="bbox 210 3045 1786 3125">
     <span class='ocr_line' id='line_1_30' title="bbox 210 3045 1786 3125; baseline -0.01 -13"><span class='ocrx_word' id='word_1_227' title='bbox 210 3057 361 3112; x_wconf 89' lang='lat' dir='ltr'><strong>tinuo</strong></span> <span class='ocrx_word' id='word_1_228' title='bbox 381 3054 650 3125; x_wconf 83' lang='lat' dir='ltr'><strong>subjecisti</strong></span> <span class='ocrx_word' id='word_1_229' title='bbox 673 3071 688 3108; x_wconf 88' lang='lat'><strong>:</strong></span> <span class='ocrx_word' id='word_1_230' title='bbox 712 3071 730 3105; x_wconf 77' lang='grc' dir='ltr'><strong>ι</strong></span> <span class='ocrx_word' id='word_1_231' title='bbox 763 3050 899 3106; x_wconf 78' lang='lat' dir='ltr'><strong>Nam</strong></span> <span class='ocrx_word' id='word_1_232' title='bbox 923 3059 978 3104; x_wconf 89' lang='lat' dir='ltr'><strong>ut</strong></span> <span class='ocrx_word' id='word_1_233' title='bbox 1000 3059 1102 3117; x_wconf 89' lang='lat' dir='ltr'><strong>est,</strong></span> <span class='ocrx_word' id='word_1_234' title='bbox 1129 3067 1150 3102; x_wconf 76' lang='grc' dir='ltr'><strong>ι</strong></span> <span class='ocrx_word' id='word_1_235' title='bbox 1185 3047 1378 3118; x_wconf 88' lang='lat' dir='ltr'><strong>inquis,</strong></span> <span class='ocrx_word' id='word_1_236' title='bbox 1409 3064 1428 3098; x_wconf 70' lang='grc' dir='ltr'><strong>ι</strong></span> <span class='ocrx_word' id='word_1_237' title='bbox 1457 3045 1644 3116; x_wconf 90' lang='lat' dir='ltr'><strong>optimi</strong></span> <span class='ocrx_word' id='word_1_238' title='bbox 1668 3058 1786 3113; x_wconf 89' lang='lat' dir='ltr'><strong>pro-</strong></span> 
     </span>
    </p>
   </div>
   <div class='ocr_carea' id='block_1_31' title="bbox 203 3135 1784 3219">
    <p class='ocr_par' dir='ltr' id='par_1_31' title="bbox 203 3135 1784 3219">
     <span class='ocr_line' id='line_1_31' title="bbox 203 3135 1784 3219; baseline -0.008 -16"><span class='ocrx_word' id='word_1_239' title='bbox 203 3147 367 3219; x_wconf 84' lang='lat' dir='ltr'><strong>positi</strong></span> <span class='ocrx_word' id='word_1_240' title='bbox 390 3146 745 3214; x_wconf 87' lang='lat' dir='ltr'><strong>laudandique</strong></span> <span class='ocrx_word' id='word_1_241' title='bbox 771 3143 1010 3209; x_wconf 86' lang='lat' dir='ltr'><strong>consilii,</strong></span> <span class='ocrx_word' id='word_1_242' title='bbox 1041 3141 1193 3195; x_wconf 78' lang='lat' dir='ltr'><strong>facile</strong></span> <span class='ocrx_word' id='word_1_243' title='bbox 1211 3139 1279 3193; x_wconf 91' lang='lat' dir='ltr'><strong>ad</strong></span> <span class='ocrx_word' id='word_1_244' title='bbox 1299 3139 1505 3192; x_wconf 85' lang='lat' dir='ltr'><strong>veriora</strong></span> <span class='ocrx_word' id='word_1_245' title='bbox 1534 3135 1784 3191; x_wconf 86' lang='lat' dir='ltr'><strong>transdu-</strong></span> 
     </span>
    </p>
   </div>
   <div class='ocr_carea' id='block_1_32' title="bbox 201 3226 1784 3308">
    <p class='ocr_par' dir='ltr' id='par_1_32' title="bbox 201 3226 1784 3308">
     <span class='ocr_line' id='line_1_32' title="bbox 201 3226 1784 3308; baseline -0.009 -13"><span class='ocrx_word' id='word_1_246' title='bbox 201 3241 280 3306; x_wconf 89' lang='lat' dir='ltr'><strong>ci;</strong></span> <span class='ocrx_word' id='word_1_247' title='bbox 309 3241 381 3294; x_wconf 89' lang='lat' dir='ltr'><strong>ita</strong></span> <span class='ocrx_word' id='word_1_248' title='bbox 413 3238 644 3308; x_wconf 88' lang='lat' dir='ltr'><strong>improbi</strong></span> <span class='ocrx_word' id='word_1_249' title='bbox 689 3235 1053 3304; x_wconf 87' lang='lat' dir='ltr'><strong>obstinatique</strong></span> <span class='ocrx_word' id='word_1_250' title='bbox 1094 3231 1281 3301; x_wconf 80' lang='lat' dir='ltr'><strong>judicii</strong></span> <span class='ocrx_word' id='word_1_251' title='bbox 1326 3239 1429 3296; x_wconf 89' lang='lat' dir='ltr'><strong>est,</strong></span> <span class='ocrx_word' id='word_1_252' title='bbox 1456 3228 1599 3284; x_wconf 92' lang='lat' dir='ltr'><strong>nolle</strong></span> <span class='ocrx_word' id='word_1_253' title='bbox 1627 3226 1784 3284; x_wconf 89' lang='lat' dir='ltr'><strong>citius</strong></span> 
     </span>
    </p>
   </div>
   <div class='ocr_carea' id='block_1_33' title="bbox 207 3315 1780 3394">
    <p class='ocr_par' dir='ltr' id='par_1_33' title="bbox 207 3315 1780 3394">
     <span class='ocr_line' id='line_1_33' title="bbox 207 3315 1780 3394; baseline -0.01 -8"><span class='ocrx_word' id='word_1_254' title='bbox 207 3332 264 3387; x_wconf 84' lang='lat' dir='ltr'><strong>ad</strong></span> <span class='ocrx_word' id='word_1_255' title='bbox 286 3330 555 3385; x_wconf 79' lang='lat' dir='ltr'><strong>tramitem</strong></span> <span class='ocrx_word' id='word_1_256' title='bbox 580 3327 806 3382; x_wconf 88' lang='lat' dir='ltr'><strong>rationis</strong></span> <span class='ocrx_word' id='word_1_257' title='bbox 833 3325 1028 3381; x_wconf 91' lang='lat' dir='ltr'><strong>inﬂecti</strong></span> <span class='ocrx_word' id='word_1_258' title='bbox 1069 3343 1087 3377; x_wconf 81' lang='grc' dir='ltr'><strong>ι</strong></span> <span class='ocrx_word' id='word_1_259' title='bbox 1132 3324 1342 3394; x_wconf 86' lang='lat' dir='ltr'><strong>(Supra</strong></span> <span class='ocrx_word' id='word_1_260' title='bbox 1381 3320 1469 3375; x_wconf 84' lang='lat' dir='ltr'><strong>lib.</strong></span> <span class='ocrx_word' id='word_1_261' title='bbox 1493 3319 1549 3384; x_wconf 68' lang='grc' dir='ltr'><strong>Ξ,</strong></span> <span class='ocrx_word' id='word_1_262' title='bbox 1581 3336 1635 3373; x_wconf 85' lang='lat' dir='ltr'><strong>n.</strong></span> <span class='ocrx_word' id='word_1_263' title='bbox 1666 3315 1780 3392; x_wconf 71' lang='grc'><strong>22).</strong></span> 
     </span>
    </p>
   </div>
   <div class='ocr_carea' id='block_1_34' title="bbox 201 3411 1787 3492">
    <p class='ocr_par' dir='ltr' id='par_1_34' title="bbox 201 3411 1787 3492">
     <span class='ocr_line' id='line_1_34' title="bbox 201 3411 1787 3492; baseline -0.009 -14"><span class='ocrx_word' id='word_1_264' title='bbox 201 3423 325 3478; x_wconf 79' lang='lat' dir='ltr'><strong>Esto</strong></span> <span class='ocrx_word' id='word_1_265' title='bbox 367 3423 532 3492; x_wconf 84' lang='lat' dir='ltr'><strong>igitur</strong></span> <span class='ocrx_word' id='word_1_266' title='bbox 575 3420 764 3490; x_wconf 90' lang='lat' dir='ltr'><strong>optimi</strong></span> <span class='ocrx_word' id='word_1_267' title='bbox 807 3417 1064 3489; x_wconf 89' lang='lat' dir='ltr'><strong>propositi</strong></span> <span class='ocrx_word' id='word_1_268' title='bbox 1092 3414 1447 3485; x_wconf 85' lang='lat' dir='ltr'><strong>laudandique</strong></span> <span class='ocrx_word' id='word_1_269' title='bbox 1473 3411 1704 3476; x_wconf 88' lang='lat' dir='ltr'><strong>consilii,</strong></span> <span class='ocrx_word' id='word_1_270' title='bbox 1731 3419 1787 3465; x_wconf 89' lang='lat' dir='ltr'><strong>et</strong></span> 
     </span>
    </p>
   </div>
   <div class='ocr_carea' id='block_1_35' title="bbox 201 3501 1787 3574">
    <p class='ocr_par' dir='ltr' id='par_1_35' title="bbox 201 3501 1787 3574">
     <span class='ocr_line' id='line_1_35' title="bbox 201 3501 1787 3574; baseline -0.009 -3"><span class='ocrx_word' id='word_1_271' title='bbox 201 3516 351 3571; x_wconf 85' lang='lat' dir='ltr'><strong>facile</strong></span> <span class='ocrx_word' id='word_1_272' title='bbox 380 3514 452 3569; x_wconf 89' lang='lat' dir='ltr'><strong>ad</strong></span> <span class='ocrx_word' id='word_1_273' title='bbox 482 3515 695 3569; x_wconf 89' lang='lat' dir='ltr'><strong>veriora</strong></span> <span class='ocrx_word' id='word_1_274' title='bbox 723 3510 1074 3566; x_wconf 87' lang='lat' dir='ltr'><strong>transducere</strong></span> <span class='ocrx_word' id='word_1_275' title='bbox 1097 3525 1112 3560; x_wconf 90' lang='lat'><strong>:</strong></span> <span class='ocrx_word' id='word_1_276' title='bbox 1137 3507 1336 3563; x_wconf 86' lang='lat' dir='ltr'><strong>necsis</strong></span> <span class='ocrx_word' id='word_1_277' title='bbox 1366 3503 1590 3574; x_wconf 89' lang='lat' dir='ltr'><strong>improbi</strong></span> <span class='ocrx_word' id='word_1_278' title='bbox 1617 3501 1787 3558; x_wconf 90' lang='lat' dir='ltr'><strong>obsti-</strong></span> 
     </span>
    </p>
   </div>
   <div class='ocr_carea' id='block_1_36' title="bbox 197 3595 1787 3676">
    <p class='ocr_par' dir='ltr' id='par_1_36' title="bbox 197 3595 1787 3676">
     <span class='ocr_line' id='line_1_36' title="bbox 197 3595 1787 3676; baseline -0.009 -14"><span class='ocrx_word' id='word_1_279' title='bbox 197 3609 413 3676; x_wconf 88' lang='lat' dir='ltr'><strong>natique</strong></span> <span class='ocrx_word' id='word_1_280' title='bbox 433 3605 654 3676; x_wconf 87' lang='lat' dir='ltr'><strong>judicii,</strong></span> <span class='ocrx_word' id='word_1_281' title='bbox 677 3614 736 3658; x_wconf 92' lang='lat' dir='ltr'><strong>ut</strong></span> <span class='ocrx_word' id='word_1_282' title='bbox 763 3603 898 3657; x_wconf 87' lang='lat' dir='ltr'><strong>nolis</strong></span> <span class='ocrx_word' id='word_1_283' title='bbox 917 3602 1074 3658; x_wconf 88' lang='lat' dir='ltr'><strong>citius</strong></span> <span class='ocrx_word' id='word_1_284' title='bbox 1089 3600 1154 3654; x_wconf 90' lang='lat' dir='ltr'><strong>ad</strong></span> <span class='ocrx_word' id='word_1_285' title='bbox 1178 3599 1445 3654; x_wconf 84' lang='lat' dir='ltr'><strong>tramitem</strong></span> <span class='ocrx_word' id='word_1_286' title='bbox 1467 3595 1686 3659; x_wconf 85' lang='lat' dir='ltr'><strong>rationis</strong></span> <span class='ocrx_word' id='word_1_287' title='bbox 1705 3595 1787 3648; x_wconf 92' lang='lat' dir='ltr'><strong>iu-</strong></span> 
     </span>
    </p>
   </div>
   <div class='ocr_carea' id='block_1_37' title="bbox 203 3685 1784 3755">
    <p class='ocr_par' dir='ltr' id='par_1_37' title="bbox 203 3685 1784 3755">
     <span class='ocr_line' id='line_1_37' title="bbox 203 3685 1784 3755; baseline -0.01 0"><span class='ocrx_word' id='word_1_288' title='bbox 203 3699 355 3755; x_wconf 85' lang='lat' dir='ltr'><strong>ﬂecti.</strong></span> <span class='ocrx_word' id='word_1_289' title='bbox 383 3698 440 3753; x_wconf 88' lang='lat' dir='ltr'><strong>Si</strong></span> <span class='ocrx_word' id='word_1_290' title='bbox 468 3698 616 3752; x_wconf 91' lang='lat' dir='ltr'><strong>enim</strong></span> <span class='ocrx_word' id='word_1_291' title='bbox 651 3695 766 3750; x_wconf 71' lang='lat' dir='ltr'><strong>haec</strong></span> <span class='ocrx_word' id='word_1_292' title='bbox 794 3694 1091 3752; x_wconf 82' lang='lat' dir='ltr'><strong>liberaliter</strong></span> <span class='ocrx_word' id='word_1_293' title='bbox 1132 3691 1375 3746; x_wconf 90' lang='lat' dir='ltr'><strong>elocutus</strong></span> <span class='ocrx_word' id='word_1_294' title='bbox 1411 3703 1492 3753; x_wconf 87' lang='lat' dir='ltr'><strong>es,</strong></span> <span class='ocrx_word' id='word_1_295' title='bbox 1524 3687 1569 3741; x_wconf 87' lang='lat' dir='ltr'><strong>si</strong></span> <span class='ocrx_word' id='word_1_296' title='bbox 1597 3702 1701 3740; x_wconf 91' lang='lat' dir='ltr'><strong>non</strong></span> <span class='ocrx_word' id='word_1_297' title='bbox 1730 3685 1784 3740; x_wconf 91' lang='lat' dir='ltr'><strong>in</strong></span> 
     </span>
    </p>
   </div>
   <div class='ocr_carea' id='block_1_38' title="bbox 202 3776 1786 3852">
    <p class='ocr_par' dir='ltr' id='par_1_38' title="bbox 202 3776 1786 3852">
     <span class='ocr_line' id='line_1_38' title="bbox 202 3776 1786 3852; baseline -0.009 -6"><span class='ocrx_word' id='word_1_298' title='bbox 202 3791 348 3846; x_wconf 75' lang='lat' dir='ltr'><strong>labiis</strong></span> <span class='ocrx_word' id='word_1_299' title='bbox 377 3792 481 3844; x_wconf 86' lang='lat' dir='ltr'><strong>ista</strong></span> <span class='ocrx_word' id='word_1_300' title='bbox 509 3788 762 3852; x_wconf 86' lang='lat' dir='ltr'><strong>sonuisti,</strong></span> <span class='ocrx_word' id='word_1_301' title='bbox 793 3785 887 3841; x_wconf 90' lang='lat' dir='ltr'><strong>sed</strong></span> <span class='ocrx_word' id='word_1_302' title='bbox 918 3786 1060 3839; x_wconf 90' lang='lat' dir='ltr'><strong>intus</strong></span> <span class='ocrx_word' id='word_1_303' title='bbox 1098 3791 1152 3837; x_wconf 90' lang='lat' dir='ltr'><strong>et</strong></span> <span class='ocrx_word' id='word_1_304' title='bbox 1189 3781 1518 3852; x_wconf 89' lang='lat' dir='ltr'><strong>germanitus</strong></span> <span class='ocrx_word' id='word_1_305' title='bbox 1544 3778 1596 3838; x_wconf 88' lang='lat' dir='ltr'><strong>iu</strong></span> <span class='ocrx_word' id='word_1_306' title='bbox 1623 3776 1786 3832; x_wconf 85' lang='lat' dir='ltr'><strong>corde</strong></span> 
     </span>
    </p>
   </div>
   <div class='ocr_carea' id='block_1_39' title="bbox 203 3872 1787 3942">
    <p class='ocr_par' dir='ltr' id='par_1_39' title="bbox 203 3872 1787 3942">
     <span class='ocr_line' id='line_1_39' title="bbox 203 3872 1787 3942; baseline -0.009 -5"><span class='ocrx_word' id='word_1_307' title='bbox 203 3882 448 3942; x_wconf 88' lang='lat' dir='ltr'><strong>sensisti;</strong></span> <span class='ocrx_word' id='word_1_308' title='bbox 472 3880 528 3934; x_wconf 92' lang='lat' dir='ltr'><strong>iu</strong></span> <span class='ocrx_word' id='word_1_309' title='bbox 562 3890 665 3934; x_wconf 69' lang='lat' dir='ltr'><strong>tute</strong></span> <span class='ocrx_word' id='word_1_310' title='bbox 696 3876 1043 3933; x_wconf 84' lang='lat' dir='ltr'><strong>correctionis</strong></span> <span class='ocrx_word' id='word_1_311' title='bbox 1073 3881 1220 3928; x_wconf 89' lang='lat' dir='ltr'><strong>tanto</strong></span> <span class='ocrx_word' id='word_1_312' title='bbox 1249 3874 1391 3927; x_wconf 89' lang='lat' dir='ltr'><strong>bono</strong></span> <span class='ocrx_word' id='word_1_313' title='bbox 1416 3872 1578 3928; x_wconf 90' lang='lat' dir='ltr'><strong>etiam</strong></span> <span class='ocrx_word' id='word_1_314' title='bbox 1607 3883 1787 3924; x_wconf 91' lang='lat' dir='ltr'><strong>moras</strong></span> 
     </span>
    </p>
   </div>
   <div class='ocr_carea' id='block_1_40' title="bbox 205 3959 1789 4040">
    <p class='ocr_par' dir='ltr' id='par_1_40' title="bbox 205 3959 1789 4040">
     <span class='ocr_line' id='line_1_40' title="bbox 205 3959 1789 4040; baseline -0.009 -12"><span class='ocrx_word' id='word_1_315' title='bbox 205 3974 376 4028; x_wconf 89' lang='lat' dir='ltr'><strong>odisti.</strong></span> <span class='ocrx_word' id='word_1_316' title='bbox 408 3972 609 4026; x_wconf 85' lang='lat' dir='ltr'><strong>Parum</strong></span> <span class='ocrx_word' id='word_1_317' title='bbox 647 3969 846 4040; x_wconf 89' lang='lat' dir='ltr'><strong>quippe</strong></span> <span class='ocrx_word' id='word_1_318' title='bbox 891 3967 982 4022; x_wconf 87' lang='lat' dir='ltr'><strong>tibi</strong></span> <span class='ocrx_word' id='word_1_319' title='bbox 1029 3965 1127 4019; x_wconf 90' lang='lat' dir='ltr'><strong>fuit</strong></span> <span class='ocrx_word' id='word_1_320' title='bbox 1154 3964 1350 4028; x_wconf 86' lang='lat' dir='ltr'><strong>dicere,</strong></span> <span class='ocrx_word' id='word_1_321' title='bbox 1381 3980 1400 4014; x_wconf 71' lang='grc' dir='ltr'><strong>ι</strong></span> <span class='ocrx_word' id='word_1_322' title='bbox 1433 3959 1667 4030; x_wconf 87' lang='lat' dir='ltr'><strong>improbi</strong></span> <span class='ocrx_word' id='word_1_323' title='bbox 1691 3959 1789 4014; x_wconf 90' lang='lat' dir='ltr'><strong>ob-</strong></span> 
     </span>
    </p>
   </div>
   <div class='ocr_carea' id='block_1_41' title="bbox 203 4053 1784 4136">
    <p class='ocr_par' dir='ltr' id='par_1_41' title="bbox 203 4053 1784 4136">
     <span class='ocr_line' id='line_1_41' title="bbox 203 4053 1784 4136; baseline -0.008 -16"><span class='ocrx_word' id='word_1_324' title='bbox 203 4066 488 4136; x_wconf 85' lang='lat' dir='ltr'><strong>stinatique</strong></span> <span class='ocrx_word' id='word_1_325' title='bbox 511 4078 634 4119; x_wconf 84' lang='lat' dir='ltr'><strong>esse</strong></span> <span class='ocrx_word' id='word_1_326' title='bbox 654 4061 861 4132; x_wconf 88' lang='lat' dir='ltr'><strong>judicii,</strong></span> <span class='ocrx_word' id='word_1_327' title='bbox 889 4059 1032 4114; x_wconf 90' lang='lat' dir='ltr'><strong>nolle</strong></span> <span class='ocrx_word' id='word_1_328' title='bbox 1065 4057 1132 4112; x_wconf 89' lang='lat' dir='ltr'><strong>ad</strong></span> <span class='ocrx_word' id='word_1_329' title='bbox 1161 4056 1425 4110; x_wconf 86' lang='lat' dir='ltr'><strong>tramitem</strong></span> <span class='ocrx_word' id='word_1_330' title='bbox 1450 4053 1676 4109; x_wconf 80' lang='lat' dir='ltr'><strong>rationis</strong></span> <span class='ocrx_word' id='word_1_331' title='bbox 1697 4053 1784 4108; x_wconf 91' lang='lat' dir='ltr'><strong>in-</strong></span> 
     </span>
    </p>
   </div>
   <div class='ocr_carea' id='block_1_42' title="bbox 205 4145 1787 4224">
    <p class='ocr_par' dir='ltr' id='par_1_42' title="bbox 205 4145 1787 4224">
     <span class='ocr_line' id='line_1_42' title="bbox 205 4145 1787 4224; baseline -0.007 -12"><span class='ocrx_word' id='word_1_332' title='bbox 205 4158 370 4224; x_wconf 90' lang='lat' dir='ltr'><strong>ﬂecti,</strong></span> <span class='ocrx_word' id='word_1_333' title='bbox 403 4176 424 4211; x_wconf 74' lang='grc' dir='ltr'><strong>ι</strong></span> <span class='ocrx_word' id='word_1_334' title='bbox 462 4157 565 4211; x_wconf 90' lang='lat' dir='ltr'><strong>nisi</strong></span> <span class='ocrx_word' id='word_1_335' title='bbox 610 4153 840 4209; x_wconf 87' lang='lat' dir='ltr'><strong>adderes</strong></span> <span class='ocrx_word' id='word_1_336' title='bbox 871 4171 890 4204; x_wconf 75' lang='grc' dir='ltr'><strong>ι</strong></span> <span class='ocrx_word' id='word_1_337' title='bbox 917 4151 1105 4206; x_wconf 90' lang='lat' dir='ltr'><strong>citius:</strong></span> <span class='ocrx_word' id='word_1_338' title='bbox 1135 4167 1156 4202; x_wconf 74' lang='grc' dir='ltr'><strong>ι</strong></span> <span class='ocrx_word' id='word_1_339' title='bbox 1204 4159 1264 4203; x_wconf 87' lang='grc' dir='ltr'><strong>ιιι</strong></span> <span class='ocrx_word' id='word_1_340' title='bbox 1307 4148 1429 4203; x_wconf 88' lang='lat' dir='ltr'><strong>hinc</strong></span> <span class='ocrx_word' id='word_1_341' title='bbox 1475 4145 1787 4202; x_wconf 89' lang='lat' dir='ltr'><strong>ostenderes</strong></span> 
     </span>
    </p>
   </div>
   <div class='ocr_carea' id='block_1_43' title="bbox 209 4237 1787 4319">
    <p class='ocr_par' dir='ltr' id='par_1_43' title="bbox 209 4237 1787 4319">
     <span class='ocr_line' id='line_1_43' title="bbox 209 4237 1787 4319; baseline -0.01 -14"><span class='ocrx_word' id='word_1_342' title='bbox 209 4264 359 4319; x_wconf 85' lang='lat' dir='ltr'><strong>quam</strong></span> <span class='ocrx_word' id='word_1_343' title='bbox 381 4248 457 4304; x_wconf 89' lang='lat' dir='ltr'><strong>sit</strong></span> <span class='ocrx_word' id='word_1_344' title='bbox 477 4245 859 4309; x_wconf 82' lang='lat' dir='ltr'><strong>exsecrandus,</strong></span> <span class='ocrx_word' id='word_1_345' title='bbox 880 4243 970 4313; x_wconf 90' lang='lat' dir='ltr'><strong>qui</strong></span> <span class='ocrx_word' id='word_1_346' title='bbox 989 4243 1186 4296; x_wconf 88' lang='lat' dir='ltr'><strong>bonum</strong></span> <span class='ocrx_word' id='word_1_347' title='bbox 1205 4239 1305 4293; x_wconf 87' lang='lat' dir='ltr'><strong>hoc</strong></span> <span class='ocrx_word' id='word_1_348' title='bbox 1327 4254 1595 4311; x_wconf 82' lang='lat' dir='ltr'><strong>nunquam</strong></span> <span class='ocrx_word' id='word_1_349' title='bbox 1626 4237 1787 4305; x_wconf 88' lang='lat' dir='ltr'><strong>facit;</strong></span> 
     </span>
    </p>
   </div>
   <div class='ocr_carea' id='block_1_44' title="bbox 212 4330 1790 4415">
    <p class='ocr_par' dir='ltr' id='par_1_44' title="bbox 212 4330 1790 4415">
     <span class='ocr_line' id='line_1_44' title="bbox 212 4330 1790 4415; baseline -0.01 -16"><span class='ocrx_word' id='word_1_350' title='bbox 212 4342 631 4415; x_wconf 84' lang='lat' dir='ltr'><strong>quandoquidem</strong></span> <span class='ocrx_word' id='word_1_351' title='bbox 677 4339 767 4410; x_wconf 90' lang='lat' dir='ltr'><strong>qui</strong></span> <span class='ocrx_word' id='word_1_352' title='bbox 806 4336 1008 4391; x_wconf 85' lang='lat' dir='ltr'><strong>tardius</strong></span> <span class='ocrx_word' id='word_1_353' title='bbox 1051 4333 1197 4402; x_wconf 88' lang='lat' dir='ltr'><strong>facit,</strong></span> <span class='ocrx_word' id='word_1_354' title='bbox 1230 4341 1374 4387; x_wconf 85' lang='lat' dir='ltr'><strong>tanta</strong></span> <span class='ocrx_word' id='word_1_355' title='bbox 1422 4332 1513 4386; x_wconf 87' lang='lat' dir='ltr'><strong>tibi</strong></span> <span class='ocrx_word' id='word_1_356' title='bbox 1551 4330 1790 4386; x_wconf 87' lang='lat' dir='ltr'><strong>videatur</strong></span> 
     </span>
    </p>
   </div>
   <div class='ocr_carea' id='block_1_45' title="bbox 214 4421 1786 4501">
    <p class='ocr_par' dir='ltr' id='par_1_45' title="bbox 214 4421 1786 4501">
     <span class='ocr_line' id='line_1_45' title="bbox 214 4421 1786 4501; baseline -0.01 -12"><span class='ocrx_word' id='word_1_357' title='bbox 214 4436 485 4490; x_wconf 79' lang='lat' dir='ltr'><strong>severitate</strong></span> <span class='ocrx_word' id='word_1_358' title='bbox 504 4429 822 4501; x_wconf 78' lang='lat' dir='ltr'><strong>culpandus,</strong></span> <span class='ocrx_word' id='word_1_359' title='bbox 852 4436 908 4482; x_wconf 92' lang='lat' dir='ltr'><strong>ut</strong></span> <span class='ocrx_word' id='word_1_360' title='bbox 937 4426 1126 4482; x_wconf 92' lang='lat' dir='ltr'><strong>merito</strong></span> <span class='ocrx_word' id='word_1_361' title='bbox 1149 4423 1376 4494; x_wconf 89' lang='lat' dir='ltr'><strong>improbi</strong></span> <span class='ocrx_word' id='word_1_362' title='bbox 1398 4421 1583 4491; x_wconf 89' lang='lat' dir='ltr'><strong>judicii</strong></span> <span class='ocrx_word' id='word_1_363' title='bbox 1614 4421 1786 4476; x_wconf 90' lang='lat' dir='ltr'><strong>obsti-</strong></span> 
     </span>
    </p>
   </div>
   <div class='ocr_carea' id='block_1_46' title="bbox 215 4509 1791 4596">
    <p class='ocr_par' dir='ltr' id='par_1_46' title="bbox 215 4509 1791 4596">
     <span class='ocr_line' id='line_1_46' title="bbox 215 4509 1791 4596; baseline -0.011 -16"><span class='ocrx_word' id='word_1_364' title='bbox 215 4527 418 4596; x_wconf 83' lang='lat' dir='ltr'><strong>natique</strong></span> <span class='ocrx_word' id='word_1_365' title='bbox 444 4523 676 4578; x_wconf 90' lang='lat' dir='ltr'><strong>dicatur.</strong></span> <span class='ocrx_word' id='word_1_366' title='bbox 715 4517 852 4574; x_wconf 79' lang='lat' dir='ltr'><strong>Audi</strong></span> <span class='ocrx_word' id='word_1_367' title='bbox 890 4532 1018 4587; x_wconf 90' lang='lat' dir='ltr'><strong>ergo</strong></span> <span class='ocrx_word' id='word_1_368' title='bbox 1062 4525 1115 4571; x_wconf 91' lang='lat' dir='ltr'><strong>te</strong></span> <span class='ocrx_word' id='word_1_369' title='bbox 1157 4515 1350 4584; x_wconf 88' lang='lat' dir='ltr'><strong>ipsum,</strong></span> <span class='ocrx_word' id='word_1_370' title='bbox 1386 4522 1546 4582; x_wconf 91' lang='lat' dir='ltr'><strong>tuque</strong></span> <span class='ocrx_word' id='word_1_371' title='bbox 1575 4509 1791 4581; x_wconf 88' lang='lat' dir='ltr'><strong>potissi-</strong></span> 
     </span>
    </p>
   </div>
   <div class='ocr_carea' id='block_1_47' title="bbox 221 4601 1790 4678">
    <p class='ocr_par' dir='ltr' id='par_1_47' title="bbox 221 4601 1790 4678">
     <span class='ocr_line' id='line_1_47' title="bbox 221 4601 1790 4678; baseline -0.011 -6"><span class='ocrx_word' id='word_1_372' title='bbox 221 4633 353 4672; x_wconf 88' lang='lat' dir='ltr'><strong>mum</strong></span> <span class='ocrx_word' id='word_1_373' title='bbox 375 4626 428 4672; x_wconf 92' lang='lat' dir='ltr'><strong>et</strong></span> <span class='ocrx_word' id='word_1_374' title='bbox 447 4613 685 4670; x_wconf 79' lang='lat' dir='ltr'><strong>maxime</strong></span> <span class='ocrx_word' id='word_1_375' title='bbox 703 4609 900 4678; x_wconf 91' lang='lat' dir='ltr'><strong>eloquii</strong></span> <span class='ocrx_word' id='word_1_376' title='bbox 929 4608 1002 4662; x_wconf 90' lang='lat' dir='ltr'><strong>tui</strong></span> <span class='ocrx_word' id='word_1_377' title='bbox 1033 4605 1289 4660; x_wconf 89' lang='lat' dir='ltr'><strong>fructibus</strong></span> <span class='ocrx_word' id='word_1_378' title='bbox 1318 4613 1468 4658; x_wconf 88' lang='lat' dir='ltr'><strong>utere</strong></span> <span class='ocrx_word' id='word_1_379' title='bbox 1489 4604 1530 4667; x_wconf 84' lang='grc'><strong>¹,</strong></span> <span class='ocrx_word' id='word_1_380' title='bbox 1560 4610 1614 4655; x_wconf 81' lang='grc' dir='ltr'><strong>ιιι</strong></span> <span class='ocrx_word' id='word_1_381' title='bbox 1634 4601 1790 4656; x_wconf 88' lang='lat' dir='ltr'><strong>citius</strong></span> 
     </span>
    </p>
   </div>
   <div class='ocr_carea' id='block_1_48' title="bbox 134 4693 1787 4773">
    <p class='ocr_par' dir='ltr' id='par_1_48' title="bbox 134 4693 1787 4773">
     <span class='ocr_line' id='line_1_48' title="bbox 134 4693 1787 4773; baseline -0.01 -8"><span class='ocrx_word' id='word_1_382' title='bbox 218 4718 266 4764; x_wconf 89' lang='lat' dir='ltr'><strong>te</strong></span> <span class='ocrx_word' id='word_1_383' title='bbox 291 4708 353 4762; x_wconf 86' lang='lat' dir='ltr'><strong>ad</strong></span> <span class='ocrx_word' id='word_1_384' title='bbox 386 4705 614 4762; x_wconf 86' lang='lat' dir='ltr'><strong>rationis</strong></span> <span class='ocrx_word' id='word_1_385' title='bbox 653 4701 922 4756; x_wconf 88' lang='lat' dir='ltr'><strong>tramitem</strong></span> <span class='ocrx_word' id='word_1_386' title='bbox 970 4696 1234 4769; x_wconf 85' lang='lat' dir='ltr'><strong>gravitate</strong></span> <span class='ocrx_word' id='word_1_387' title='bbox 1278 4696 1473 4750; x_wconf 86' lang='lat' dir='ltr'><strong>mentis</strong></span> <span class='ocrx_word' id='word_1_388' title='bbox 1525 4693 1787 4760; x_wconf 89' lang='lat' dir='ltr'><strong>inﬂectas,</strong></span> 
     </span>
    </p>
   </div>
   <div class='ocr_carea' id='block_1_49' title="bbox 138 4783 1791 4870">
    <p class='ocr_par' dir='ltr' id='par_1_49' title="bbox 138 4783 1791 4870">
     <span class='ocr_line' id='line_1_49' title="bbox 138 4783 1791 4870; baseline -0.008 -16"><span class='ocrx_word' id='word_1_389' title='bbox 221 4815 364 4870; x_wconf 86' lang='lat' dir='ltr'><strong>quam</strong></span> <span class='ocrx_word' id='word_1_390' title='bbox 391 4807 447 4853; x_wconf 89' lang='lat' dir='ltr'><strong>te</strong></span> <span class='ocrx_word' id='word_1_391' title='bbox 479 4795 608 4850; x_wconf 91' lang='lat' dir='ltr'><strong>inde</strong></span> <span class='ocrx_word' id='word_1_392' title='bbox 635 4793 812 4848; x_wconf 89' lang='lat' dir='ltr'><strong>minus</strong></span> <span class='ocrx_word' id='word_1_393' title='bbox 839 4788 1047 4846; x_wconf 89' lang='lat' dir='ltr'><strong>erudite</strong></span> <span class='ocrx_word' id='word_1_394' title='bbox 1090 4801 1384 4858; x_wconf 89' lang='lat' dir='ltr'><strong>parumque</strong></span> <span class='ocrx_word' id='word_1_395' title='bbox 1422 4784 1664 4840; x_wconf 88' lang='lat' dir='ltr'><strong>consulte</strong></span> <span class='ocrx_word' id='word_1_396' title='bbox 1705 4783 1791 4842; x_wconf 83' lang='lat' dir='ltr'><strong>lu-</strong></span> 
     </span>
    </p>
   </div>
   <div class='ocr_carea' id='block_1_50' title="bbox 142 4875 870 4946">
    <p class='ocr_par' dir='ltr' id='par_1_50' title="bbox 142 4875 870 4946">
     <span class='ocr_line' id='line_1_50' title="bbox 142 4875 870 4946; baseline -0.005 -5"><span class='ocrx_word' id='word_1_397' title='bbox 142 4875 152 4941; x_wconf 69' lang='grc' dir='ltr'>ξ</span> <span class='ocrx_word' id='word_1_398' title='bbox 223 4891 356 4946; x_wconf 88' lang='lat' dir='ltr'><strong>brico</strong></span> <span class='ocrx_word' id='word_1_399' title='bbox 379 4890 555 4945; x_wconf 69' lang='lat' dir='ltr'><strong>aetatis</strong></span> <span class='ocrx_word' id='word_1_400' title='bbox 576 4896 870 4941; x_wconf 86' lang='lat' dir='ltr'><strong>averteras.</strong></span> 
     </span>
    </p>
   </div>
   <div class='ocr_carea' id='block_1_51' title="bbox 280 4949 1788 5026">
    <p class='ocr_par' dir='ltr' id='par_1_51' title="bbox 280 4949 1788 5026">
     <span class='ocr_line' id='line_1_51' title="bbox 280 4949 1788 5026; baseline -0.009 -10"><span class='ocrx_word' id='word_1_401' title='bbox 280 4963 364 5017; x_wconf 78' lang='grc'><strong>9-1.</strong></span> <span class='ocrx_word' id='word_1_402' title='bbox 414 4960 583 5015; x_wconf 74' lang='lat' dir='ltr'><strong>Nimis</strong></span> <span class='ocrx_word' id='word_1_403' title='bbox 627 4957 840 5026; x_wconf 89' lang='lat' dir='ltr'><strong>longum</strong></span> <span class='ocrx_word' id='word_1_404' title='bbox 880 4962 1000 5022; x_wconf 88' lang='lat' dir='ltr'><strong>est,</strong></span> <span class='ocrx_word' id='word_1_405' title='bbox 1040 4951 1215 5008; x_wconf 88' lang='lat' dir='ltr'><strong>omnia</strong></span> <span class='ocrx_word' id='word_1_406' title='bbox 1241 4964 1358 5020; x_wconf 67' lang='lat' dir='ltr'><strong>qua:</strong></span> <span class='ocrx_word' id='word_1_407' title='bbox 1389 4950 1440 5004; x_wconf 91' lang='lat' dir='ltr'><strong>in</strong></span> <span class='ocrx_word' id='word_1_408' title='bbox 1474 4949 1574 5003; x_wconf 90' lang='lat' dir='ltr'><strong>tuis</strong></span> <span class='ocrx_word' id='word_1_409' title='bbox 1602 4949 1752 5004; x_wconf 88' lang='lat' dir='ltr'><strong>libris</strong></span> <span class='ocrx_word' id='word_1_410' title='bbox 1773 4990 1788 5016; x_wconf 93' lang='lat'><strong>,</strong></span> 
     </span>
    </p>
   </div>
   <div class='ocr_carea' id='block_1_52' title="bbox 223 5041 1794 5123">
    <p class='ocr_par' dir='ltr' id='par_1_52' title="bbox 223 5041 1794 5123">
     <span class='ocr_line' id='line_1_52' title="bbox 223 5041 1794 5123; baseline -0.006 -18"><span class='ocrx_word' id='word_1_411' title='bbox 223 5055 293 5109; x_wconf 88' lang='lat' dir='ltr'><strong>vel</strong></span> <span class='ocrx_word' id='word_1_412' title='bbox 314 5054 489 5123; x_wconf 88' lang='lat' dir='ltr'><strong>potius</strong></span> <span class='ocrx_word' id='word_1_413' title='bbox 510 5051 563 5104; x_wconf 92' lang='lat' dir='ltr'><strong>in</strong></span> <span class='ocrx_word' id='word_1_414' title='bbox 593 5057 647 5104; x_wconf 91' lang='lat' dir='ltr'><strong>te</strong></span> <span class='ocrx_word' id='word_1_415' title='bbox 677 5048 793 5119; x_wconf 89' lang='lat' dir='ltr'><strong>ipso</strong></span> <span class='ocrx_word' id='word_1_416' title='bbox 816 5046 938 5100; x_wconf 88' lang='lat' dir='ltr'><strong>vqu</strong></span> <span class='ocrx_word' id='word_1_417' title='bbox 958 5041 1262 5107; x_wconf 89' lang='lat' dir='ltr'><strong>emendari,</strong></span> <span class='ocrx_word' id='word_1_418' title='bbox 1289 5049 1614 5113; x_wconf 86' lang='lat' dir='ltr'><strong>pertractare</strong></span> <span class='ocrx_word' id='word_1_419' title='bbox 1634 5051 1794 5112; x_wconf 89' lang='lat' dir='ltr'><strong>atque</strong></span> 
     </span>
    </p>
   </div>
   <div class='ocr_carea' id='block_1_53' title="bbox 225 5132 1796 5209">
    <p class='ocr_par' dir='ltr' id='par_1_53' title="bbox 225 5132 1796 5209">
     <span class='ocr_line' id='line_1_53' title="bbox 225 5132 1796 5209; baseline -0.01 -9"><span class='ocrx_word' id='word_1_420' title='bbox 225 5146 479 5200; x_wconf 79' lang='lat' dir='ltr'><strong>discutere</strong></span> <span class='ocrx_word' id='word_1_421' title='bbox 503 5185 520 5209; x_wconf 95' lang='lat'><strong>,</strong></span> <span class='ocrx_word' id='word_1_422' title='bbox 544 5150 600 5195; x_wconf 92' lang='lat' dir='ltr'><strong>et</strong></span> <span class='ocrx_word' id='word_1_423' title='bbox 623 5139 812 5194; x_wconf 87' lang='lat' dir='ltr'><strong>saltem</strong></span> <span class='ocrx_word' id='word_1_424' title='bbox 835 5138 1047 5190; x_wconf 83' lang='lat' dir='ltr'><strong>brevem</strong></span> <span class='ocrx_word' id='word_1_425' title='bbox 1076 5133 1168 5188; x_wconf 91' lang='lat' dir='ltr'><strong>tibi</strong></span> <span class='ocrx_word' id='word_1_426' title='bbox 1197 5132 1263 5188; x_wconf 91' lang='lat' dir='ltr'><strong>de</strong></span> <span class='ocrx_word' id='word_1_427' title='bbox 1287 5132 1507 5203; x_wconf 86' lang='lat' dir='ltr'><strong>singulis</strong></span> <span class='ocrx_word' id='word_1_428' title='bbox 1527 5132 1796 5202; x_wconf 86' lang='lat' dir='ltr'><strong>corrigen-</strong></span> 
     </span>
    </p>
   </div>
   <div class='ocr_carea' id='block_1_54' title="bbox 225 5226 1793 5293">
    <p class='ocr_par' dir='ltr' id='par_1_54' title="bbox 225 5226 1793 5293">
     <span class='ocr_line' id='line_1_54' title="bbox 225 5226 1793 5293; baseline -0.008 -4"><span class='ocrx_word' id='word_1_429' title='bbox 225 5235 298 5289; x_wconf 86' lang='lat' dir='ltr'><strong>dis</strong></span> <span class='ocrx_word' id='word_1_430' title='bbox 329 5236 555 5291; x_wconf 84' lang='lat' dir='ltr'><strong>reddere</strong></span> <span class='ocrx_word' id='word_1_431' title='bbox 584 5233 863 5286; x_wconf 88' lang='lat' dir='ltr'><strong>rationem.</strong></span> <span class='ocrx_word' id='word_1_432' title='bbox 892 5226 1001 5283; x_wconf 79' lang='lat' dir='ltr'><strong>Nec</strong></span> <span class='ocrx_word' id='word_1_433' title='bbox 1027 5227 1146 5281; x_wconf 87' lang='lat' dir='ltr'><strong>ideo</strong></span> <span class='ocrx_word' id='word_1_434' title='bbox 1171 5235 1346 5282; x_wconf 90' lang='lat' dir='ltr'><strong>tamen</strong></span> <span class='ocrx_word' id='word_1_435' title='bbox 1378 5236 1429 5280; x_wconf 90' lang='lat' dir='ltr'><strong>te</strong></span> <span class='ocrx_word' id='word_1_436' title='bbox 1453 5233 1759 5280; x_wconf 89' lang='lat' dir='ltr'><strong>contemnas</strong></span> <span class='ocrx_word' id='word_1_437' title='bbox 1777 5266 1793 5293; x_wconf 92' lang='lat'><strong>,</strong></span> 
     </span>
    </p>
   </div>
   <div class='ocr_carea' id='block_1_55' title="bbox 227 5319 1797 5395">
    <p class='ocr_par' dir='ltr' id='par_1_55' title="bbox 227 5319 1797 5395">
     <span class='ocr_line' id='line_1_55' title="bbox 227 5319 1797 5395; baseline -0.007 -11"><span class='ocrx_word' id='word_1_438' title='bbox 227 5339 278 5384; x_wconf 89' lang='lat' dir='ltr'><strong>ut</strong></span> <span class='ocrx_word' id='word_1_439' title='bbox 317 5327 593 5385; x_wconf 87' lang='lat' dir='ltr'><strong>arbitreris</strong></span> <span class='ocrx_word' id='word_1_440' title='bbox 637 5324 905 5395; x_wconf 80' lang='lat' dir='ltr'><strong>ingenium</strong></span> <span class='ocrx_word' id='word_1_441' title='bbox 943 5329 999 5376; x_wconf 91' lang='lat' dir='ltr'><strong>et</strong></span> <span class='ocrx_word' id='word_1_442' title='bbox 1035 5321 1299 5390; x_wconf 89' lang='lat' dir='ltr'><strong>eloquium</strong></span> <span class='ocrx_word' id='word_1_443' title='bbox 1327 5328 1472 5373; x_wconf 90' lang='lat' dir='ltr'><strong>tuum</strong></span> <span class='ocrx_word' id='word_1_444' title='bbox 1505 5319 1651 5390; x_wconf 87' lang='lat' dir='ltr'><strong>parvi</strong></span> <span class='ocrx_word' id='word_1_445' title='bbox 1678 5333 1797 5374; x_wconf 89' lang='lat' dir='ltr'><strong>esse</strong></span> 
     </span>
    </p>
   </div>
   <div class='ocr_carea' id='block_1_56' title="bbox 228 5411 1796 5493">
    <p class='ocr_par' dir='ltr' id='par_1_56' title="bbox 228 5411 1796 5493">
     <span class='ocr_line' id='line_1_56' title="bbox 228 5411 1796 5493; baseline -0.01 -15"><span class='ocrx_word' id='word_1_446' title='bbox 228 5421 576 5493; x_wconf 89' lang='lat' dir='ltr'><strong>pendendum.</strong></span> <span class='ocrx_word' id='word_1_447' title='bbox 619 5415 729 5472; x_wconf 80' lang='lat' dir='ltr'><strong>Nec</strong></span> <span class='ocrx_word' id='word_1_448' title='bbox 769 5422 1071 5469; x_wconf 88' lang='lat' dir='ltr'><strong>sanctarum</strong></span> <span class='ocrx_word' id='word_1_449' title='bbox 1097 5411 1459 5480; x_wconf 89' lang='lat' dir='ltr'><strong>Sripturarum</strong></span> <span class='ocrx_word' id='word_1_450' title='bbox 1487 5411 1796 5465; x_wconf 88' lang='lat' dir='ltr'><strong>memoriam</strong></span> 
     </span>
    </p>
   </div>
   <div class='ocr_carea' id='block_1_57' title="bbox 288 5527 1798 5604">
    <p class='ocr_par' dir='ltr' id='par_1_57' title="bbox 288 5527 1798 5604">
     <span class='ocr_line' id='line_1_57' title="bbox 288 5527 1798 5604; baseline -0.014 -15"><span class='ocrx_word' id='word_1_451' title='bbox 288 5542 304 5571; x_wconf 76' lang='grc'>⁸</span> <span class='ocrx_word' id='word_1_452' title='bbox 335 5539 560 5604; x_wconf 67' lang='lat' dir='ltr'><strong>Belgicus</strong></span> <span class='ocrx_word' id='word_1_453' title='bbox 577 5533 756 5604; x_wconf 58' lang='lat' dir='ltr'><strong>eode!”</strong></span> <span class='ocrx_word' id='word_1_454' title='bbox 781 5539 829 5580; x_wconf 90' lang='lat' dir='ltr'><strong>s.</strong></span> <span class='ocrx_word' id='word_1_455' title='bbox 856 5529 1066 5604; x_wconf 46' lang='lat' dir='ltr'><strong>Arualdi:</strong></span> <span class='ocrx_word' id='word_1_456' title='bbox 1089 5528 1274 5592; x_wconf 79' lang='lat' dir='ltr'><strong>tuisque</strong></span> <span class='ocrx_word' id='word_1_457' title='bbox 1628 5536 1798 5604; x_wconf 51' lang='lat' dir='ltr'><strong>arma:</strong></span> 
     </span>
    </p>
   </div>
   <div class='ocr_carea' id='block_1_58' title="bbox 229 5591 1801 5658">
    <p class='ocr_par' dir='ltr' id='par_1_58' title="bbox 229 5591 1801 5658">
     <span class='ocr_line' id='line_1_58' title="bbox 229 5591 1801 5658; baseline -0.011 -5"><span class='ocrx_word' id='word_1_458' title='bbox 229 5602 350 5652; x_wconf 70' lang='lat' dir='ltr'><strong>sime</strong></span> <span class='ocrx_word' id='word_1_459' title='bbox 368 5591 568 5652; x_wconf 55' lang='lat' dir='ltr'><strong>elocuti:</strong></span> <span class='ocrx_word' id='word_1_460' title='bbox 591 5593 828 5658; x_wconf 71' lang='lat' dir='ltr'><strong>fructibus</strong></span> <span class='ocrx_word' id='word_1_461' title='bbox 847 5598 1018 5658; x_wconf 68' lang='lat' dir='ltr'><strong>utere._</strong></span> <span class='ocrx_word' id='word_1_462' title='bbox 1031 5591 1370 5658; x_wconf 69' lang='lat' dir='ltr'><strong>Tarnacensis,</strong></span> <span class='ocrx_word' id='word_1_463' title='bbox 1409 5595 1598 5653; x_wconf 68' lang='lat' dir='ltr'><strong>tumque</strong></span> 
     </span>
    </p>
   </div>
   <div class='ocr_carea' id='block_1_59' title="bbox 232 5652 1803 5724">
    <p class='ocr_par' dir='ltr' id='par_1_59' title="bbox 232 5652 1803 5724">
     <span class='ocr_line' id='line_1_59' title="bbox 232 5652 1803 5724; baseline -0.007 -10"><span class='ocrx_word' id='word_1_464' title='bbox 232 5676 352 5713; x_wconf 71' lang='lat' dir='ltr'><strong>natm</strong></span> <span class='ocrx_word' id='word_1_465' title='bbox 371 5668 418 5713; x_wconf 85' lang='lat' dir='ltr'><strong>et</strong></span> <span class='ocrx_word' id='word_1_466' title='bbox 444 5652 677 5710; x_wconf 63' lang='lat' dir='ltr'><strong>maxime</strong></span> <span class='ocrx_word' id='word_1_467' title='bbox 696 5653 970 5724; x_wconf 51' lang='lat' dir='ltr'><strong>elocutionis</strong></span> <span class='ocrx_word' id='word_1_468' title='bbox 990 5652 1223 5724; x_wconf 63' lang='lat' dir='ltr'><strong>fructibus</strong></span> <span class='ocrx_word' id='word_1_469' title='bbox 1256 5659 1398 5724; x_wconf 78' lang='lat' dir='ltr'><strong>utere.</strong></span> <span class='ocrx_word' id='word_1_470' title='bbox 1442 5652 1803 5724; x_wconf 64' lang='lat' dir='ltr'><strong>Antiquissimps</strong></span> 
     </span>
    </p>
   </div>
   <div class='ocr_carea' id='block_1_60' title="bbox 232 5713 1804 5784">
    <p class='ocr_par' dir='ltr' id='par_1_60' title="bbox 232 5713 1804 5784">
     <span class='ocr_line' id='line_1_60' title="bbox 232 5713 1804 5784; baseline -0.007 -9"><span class='ocrx_word' id='word_1_471' title='bbox 232 5735 387 5775; x_wconf 85' lang='lat' dir='ltr'><strong>noster</strong></span> <span class='ocrx_word' id='word_1_472' title='bbox 409 5718 770 5784; x_wconf 81' lang='lat' dir='ltr'><strong>Germanensis,</strong></span> <span class='ocrx_word' id='word_1_473' title='bbox 793 5721 946 5784; x_wconf 62' lang='lat' dir='ltr'><strong>tuque</strong></span> <span class='ocrx_word' id='word_1_474' title='bbox 1297 5721 1343 5765; x_wconf 85' lang='lat' dir='ltr'><strong>et</strong></span> <span class='ocrx_word' id='word_1_475' title='bbox 1597 5727 1705 5776; x_wconf 66' lang='lat' dir='ltr'><strong>qua</strong></span> <span class='ocrx_word' id='word_1_476' title='bbox 1737 5713 1804 5764; x_wconf 92' lang='lat' dir='ltr'><strong>lo-</strong></span> 
     </span>
    </p>
   </div>
   <div class='ocr_carea' id='block_1_61' title="bbox 232 5777 1804 5903">
    <p class='ocr_par' dir='ltr' id='par_1_61' title="bbox 232 5777 1804 5903">
     <span class='ocr_line' id='line_1_61' title="bbox 232 5777 1804 5903; baseline -0.007 -64"><span class='ocrx_word' id='word_1_477' title='bbox 232 5795 356 5903; x_wconf 45' lang='lat' dir='ltr'><strong>cata:</strong></span> <span class='ocrx_word' id='word_1_478' title='bbox 377 5794 545 5844; x_wconf 82' lang='lat' dir='ltr'><strong>utere;</strong></span> <span class='ocrx_word' id='word_1_479' title='bbox 567 5781 766 5839; x_wconf 84' lang='lat' dir='ltr'><strong>omisso,</strong></span> <span class='ocrx_word' id='word_1_480' title='bbox 784 5777 1032 5839; x_wconf 74' lang='lat' dir='ltr'><strong>fructibus.</strong></span> <span class='ocrx_word' id='word_1_481' title='bbox 1057 5779 1280 5829; x_wconf 77' lang='lat' dir='ltr'><strong>Mendose</strong></span> <span class='ocrx_word' id='word_1_482' title='bbox 1298 5813 1314 5840; x_wconf 92' lang='lat'><strong>,</strong></span> <span class='ocrx_word' id='word_1_483' title='bbox 1334 5779 1424 5827; x_wconf 83' lang='lat' dir='ltr'><strong>nisi</strong></span> <span class='ocrx_word' id='word_1_484' title='bbox 1449 5778 1602 5840; x_wconf 86' lang='lat' dir='ltr'><strong>legas,</strong></span> <span class='ocrx_word' id='word_1_485' title='bbox 1625 5789 1733 5841; x_wconf 70' lang='lat' dir='ltr'><strong>qum</strong></span> <span class='ocrx_word' id='word_1_486' title='bbox 1753 5789 1804 5828; x_wconf 75' lang='lat' dir='ltr'><strong>es</strong></span> 
     </span>
     <span class='ocr_line' id='line_1_62' title="bbox 297 5865 1020 5903; baseline 0.007 -5"><span class='ocrx_word' id='word_1_487' title='bbox 297 5865 312 5898; x_wconf 78' lang='grc' dir='ltr'><strong>ι</strong></span> <span class='ocrx_word' id='word_1_488' title='bbox 349 5865 420 5901; x_wconf 83' lang='lat' dir='ltr'><strong>us.</strong></span> <span class='ocrx_word' id='word_1_489' title='bbox 989 5891 1020 5903; x_wconf 62' lang='grc' dir='ltr'><strong>ι</strong></span> 
     </span>
    </p>
   </div>
   <div class='ocr_carea' id='block_1_62' title="bbox 297 5858 1020 5908">
    <p class='ocr_par' dir='ltr' id='par_1_62' title="bbox 297 5858 1020 5908">
     <span class='ocr_line' id='line_1_63' title="bbox 297 5858 1020 5908; baseline -0.001 -10"><span class='ocrx_word' id='word_1_490' title='bbox 297 5858 420 5901; x_wconf 73' lang='lat' dir='ltr'><strong>ntus.</strong></span> <span class='ocrx_word' id='word_1_491' title='bbox 780 5905 788 5908; x_wconf 93' lang='lat'>_</span> <span class='ocrx_word' id='word_1_492' title='bbox 989 5891 1020 5908; x_wconf 53' lang='grc' dir='ltr'><strong>ι</strong></span> 
     </span>
    </p>
   </div>
   <div class='ocr_carea' id='block_1_63' title="bbox 493 5903 1148 5974">
    <p class='ocr_par' dir='ltr' id='par_1_63' title="bbox 493 5903 1148 5974">
     <span class='ocr_line' id='line_1_64' title="bbox 493 5903 1148 5974; baseline -0.011 0"><span class='ocrx_word' id='word_1_493' title='bbox 493 5911 728 5974; x_wconf 69' lang='grc' dir='ltr'><strong>Ξλιιετ.</strong></span> <span class='ocrx_word' id='word_1_494' title='bbox 761 5903 1038 5967; x_wconf 67' lang='lat' dir='ltr'><strong>Aususi.</strong></span> <span class='ocrx_word' id='word_1_495' title='bbox 1065 5903 1148 5966; x_wconf 82' lang='lat' dir='ltr'><strong>X.</strong></span> 
     </span>
    </p>
   </div>
   <div class='ocr_carea' id='block_1_64' title="bbox 1880 464 3462 542">
    <p class='ocr_par' dir='ltr' id='par_1_64' title="bbox 1880 464 3462 542">
     <span class='ocr_line' id='line_1_65' title="bbox 1880 464 3462 542; baseline 0.007 -25"><span class='ocrx_word' id='word_1_496' title='bbox 1880 464 1934 518; x_wconf 92' lang='lat' dir='ltr'><strong>in</strong></span> <span class='ocrx_word' id='word_1_497' title='bbox 1983 473 2034 518; x_wconf 92' lang='lat' dir='ltr'><strong>te</strong></span> <span class='ocrx_word' id='word_1_498' title='bbox 2078 477 2294 534; x_wconf 87' lang='lat' dir='ltr'><strong>parvam</strong></span> <span class='ocrx_word' id='word_1_499' title='bbox 2325 478 2444 521; x_wconf 90' lang='lat' dir='ltr'><strong>esse</strong></span> <span class='ocrx_word' id='word_1_500' title='bbox 2469 466 2692 537; x_wconf 84' lang='lat' dir='ltr'><strong>cognovi</strong></span> <span class='ocrx_word' id='word_1_501' title='bbox 2723 485 2736 524; x_wconf 89' lang='lat'><strong>:</strong></span> <span class='ocrx_word' id='word_1_502' title='bbox 2769 468 2864 524; x_wconf 89' lang='lat' dir='ltr'><strong>sed</strong></span> <span class='ocrx_word' id='word_1_503' title='bbox 2893 469 3120 527; x_wconf 91' lang='lat' dir='ltr'><strong>eruditio</strong></span> <span class='ocrx_word' id='word_1_504' title='bbox 3145 472 3319 528; x_wconf 89' lang='lat' dir='ltr'><strong>minor</strong></span> <span class='ocrx_word' id='word_1_505' title='bbox 3341 484 3422 530; x_wconf 93' lang='lat' dir='ltr'><strong>est</strong></span> <span class='ocrx_word' id='word_1_506' title='bbox 3448 518 3462 542; x_wconf 93' lang='lat'><strong>,</strong></span> 
     </span>
    </p>
   </div>
   <div class='ocr_carea' id='block_1_65' title="bbox 1878 557 3464 636">
    <p class='ocr_par' dir='ltr' id='par_1_65' title="bbox 1878 557 3464 636">
     <span class='ocr_line' id='line_1_66' title="bbox 1878 557 3464 636; baseline 0.007 -26"><span class='ocrx_word' id='word_1_507' title='bbox 1878 572 2034 628; x_wconf 89' lang='lat' dir='ltr'><strong>quam</strong></span> <span class='ocrx_word' id='word_1_508' title='bbox 2065 564 2223 611; x_wconf 70' lang='lat' dir='ltr'><strong>tanta:</strong></span> <span class='ocrx_word' id='word_1_509' title='bbox 2249 557 2410 612; x_wconf 89' lang='lat' dir='ltr'><strong>indoli</strong></span> <span class='ocrx_word' id='word_1_510' title='bbox 2433 558 2707 630; x_wconf 90' lang='lat' dir='ltr'><strong>laborique</strong></span> <span class='ocrx_word' id='word_1_511' title='bbox 2727 562 3066 632; x_wconf 82' lang='lat' dir='ltr'><strong>congruebat.</strong></span> <span class='ocrx_word' id='word_1_512' title='bbox 3091 561 3271 636; x_wconf 81' lang='lat' dir='ltr'><strong>Itaque</strong></span> <span class='ocrx_word' id='word_1_513' title='bbox 3295 574 3346 620; x_wconf 92' lang='lat' dir='ltr'><strong>te</strong></span> <span class='ocrx_word' id='word_1_514' title='bbox 3368 582 3464 622; x_wconf 92' lang='lat' dir='ltr'><strong>nec</strong></span> 
     </span>
    </p>
   </div>
   <div class='ocr_carea' id='block_1_66' title="bbox 1878 652 3463 727">
    <p class='ocr_par' dir='ltr' id='par_1_66' title="bbox 1878 652 3463 727">
     <span class='ocr_line' id='line_1_67' title="bbox 1878 652 3463 727; baseline 0.004 -21"><span class='ocrx_word' id='word_1_515' title='bbox 1878 652 2105 722; x_wconf 90' lang='lat' dir='ltr'><strong>amplius</strong></span> <span class='ocrx_word' id='word_1_516' title='bbox 2133 666 2290 722; x_wconf 91' lang='lat' dir='ltr'><strong>quam</strong></span> <span class='ocrx_word' id='word_1_517' title='bbox 2319 662 2529 724; x_wconf 90' lang='lat' dir='ltr'><strong>oportet</strong></span> <span class='ocrx_word' id='word_1_518' title='bbox 2557 654 2650 710; x_wconf 89' lang='lat' dir='ltr'><strong>tibi</strong></span> <span class='ocrx_word' id='word_1_519' title='bbox 2682 655 2961 712; x_wconf 90' lang='lat' dir='ltr'><strong>tribuendo</strong></span> <span class='ocrx_word' id='word_1_520' title='bbox 2988 674 3272 716; x_wconf 84' lang='lat' dir='ltr'><strong>vanescere</strong></span> <span class='ocrx_word' id='word_1_521' title='bbox 3301 659 3421 715; x_wconf 89' lang='lat' dir='ltr'><strong>volo</strong></span> <span class='ocrx_word' id='word_1_522' title='bbox 3448 704 3463 727; x_wconf 91' lang='lat'><strong>,</strong></span> 
     </span>
    </p>
   </div>
   <div class='ocr_carea' id='block_1_67' title="bbox 1879 743 3462 821">
    <p class='ocr_par' dir='ltr' id='par_1_67' title="bbox 1879 743 3462 821">
     <span class='ocr_line' id='line_1_68' title="bbox 1879 743 3462 821; baseline 0.005 -23"><span class='ocrx_word' id='word_1_523' title='bbox 1879 759 1981 798; x_wconf 88' lang='lat' dir='ltr'><strong>nec</strong></span> <span class='ocrx_word' id='word_1_524' title='bbox 2027 759 2212 798; x_wconf 88' lang='lat' dir='ltr'><strong>rursus</strong></span> <span class='ocrx_word' id='word_1_525' title='bbox 2259 752 2309 799; x_wconf 90' lang='lat' dir='ltr'><strong>te</strong></span> <span class='ocrx_word' id='word_1_526' title='bbox 2353 743 2651 813; x_wconf 90' lang='lat' dir='ltr'><strong>abjiciendo</strong></span> <span class='ocrx_word' id='word_1_527' title='bbox 2696 760 2759 801; x_wconf 89' lang='lat' dir='ltr'><strong>ac</strong></span> <span class='ocrx_word' id='word_1_528' title='bbox 2800 747 3132 818; x_wconf 88' lang='lat' dir='ltr'><strong>desperando</strong></span> <span class='ocrx_word' id='word_1_529' title='bbox 3157 749 3462 821; x_wconf 78' lang='lat' dir='ltr'><strong>frigescere.</strong></span> 
     </span>
    </p>
   </div>
   <div class='ocr_carea' id='block_1_68' title="bbox 1879 833 3539 909">
    <p class='ocr_par' dir='ltr' id='par_1_68' title="bbox 1879 833 3539 909">
     <span class='ocr_line' id='line_1_69' title="bbox 1879 833 3539 909; baseline 0.007 -19"><span class='ocrx_word' id='word_1_530' title='bbox 1879 833 2094 890; x_wconf 88' lang='lat' dir='ltr'><strong>Utinam</strong></span> <span class='ocrx_word' id='word_1_531' title='bbox 2136 844 2221 890; x_wconf 89' lang='lat' dir='ltr'><strong>tua</strong></span> <span class='ocrx_word' id='word_1_532' title='bbox 2251 835 2446 906; x_wconf 89' lang='lat' dir='ltr'><strong>scripta</strong></span> <span class='ocrx_word' id='word_1_533' title='bbox 2479 843 2655 892; x_wconf 89' lang='lat' dir='ltr'><strong>tecum</strong></span> <span class='ocrx_word' id='word_1_534' title='bbox 2697 836 2875 907; x_wconf 84' lang='lat' dir='ltr'><strong>legere</strong></span> <span class='ocrx_word' id='word_1_535' title='bbox 2919 854 3162 909; x_wconf 89' lang='lat' dir='ltr'><strong>possem,</strong></span> <span class='ocrx_word' id='word_1_536' title='bbox 3211 853 3265 898; x_wconf 94' lang='lat' dir='ltr'><strong>et</strong></span> <span class='ocrx_word' id='word_1_537' title='bbox 3303 845 3466 900; x_wconf 90' lang='lat' dir='ltr'><strong>collo-</strong></span> <span class='ocrx_word' id='word_1_538' title='bbox 3509 843 3539 909; x_wconf 43' lang='grc' dir='ltr'><strong>λ’</strong></span> 
     </span>
    </p>
   </div>
   <div class='ocr_carea' id='block_1_69' title="bbox 1881 890 3528 1001">
    <p class='ocr_par' dir='ltr' id='par_1_69' title="bbox 1881 890 3528 1001">
     <span class='ocr_line' id='line_1_70' title="bbox 1881 890 3528 1001; baseline 0.006 -20"><span class='ocrx_word' id='word_1_539' title='bbox 1881 927 2092 999; x_wconf 89' lang='lat' dir='ltr'><strong>quendo</strong></span> <span class='ocrx_word' id='word_1_540' title='bbox 2119 928 2312 997; x_wconf 87' lang='lat' dir='ltr'><strong>potius,</strong></span> <span class='ocrx_word' id='word_1_541' title='bbox 2339 943 2500 998; x_wconf 90' lang='lat' dir='ltr'><strong>quam</strong></span> <span class='ocrx_word' id='word_1_542' title='bbox 2527 927 2833 996; x_wconf 86' lang='lat' dir='ltr'><strong>scribendo,</strong></span> <span class='ocrx_word' id='word_1_543' title='bbox 2860 946 2976 1001; x_wconf 63' lang='lat' dir='ltr'><strong>quae</strong></span> <span class='ocrx_word' id='word_1_544' title='bbox 3002 933 3108 988; x_wconf 90' lang='lat' dir='ltr'><strong>sint</strong></span> <span class='ocrx_word' id='word_1_545' title='bbox 3135 890 3465 991; x_wconf 76' lang='lat' dir='ltr'><strong>emendanda</strong></span> <span class='ocrx_word' id='word_1_546' title='bbox 3507 890 3528 1001; x_wconf 45' lang='grc' dir='ltr'><strong>ξ</strong></span> 
     </span>
    </p>
   </div>
   <div class='ocr_carea' id='block_1_70' title="bbox 1881 973 3524 1096">
    <p class='ocr_par' dir='ltr' id='par_1_70' title="bbox 1881 973 3524 1096">
     <span class='ocr_line' id='line_1_71' title="bbox 1882 973 3465 1001; baseline 0.006 -20"><span class='ocrx_word' id='word_1_547' title='bbox 1882 973 2089 999; x_wconf 48' lang='lat' dir='ltr'><strong>qm.--</strong></span> <span class='ocrx_word' id='word_1_548' title='bbox 2120 973 2312 997; x_wconf 55' lang='lat' dir='ltr'><strong>rw“,</strong></span> <span class='ocrx_word' id='word_1_549' title='bbox 2341 973 2500 998; x_wconf 59' lang='grc' dir='ltr'><strong>ηπ..-</strong></span> <span class='ocrx_word' id='word_1_550' title='bbox 2527 973 2833 996; x_wconf 57' lang='grc' dir='ltr'><strong>..ιη-νυ-υ,</strong></span> <span class='ocrx_word' id='word_1_551' title='bbox 2861 973 2975 1001; x_wconf 53' lang='grc' dir='ltr'>ΨΜ</span> <span class='ocrx_word' id='word_1_552' title='bbox 3002 973 3108 988; x_wconf 65' lang='grc' dir='ltr'><strong>ω...</strong></span> <span class='ocrx_word' id='word_1_553' title='bbox 3135 973 3465 991; x_wconf 68' lang='lat'><strong>-.................</strong></span> 
     </span>
     <span class='ocr_line' id='line_1_72' title="bbox 1881 973 3524 1096; baseline 0.007 -22"><span class='ocrx_word' id='word_1_554' title='bbox 1881 1029 2255 1076; x_wconf 88' lang='lat' dir='ltr'><strong>monstrarem.</strong></span> <span class='ocrx_word' id='word_1_555' title='bbox 2301 1018 2528 1075; x_wconf 82' lang='lat' dir='ltr'><strong>Facilius</strong></span> <span class='ocrx_word' id='word_1_556' title='bbox 2565 1020 2668 1078; x_wconf 92' lang='lat' dir='ltr'><strong>hoc</strong></span> <span class='ocrx_word' id='word_1_557' title='bbox 2698 1022 2964 1092; x_wconf 84' lang='lat' dir='ltr'><strong>negotium</strong></span> <span class='ocrx_word' id='word_1_558' title='bbox 2997 1038 3338 1096; x_wconf 81' lang='lat' dir='ltr'><strong>perageretur</strong></span> <span class='ocrx_word' id='word_1_559' title='bbox 3367 1045 3465 1084; x_wconf 91' lang='lat' dir='ltr'><strong>no-</strong></span> <span class='ocrx_word' id='word_1_560' title='bbox 3509 973 3524 1040; x_wconf 55' lang='grc' dir='ltr'>ί</span> 
     </span>
    </p>
   </div>
   <div class='ocr_carea' id='block_1_71' title="bbox 1883 1113 3467 1189">
    <p class='ocr_par' dir='ltr' id='par_1_71' title="bbox 1883 1113 3467 1189">
     <span class='ocr_line' id='line_1_73' title="bbox 1883 1113 3467 1189; baseline 0.006 -23"><span class='ocrx_word' id='word_1_561' title='bbox 1883 1123 1990 1167; x_wconf 90' lang='lat' dir='ltr'><strong>stra</strong></span> <span class='ocrx_word' id='word_1_562' title='bbox 2025 1113 2162 1167; x_wconf 90' lang='lat' dir='ltr'><strong>inter</strong></span> <span class='ocrx_word' id='word_1_563' title='bbox 2193 1127 2290 1166; x_wconf 91' lang='lat' dir='ltr'><strong>nos</strong></span> <span class='ocrx_word' id='word_1_564' title='bbox 2320 1113 2764 1169; x_wconf 90' lang='lat' dir='ltr'><strong>sermocinatione</strong></span> <span class='ocrx_word' id='word_1_565' title='bbox 2783 1155 2797 1177; x_wconf 92' lang='lat'><strong>,</strong></span> <span class='ocrx_word' id='word_1_566' title='bbox 2828 1130 2985 1185; x_wconf 86' lang='lat' dir='ltr'><strong>quam</strong></span> <span class='ocrx_word' id='word_1_567' title='bbox 3014 1115 3205 1172; x_wconf 91' lang='lat' dir='ltr'><strong>litteris</strong></span> <span class='ocrx_word' id='word_1_568' title='bbox 3236 1137 3248 1171; x_wconf 92' lang='lat'><strong>:</strong></span> <span class='ocrx_word' id='word_1_569' title='bbox 3275 1136 3392 1189; x_wconf 84' lang='lat' dir='ltr'><strong>quae</strong></span> <span class='ocrx_word' id='word_1_570' title='bbox 3423 1121 3467 1176; x_wconf 92' lang='lat' dir='ltr'><strong>si</strong></span> 
     </span>
    </p>
   </div>
   <div class='ocr_carea' id='block_1_72' title="bbox 1885 1202 3466 1278">
    <p class='ocr_par' dir='ltr' id='par_1_72' title="bbox 1885 1202 3466 1278">
     <span class='ocr_line' id='line_1_74' title="bbox 1885 1202 3466 1278; baseline 0.005 -20"><span class='ocrx_word' id='word_1_571' title='bbox 1885 1202 2163 1258; x_wconf 86' lang='lat' dir='ltr'><strong>scribenda</strong></span> <span class='ocrx_word' id='word_1_572' title='bbox 2206 1212 2385 1268; x_wconf 91' lang='lat' dir='ltr'><strong>esset,</strong></span> <span class='ocrx_word' id='word_1_573' title='bbox 2438 1205 2617 1259; x_wconf 89' lang='lat' dir='ltr'><strong>multis</strong></span> <span class='ocrx_word' id='word_1_574' title='bbox 2662 1205 3016 1262; x_wconf 90' lang='lat' dir='ltr'><strong>voluminibus</strong></span> <span class='ocrx_word' id='word_1_575' title='bbox 3053 1208 3328 1278; x_wconf 83' lang='lat' dir='ltr'><strong>indigeret.</strong></span> <span class='ocrx_word' id='word_1_576' title='bbox 3359 1211 3466 1266; x_wconf 81' lang='lat' dir='ltr'><strong>Ve-</strong></span> 
     </span>
    </p>
   </div>
   <div class='ocr_carea' id='block_1_73' title="bbox 1883 1295 3470 1367">
    <p class='ocr_par' dir='ltr' id='par_1_73' title="bbox 1883 1295 3470 1367">
     <span class='ocr_line' id='line_1_75' title="bbox 1883 1295 3470 1367; baseline 0.005 -17"><span class='ocrx_word' id='word_1_577' title='bbox 1883 1304 2180 1350; x_wconf 88' lang='lat' dir='ltr'><strong>rumtamen</strong></span> <span class='ocrx_word' id='word_1_578' title='bbox 2221 1295 2320 1350; x_wconf 91' lang='lat' dir='ltr'><strong>ista</strong></span> <span class='ocrx_word' id='word_1_579' title='bbox 2366 1297 2647 1366; x_wconf 78' lang='lat' dir='ltr'><strong>capitalia,</strong></span> <span class='ocrx_word' id='word_1_580' title='bbox 2697 1314 2814 1367; x_wconf 76' lang='lat' dir='ltr'><strong>qua:</strong></span> <span class='ocrx_word' id='word_1_581' title='bbox 2857 1308 3006 1354; x_wconf 90' lang='lat' dir='ltr'><strong>certo</strong></span> <span class='ocrx_word' id='word_1_582' title='bbox 3047 1302 3208 1355; x_wconf 90' lang='lat' dir='ltr'><strong>etiam</strong></span> <span class='ocrx_word' id='word_1_583' title='bbox 3248 1316 3470 1360; x_wconf 90' lang='lat' dir='ltr'><strong>numero</strong></span> 
     </span>
    </p>
   </div>
   <div class='ocr_carea' id='block_1_74' title="bbox 1883 1386 3468 1459">
    <p class='ocr_par' dir='ltr' id='par_1_74' title="bbox 1883 1386 3468 1459">
     <span class='ocr_line' id='line_1_76' title="bbox 1883 1386 3468 1459; baseline 0.005 -18"><span class='ocrx_word' id='word_1_584' title='bbox 1883 1386 2336 1456; x_wconf 90' lang='lat' dir='ltr'><strong>comprehendere</strong></span> <span class='ocrx_word' id='word_1_585' title='bbox 2373 1386 2546 1456; x_wconf 90' lang='lat' dir='ltr'><strong>volui,</strong></span> <span class='ocrx_word' id='word_1_586' title='bbox 2590 1389 2848 1445; x_wconf 86' lang='lat' dir='ltr'><strong>instanter</strong></span> <span class='ocrx_word' id='word_1_587' title='bbox 2873 1391 3135 1447; x_wconf 89' lang='lat' dir='ltr'><strong>admoneo</strong></span> <span class='ocrx_word' id='word_1_588' title='bbox 3157 1433 3174 1459; x_wconf 89' lang='lat'><strong>,</strong></span> <span class='ocrx_word' id='word_1_589' title='bbox 3201 1407 3268 1448; x_wconf 92' lang='lat' dir='ltr'><strong>ne</strong></span> <span class='ocrx_word' id='word_1_590' title='bbox 3297 1395 3468 1448; x_wconf 92' lang='lat' dir='ltr'><strong>corri-</strong></span> 
     </span>
    </p>
   </div>
   <div class='ocr_carea' id='block_1_75' title="bbox 1884 1479 3469 1554">
    <p class='ocr_par' dir='ltr' id='par_1_75' title="bbox 1884 1479 3469 1554">
     <span class='ocr_line' id='line_1_77' title="bbox 1884 1479 3469 1554; baseline 0.005 -22"><span class='ocrx_word' id='word_1_591' title='bbox 1884 1494 2008 1550; x_wconf 85' lang='lat' dir='ltr'><strong>gere</strong></span> <span class='ocrx_word' id='word_1_592' title='bbox 2037 1479 2272 1544; x_wconf 77' lang='lat' dir='ltr'><strong>diﬂ’eras,</strong></span> <span class='ocrx_word' id='word_1_593' title='bbox 2301 1489 2355 1536; x_wconf 91' lang='lat' dir='ltr'><strong>et</strong></span> <span class='ocrx_word' id='word_1_594' title='bbox 2378 1495 2440 1536; x_wconf 90' lang='lat' dir='ltr'><strong>ea</strong></span> <span class='ocrx_word' id='word_1_595' title='bbox 2471 1495 2690 1550; x_wconf 90' lang='lat' dir='ltr'><strong>prorsus</strong></span> <span class='ocrx_word' id='word_1_596' title='bbox 2715 1498 2743 1535; x_wconf 90' lang='lat' dir='ltr'><strong>a</strong></span> <span class='ocrx_word' id='word_1_597' title='bbox 2770 1481 2874 1537; x_wconf 88' lang='lat' dir='ltr'><strong>fide</strong></span> <span class='ocrx_word' id='word_1_598' title='bbox 2899 1491 2952 1537; x_wconf 90' lang='lat' dir='ltr'><strong>et</strong></span> <span class='ocrx_word' id='word_1_599' title='bbox 2976 1483 3356 1554; x_wconf 67' lang='lat' dir='ltr'><strong>prmdicatione</strong></span> <span class='ocrx_word' id='word_1_600' title='bbox 3383 1495 3469 1540; x_wconf 90' lang='lat' dir='ltr'><strong>tua</strong></span> 
     </span>
    </p>
   </div>
   <div class='ocr_carea' id='block_1_76' title="bbox 1885 1571 3468 1648">
    <p class='ocr_par' dir='ltr' id='par_1_76' title="bbox 1885 1571 3468 1648">
     <span class='ocr_line' id='line_1_78' title="bbox 1885 1571 3468 1648; baseline 0.006 -23"><span class='ocrx_word' id='word_1_601' title='bbox 1885 1571 2048 1627; x_wconf 82' lang='lat' dir='ltr'><strong>facias</strong></span> <span class='ocrx_word' id='word_1_602' title='bbox 2093 1571 2266 1627; x_wconf 85' lang='lat' dir='ltr'><strong>aliena</strong></span> <span class='ocrx_word' id='word_1_603' title='bbox 2300 1591 2314 1627; x_wconf 87' lang='lat'><strong>:</strong></span> <span class='ocrx_word' id='word_1_604' title='bbox 2343 1581 2401 1626; x_wconf 92' lang='lat' dir='ltr'><strong>ut</strong></span> <span class='ocrx_word' id='word_1_605' title='bbox 2428 1582 2622 1643; x_wconf 84' lang='lat' dir='ltr'><strong>quanta</strong></span> <span class='ocrx_word' id='word_1_606' title='bbox 2655 1574 2746 1629; x_wconf 90' lang='lat' dir='ltr'><strong>tibi</strong></span> <span class='ocrx_word' id='word_1_607' title='bbox 2777 1573 2999 1630; x_wconf 83' lang='lat' dir='ltr'><strong>facultas</strong></span> <span class='ocrx_word' id='word_1_608' title='bbox 3024 1586 3108 1632; x_wconf 91' lang='lat' dir='ltr'><strong>est</strong></span> <span class='ocrx_word' id='word_1_609' title='bbox 3133 1577 3468 1648; x_wconf 86' lang='lat' dir='ltr'><strong>disputandi,</strong></span> 
     </span>
    </p>
   </div>
   <div class='ocr_carea' id='block_1_77' title="bbox 1885 1662 3469 1735">
    <p class='ocr_par' dir='ltr' id='par_1_77' title="bbox 1885 1662 3469 1735">
     <span class='ocr_line' id='line_1_79' title="bbox 1885 1662 3469 1735; baseline 0.006 -19"><span class='ocrx_word' id='word_1_610' title='bbox 1885 1677 2104 1716; x_wconf 89' lang='lat' dir='ltr'><strong>munere</strong></span> <span class='ocrx_word' id='word_1_611' title='bbox 2150 1663 2242 1717; x_wconf 92' lang='lat' dir='ltr'><strong>Dei</strong></span> <span class='ocrx_word' id='word_1_612' title='bbox 2283 1662 2449 1717; x_wconf 91' lang='lat' dir='ltr'><strong>utaris</strong></span> <span class='ocrx_word' id='word_1_613' title='bbox 2476 1664 2674 1719; x_wconf 90' lang='lat' dir='ltr'><strong>utiliter</strong></span> <span class='ocrx_word' id='word_1_614' title='bbox 2700 1665 2765 1718; x_wconf 91' lang='lat' dir='ltr'><strong>ad</strong></span> <span class='ocrx_word' id='word_1_615' title='bbox 2797 1665 3197 1722; x_wconf 64' lang='lat' dir='ltr'><strong>ardificationem</strong></span> <span class='ocrx_word' id='word_1_616' title='bbox 3222 1708 3239 1735; x_wconf 94' lang='lat'><strong>,</strong></span> <span class='ocrx_word' id='word_1_617' title='bbox 3274 1685 3376 1724; x_wconf 92' lang='lat' dir='ltr'><strong>non</strong></span> <span class='ocrx_word' id='word_1_618' title='bbox 3403 1671 3469 1725; x_wconf 87' lang='lat' dir='ltr'><strong>ad</strong></span> 
     </span>
    </p>
   </div>
   <div class='ocr_carea' id='block_1_78' title="bbox 1885 1752 3130 1826">
    <p class='ocr_par' dir='ltr' id='par_1_78' title="bbox 1885 1752 3130 1826">
     <span class='ocr_line' id='line_1_80' title="bbox 1885 1752 3130 1826; baseline 0.003 -17"><span class='ocrx_word' id='word_1_619' title='bbox 1885 1752 2298 1809; x_wconf 90' lang='lat' dir='ltr'><strong>destructionem</strong></span> <span class='ocrx_word' id='word_1_620' title='bbox 2329 1768 2472 1812; x_wconf 72' lang='lat' dir='ltr'><strong>sana:</strong></span> <span class='ocrx_word' id='word_1_621' title='bbox 2501 1755 2835 1826; x_wconf 87' lang='lat' dir='ltr'><strong>salubrisque</strong></span> <span class='ocrx_word' id='word_1_622' title='bbox 2855 1756 3130 1812; x_wconf 75' lang='lat' dir='ltr'><strong>doctrinae.</strong></span> 
     </span>
    </p>
   </div>
   <div class='ocr_carea' id='block_1_79' title="bbox 1956 1843 3470 1923">
    <p class='ocr_par' dir='ltr' id='par_1_79' title="bbox 1956 1843 3470 1923">
     <span class='ocr_line' id='line_1_81' title="bbox 1956 1843 3470 1923; baseline 0.007 -25"><span class='ocrx_word' id='word_1_623' title='bbox 1956 1843 2182 1899; x_wconf 86' lang='lat' dir='ltr'><strong>CAPUT</strong></span> <span class='ocrx_word' id='word_1_624' title='bbox 2229 1843 2344 1900; x_wconf 76' lang='lat' dir='ltr'><strong>XV.</strong></span> <span class='ocrx_word' id='word_1_625' title='bbox 2388 1874 2461 1885; x_wconf 89' lang='lat'><strong>-——</strong></span> <span class='ocrx_word' id='word_1_626' title='bbox 2500 1845 2589 1901; x_wconf 72' lang='lat'><strong>22.</strong></span> <span class='ocrx_word' id='word_1_627' title='bbox 2620 1846 2755 1902; x_wconf 91' lang='lat' dir='ltr'><strong>Sunt</strong></span> <span class='ocrx_word' id='word_1_628' title='bbox 2777 1858 2954 1903; x_wconf 88' lang='lat' dir='ltr'><strong>autem</strong></span> <span class='ocrx_word' id='word_1_629' title='bbox 2983 1849 3081 1904; x_wconf 85' lang='lat' dir='ltr'><strong>ista</strong></span> <span class='ocrx_word' id='word_1_630' title='bbox 3101 1890 3118 1918; x_wconf 94' lang='lat'><strong>,</strong></span> <span class='ocrx_word' id='word_1_631' title='bbox 3148 1851 3216 1906; x_wconf 91' lang='lat' dir='ltr'><strong>de</strong></span> <span class='ocrx_word' id='word_1_632' title='bbox 3243 1853 3470 1923; x_wconf 84' lang='lat' dir='ltr'><strong>quibus,</strong></span> 
     </span>
    </p>
   </div>
   <div class='ocr_carea' id='block_1_80' title="bbox 1887 1937 3474 2016">
    <p class='ocr_par' dir='ltr' id='par_1_80' title="bbox 1887 1937 3474 2016">
     <span class='ocr_line' id='line_1_82' title="bbox 1887 1937 3474 2016; baseline 0.005 -24"><span class='ocrx_word' id='word_1_633' title='bbox 1887 1945 1946 1992; x_wconf 89' lang='lat' dir='ltr'><strong>ut</strong></span> <span class='ocrx_word' id='word_1_634' title='bbox 1990 1938 2177 2008; x_wconf 89' lang='lat' dir='ltr'><strong>potui,</strong></span> <span class='ocrx_word' id='word_1_635' title='bbox 2221 1937 2330 2008; x_wconf 89' lang='lat' dir='ltr'><strong>jam</strong></span> <span class='ocrx_word' id='word_1_636' title='bbox 2380 1938 2603 1994; x_wconf 90' lang='lat' dir='ltr'><strong>disserui</strong></span> <span class='ocrx_word' id='word_1_637' title='bbox 2647 1957 2664 1996; x_wconf 89' lang='lat'><strong>:</strong></span> <span class='ocrx_word' id='word_1_638' title='bbox 2714 1941 2807 1995; x_wconf 90' lang='lat' dir='ltr'><strong>sed</strong></span> <span class='ocrx_word' id='word_1_639' title='bbox 2842 1941 3073 1998; x_wconf 81' lang='lat' dir='ltr'><strong>breviter</strong></span> <span class='ocrx_word' id='word_1_640' title='bbox 3095 1959 3158 1999; x_wconf 90' lang='lat' dir='ltr'><strong>ea</strong></span> <span class='ocrx_word' id='word_1_641' title='bbox 3185 1947 3474 2016; x_wconf 85' lang='lat' dir='ltr'><strong>repetendo</strong></span> 
     </span>
    </p>
   </div>
   <div class='ocr_carea' id='block_1_81' title="bbox 1887 2028 3472 2103">
    <p class='ocr_par' dir='ltr' id='par_1_81' title="bbox 1887 2028 3472 2103">
     <span class='ocr_line' id='line_1_83' title="bbox 1887 2028 3472 2103; baseline 0.006 -20"><span class='ocrx_word' id='word_1_642' title='bbox 1887 2043 2217 2099; x_wconf 90' lang='lat' dir='ltr'><strong>percurram.</strong></span> <span class='ocrx_word' id='word_1_643' title='bbox 2249 2028 2423 2085; x_wconf 89' lang='lat' dir='ltr'><strong>Unum</strong></span> <span class='ocrx_word' id='word_1_644' title='bbox 2451 2040 2551 2096; x_wconf 91' lang='lat' dir='ltr'><strong>est,</strong></span> <span class='ocrx_word' id='word_1_645' title='bbox 2588 2049 2607 2083; x_wconf 74' lang='grc' dir='ltr'>ί</span> <span class='ocrx_word' id='word_1_646' title='bbox 2644 2031 2794 2099; x_wconf 87' lang='lat' dir='ltr'><strong>Quod</strong></span> <span class='ocrx_word' id='word_1_647' title='bbox 2813 2032 3044 2088; x_wconf 88' lang='lat' dir='ltr'><strong>animam</strong></span> <span class='ocrx_word' id='word_1_648' title='bbox 3073 2051 3178 2090; x_wconf 92' lang='lat' dir='ltr'><strong>non</strong></span> <span class='ocrx_word' id='word_1_649' title='bbox 3199 2051 3263 2091; x_wconf 86' lang='lat' dir='ltr'><strong>ex</strong></span> <span class='ocrx_word' id='word_1_650' title='bbox 3285 2037 3472 2103; x_wconf 90' lang='lat' dir='ltr'><strong>nihilo,</strong></span> 
     </span>
    </p>
   </div>
   <div class='ocr_carea' id='block_1_82' title="bbox 1887 2116 3475 2197">
    <p class='ocr_par' dir='ltr' id='par_1_82' title="bbox 1887 2116 3475 2197">
     <span class='ocr_line' id='line_1_84' title="bbox 1887 2116 3475 2197; baseline 0.006 -21"><span class='ocrx_word' id='word_1_651' title='bbox 1887 2121 1982 2176; x_wconf 78' lang='lat' dir='ltr'><strong>sed</strong></span> <span class='ocrx_word' id='word_1_652' title='bbox 2012 2120 2079 2175; x_wconf 85' lang='lat' dir='ltr'><strong>de</strong></span> <span class='ocrx_word' id='word_1_653' title='bbox 2104 2137 2163 2176; x_wconf 91' lang='lat' dir='ltr'><strong>se</strong></span> <span class='ocrx_word' id='word_1_654' title='bbox 2192 2121 2307 2192; x_wconf 91' lang='lat' dir='ltr'><strong>ipso</strong></span> <span class='ocrx_word' id='word_1_655' title='bbox 2337 2123 2500 2178; x_wconf 90' lang='lat' dir='ltr'><strong>Deum</strong></span> <span class='ocrx_word' id='word_1_656' title='bbox 2531 2123 2718 2179; x_wconf 87' lang='lat' dir='ltr'><strong>fecisse</strong></span> <span class='ocrx_word' id='word_1_657' title='bbox 2753 2143 2773 2177; x_wconf 76' lang='grc' dir='ltr'><strong>ι</strong></span> <span class='ocrx_word' id='word_1_658' title='bbox 2804 2116 3008 2180; x_wconf 81' lang='lat' dir='ltr'><strong>dixisti.</strong></span> <span class='ocrx_word' id='word_1_659' title='bbox 3038 2128 3274 2190; x_wconf 81' lang='lat' dir='ltr'><strong>AJterum</strong></span> <span class='ocrx_word' id='word_1_660' title='bbox 3295 2171 3311 2197; x_wconf 93' lang='lat'><strong>,</strong></span> <span class='ocrx_word' id='word_1_661' title='bbox 3343 2131 3475 2188; x_wconf 71' lang='lat' dir='ltr'><strong>«Per</strong></span> 
     </span>
    </p>
   </div>
   <div class='ocr_carea' id='block_1_83' title="bbox 1887 2211 3476 2291">
    <p class='ocr_par' dir='ltr' id='par_1_83' title="bbox 1887 2211 3476 2291">
     <span class='ocr_line' id='line_1_85' title="bbox 1887 2211 3476 2291; baseline 0.008 -25"><span class='ocrx_word' id='word_1_662' title='bbox 1887 2211 2154 2268; x_wconf 86' lang='lat' dir='ltr'><strong>infinitum</strong></span> <span class='ocrx_word' id='word_1_663' title='bbox 2202 2222 2446 2285; x_wconf 85' lang='lat' dir='ltr'><strong>tempus,</strong></span> <span class='ocrx_word' id='word_1_664' title='bbox 2496 2225 2654 2286; x_wconf 86' lang='lat' dir='ltr'><strong>atque</strong></span> <span class='ocrx_word' id='word_1_665' title='bbox 2690 2216 2770 2291; x_wconf 83' lang='lat' dir='ltr'><strong>_ita</strong></span> <span class='ocrx_word' id='word_1_666' title='bbox 2815 2233 3028 2288; x_wconf 89' lang='lat' dir='ltr'><strong>semper</strong></span> <span class='ocrx_word' id='word_1_667' title='bbox 3070 2219 3234 2275; x_wconf 90' lang='lat' dir='ltr'><strong>Deum</strong></span> <span class='ocrx_word' id='word_1_668' title='bbox 3273 2223 3476 2279; x_wconf 89' lang='lat' dir='ltr'><strong>animas</strong></span> 
     </span>
    </p>
   </div>
   <div class='ocr_carea' id='block_1_84' title="bbox 1887 2303 3476 2380">
    <p class='ocr_par' dir='ltr' id='par_1_84' title="bbox 1887 2303 3476 2380">
     <span class='ocr_line' id='line_1_86' title="bbox 1887 2303 3476 2380; baseline 0.008 -22"><span class='ocrx_word' id='word_1_669' title='bbox 1887 2303 2050 2372; x_wconf 89' lang='lat' dir='ltr'><strong>dare,</strong></span> <span class='ocrx_word' id='word_1_670' title='bbox 2081 2305 2219 2360; x_wconf 82' lang='lat' dir='ltr'><strong>sicut</strong></span> <span class='ocrx_word' id='word_1_671' title='bbox 2238 2321 2449 2376; x_wconf 88' lang='lat' dir='ltr'><strong>semper</strong></span> <span class='ocrx_word' id='word_1_672' title='bbox 2469 2317 2552 2361; x_wconf 89' lang='lat' dir='ltr'><strong>est</strong></span> <span class='ocrx_word' id='word_1_673' title='bbox 2581 2308 2694 2377; x_wconf 88' lang='lat' dir='ltr'><strong>ipse</strong></span> <span class='ocrx_word' id='word_1_674' title='bbox 2721 2309 2810 2378; x_wconf 92' lang='lat' dir='ltr'><strong>qui</strong></span> <span class='ocrx_word' id='word_1_675' title='bbox 2831 2309 2940 2366; x_wconf 91' lang='lat' dir='ltr'><strong>dat.</strong></span> <span class='ocrx_word' id='word_1_676' title='bbox 2977 2328 2997 2363; x_wconf 74' lang='grc' dir='ltr'><strong>ι</strong></span> <span class='ocrx_word' id='word_1_677' title='bbox 3023 2309 3284 2380; x_wconf 85' lang='lat' dir='ltr'><strong>Tertium,</strong></span> <span class='ocrx_word' id='word_1_678' title='bbox 3313 2316 3476 2371; x_wconf 74' lang='lat' dir='ltr'><strong>«Ani-</strong></span> 
     </span>
    </p>
   </div>
   <div class='ocr_carea' id='block_1_85' title="bbox 1887 2401 3476 2480">
    <p class='ocr_par' dir='ltr' id='par_1_85' title="bbox 1887 2401 3476 2480">
     <span class='ocr_line' id='line_1_87' title="bbox 1887 2401 3476 2480; baseline 0.008 -26"><span class='ocrx_word' id='word_1_679' title='bbox 1887 2415 2031 2454; x_wconf 89' lang='lat' dir='ltr'><strong>mam</strong></span> <span class='ocrx_word' id='word_1_680' title='bbox 2073 2401 2318 2455; x_wconf 90' lang='lat' dir='ltr'><strong>meritum</strong></span> <span class='ocrx_word' id='word_1_681' title='bbox 2357 2401 2575 2473; x_wconf 90' lang='lat' dir='ltr'><strong>aliquod</strong></span> <span class='ocrx_word' id='word_1_682' title='bbox 2605 2402 2898 2472; x_wconf 88' lang='lat' dir='ltr'><strong>perdidisse</strong></span> <span class='ocrx_word' id='word_1_683' title='bbox 2928 2419 3024 2474; x_wconf 91' lang='lat' dir='ltr'><strong>per</strong></span> <span class='ocrx_word' id='word_1_684' title='bbox 3051 2420 3301 2475; x_wconf 90' lang='lat' dir='ltr'><strong>carnem,</strong></span> <span class='ocrx_word' id='word_1_685' title='bbox 3332 2410 3476 2480; x_wconf 89' lang='lat' dir='ltr'><strong>quod</strong></span> 
     </span>
    </p>
   </div>
   <div class='ocr_carea' id='block_1_86' title="bbox 1890 2491 3478 2573">
    <p class='ocr_par' dir='ltr' id='par_1_86' title="bbox 1890 2491 3478 2573">
     <span class='ocr_line' id='line_1_88' title="bbox 1890 2491 3478 2573; baseline 0.007 -28"><span class='ocrx_word' id='word_1_686' title='bbox 1890 2491 2132 2547; x_wconf 90' lang='lat' dir='ltr'><strong>habuerit</strong></span> <span class='ocrx_word' id='word_1_687' title='bbox 2176 2503 2302 2548; x_wconf 92' lang='lat' dir='ltr'><strong>ante</strong></span> <span class='ocrx_word' id='word_1_688' title='bbox 2347 2509 2584 2550; x_wconf 89' lang='lat' dir='ltr'><strong>carnem.</strong></span> <span class='ocrx_word' id='word_1_689' title='bbox 2641 2513 2661 2546; x_wconf 71' lang='grc' dir='ltr'><strong>ι</strong></span> <span class='ocrx_word' id='word_1_690' title='bbox 2713 2495 3009 2564; x_wconf 90' lang='lat' dir='ltr'><strong>Quartum,</strong></span> <span class='ocrx_word' id='word_1_691' title='bbox 3057 2516 3074 2550; x_wconf 82' lang='grc' dir='ltr'><strong>ι</strong></span> <span class='ocrx_word' id='word_1_692' title='bbox 3109 2500 3353 2558; x_wconf 83' lang='lat' dir='ltr'><strong>Animam</strong></span> <span class='ocrx_word' id='word_1_693' title='bbox 3383 2519 3478 2573; x_wconf 92' lang='lat' dir='ltr'><strong>per</strong></span> 
     </span>
    </p>
   </div>
   <div class='ocr_carea' id='block_1_87' title="bbox 1889 2584 3477 2664">
    <p class='ocr_par' dir='ltr' id='par_1_87' title="bbox 1889 2584 3477 2664">
     <span class='ocr_line' id='line_1_89' title="bbox 1889 2584 3477 2664; baseline 0.006 -25"><span class='ocrx_word' id='word_1_694' title='bbox 1889 2598 2105 2640; x_wconf 90' lang='lat' dir='ltr'><strong>carnem</strong></span> <span class='ocrx_word' id='word_1_695' title='bbox 2146 2599 2398 2654; x_wconf 88' lang='lat' dir='ltr'><strong>reparare</strong></span> <span class='ocrx_word' id='word_1_696' title='bbox 2438 2584 2802 2641; x_wconf 85' lang='lat' dir='ltr'><strong>habitudinem</strong></span> <span class='ocrx_word' id='word_1_697' title='bbox 2833 2588 3059 2657; x_wconf 89' lang='lat' dir='ltr'><strong>priscam</strong></span> <span class='ocrx_word' id='word_1_698' title='bbox 3080 2631 3096 2659; x_wconf 95' lang='lat'><strong>,</strong></span> <span class='ocrx_word' id='word_1_699' title='bbox 3126 2601 3181 2647; x_wconf 91' lang='lat' dir='ltr'><strong>et</strong></span> <span class='ocrx_word' id='word_1_700' title='bbox 3205 2608 3300 2664; x_wconf 91' lang='lat' dir='ltr'><strong>per</strong></span> <span class='ocrx_word' id='word_1_701' title='bbox 3327 2610 3477 2650; x_wconf 89' lang='lat' dir='ltr'><strong>eam-</strong></span> 
     </span>
    </p>
   </div>
   <div class='ocr_carea' id='block_1_88' title="bbox 1889 2675 3472 2754">
    <p class='ocr_par' dir='ltr' id='par_1_88' title="bbox 1889 2675 3472 2754">
     <span class='ocr_line' id='line_1_90' title="bbox 1889 2675 3472 2754; baseline 0.007 -25"><span class='ocrx_word' id='word_1_702' title='bbox 1889 2675 2013 2730; x_wconf 90' lang='lat' dir='ltr'><strong>dem</strong></span> <span class='ocrx_word' id='word_1_703' title='bbox 2041 2691 2255 2730; x_wconf 90' lang='lat' dir='ltr'><strong>carnem</strong></span> <span class='ocrx_word' id='word_1_704' title='bbox 2282 2678 2518 2743; x_wconf 87' lang='lat' dir='ltr'><strong>renasci,</strong></span> <span class='ocrx_word' id='word_1_705' title='bbox 2540 2693 2637 2749; x_wconf 88' lang='lat' dir='ltr'><strong>per</strong></span> <span class='ocrx_word' id='word_1_706' title='bbox 2662 2694 2819 2749; x_wconf 91' lang='lat' dir='ltr'><strong>quam</strong></span> <span class='ocrx_word' id='word_1_707' title='bbox 2840 2691 3109 2738; x_wconf 90' lang='lat' dir='ltr'><strong>meruerat</strong></span> <span class='ocrx_word' id='word_1_708' title='bbox 3133 2683 3417 2754; x_wconf 90' lang='lat' dir='ltr'><strong>inquinari.</strong></span> <span class='ocrx_word' id='word_1_709' title='bbox 3453 2707 3472 2740; x_wconf 77' lang='grc' dir='ltr'><strong>ι</strong></span> 
     </span>
    </p>
   </div>
   <div class='ocr_carea' id='block_1_89' title="bbox 1892 2766 3481 2844">
    <p class='ocr_par' dir='ltr' id='par_1_89' title="bbox 1892 2766 3481 2844">
     <span class='ocr_line' id='line_1_91' title="bbox 1892 2766 3481 2844; baseline 0.01 -24"><span class='ocrx_word' id='word_1_710' title='bbox 1892 2766 2142 2834; x_wconf 88' lang='lat' dir='ltr'><strong>Quintum</strong></span> <span class='ocrx_word' id='word_1_711' title='bbox 2161 2808 2178 2835; x_wconf 89' lang='lat'><strong>,</strong></span> <span class='ocrx_word' id='word_1_712' title='bbox 2206 2787 2224 2820; x_wconf 70' lang='grc' dir='ltr'><strong>ι</strong></span> <span class='ocrx_word' id='word_1_713' title='bbox 2258 2769 2408 2836; x_wconf 83' lang='lat' dir='ltr'><strong>Quod</strong></span> <span class='ocrx_word' id='word_1_714' title='bbox 2434 2770 2612 2824; x_wconf 90' lang='lat' dir='ltr'><strong>anima</strong></span> <span class='ocrx_word' id='word_1_715' title='bbox 2639 2772 2889 2826; x_wconf 89' lang='lat' dir='ltr'><strong>meruerit</strong></span> <span class='ocrx_word' id='word_1_716' title='bbox 2916 2787 3036 2830; x_wconf 86' lang='lat' dir='ltr'><strong>esse</strong></span> <span class='ocrx_word' id='word_1_717' title='bbox 3065 2778 3330 2844; x_wconf 79' lang='lat' dir='ltr'><strong>peccatrix</strong></span> <span class='ocrx_word' id='word_1_718' title='bbox 3357 2790 3481 2836; x_wconf 90' lang='lat' dir='ltr'><strong>ante</strong></span> 
     </span>
    </p>
   </div>
   <div class='ocr_carea' id='block_1_90' title="bbox 1895 2862 3482 2942">
    <p class='ocr_par' dir='ltr' id='par_1_90' title="bbox 1895 2862 3482 2942">
     <span class='ocr_line' id='line_1_92' title="bbox 1895 2862 3482 2942; baseline 0.009 -28"><span class='ocrx_word' id='word_1_719' title='bbox 1895 2874 2054 2914; x_wconf 90' lang='lat' dir='ltr'><strong>omne</strong></span> <span class='ocrx_word' id='word_1_720' title='bbox 2073 2869 2370 2932; x_wconf 88' lang='lat' dir='ltr'><strong>peccatum.</strong></span> <span class='ocrx_word' id='word_1_721' title='bbox 2399 2878 2419 2914; x_wconf 81' lang='grc' dir='ltr'><strong>ι</strong></span> <span class='ocrx_word' id='word_1_722' title='bbox 2440 2862 2681 2927; x_wconf 78' lang='lat' dir='ltr'><strong>Sextum,</strong></span> <span class='ocrx_word' id='word_1_723' title='bbox 2705 2881 2724 2914; x_wconf 72' lang='grc' dir='ltr'><strong>ι</strong></span> <span class='ocrx_word' id='word_1_724' title='bbox 2756 2863 2988 2922; x_wconf 86' lang='lat' dir='ltr'><strong>Infantes</strong></span> <span class='ocrx_word' id='word_1_725' title='bbox 3003 2876 3284 2938; x_wconf 89' lang='lat' dir='ltr'><strong>antequam</strong></span> <span class='ocrx_word' id='word_1_726' title='bbox 3306 2869 3482 2942; x_wconf 82' lang='lat' dir='ltr'><strong>bapti-</strong></span> 
     </span>
    </p>
   </div>
   <div class='ocr_carea' id='block_1_91' title="bbox 1890 2958 3480 3037">
    <p class='ocr_par' dir='ltr' id='par_1_91' title="bbox 1890 2958 3480 3037">
     <span class='ocr_line' id='line_1_93' title="bbox 1890 2958 3480 3037; baseline 0.01 -33"><span class='ocrx_word' id='word_1_727' title='bbox 1890 2959 2077 3008; x_wconf 78' lang='lat' dir='ltr'><strong>zentur</strong></span> <span class='ocrx_word' id='word_1_728' title='bbox 2101 2993 2118 3017; x_wconf 90' lang='lat'><strong>,</strong></span> <span class='ocrx_word' id='word_1_729' title='bbox 2149 2961 2322 3007; x_wconf 88' lang='lat' dir='ltr'><strong>morte</strong></span> <span class='ocrx_word' id='word_1_730' title='bbox 2351 2963 2658 3024; x_wconf 72' lang='lat' dir='ltr'><strong>prreventos</strong></span> <span class='ocrx_word' id='word_1_731' title='bbox 2677 2995 2692 3021; x_wconf 91' lang='lat'><strong>,</strong></span> <span class='ocrx_word' id='word_1_732' title='bbox 2726 2958 3008 3026; x_wconf 89' lang='lat' dir='ltr'><strong>pervenire</strong></span> <span class='ocrx_word' id='word_1_733' title='bbox 3036 2975 3194 3029; x_wconf 87' lang='lat' dir='ltr'><strong>posse</strong></span> <span class='ocrx_word' id='word_1_734' title='bbox 3219 2963 3284 3018; x_wconf 91' lang='lat' dir='ltr'><strong>ad</strong></span> <span class='ocrx_word' id='word_1_735' title='bbox 3314 2965 3480 3037; x_wconf 83' lang='lat' dir='ltr'><strong>origi-</strong></span> 
     </span>
    </p>
   </div>
   <div class='ocr_carea' id='block_1_92' title="bbox 1891 3043 3482 3129">
    <p class='ocr_par' dir='ltr' id='par_1_92' title="bbox 1891 3043 3482 3129">
     <span class='ocr_line' id='line_1_94' title="bbox 1891 3043 3482 3129; baseline 0.009 -29"><span class='ocrx_word' id='word_1_736' title='bbox 1891 3043 2093 3100; x_wconf 88' lang='lat' dir='ltr'><strong>nalium</strong></span> <span class='ocrx_word' id='word_1_737' title='bbox 2124 3044 2504 3114; x_wconf 88' lang='lat' dir='ltr'><strong>indulgentiam</strong></span> <span class='ocrx_word' id='word_1_738' title='bbox 2537 3057 2896 3114; x_wconf 88' lang='lat' dir='ltr'><strong>peccatorum.</strong></span> <span class='ocrx_word' id='word_1_739' title='bbox 2924 3069 2944 3103; x_wconf 81' lang='grc' dir='ltr'><strong>ι</strong></span> <span class='ocrx_word' id='word_1_740' title='bbox 2968 3050 3285 3123; x_wconf 90' lang='lat' dir='ltr'><strong>Septimum,</strong></span> <span class='ocrx_word' id='word_1_741' title='bbox 3311 3057 3482 3129; x_wconf 69' lang='lat' dir='ltr'><strong>«Qups</strong></span> 
     </span>
    </p>
   </div>
   <div class='ocr_carea' id='block_1_93' title="bbox 1891 3135 3466 3216">
    <p class='ocr_par' dir='ltr' id='par_1_93' title="bbox 1891 3135 3466 3216">
     <span class='ocr_line' id='line_1_95' title="bbox 1891 3135 3466 3216; baseline 0.012 -28"><span class='ocrx_word' id='word_1_742' title='bbox 1891 3135 2148 3191; x_wconf 90' lang='lat' dir='ltr'><strong>Dominus</strong></span> <span class='ocrx_word' id='word_1_743' title='bbox 2193 3137 2590 3207; x_wconf 61' lang='lat' dir='ltr'><strong>praedestinavit</strong></span> <span class='ocrx_word' id='word_1_744' title='bbox 2633 3139 2699 3194; x_wconf 89' lang='lat' dir='ltr'><strong>ad</strong></span> <span class='ocrx_word' id='word_1_745' title='bbox 2743 3141 3102 3212; x_wconf 87' lang='lat' dir='ltr'><strong>Baptismum,</strong></span> <span class='ocrx_word' id='word_1_746' title='bbox 3135 3149 3466 3216; x_wconf 69' lang='lat' dir='ltr'><strong>pratdestina-</strong></span> 
     </span>
    </p>
   </div>
   <div class='ocr_carea' id='block_1_94' title="bbox 1892 3225 3481 3308">
    <p class='ocr_par' dir='ltr' id='par_1_94' title="bbox 1892 3225 3481 3308">
     <span class='ocr_line' id='line_1_96' title="bbox 1892 3225 3481 3308; baseline 0.011 -28"><span class='ocrx_word' id='word_1_747' title='bbox 1892 3226 2024 3283; x_wconf 90' lang='lat' dir='ltr'><strong>tioni</strong></span> <span class='ocrx_word' id='word_1_748' title='bbox 2064 3225 2181 3298; x_wconf 85' lang='lat' dir='ltr'><strong>ejus</strong></span> <span class='ocrx_word' id='word_1_749' title='bbox 2223 3229 2356 3298; x_wconf 87' lang='lat' dir='ltr'><strong>eripi</strong></span> <span class='ocrx_word' id='word_1_750' title='bbox 2398 3243 2590 3298; x_wconf 88' lang='lat' dir='ltr'><strong>posse,</strong></span> <span class='ocrx_word' id='word_1_751' title='bbox 2618 3239 2672 3285; x_wconf 90' lang='lat' dir='ltr'><strong>et</strong></span> <span class='ocrx_word' id='word_1_752' title='bbox 2699 3241 2823 3287; x_wconf 91' lang='lat' dir='ltr'><strong>ante</strong></span> <span class='ocrx_word' id='word_1_753' title='bbox 2846 3233 3102 3306; x_wconf 90' lang='lat' dir='ltr'><strong>defungi,</strong></span> <span class='ocrx_word' id='word_1_754' title='bbox 3135 3254 3290 3308; x_wconf 90' lang='lat' dir='ltr'><strong>quam</strong></span> <span class='ocrx_word' id='word_1_755' title='bbox 3321 3242 3372 3295; x_wconf 94' lang='lat' dir='ltr'><strong>in</strong></span> <span class='ocrx_word' id='word_1_756' title='bbox 3399 3243 3481 3298; x_wconf 88' lang='lat' dir='ltr'><strong>eis</strong></span> 
     </span>
    </p>
   </div>
   <div class='ocr_carea' id='block_1_95' title="bbox 1890 3315 3476 3400">
    <p class='ocr_par' dir='ltr' id='par_1_95' title="bbox 1890 3315 3476 3400">
     <span class='ocr_line' id='line_1_97' title="bbox 1890 3315 3476 3400; baseline 0.011 -30"><span class='ocrx_word' id='word_1_757' title='bbox 1890 3315 2051 3372; x_wconf 84' lang='lat' dir='ltr'><strong>fuerit</strong></span> <span class='ocrx_word' id='word_1_758' title='bbox 2096 3318 2238 3390; x_wconf 91' lang='lat' dir='ltr'><strong>quod</strong></span> <span class='ocrx_word' id='word_1_759' title='bbox 2279 3318 2628 3389; x_wconf 88' lang='lat' dir='ltr'><strong>Omnipotens</strong></span> <span class='ocrx_word' id='word_1_760' title='bbox 2675 3323 3073 3391; x_wconf 63' lang='lat' dir='ltr'><strong>praedestinavit</strong></span> <span class='ocrx_word' id='word_1_761' title='bbox 3122 3327 3418 3400; x_wconf 90' lang='lat' dir='ltr'><strong>impletum.</strong></span> <span class='ocrx_word' id='word_1_762' title='bbox 3455 3353 3476 3387; x_wconf 75' lang='grc' dir='ltr'><strong>ι</strong></span> 
     </span>
    </p>
   </div>
   <div class='ocr_carea' id='block_1_96' title="bbox 1890 3409 3482 3490">
    <p class='ocr_par' dir='ltr' id='par_1_96' title="bbox 1890 3409 3482 3490">
     <span class='ocr_line' id='line_1_98' title="bbox 1890 3409 3482 3490; baseline 0.012 -27"><span class='ocrx_word' id='word_1_763' title='bbox 1890 3409 2146 3465; x_wconf 87' lang='lat' dir='ltr'><strong>Octavum</strong></span> <span class='ocrx_word' id='word_1_764' title='bbox 2171 3451 2187 3477; x_wconf 96' lang='lat'><strong>,</strong></span> <span class='ocrx_word' id='word_1_765' title='bbox 2224 3429 2244 3463; x_wconf 79' lang='grc' dir='ltr'><strong>ι</strong></span> <span class='ocrx_word' id='word_1_766' title='bbox 2279 3411 2354 3466; x_wconf 89' lang='lat' dir='ltr'><strong>De</strong></span> <span class='ocrx_word' id='word_1_767' title='bbox 2376 3412 2666 3468; x_wconf 89' lang='lat' dir='ltr'><strong>infantibus</strong></span> <span class='ocrx_word' id='word_1_768' title='bbox 2684 3417 2771 3485; x_wconf 90' lang='lat' dir='ltr'><strong>qui</strong></span> <span class='ocrx_word' id='word_1_769' title='bbox 2795 3418 3103 3490; x_wconf 88' lang='lat' dir='ltr'><strong>priusquam</strong></span> <span class='ocrx_word' id='word_1_770' title='bbox 3133 3434 3482 3484; x_wconf 86' lang='lat' dir='ltr'><strong>renascantur</strong></span> 
     </span>
    </p>
   </div>
   <div class='ocr_carea' id='block_1_97' title="bbox 1891 3505 3480 3587">
    <p class='ocr_par' dir='ltr' id='par_1_97' title="bbox 1891 3505 3480 3587">
     <span class='ocr_line' id='line_1_99' title="bbox 1891 3505 3480 3587; baseline 0.01 -29"><span class='ocrx_word' id='word_1_771' title='bbox 1891 3505 1947 3558; x_wconf 94' lang='lat' dir='ltr'><strong>in</strong></span> <span class='ocrx_word' id='word_1_772' title='bbox 1992 3505 2246 3572; x_wconf 80' lang='lat' dir='ltr'><strong>Christo,</strong></span> <span class='ocrx_word' id='word_1_773' title='bbox 2301 3505 2699 3576; x_wconf 65' lang='lat' dir='ltr'><strong>praeveniuutur</strong></span> <span class='ocrx_word' id='word_1_774' title='bbox 2745 3509 2997 3576; x_wconf 91' lang='lat' dir='ltr'><strong>occiduo,</strong></span> <span class='ocrx_word' id='word_1_775' title='bbox 3041 3515 3293 3585; x_wconf 87' lang='lat' dir='ltr'><strong>scriptum</strong></span> <span class='ocrx_word' id='word_1_776' title='bbox 3323 3533 3480 3587; x_wconf 82' lang='lat' dir='ltr'><strong>esse,</strong></span> 
     </span>
    </p>
   </div>
   <div class='ocr_carea' id='block_1_98' title="bbox 1893 3594 3485 3667">
    <p class='ocr_par' dir='ltr' id='par_1_98' title="bbox 1893 3594 3485 3667">
     <span class='ocr_line' id='line_1_100' title="bbox 1893 3594 3485 3667; baseline 0.011 -17"><span class='ocrx_word' id='word_1_777' title='bbox 1893 3594 2091 3667; x_wconf 77' lang='lat' dir='ltr'><strong>Raptus</strong></span> <span class='ocrx_word' id='word_1_778' title='bbox 2138 3603 2209 3650; x_wconf 77' lang='lat' dir='ltr'><strong>est</strong></span> <span class='ocrx_word' id='word_1_779' title='bbox 2255 3613 2318 3650; x_wconf 78' lang='lat' dir='ltr'><strong>ne</strong></span> <span class='ocrx_word' id='word_1_780' title='bbox 2357 3597 2556 3650; x_wconf 82' lang='lat' dir='ltr'><strong>malitia</strong></span> <span class='ocrx_word' id='word_1_781' title='bbox 2582 3608 2796 3653; x_wconf 84' lang='lat' dir='ltr'><strong>mutaret</strong></span> <span class='ocrx_word' id='word_1_782' title='bbox 2824 3602 3131 3658; x_wconf 77' lang='lat' dir='ltr'><strong>intellectum</strong></span> <span class='ocrx_word' id='word_1_783' title='bbox 3156 3606 3294 3662; x_wconf 76' lang='lat' dir='ltr'><strong>illius</strong></span> <span class='ocrx_word' id='word_1_784' title='bbox 3321 3625 3342 3663; x_wconf 90' lang='lat'><strong><em>:</em></strong></span> <span class='ocrx_word' id='word_1_785' title='bbox 3375 3628 3394 3661; x_wconf 81' lang='grc' dir='ltr'><strong>ι</strong></span> <span class='ocrx_word' id='word_1_786' title='bbox 3429 3619 3485 3666; x_wconf 79' lang='lat' dir='ltr'><strong>et</strong></span> 
     </span>
    </p>
   </div>
   <div class='ocr_carea' id='block_1_99' title="bbox 1892 3687 3484 3766">
    <p class='ocr_par' dir='ltr' id='par_1_99' title="bbox 1892 3687 3484 3766">
     <span class='ocr_line' id='line_1_101' title="bbox 1892 3687 3484 3766; baseline 0.011 -24"><span class='ocrx_word' id='word_1_787' title='bbox 1892 3696 2113 3743; x_wconf 66' lang='lat' dir='ltr'><strong>caeterea</strong></span> <span class='ocrx_word' id='word_1_788' title='bbox 2156 3703 2276 3758; x_wconf 71' lang='lat' dir='ltr'><strong>quae</strong></span> <span class='ocrx_word' id='word_1_789' title='bbox 2322 3687 2375 3742; x_wconf 94' lang='lat' dir='ltr'><strong>in</strong></span> <span class='ocrx_word' id='word_1_790' title='bbox 2422 3704 2540 3743; x_wconf 90' lang='lat' dir='ltr'><strong>eam</strong></span> <span class='ocrx_word' id='word_1_791' title='bbox 2587 3692 2904 3746; x_wconf 89' lang='lat' dir='ltr'><strong>sententiam</strong></span> <span class='ocrx_word' id='word_1_792' title='bbox 2950 3693 3004 3748; x_wconf 94' lang='lat' dir='ltr'><strong>in</strong></span> <span class='ocrx_word' id='word_1_793' title='bbox 3032 3695 3318 3766; x_wconf 74' lang='lat' dir='ltr'><strong>Sapientiae</strong></span> <span class='ocrx_word' id='word_1_794' title='bbox 3345 3701 3484 3758; x_wconf 89' lang='lat' dir='ltr'><strong>libro</strong></span> 
     </span>
    </p>
   </div>
   <div class='ocr_carea' id='block_1_100' title="bbox 1894 3777 3482 3851">
    <p class='ocr_par' dir='ltr' id='par_1_100' title="bbox 1894 3777 3482 3851">
     <span class='ocr_line' id='line_1_102' title="bbox 1894 3777 3482 3851; baseline 0.01 -19"><span class='ocrx_word' id='word_1_795' title='bbox 1894 3777 2159 3848; x_wconf 85' lang='lat' dir='ltr'><strong>leguntur.</strong></span> <span class='ocrx_word' id='word_1_796' title='bbox 2209 3777 2450 3846; x_wconf 86' lang='lat' dir='ltr'><strong>Nonum,</strong></span> <span class='ocrx_word' id='word_1_797' title='bbox 2503 3798 2523 3832; x_wconf 85' lang='grc'><em>‹</em></span> <span class='ocrx_word' id='word_1_798' title='bbox 2557 3780 2777 3851; x_wconf 81' lang='lat' dir='ltr'><strong>Aliquas</strong></span> <span class='ocrx_word' id='word_1_799' title='bbox 2829 3786 3133 3842; x_wconf 87' lang='lat' dir='ltr'><strong>mansiones</strong></span> <span class='ocrx_word' id='word_1_800' title='bbox 3183 3803 3304 3845; x_wconf 88' lang='lat' dir='ltr'><strong>esse</strong></span> <span class='ocrx_word' id='word_1_801' title='bbox 3332 3801 3482 3849; x_wconf 82' lang='lat' dir='ltr'><strong>extra</strong></span> 
     </span>
    </p>
   </div>
   <div class='ocr_carea' id='block_1_101' title="bbox 1891 3871 3482 3943">
    <p class='ocr_par' dir='ltr' id='par_1_101' title="bbox 1891 3871 3482 3943">
     <span class='ocr_line' id='line_1_103' title="bbox 1891 3871 3482 3943; baseline 0.01 -18"><span class='ocrx_word' id='word_1_802' title='bbox 1891 3885 2116 3940; x_wconf 79' lang='lat' dir='ltr'><strong>regnum</strong></span> <span class='ocrx_word' id='word_1_803' title='bbox 2142 3871 2266 3936; x_wconf 88' lang='lat' dir='ltr'><strong>Dei,</strong></span> <span class='ocrx_word' id='word_1_804' title='bbox 2296 3887 2479 3926; x_wconf 89' lang='lat' dir='ltr'><strong>earum</strong></span> <span class='ocrx_word' id='word_1_805' title='bbox 2508 3888 2640 3943; x_wconf 89' lang='lat' dir='ltr'><strong>quas</strong></span> <span class='ocrx_word' id='word_1_806' title='bbox 2670 3873 2925 3930; x_wconf 89' lang='lat' dir='ltr'><strong>Dominus</strong></span> <span class='ocrx_word' id='word_1_807' title='bbox 2948 3892 3068 3933; x_wconf 91' lang='lat' dir='ltr'><strong>esse</strong></span> <span class='ocrx_word' id='word_1_808' title='bbox 3087 3880 3221 3935; x_wconf 80' lang='lat' dir='ltr'><strong>dixit</strong></span> <span class='ocrx_word' id='word_1_809' title='bbox 3245 3882 3298 3936; x_wconf 89' lang='lat' dir='ltr'><strong>in</strong></span> <span class='ocrx_word' id='word_1_810' title='bbox 3320 3883 3482 3941; x_wconf 88' lang='lat' dir='ltr'><strong>domo</strong></span> 
     </span>
    </p>
   </div>
   <div class='ocr_carea' id='block_1_102' title="bbox 1893 3959 3484 4033">
    <p class='ocr_par' dir='ltr' id='par_1_102' title="bbox 1893 3959 3484 4033">
     <span class='ocr_line' id='line_1_104' title="bbox 1893 3959 3484 4033; baseline 0.011 -18"><span class='ocrx_word' id='word_1_811' title='bbox 1893 3959 2067 4016; x_wconf 83' lang='lat' dir='ltr'><strong>Patris</strong></span> <span class='ocrx_word' id='word_1_812' title='bbox 2095 3961 2198 4016; x_wconf 91' lang='lat' dir='ltr'><strong>sui.</strong></span> <span class='ocrx_word' id='word_1_813' title='bbox 2235 3981 2255 4014; x_wconf 77' lang='grc' dir='ltr'><strong>ι</strong></span> <span class='ocrx_word' id='word_1_814' title='bbox 2282 3962 2556 4018; x_wconf 90' lang='lat' dir='ltr'><strong>Decimum</strong></span> <span class='ocrx_word' id='word_1_815' title='bbox 2583 3973 2704 4032; x_wconf 90' lang='lat' dir='ltr'><strong>est,</strong></span> <span class='ocrx_word' id='word_1_816' title='bbox 2742 3984 2761 4016; x_wconf 78' lang='grc' dir='ltr'><strong>ι</strong></span> <span class='ocrx_word' id='word_1_817' title='bbox 2794 3966 3125 4024; x_wconf 80' lang='lat' dir='ltr'><strong>Sacrificium</strong></span> <span class='ocrx_word' id='word_1_818' title='bbox 3156 3971 3484 4033; x_wconf 82' lang='lat' dir='ltr'><strong>Christiano-</strong></span> 
     </span>
    </p>
   </div>
   <div class='ocr_carea' id='block_1_103' title="bbox 1893 4055 3484 4132">
    <p class='ocr_par' dir='ltr' id='par_1_103' title="bbox 1893 4055 3484 4132">
     <span class='ocr_line' id='line_1_105' title="bbox 1893 4055 3484 4132; baseline 0.009 -23"><span class='ocrx_word' id='word_1_819' title='bbox 1893 4071 2013 4110; x_wconf 92' lang='lat' dir='ltr'><strong>rum</strong></span> <span class='ocrx_word' id='word_1_820' title='bbox 2054 4070 2153 4125; x_wconf 90' lang='lat' dir='ltr'><strong>pro</strong></span> <span class='ocrx_word' id='word_1_821' title='bbox 2179 4055 2257 4110; x_wconf 89' lang='lat' dir='ltr'><strong>eis</strong></span> <span class='ocrx_word' id='word_1_822' title='bbox 2283 4058 2370 4126; x_wconf 93' lang='lat' dir='ltr'><strong>qui</strong></span> <span class='ocrx_word' id='word_1_823' title='bbox 2400 4073 2505 4110; x_wconf 93' lang='lat' dir='ltr'><strong>non</strong></span> <span class='ocrx_word' id='word_1_824' title='bbox 2536 4057 2784 4128; x_wconf 86' lang='lat' dir='ltr'><strong>baptizati</strong></span> <span class='ocrx_word' id='word_1_825' title='bbox 2813 4059 2881 4115; x_wconf 91' lang='lat' dir='ltr'><strong>de</strong></span> <span class='ocrx_word' id='word_1_826' title='bbox 2903 4076 3128 4132; x_wconf 90' lang='lat' dir='ltr'><strong>corpore</strong></span> <span class='ocrx_word' id='word_1_827' title='bbox 3153 4063 3382 4121; x_wconf 85' lang='lat' dir='ltr'><strong>exierint</strong></span> <span class='ocrx_word' id='word_1_828' title='bbox 3405 4068 3484 4122; x_wconf 80' lang='lat' dir='ltr'><strong>of-</strong></span> 
     </span>
    </p>
   </div>
   <div class='ocr_carea' id='block_1_104' title="bbox 1895 4147 3484 4230">
    <p class='ocr_par' dir='ltr' id='par_1_104' title="bbox 1895 4147 3484 4230">
     <span class='ocr_line' id='line_1_106' title="bbox 1895 4147 3484 4230; baseline 0.011 -29"><span class='ocrx_word' id='word_1_829' title='bbox 1895 4147 2190 4203; x_wconf 88' lang='lat' dir='ltr'><strong>ferendum.</strong></span> <span class='ocrx_word' id='word_1_830' title='bbox 2239 4166 2259 4200; x_wconf 78' lang='grc'><strong>»</strong></span> <span class='ocrx_word' id='word_1_831' title='bbox 2312 4148 2655 4206; x_wconf 89' lang='lat' dir='ltr'><strong>Undecimum</strong></span> <span class='ocrx_word' id='word_1_832' title='bbox 2676 4191 2692 4216; x_wconf 95' lang='lat'><strong>,</strong></span> <span class='ocrx_word' id='word_1_833' title='bbox 2729 4170 2749 4204; x_wconf 72' lang='grc' dir='ltr'><strong>ι</strong></span> <span class='ocrx_word' id='word_1_834' title='bbox 2783 4152 3004 4224; x_wconf 82' lang='lat' dir='ltr'><strong>Aliquos</strong></span> <span class='ocrx_word' id='word_1_835' title='bbox 3032 4171 3218 4213; x_wconf 90' lang='lat' dir='ltr'><strong>eorum</strong></span> <span class='ocrx_word' id='word_1_836' title='bbox 3245 4161 3333 4230; x_wconf 91' lang='lat' dir='ltr'><strong>qui</strong></span> <span class='ocrx_word' id='word_1_837' title='bbox 3363 4162 3484 4219; x_wconf 80' lang='lat' dir='ltr'><strong>sine</strong></span> 
     </span>
    </p>
   </div>
   <div class='ocr_carea' id='block_1_105' title="bbox 1894 4241 3481 4317">
    <p class='ocr_par' dir='ltr' id='par_1_105' title="bbox 1894 4241 3481 4317">
     <span class='ocr_line' id='line_1_107' title="bbox 1894 4241 3481 4317; baseline 0.008 -20"><span class='ocrx_word' id='word_1_838' title='bbox 1894 4243 2165 4314; x_wconf 88' lang='lat' dir='ltr'><strong>Baptismo</strong></span> <span class='ocrx_word' id='word_1_839' title='bbox 2210 4241 2406 4298; x_wconf 91' lang='lat' dir='ltr'><strong>Christi</strong></span> <span class='ocrx_word' id='word_1_840' title='bbox 2447 4259 2512 4297; x_wconf 86' lang='lat' dir='ltr'><strong>ex</strong></span> <span class='ocrx_word' id='word_1_841' title='bbox 2555 4241 2655 4299; x_wconf 89' lang='lat' dir='ltr'><strong>hac</strong></span> <span class='ocrx_word' id='word_1_842' title='bbox 2684 4246 2790 4299; x_wconf 89' lang='lat' dir='ltr'><strong>vita</strong></span> <span class='ocrx_word' id='word_1_843' title='bbox 2819 4247 3195 4317; x_wconf 79' lang='lat' dir='ltr'><strong>emigraverint</strong></span> <span class='ocrx_word' id='word_1_844' title='bbox 3221 4291 3236 4317; x_wconf 96' lang='lat'><strong>,</strong></span> <span class='ocrx_word' id='word_1_845' title='bbox 3269 4252 3481 4310; x_wconf 88' lang='lat' dir='ltr'><strong>interim</strong></span> 
     </span>
    </p>
   </div>
   <div class='ocr_carea' id='block_1_106' title="bbox 1895 4333 3474 4414">
    <p class='ocr_par' dir='ltr' id='par_1_106' title="bbox 1895 4333 3474 4414">
     <span class='ocr_line' id='line_1_108' title="bbox 1895 4333 3474 4414; baseline 0.009 -26"><span class='ocrx_word' id='word_1_846' title='bbox 1895 4349 2001 4388; x_wconf 88' lang='lat' dir='ltr'><strong>non</strong></span> <span class='ocrx_word' id='word_1_847' title='bbox 2040 4335 2120 4389; x_wconf 89' lang='lat' dir='ltr'><strong>ire</strong></span> <span class='ocrx_word' id='word_1_848' title='bbox 2149 4333 2202 4388; x_wconf 93' lang='lat' dir='ltr'><strong>in</strong></span> <span class='ocrx_word' id='word_1_849' title='bbox 2237 4349 2456 4404; x_wconf 85' lang='lat' dir='ltr'><strong>regnum</strong></span> <span class='ocrx_word' id='word_1_850' title='bbox 2475 4375 2491 4401; x_wconf 91' lang='lat'><strong>,</strong></span> <span class='ocrx_word' id='word_1_851' title='bbox 2522 4334 2617 4389; x_wconf 91' lang='lat' dir='ltr'><strong>sed</strong></span> <span class='ocrx_word' id='word_1_852' title='bbox 2647 4336 2698 4389; x_wconf 92' lang='lat' dir='ltr'><strong>iu</strong></span> <span class='ocrx_word' id='word_1_853' title='bbox 2728 4337 3028 4406; x_wconf 90' lang='lat' dir='ltr'><strong>paradisum</strong></span> <span class='ocrx_word' id='word_1_854' title='bbox 3059 4356 3074 4407; x_wconf 87' lang='lat'><strong>;</strong></span> <span class='ocrx_word' id='word_1_855' title='bbox 3103 4350 3289 4411; x_wconf 89' lang='lat' dir='ltr'><strong>postea</strong></span> <span class='ocrx_word' id='word_1_856' title='bbox 3315 4361 3474 4414; x_wconf 87' lang='lat' dir='ltr'><strong>vero,</strong></span> 
     </span>
    </p>
   </div>
   <div class='ocr_carea' id='block_1_107' title="bbox 1897 4426 3482 4502">
    <p class='ocr_par' dir='ltr' id='par_1_107' title="bbox 1897 4426 3482 4502">
     <span class='ocr_line' id='line_1_109' title="bbox 1897 4426 3482 4502; baseline 0.007 -21"><span class='ocrx_word' id='word_1_857' title='bbox 1897 4427 1948 4481; x_wconf 92' lang='lat' dir='ltr'><strong>in</strong></span> <span class='ocrx_word' id='word_1_858' title='bbox 1979 4426 2370 4482; x_wconf 85' lang='lat' dir='ltr'><strong>resurrectione</strong></span> <span class='ocrx_word' id='word_1_859' title='bbox 2396 4436 2747 4493; x_wconf 87' lang='lat' dir='ltr'><strong>mortuorum,</strong></span> <span class='ocrx_word' id='word_1_860' title='bbox 2779 4430 2937 4485; x_wconf 86' lang='lat' dir='ltr'><strong>etiam</strong></span> <span class='ocrx_word' id='word_1_861' title='bbox 2963 4430 3032 4485; x_wconf 90' lang='lat' dir='ltr'><strong>ad</strong></span> <span class='ocrx_word' id='word_1_862' title='bbox 3052 4434 3200 4502; x_wconf 88' lang='lat' dir='ltr'><strong>regni</strong></span> <span class='ocrx_word' id='word_1_863' title='bbox 3222 4435 3482 4492; x_wconf 82' lang='lat' dir='ltr'><strong>caelorum</strong></span> 
     </span>
    </p>
   </div>
   <div class='ocr_carea' id='block_1_108' title="bbox 1894 4517 2653 4587">
    <p class='ocr_par' dir='ltr' id='par_1_108' title="bbox 1894 4517 2653 4587">
     <span class='ocr_line' id='line_1_110' title="bbox 1894 4517 2653 4587; baseline -0.003 -15"><span class='ocrx_word' id='word_1_864' title='bbox 1894 4517 2276 4572; x_wconf 87' lang='lat' dir='ltr'><strong>beatitudinem</strong></span> <span class='ocrx_word' id='word_1_865' title='bbox 2304 4517 2602 4587; x_wconf 88' lang='lat' dir='ltr'><strong>pervenire.</strong></span> <span class='ocrx_word' id='word_1_866' title='bbox 2634 4537 2653 4570; x_wconf 76' lang='grc' dir='ltr'><strong>ι</strong></span> 
     </span>
    </p>
   </div>
   <div class='ocr_carea' id='block_1_109' title="bbox 1965 4607 3484 4689">
    <p class='ocr_par' dir='ltr' id='par_1_109' title="bbox 1965 4607 3484 4689">
     <span class='ocr_line' id='line_1_111' title="bbox 1965 4607 3484 4689; baseline -0.001 -24"><span class='ocrx_word' id='word_1_867' title='bbox 1965 4608 2056 4665; x_wconf 73' lang='grc'><strong>25.</strong></span> <span class='ocrx_word' id='word_1_868' title='bbox 2111 4609 2236 4664; x_wconf 63' lang='lat' dir='ltr'><strong>Haec</strong></span> <span class='ocrx_word' id='word_1_869' title='bbox 2279 4607 2488 4662; x_wconf 89' lang='lat' dir='ltr'><strong>interim</strong></span> <span class='ocrx_word' id='word_1_870' title='bbox 2520 4609 2764 4666; x_wconf 88' lang='lat' dir='ltr'><strong>undecim</strong></span> <span class='ocrx_word' id='word_1_871' title='bbox 2793 4611 3017 4667; x_wconf 89' lang='lat' dir='ltr'><strong>multum</strong></span> <span class='ocrx_word' id='word_1_872' title='bbox 3044 4624 3328 4688; x_wconf 84' lang='lat' dir='ltr'><strong>aperteque</strong></span> <span class='ocrx_word' id='word_1_873' title='bbox 3356 4633 3484 4689; x_wconf 78' lang='lat' dir='ltr'><strong>per.</strong></span> 
     </span>
    </p>
   </div>
   <div class='ocr_carea' id='block_1_110' title="bbox 1897 4699 3485 4779">
    <p class='ocr_par' dir='ltr' id='par_1_110' title="bbox 1897 4699 3485 4779">
     <span class='ocr_line' id='line_1_112' title="bbox 1897 4699 3485 4779; baseline 0.005 -21"><span class='ocrx_word' id='word_1_874' title='bbox 1897 4717 2049 4758; x_wconf 87' lang='lat' dir='ltr'><strong>versa</strong></span> <span class='ocrx_word' id='word_1_875' title='bbox 2071 4743 2086 4768; x_wconf 93' lang='lat'><strong>,</strong></span> <span class='ocrx_word' id='word_1_876' title='bbox 2117 4710 2171 4756; x_wconf 91' lang='lat' dir='ltr'><strong>et</strong></span> <span class='ocrx_word' id='word_1_877' title='bbox 2201 4699 2323 4754; x_wconf 85' lang='lat' dir='ltr'><strong>fidei</strong></span> <span class='ocrx_word' id='word_1_878' title='bbox 2344 4699 2617 4756; x_wconf 67' lang='lat' dir='ltr'><strong>catholica:</strong></span> <span class='ocrx_word' id='word_1_879' title='bbox 2639 4701 2861 4758; x_wconf 86' lang='lat' dir='ltr'><strong>adversa</strong></span> <span class='ocrx_word' id='word_1_880' title='bbox 2881 4743 2897 4768; x_wconf 94' lang='lat'><strong>,</strong></span> <span class='ocrx_word' id='word_1_881' title='bbox 2921 4720 3060 4760; x_wconf 88' lang='lat' dir='ltr'><strong>nunc</strong></span> <span class='ocrx_word' id='word_1_882' title='bbox 3073 4708 3182 4776; x_wconf 86' lang='lat' dir='ltr'><strong>jam</strong></span> <span class='ocrx_word' id='word_1_883' title='bbox 3203 4709 3334 4764; x_wconf 89' lang='lat' dir='ltr'><strong>nihil</strong></span> <span class='ocrx_word' id='word_1_884' title='bbox 3355 4726 3485 4779; x_wconf 84' lang='lat' dir='ltr'><strong>cun-</strong></span> 
     </span>
    </p>
   </div>
   <div class='ocr_carea' id='block_1_111' title="bbox 1897 4793 3481 4870">
    <p class='ocr_par' dir='ltr' id='par_1_111' title="bbox 1897 4793 3481 4870">
     <span class='ocr_line' id='line_1_113' title="bbox 1897 4793 3481 4870; baseline 0.005 -19"><span class='ocrx_word' id='word_1_885' title='bbox 1897 4795 2060 4852; x_wconf 89' lang='lat' dir='ltr'><strong>cteris</strong></span> <span class='ocrx_word' id='word_1_886' title='bbox 2103 4793 2397 4862; x_wconf 86' lang='lat' dir='ltr'><strong>exstirpare</strong></span> <span class='ocrx_word' id='word_1_887' title='bbox 2444 4803 2600 4863; x_wconf 84' lang='lat' dir='ltr'><strong>atque</strong></span> <span class='ocrx_word' id='word_1_888' title='bbox 2629 4793 2865 4864; x_wconf 89' lang='lat' dir='ltr'><strong>abjicere</strong></span> <span class='ocrx_word' id='word_1_889' title='bbox 2883 4795 2951 4850; x_wconf 91' lang='lat' dir='ltr'><strong>ab</strong></span> <span class='ocrx_word' id='word_1_890' title='bbox 2974 4796 3153 4853; x_wconf 90' lang='lat' dir='ltr'><strong>animo</strong></span> <span class='ocrx_word' id='word_1_891' title='bbox 3171 4841 3188 4868; x_wconf 83' lang='lat'><strong>,</strong></span> <span class='ocrx_word' id='word_1_892' title='bbox 3207 4816 3248 4869; x_wconf 89' lang='lat' dir='ltr'><strong>_a</strong></span> <span class='ocrx_word' id='word_1_893' title='bbox 3278 4803 3442 4868; x_wconf 87' lang='lat' dir='ltr'><strong>veer</strong></span> <span class='ocrx_word' id='word_1_894' title='bbox 3463 4845 3481 4870; x_wconf 95' lang='lat'><strong>,</strong></span> 
     </span>
    </p>
   </div>
   <div class='ocr_carea' id='block_1_112' title="bbox 1897 4885 3484 4954">
    <p class='ocr_par' dir='ltr' id='par_1_112' title="bbox 1897 4885 3484 4954">
     <span class='ocr_line' id='line_1_114' title="bbox 1897 4885 3484 4954; baseline 0.005 -11"><span class='ocrx_word' id='word_1_895' title='bbox 1897 4887 1965 4943; x_wconf 89' lang='lat' dir='ltr'><strong>ab</strong></span> <span class='ocrx_word' id='word_1_896' title='bbox 1999 4885 2120 4941; x_wconf 89' lang='lat' dir='ltr'><strong>stilo</strong></span> <span class='ocrx_word' id='word_1_897' title='bbox 2162 4895 2284 4952; x_wconf 90' lang='lat' dir='ltr'><strong>tuo;</strong></span> <span class='ocrx_word' id='word_1_898' title='bbox 2315 4886 2358 4939; x_wconf 90' lang='lat' dir='ltr'><strong>si</strong></span> <span class='ocrx_word' id='word_1_899' title='bbox 2387 4887 2463 4942; x_wconf 90' lang='lat' dir='ltr'><strong>vis</strong></span> <span class='ocrx_word' id='word_1_900' title='bbox 2493 4895 2551 4940; x_wconf 93' lang='lat' dir='ltr'><strong>ut</strong></span> <span class='ocrx_word' id='word_1_901' title='bbox 2578 4897 2647 4950; x_wconf 91' lang='lat' dir='ltr'><strong>te,</strong></span> <span class='ocrx_word' id='word_1_902' title='bbox 2669 4903 2774 4942; x_wconf 91' lang='lat' dir='ltr'><strong>non</strong></span> <span class='ocrx_word' id='word_1_903' title='bbox 2804 4888 2976 4944; x_wconf 89' lang='lat' dir='ltr'><strong>solum</strong></span> <span class='ocrx_word' id='word_1_904' title='bbox 3001 4890 3067 4944; x_wconf 91' lang='lat' dir='ltr'><strong>ad</strong></span> <span class='ocrx_word' id='word_1_905' title='bbox 3094 4892 3278 4950; x_wconf 83' lang='lat' dir='ltr'><strong>altaria</strong></span> <span class='ocrx_word' id='word_1_906' title='bbox 3311 4905 3484 4954; x_wconf 79' lang='lat' dir='ltr'><strong>trans-</strong></span> 
     </span>
    </p>
   </div>
   <div class='ocr_carea' id='block_1_113' title="bbox 1899 4976 3478 5054">
    <p class='ocr_par' dir='ltr' id='par_1_113' title="bbox 1899 4976 3478 5054">
     <span class='ocr_line' id='line_1_115' title="bbox 1899 4976 3478 5054; baseline 0.006 -22"><span class='ocrx_word' id='word_1_907' title='bbox 1899 4979 2005 5034; x_wconf 90' lang='lat' dir='ltr'><strong>isse</strong></span> <span class='ocrx_word' id='word_1_908' title='bbox 2032 4976 2290 5032; x_wconf 89' lang='lat' dir='ltr'><strong>catholica</strong></span> <span class='ocrx_word' id='word_1_909' title='bbox 2310 5017 2326 5045; x_wconf 96' lang='lat'><strong>,</strong></span> <span class='ocrx_word' id='word_1_910' title='bbox 2382 4976 2475 5031; x_wconf 91' lang='lat' dir='ltr'><strong>sed</strong></span> <span class='ocrx_word' id='word_1_911' title='bbox 2503 4993 2626 5032; x_wconf 90' lang='lat' dir='ltr'><strong>vere</strong></span> <span class='ocrx_word' id='word_1_912' title='bbox 2651 4977 2968 5036; x_wconf 86' lang='lat' dir='ltr'><strong>catholicum</strong></span> <span class='ocrx_word' id='word_1_913' title='bbox 2996 4996 3114 5038; x_wconf 87' lang='lat' dir='ltr'><strong>esse</strong></span> <span class='ocrx_word' id='word_1_914' title='bbox 3133 4984 3478 5054; x_wconf 87' lang='lat' dir='ltr'><strong>gaudeamus.</strong></span> 
     </span>
    </p>
   </div>
   <div class='ocr_carea' id='block_1_114' title="bbox 1897 5071 3483 5144">
    <p class='ocr_par' dir='ltr' id='par_1_114' title="bbox 1897 5071 3483 5144">
     <span class='ocr_line' id='line_1_116' title="bbox 1897 5071 3483 5144; baseline 0.004 -16"><span class='ocrx_word' id='word_1_915' title='bbox 1897 5072 2030 5129; x_wconf 84' lang='lat' dir='ltr'><strong>Nam</strong></span> <span class='ocrx_word' id='word_1_916' title='bbox 2074 5071 2188 5126; x_wconf 72' lang='lat' dir='ltr'><strong>haec</strong></span> <span class='ocrx_word' id='word_1_917' title='bbox 2230 5073 2273 5126; x_wconf 90' lang='lat' dir='ltr'><strong>si</strong></span> <span class='ocrx_word' id='word_1_918' title='bbox 2322 5071 2660 5142; x_wconf 87' lang='lat' dir='ltr'><strong>pertinaciter</strong></span> <span class='ocrx_word' id='word_1_919' title='bbox 2706 5072 2909 5143; x_wconf 86' lang='lat' dir='ltr'><strong>singula</strong></span> <span class='ocrx_word' id='word_1_920' title='bbox 2957 5073 3350 5144; x_wconf 85' lang='lat' dir='ltr'><strong>defendamur,</strong></span> <span class='ocrx_word' id='word_1_921' title='bbox 3405 5088 3483 5136; x_wconf 90' lang='lat' dir='ltr'><strong>tot</strong></span> 
     </span>
    </p>
   </div>
   <div class='ocr_carea' id='block_1_115' title="bbox 1900 5149 3552 5239">
    <p class='ocr_par' dir='ltr' id='par_1_115' title="bbox 1900 5149 3552 5239">
     <span class='ocr_line' id='line_1_117' title="bbox 1900 5149 3552 5239; baseline 0.003 -19"><span class='ocrx_word' id='word_1_922' title='bbox 1900 5164 2133 5220; x_wconf 66' lang='lat' dir='ltr'><strong>barreses</strong></span> <span class='ocrx_word' id='word_1_923' title='bbox 2177 5162 2347 5218; x_wconf 87' lang='lat' dir='ltr'><strong>facere</strong></span> <span class='ocrx_word' id='word_1_924' title='bbox 2395 5171 2654 5234; x_wconf 90' lang='lat' dir='ltr'><strong>possunt,</strong></span> <span class='ocrx_word' id='word_1_925' title='bbox 2685 5173 2816 5235; x_wconf 88' lang='lat' dir='ltr'><strong>quot</strong></span> <span class='ocrx_word' id='word_1_926' title='bbox 2840 5164 3118 5234; x_wconf 86' lang='lat' dir='ltr'><strong>opiniones</strong></span> <span class='ocrx_word' id='word_1_927' title='bbox 3146 5182 3267 5226; x_wconf 89' lang='lat' dir='ltr'><strong>esse</strong></span> <span class='ocrx_word' id='word_1_928' title='bbox 3292 5149 3552 5239; x_wconf 54' lang='lat' dir='ltr'><strong>nume-ﬁ,</strong></span> 
     </span>
    </p>
   </div>
   <div class='ocr_carea' id='block_1_116' title="bbox 1901 5245 3532 5325">
    <p class='ocr_par' dir='ltr' id='par_1_116' title="bbox 1901 5245 3532 5325">
     <span class='ocr_line' id='line_1_118' title="bbox 1901 5245 3532 5325; baseline 0.002 -14"><span class='ocrx_word' id='word_1_929' title='bbox 1901 5263 2104 5312; x_wconf 90' lang='lat' dir='ltr'><strong>rantur.</strong></span> <span class='ocrx_word' id='word_1_930' title='bbox 2150 5254 2404 5320; x_wconf 85' lang='lat' dir='ltr'><strong>Quocirca</strong></span> <span class='ocrx_word' id='word_1_931' title='bbox 2443 5254 2723 5310; x_wconf 89' lang='lat' dir='ltr'><strong>considera</strong></span> <span class='ocrx_word' id='word_1_932' title='bbox 2749 5296 2762 5318; x_wconf 92' lang='lat'><strong>,</strong></span> <span class='ocrx_word' id='word_1_933' title='bbox 2791 5271 2948 5325; x_wconf 90' lang='lat' dir='ltr'><strong>quam</strong></span> <span class='ocrx_word' id='word_1_934' title='bbox 2976 5255 3047 5310; x_wconf 91' lang='lat' dir='ltr'><strong>sit</strong></span> <span class='ocrx_word' id='word_1_935' title='bbox 3076 5256 3398 5314; x_wconf 88' lang='lat' dir='ltr'><strong>horrendum</strong></span> <span class='ocrx_word' id='word_1_936' title='bbox 3429 5271 3483 5316; x_wconf 94' lang='lat' dir='ltr'><strong>ut</strong></span> <span class='ocrx_word' id='word_1_937' title='bbox 3528 5245 3532 5251; x_wconf 56' lang='grc'><em>’</em></span> 
     </span>
    </p>
   </div>
   <div class='ocr_carea' id='block_1_117' title="bbox 1902 5347 3486 5420">
    <p class='ocr_par' dir='ltr' id='par_1_117' title="bbox 1902 5347 3486 5420">
     <span class='ocr_line' id='line_1_119' title="bbox 1902 5347 3486 5420; baseline 0.004 -17"><span class='ocrx_word' id='word_1_938' title='bbox 1902 5363 2090 5404; x_wconf 89' lang='lat' dir='ltr'><strong>omnes</strong></span> <span class='ocrx_word' id='word_1_939' title='bbox 2133 5347 2240 5402; x_wconf 89' lang='lat' dir='ltr'><strong>sint</strong></span> <span class='ocrx_word' id='word_1_940' title='bbox 2289 5347 2341 5400; x_wconf 94' lang='lat' dir='ltr'><strong>in</strong></span> <span class='ocrx_word' id='word_1_941' title='bbox 2381 5363 2487 5403; x_wconf 92' lang='lat' dir='ltr'><strong>uno</strong></span> <span class='ocrx_word' id='word_1_942' title='bbox 2527 5348 2775 5414; x_wconf 89' lang='lat' dir='ltr'><strong>homine,</strong></span> <span class='ocrx_word' id='word_1_943' title='bbox 2802 5363 2923 5420; x_wconf 65' lang='lat' dir='ltr'><strong>quae</strong></span> <span class='ocrx_word' id='word_1_944' title='bbox 2949 5347 3278 5405; x_wconf 86' lang='lat' dir='ltr'><strong>damnabiles</strong></span> <span class='ocrx_word' id='word_1_945' title='bbox 3304 5364 3486 5420; x_wconf 86' lang='lat' dir='ltr'><strong>essent</strong></span> 
     </span>
    </p>
   </div>
   <div class='ocr_carea' id='block_1_118' title="bbox 1904 5417 3482 5513">
    <p class='ocr_par' dir='ltr' id='par_1_118' title="bbox 1904 5417 3482 5513">
     <span class='ocr_line' id='line_1_120' title="bbox 1904 5417 3482 5513; baseline 0.003 -16"><span class='ocrx_word' id='word_1_946' title='bbox 1904 5442 1959 5497; x_wconf 91' lang='lat' dir='ltr'><strong>in</strong></span> <span class='ocrx_word' id='word_1_947' title='bbox 1999 5441 2219 5512; x_wconf 87' lang='lat' dir='ltr'><strong>singulis</strong></span> <span class='ocrx_word' id='word_1_948' title='bbox 2249 5441 2487 5510; x_wconf 65' lang='lat' dir='ltr'><strong>singulae.</strong></span> <span class='ocrx_word' id='word_1_949' title='bbox 2519 5440 2623 5496; x_wconf 91' lang='lat' dir='ltr'><strong>Sed</strong></span> <span class='ocrx_word' id='word_1_950' title='bbox 2667 5441 2708 5496; x_wconf 91' lang='lat' dir='ltr'><strong>si</strong></span> <span class='ocrx_word' id='word_1_951' title='bbox 2739 5450 2792 5496; x_wconf 92' lang='lat' dir='ltr'><strong>tu</strong></span> <span class='ocrx_word' id='word_1_952' title='bbox 2819 5417 2928 5513; x_wconf 79' lang='lat' dir='ltr'><strong>pro</strong></span> <span class='ocrx_word' id='word_1_953' title='bbox 2966 5442 3046 5498; x_wconf 90' lang='lat' dir='ltr'><strong>eis</strong></span> <span class='ocrx_word' id='word_1_954' title='bbox 3086 5442 3229 5498; x_wconf 87' lang='lat' dir='ltr'><strong>nulla</strong></span> <span class='ocrx_word' id='word_1_955' title='bbox 3256 5417 3482 5502; x_wconf 86' lang='lat' dir='ltr'><strong>conten-</strong></span> 
     </span>
    </p>
   </div>
   <div class='ocr_carea' id='block_1_119' title="bbox 1905 5531 3488 5602">
    <p class='ocr_par' dir='ltr' id='par_1_119' title="bbox 1905 5531 3488 5602">
     <span class='ocr_line' id='line_1_121' title="bbox 1905 5531 3488 5602; baseline 0.003 -14"><span class='ocrx_word' id='word_1_956' title='bbox 1905 5534 2046 5588; x_wconf 91' lang='lat' dir='ltr'><strong>tione</strong></span> <span class='ocrx_word' id='word_1_957' title='bbox 2089 5532 2443 5602; x_wconf 85' lang='lat' dir='ltr'><strong>pugnaveris,</strong></span> <span class='ocrx_word' id='word_1_958' title='bbox 2495 5531 2600 5587; x_wconf 90' lang='lat' dir='ltr'><strong>imo</strong></span> <span class='ocrx_word' id='word_1_959' title='bbox 2644 5547 2768 5587; x_wconf 88' lang='lat' dir='ltr'><strong>vero</strong></span> <span class='ocrx_word' id='word_1_960' title='bbox 2815 5547 2904 5587; x_wconf 91' lang='lat' dir='ltr'><strong>eas</strong></span> <span class='ocrx_word' id='word_1_961' title='bbox 2946 5533 3189 5588; x_wconf 87' lang='lat' dir='ltr'><strong>fidelibus</strong></span> <span class='ocrx_word' id='word_1_962' title='bbox 3235 5535 3407 5590; x_wconf 91' lang='lat' dir='ltr'><strong>verbis</strong></span> <span class='ocrx_word' id='word_1_963' title='bbox 3433 5547 3488 5592; x_wconf 90' lang='lat' dir='ltr'><strong>et</strong></span> 
     </span>
    </p>
   </div>
   <div class='ocr_carea' id='block_1_120' title="bbox 1904 5625 3487 5698">
    <p class='ocr_par' dir='ltr' id='par_1_120' title="bbox 1904 5625 3487 5698">
     <span class='ocr_line' id='line_1_122' title="bbox 1904 5625 3487 5698; baseline 0.001 -15"><span class='ocrx_word' id='word_1_964' title='bbox 1904 5627 2094 5683; x_wconf 89' lang='lat' dir='ltr'><strong>litteris</strong></span> <span class='ocrx_word' id='word_1_965' title='bbox 2141 5625 2563 5698; x_wconf 82' lang='lat' dir='ltr'><strong>expugnaveris;</strong></span> <span class='ocrx_word' id='word_1_966' title='bbox 2617 5625 2928 5680; x_wconf 90' lang='lat' dir='ltr'><strong>laudabilior</strong></span> <span class='ocrx_word' id='word_1_967' title='bbox 2975 5625 3084 5680; x_wconf 89' lang='lat' dir='ltr'><strong>eris</strong></span> <span class='ocrx_word' id='word_1_968' title='bbox 3131 5641 3322 5682; x_wconf 90' lang='lat' dir='ltr'><strong>censor</strong></span> <span class='ocrx_word' id='word_1_969' title='bbox 3351 5629 3403 5683; x_wconf 91' lang='lat' dir='ltr'><strong>in</strong></span> <span class='ocrx_word' id='word_1_970' title='bbox 3435 5639 3487 5685; x_wconf 89' lang='lat' dir='ltr'><strong>te</strong></span> 
     </span>
    </p>
   </div>
   <div class='ocr_carea' id='block_1_121' title="bbox 1907 5718 3489 5792">
    <p class='ocr_par' dir='ltr' id='par_1_121' title="bbox 1907 5718 3489 5792">
     <span class='ocr_line' id='line_1_123' title="bbox 1907 5718 3489 5792; baseline 0.002 -18"><span class='ocrx_word' id='word_1_971' title='bbox 1907 5721 2076 5790; x_wconf 92' lang='lat' dir='ltr'><strong>ipsum</strong></span> <span class='ocrx_word' id='word_1_972' title='bbox 2097 5761 2112 5786; x_wconf 96' lang='lat'><strong>,</strong></span> <span class='ocrx_word' id='word_1_973' title='bbox 2141 5735 2296 5790; x_wconf 90' lang='lat' dir='ltr'><strong>quam</strong></span> <span class='ocrx_word' id='word_1_974' title='bbox 2323 5719 2366 5774; x_wconf 90' lang='lat' dir='ltr'><strong>si</strong></span> <span class='ocrx_word' id='word_1_975' title='bbox 2396 5718 2686 5789; x_wconf 87' lang='lat' dir='ltr'><strong>quemlibet</strong></span> <span class='ocrx_word' id='word_1_976' title='bbox 2714 5718 2871 5772; x_wconf 90' lang='lat' dir='ltr'><strong>alium</strong></span> <span class='ocrx_word' id='word_1_977' title='bbox 2901 5727 3047 5773; x_wconf 86' lang='lat' dir='ltr'><strong>recta</strong></span> <span class='ocrx_word' id='word_1_978' title='bbox 3078 5721 3282 5775; x_wconf 87' lang='lat' dir='ltr'><strong>ratione</strong></span> <span class='ocrx_word' id='word_1_979' title='bbox 3307 5735 3489 5792; x_wconf 83' lang='lat' dir='ltr'><strong>repre-</strong></span> 
     </span>
    </p>
   </div>
   <div class='ocr_carea' id='block_1_122' title="bbox 1911 5807 3485 5883">
    <p class='ocr_par' dir='ltr' id='par_1_122' title="bbox 1911 5807 3485 5883">
     <span class='ocr_line' id='line_1_124' title="bbox 1911 5807 3485 5883; baseline 0.001 -17"><span class='ocrx_word' id='word_1_980' title='bbox 1911 5811 2167 5866; x_wconf 86' lang='lat' dir='ltr'><strong>henderes</strong></span> <span class='ocrx_word' id='word_1_981' title='bbox 2195 5827 2210 5876; x_wconf 90' lang='lat'><strong>;</strong></span> <span class='ocrx_word' id='word_1_982' title='bbox 2259 5820 2312 5865; x_wconf 93' lang='lat' dir='ltr'><strong>ct</strong></span> <span class='ocrx_word' id='word_1_983' title='bbox 2358 5811 2646 5866; x_wconf 89' lang='lat' dir='ltr'><strong>mirabilior</strong></span> <span class='ocrx_word' id='word_1_984' title='bbox 2671 5825 2852 5865; x_wconf 90' lang='lat' dir='ltr'><strong>eorum</strong></span> <span class='ocrx_word' id='word_1_985' title='bbox 2882 5807 3224 5877; x_wconf 82' lang='lat' dir='ltr'><strong>emendator,</strong></span> <span class='ocrx_word' id='word_1_986' title='bbox 3254 5828 3410 5883; x_wconf 91' lang='lat' dir='ltr'><strong>quam</strong></span> <span class='ocrx_word' id='word_1_987' title='bbox 3439 5814 3485 5872; x_wconf 72' lang='lat' dir='ltr'><strong>si</strong></span> 
     </span>
    </p>
   </div>
   <div class='ocr_carea' id='block_1_123' title="bbox 2813 5901 3209 5987">
    <p class='ocr_par' dir='ltr' id='par_1_123' title="bbox 2813 5901 3209 5987">
     <span class='ocr_line' id='line_1_125' title="bbox 2813 5901 3209 5987; baseline -0.003 -23"><span class='ocrx_word' id='word_1_988' title='bbox 2813 5901 3209 5987; x_wconf 68' lang='lat' dir='ltr'><strong>{Dim-sapt.)</strong></span> 
     </span>
    </p>
   </div>
  </div>
