3938 6538
483 359 546 370 νὴ.
747 336 818 350 δ”

720 375 908 401 κςΑΧ,Δρ

218 415 324 476 523

211 525 606 609 promoverit;
633 511 778 596 quid
823 531 930 577 tam
963 514 1402 576 inconvenienter
1425 512 1529 569 dici
1575 520 1790 582 potest,

213 605 364 696 quam
393 629 455 675 ut
481 635 605 675 cum
638 617 752 673 sola
777 616 858 671 sui
888 617 1102 670 notione
1140 607 1433 664 fraudarit?
1465 605 1534 662 Et
1557 617 1678 660 cum
1706 617 1794 660 sa-

213 714 406 790 pientia
445 710 654 776 mundi,
692 723 811 780 quae
843 722 964 763 sese
997 717 1162 775 usque
1199 701 1265 758 ad
1302 697 1413 757 veri
1441 698 1794 772 cognitionem

214 821 536 879 supervacua
555 803 770 876 quidem
793 799 1195 873 investigatione
1214 794 1497 867 protendit,
1520 793 1640 863 quia
1659 791 1796 846 scire

215 899 387 971 nequit
413 914 512 969 per
539 911 701 970 quem
725 893 854 948 licet
880 906 997 962 quae
1022 896 1144 944 sunt
1169 903 1297 943 vera
1321 884 1590 956 cognosci,
1621 883 1795 952 aliqua

216 1005 385 1049 tamen
430 987 609 1043 vicina
635 1027 649 1050 ,
700 985 808 1039 imo
849 981 1023 1036 al'linia
1061 979 1269 1034 veritati
1308 971 1592 1032 tentaverit
1637 983 1798 1044 super

213 1083 396 1139 anima:
424 1088 621 1133 natura
660 1075 966 1146 dispicere:
995 1085 1152 1142 quam
1199 1068 1454 1124 indecens
1495 1075 1653 1137 atque
1701 1077 1798 1135 pu-

213 1174 440 1232 dendum
472 1180 580 1239 est,
621 1169 928 1240 religiosum
966 1176 1283 1236 quemquam
1319 1161 1386 1216 de
1423 1160 1527 1214 hoc
1563 1159 1680 1229 ipso
1709 1157 1799 1212 aut

215 1267 334 1325 nihil
364 1279 581 1338 sapere,
613 1271 702 1317 aut
729 1260 938 1330 penitus
967 1256 1064 1312 sibi
1088 1253 1432 1310 interdixisse
1459 1267 1528 1309 ne
1552 1251 1738 1323 sapiat.
1771 1268 1791 1303 ι

279 1361 329 1417 3.
356 1357 468 1413 ista
507 1365 600 1412 tua
636 1363 834 1410 nostrae
863 1348 1172 1422 ignorantiae
1197 1345 1548 1402 disertissima
1572 1352 1626 1399 et
1651 1343 1799 1398 lucu-

215 1451 508 1511 lentissima
537 1447 839 1519 castigatio,
870 1443 1044 1502 omnia
1065 1457 1183 1513 qua:
1204 1439 1269 1495 ad
1295 1446 1539 1494 naturam
1568 1435 1798 1492 hominis

214 1546 502 1618 pertinent,
544 1541 623 1597 sic
661 1547 713 1595 te
744 1539 883 1593 scire
907 1533 1197 1606 compellit,
1229 1539 1288 1586 ut
1316 1530 1359 1586 si
1387 1543 1571 1586 eorum
1601 1521 1797 1600 aliquid

210 1635 564 1714 ignoraveris,
594 1649 698 1688 non
723 1646 866 1696 meo,
899 1628 991 1685 sed
1015 1637 1102 1682 tuo
1122 1620 1321 1696 judicio
1344 1623 1624 1694 pecoribus
1648 1635 1799 1676 com-

211 1713 430 1804 pereris.
459 1722 720 1793 Quamvis
757 1721 903 1776 enim
940 1733 1036 1774 nos
1065 1715 1366 1787 insignitius
1395 1715 1414 1748 ⁸
1442 1713 1672 1778 videaris
1720 1721 1800 1769 at-

213 1821 435 1892 tingere,
470 1831 540 1872 eo
568 1813 712 1888 quod
740 1809 952 1877 dixisti,
1003 1808 1171 1864 Homo
1198 1823 1314 1863 cum
1339 1816 1466 1862 esset
1488 1808 1543 1861 in
1569 1807 1760 1860 honore
1781 1847 1796 1873 ,

213 1930 306 1968 non
345 1905 624 1975 intetlexit,
658 1904 780 1978 quia
801 1905 860 1959 in
889 1917 993 1974 quo
1016 1910 1074 1957 tu
1099 1913 1205 1956 non
1244 1913 1303 1957 es
1327 1940 1340 1963 ,
1383 1898 1588 1953 honore
1615 1909 1802 1954 sumus

211 2000 463 2062 Ecclesiae
494 2019 508 2054 :
541 2009 726 2055 tamen
754 1997 916 2054 etiam
948 2003 1000 2051 tu
1027 1991 1083 2048 in
1113 2008 1178 2049 eo
1208 2005 1265 2048 es
1309 1990 1513 2046 honore
1553 1997 1796 2058 naturae,

211 2108 264 2154 ut
288 2096 581 2168 pecoribus
608 2090 929 2167 praeferaris,
958 2083 1148 2159 quibus
1177 2083 1465 2141 secundum
1487 2091 1637 2138 tuum
1662 2081 1802 2153 ludi-

211 2195 344 2248 cium
369 2186 776 2262 comparandus
799 2198 880 2251 es,
921 2182 968 2237 si
996 2179 1193 2252 aliquid
1233 2193 1418 2235 eorum
1461 2189 1582 2248 qua:
1608 2173 1676 2231 ad
1700 2188 1800 2230 na-

210 2295 379 2344 turam
413 2290 564 2337 tuam
594 2285 802 2336 constat
830 2275 1114 2347 pertinere,
1129 2270 1441 2328 nesciveris.
1457 2268 1643 2339 Neque
1659 2267 1801 2323 enim

211 2373 608 2450 eosaspcrsisti
643 2372 748 2428 hac
793 2366 1214 2442 reprehensione
1262 2360 1664 2426 tantummodo,
1712 2360 1802 2431 qui

208 2472 307 2527 hoc
333 2449 592 2526 nesciunt
618 2462 763 2540 quod
788 2477 887 2538 ego
911 2460 1121 2527 nescio,
1148 2459 1256 2513 hoc
1280 2464 1382 2524 est,
1410 2455 1658 2510 humanas
1685 2449 1802 2507 ani-

204 2580 306 2622 mze
332 2560 604 2634 originem
631 2554 816 2632 (quam
842 2552 1053 2628 quidem
1078 2565 1184 2605 non
1205 2548 1415 2620 penitus
1445 2545 1665 2611 nescio;
1693 2541 1804 2600 scio

208 2656 348 2712 enim
369 2651 547 2708 Deum
574 2647 790 2704 ﬂavisse
814 2649 867 2702 in
895 2644 1080 2700 faciem
1109 2641 1266 2713 primi
1297 2638 1551 2703 hominis,
1575 2636 1803 2692 factum-

207 2762 312 2820 que
354 2759 480 2801 esse
530 2740 805 2796 hominem
853 2736 908 2792 in
947 2735 1176 2790 animam
1215 2733 1390 2788 vivam
1429 2729 1579 2803 (Gen.
1617 2741 1674 2793 ιι,
1706 2727 1801 2798 7):

207 2819 358 2909 quod
403 2843 585 2891 tamen
619 2829 722 2886 nisi
759 2827 1040 2898 legissem,
1094 2839 1192 2894 per
1236 2835 1324 2878 me
1356 2821 1472 2890 ipse
1515 2819 1654 2875 scire
1695 2829 1804 2873 non

210 2928 491 3000 possem);
534 2924 626 2980 sed
651 2920 853 2988 dixisti,
889 2917 1024 2987 Quid
1053 2926 1221 2971 autem
1265 2912 1436 2982 diﬁ'ert
1464 2914 1613 2968 homo
1646 2927 1678 2965 a
1717 2927 1806 2982 pe-

224 3036 382 3088 core,
418 3018 463 3074 si
505 3015 656 3072 nescit
696 3015 755 3067 de
793 3025 888 3066 sua
925 3009 1165 3081 qualitate
1205 3015 1485 3076 naturaque
1532 3002 1808 3075 disquirere

218 3126 380 3184 atque
427 3107 712 3166 disserere!
741 3104 899 3174 Quod
938 3103 1171 3158 sensisse
1207 3101 1279 3156 ita
1306 3098 1524 3167 videris,
1555 3106 1806 3168 tanquam

214 3205 284 3263 de
338 3204 586 3259 universa
633 3211 727 3255 sua
781 3195 1038 3269 qualitate
1077 3202 1236 3264 atque
1285 3199 1473 3246 natura
1519 3187 1600 3244 sic
1647 3186 1808 3241 homo

217 3296 517 3367 disquirere
557 3299 720 3362 atque
760 3287 1026 3343 disserere
1053 3283 1266 3351 debeat,
1299 3289 1358 3336 ut
1395 3279 1529 3336 nihil
1559 3293 1681 3335 eum
1725 3275 1808 3334 sui

217 3391 392 3446 lateat.
420 3385 582 3456 Quod
609 3385 657 3440 si
683 3385 760 3439 ita
789 3390 890 3448 est,
919 3383 1027 3450 jam
1055 3387 1106 3434 te
1134 3375 1414 3448 pecoribus
1444 3371 1765 3455 comparabo
1788 3414 1804 3442 ,

217 3485 259 3540 si
285 3483 412 3538 mihi
438 3496 548 3537 non
573 3475 918 3549 responderis
939 3481 1145 3530 tuorum
1170 3483 1451 3526 numerum
1473 3453 1804 3538 capillorum.

220 3576 273 3634 Si
299 3584 476 3634 autem
508 3581 998 3650 quantumcumque
1027 3564 1369 3638 proﬁciamus
1415 3561 1469 3616 in
1517 3560 1616 3615 hac
1660 3559 1803 3624 vita,

221 3669 386 3739 aliqua
426 3681 531 3722 nos
569 3664 640 3719 ad
686 3671 928 3718 naturam
972 3665 1208 3713 nostram
1251 3653 1566 3726 pertinentia
1598 3650 1807 3707 nescire

226 3755 494 3824 concedis,
525 3768 713 3826 qumro
743 3752 796 3807 id
825 3757 1081 3823 quantum
1117 3757 1482 3819 quatenusque
1509 3742 1803 3808 concedas;

220 3864 286 3904 ne
313 3849 450 3904 forte
475 3855 532 3902 et
563 3846 667 3900 hoc
694 3843 766 3899 ibi
795 3843 884 3908 sit,
913 3839 1054 3912 quod
1081 3837 1274 3893 animae
1300 3846 1496 3892 nostrai
1525 3849 1634 3890 non
1659 3830 1808 3888 omni

218 3939 374 3996 modo
402 3938 608 3994 scimus
651 3934 910 4006 originem
956 3950 970 3988 :
1013 3929 1255 4001 quamvis
1288 3925 1429 3999 quod
1464 3925 1532 3981 ad
1576 3925 1806 3981 salutem

220 4031 450 4103 pertinet
475 4027 622 4096 ﬁdei,
654 4025 906 4083 divinitus
932 4023 1164 4078 animum
1202 4020 1380 4076 datam
1400 4060 1417 4087 ,
1449 4031 1676 4088 eamque
1700 4027 1807 4070 non

222 4127 332 4198 eius
354 4124 511 4196 cujus
539 4123 680 4177 Deus
715 4127 799 4175 est
841 4131 960 4172 esse
998 4122 1222 4181 naturae,
1254 4111 1475 4168 remotis
1498 4107 1809 4180 ambagibus

222 4217 546 4277 noverimus.
588 4213 673 4270 An
718 4209 857 4268 forte
885 4209 1138 4264 hactenus
1181 4212 1337 4277 putas
1369 4212 1612 4259 naturam
1656 4213 1808 4256 suam

222 4311 409 4383 utique
437 4305 806 4371 nesciendam,
837 4307 1098 4375 quatenus
1122 4314 1238 4356 eam
1279 4305 1336 4353 tu
1363 4295 1572 4361 nescis;
1624 4293 1807 4349 hacte-

229 4418 423 4473 nusque
449 4399 748 4463 sciendum,
769 4403 1030 4467 quatenus
1057 4406 1175 4448 eam
1200 4399 1256 4446 tu
1281 4388 1422 4446 scire
1447 4386 1689 4460 potueris
1713 4403 1729 4442 :
1751 4393 1811 4440 ut

230 4499 270 4552 si
304 4495 462 4567 paulo
501 4491 733 4563 amplius
776 4499 832 4546 te
872 4487 990 4558 quis
1032 4484 1318 4552 nescierit,
1365 4497 1488 4539 eum
1526 4479 1809 4552 pecoribus

234 4601 520 4660 compares,
550 4582 692 4655 quod
722 4580 979 4638 scientior
1003 4579 1098 4635 ilio
1125 4591 1246 4634 esse
1271 4573 1524 4646 potuisti;
1555 4579 1716 4642 atque
1737 4571 1808 4626 ita

233 4679 275 4735 si
297 4681 407 4751 quis
429 4692 555 4734 eam
582 4674 740 4748 paulo
772 4673 891 4745 plus
910 4679 963 4727 te
983 4669 1181 4734 scierit,
1207 4665 1396 4724 eadem
1419 4664 1623 4735 iustitia
1646 4671 1700 4718 te
1718 4661 1811 4718 ille

230 4772 504 4846 pecoribus
533 4763 916 4838 eomparabit?‘
942 4762 1035 4818 Dic
1060 4775 1189 4832 ergo
1211 4767 1476 4832 quatenus
1510 4754 1664 4812 nobis
1709 4768 1806 4810 na-

231 4844 389 4921 turam
439 4869 681 4918 nostram
740 4857 948 4912 nescire
984 4852 1246 4909 concedas
1275 4891 1292 4919 ,
1341 4856 1403 4904 ut
1451 4863 1482 4903 a
1525 4844 1811 4919 pecoribus

233 4957 362 5013 salvs
396 4957 472 5014 sit
505 4961 689 5010 nostra
739 4947 988 5006 distantia
1037 4964 1056 5003 :
1094 4957 1150 5003 et
1193 4942 1470 5000 mnsidera
1514 4949 1696 4997 tamen
1740 4953 1810 4996 ne

232 5051 338 5119 pius
362 5044 715 5119 apecoribus
749 5041 945 5106 distet,
984 5037 1075 5110 qui
1113 5035 1231 5109 ejus
1274 5032 1473 5106 aliquid
1514 5032 1724 5088 nescire
1751 5045 1810 5088 se

233 5143 336 5208 scit,
373 5153 540 5212 quam
575 5137 666 5209 qui
704 5150 764 5190 se
813 5139 964 5204 putat
1007 5130 1148 5185 scire
1187 5127 1329 5199 quod
1370 5128 1559 5182 nescit.
1610 5124 1809 5180 Natura

233 5248 363 5293 certe
405 5243 518 5290 tota
565 5229 800 5287 hominis
838 5237 920 5284 est
967 5225 1220 5296 spiritus,
1270 5221 1445 5276 anima
1483 5228 1537 5275 et
1564 5233 1808 5290 corpus:

231 5330 462 5402 quisquis
485 5341 614 5398 ergo
643 5339 674 5378 a
703 5329 900 5396 natura
918 5320 1147 5374 humana
1169 5331 1364 5386 corpus
1390 5315 1623 5370 alienare
1651 5312 1763 5367 vult
1790 5352 1805 5378 ,

234 5421 430 5492 desipit.
463 5417 655 5477 ledici
683 5423 867 5470 tamen
895 5412 984 5484 qui
1010 5409 1345 5481 appellantur
1381 5405 1686 5468 auatomici,
1713 5415 1812 5475 per

231 5513 476 5580 membra,
502 5523 603 5583 per
629 5519 821 5572 venas,
862 5517 960 5574 per
1002 5513 1218 5568 nervos,
1263 5513 1360 5569 per
1395 5512 1538 5564 ossa,
1571 5511 1676 5566 per
1699 5509 1812 5550 me-

227 5607 424 5674 dullas,
469 5619 569 5677 per
602 5599 868 5657 interiora
903 5595 1108 5664 vitaiia,
1158 5593 1316 5650 etiam
1367 5593 1516 5647 vivos
1567 5588 1812 5645 homines

226 5700 462 5775 qumdiu
501 5699 655 5755 inter
709 5705 902 5749 manus
941 5688 1247 5746 rimantium
1300 5687 1480 5744 vivere
1526 5687 1814 5758 potuerunt

270 5840 286 5873 ί
317 5838 458 5898 Edin'.
499 5829 772 5899 mm.
809 5827 1146 5892 Μυκήνη.
1528 5821 1636 5885 vel,
1683 5817 1810 5874 desi-

1549 397 1749 457 ωηιξη
1787 389 2132 468 ausuros.

3369 398 3473 463 526

1899 509 2220 566 dissiciendo
2245 512 2262 544 ί
2291 511 2510 568 scrutati
2537 520 2679 579 sunt,
2710 520 2771 568 ut
2803 522 3045 570 naturam
3075 511 3314 587 corporis
3357 529 3483 572 nos-

1897 612 2017 659 sent
2045 617 2181 659 :nec
2209 612 2388 660 tamen
2413 611 2540 671 nos,
2571 606 2694 676 quia
2727 605 2827 662 ista
2855 608 3121 664 nescimus
3145 651 3160 676 ,
3201 607 3484 681 pecoribus

1897 704 2290 769 compararunt.
2312 697 2421 753 Nisi
2453 699 2587 754 forte
2607 697 2844 754 dicturus
2885 714 2984 768 es,-
3049 712 3144 757 eos
3201 700 3482 770 pecoribus

1897 787 2287 860 comparandos
2306 829 2322 857 ,
2355 787 2444 860 qui
2470 790 2661 845 animm
2687 795 2930 846 naturam
2955 832 2971 860 ,
2997 807 3105 848 non
3129 791 3219 864 qui
3244 793 3483 864 corporis

1898 882 2165 938 nesciunt.
2193 879 2308 936 Non
2336 895 2463 955 ergo
2489 882 2560 936 ita
2581 877 2838 954 praeloqui
2865 882 3112 940 debuisti.
3127 884 3314 956 Neque
3333 885 3477 940 enim

1899 973 2019 1030 sisti
2036 1016 2052 1041 ,
2083 972 2224 1039 Quid
2252 971 2421 1040 diﬂ'ert
2459 972 2607 1028 homo
2632 985 2663 1027 α
2691 987 2888 1047 pecore,
2921 973 2966 1029 si
3001 977 3169 1031 nescit
3195 975 3262 1032 de
3288 975 3483 1032 animae

1900 1075 2012 1120 suae
2035 1064 2288 1138 qualitate
2312 1073 2469 1134 atque
2493 1071 2681 1119 natura
2713 1079 2728 1118 :
2753 1063 2846 1120 sed
2869 1064 3012 1133 sisti,
3042 1067 3086 1120 si
3118 1069 3275 1121 nescit
3295 1069 3360 1123 de
3386 1083 3481 1123 sua

1899 1154 2144 1226 qualitate
2168 1164 2446 1224 naturaque
2471 1154 2749 1223 disquirere
2777 1161 2926 1226 atque
2952 1155 3216 1212 (ἧκεν-ενι.
3243 1158 3484 1225 Qualitas

1900 1245 2082 1318 utique
2111 1255 2292 1300 nostra
2321 1256 2373 1301 et
2411 1255 2598 1301 natura
2637 1253 2820 1302 nostra
2860 1259 2984 1303 cum
3011 1259 3238 1319 corpore
3261 1261 3482 1322 compu-

1900 1341 2074 1404 tatur,
2113 1337 2354 1408 quamvis
2391 1336 2460 1394 de
2485 1337 2570 1393 his
2598 1337 2788 1409 quibus
2829 1345 3136 1395 constamus
3175 1341 3487 1412 singillatim

1900 1431 2121 1501 singulis
2145 1430 2453 1487 disseratur.
2492 1429 2693 1487 Verum
2736 1443 2840 1506 ego
2881 1445 3039 1504 quam
3076 1435 3242 1489 multa
3282 1436 3484 1505 possim

1900 1521 1970 1580 de
1999 1523 2228 1580 hominis
2249 1533 2436 1580 namra
2459 1523 2813 1581 scientissime
2832 1525 3123 1598 disputare,
3145 1527 3191 1582 si
3214 1527 3485 1598 exulicare

1901 1613 2089 1680 velim,
2139 1614 2291 1686 plura
2333 1615 2605 1672 volumina
2639 1617 2874 1688 implebo
2915 1635 2930 1673 :
2978 1617 3146 1674 multa
3184 1633 3272 1675 me
3307 1627 3485 1676 tamen

1902 1701 2150 1775 ignorare
2176 1703 2450 1760 conﬁteor.

1972 1795 2199 1854 CAPUT
2237 1795 2324 1852 ill.
2359 1827 2429 1839 —
2457 1798 2512 1853 4.
2556 1795 2637 1854 Tu
2686 1801 2864 1853 autem
2917 1813 3024 1870 quo
3060 1798 3139 1854 vis
3175 1800 3486 1872 pertinere,

1901 1889 2044 1961 quod
2067 1889 2122 1944 in
2144 1889 2420 1960 superiore
2443 1889 2578 1946 libro
2601 1888 2669 1946 de
2687 1889 2815 1945 flatu
2831 1889 3062 1946 hominis
3079 1891 3487 1962 disputavimus,

1901 1989 2078 2038 utrum
2100 1981 2168 2037 ad
2185 1981 2379 2037 animae
2395 1989 2661 2048 naturam,
2682 1983 2806 2052 quia
2828 1983 2940 2052 ipsa
2969 1982 3030 2036 id
3041 1983 3149 2053 agit
3167 1983 3220 2038 in
3249 1983 3485 2053 homine;

1903 2083 1973 2128 an
1997 2071 2063 2128 ad
2091 2073 2350 2142 corporis,
2392 2072 2534 2142 quod
2581 2072 2648 2127 ab
2675 2085 2738 2129 ea
2771 2081 3021 2129 movetur
3057 2082 3114 2129 ut
3149 2073 3202 2129 id
3231 2083 3389 2145 agat;
3421 2089 3490 2131 an

1904 2165 1973 2221 ad
1997 2163 2155 2236 huius
2172 2165 2312 2220 aeris
2332 2205 2345 2230 ,
2370 2163 2522 2235 cuius
2539 2165 2872 2236 reciprocam
2900 2165 2952 2219 id
2977 2180 3135 2236 agere
3153 2164 3487 2233 declaratur;

1905 2273 1974 2314 an
1997 2258 2178 2330 potius
2204 2256 2274 2314 ad
2298 2257 2476 2313 omnia
2502 2257 2623 2324 tria,
2652 2257 2720 2313 ad
2742 2256 2974 2312 animam
3002 2257 3205 2313 scilicet
3233 2273 3354 2330 quae
3373 2273 3492 2313 eor-

1905 2362 2007 2424 pns
2041 2357 2258 2418 movet,
2284 2358 2340 2405 et
2367 2350 2435 2404 ad
2461 2361 2657 2420 corpus
2701 2347 2846 2419 quod
2885 2355 3030 2403 motu
3074 2349 3256 2403 ﬂatum
3303 2347 3494 2420 recipit

1905 2451 2067 2514 atque
2107 2441 2302 2510 reddit,
2338 2448 2395 2497 et
2442 2441 2510 2496 ad
2556 2455 2740 2496 aut-em
2787 2441 2944 2496 istam
2989 2439 3223 2511 undique
3262 2441 3492 2497 circum-

1907 2532 2079 2590 lissam
2129 2546 2250 2602 quas
2297 2531 2546 2587 intrando
2585 2532 2699 2598 alit,
2752 2530 2953 2586 relevat
2993 2530 3276 2586 exeundo?
3313 2531 3383 2588 Et
3413 2541 3494 2588 ta.

1907 2641 2030 2684 men
2053 2626 2156 2682 hoc
2173 2626 2439 2682 litteratus
2457 2624 2622 2680 homo
2667 2631 2826 2694 atque
2873 2623 3128 2679 facundus
3168 2626 3352 2696 utique
3395 2642 3489 2681 ne-

1907 2717 2137 2786 sciebas,
2171 2716 2386 2788 quando
2427 2714 2705 2782 credebas,
2744 2722 2799 2770 et
2833 2714 3067 2782 dicebas,
3108 2723 3163 2770 et
3201 2715 3491 2784 scribebas,

1907 2815 1964 2865 et
1989 2809 2044 2864 in
2069 2815 2336 2864 conventu
2374 2805 2726 2862 multitudinis
2780 2813 3113 2876 congregatae
3143 2805 3388 2877 legebas,
3430 2821 3498 2863 ex

1909 2908 2100 2956 natura
2152 2905 2335 2955 nostra
2389 2910 2490 2953 nos
2545 2904 2719 2953 utrem
2777 2894 2966 2951 inﬂare
2991 2937 3005 2961 ,
3073 2904 3128 2950 et
3194 2894 3246 2950 in
3309 2905 3498 2953 natura

1910 3003 2094 3052 nostra
2122 3009 2222 3049 nos
2247 2992 2427 3048 minus
2452 2990 2585 3047 nihil
2610 2990 2854 3047 habere"
2886 3008 2900 3043 :
2928 3003 3050 3045 eum
3090 2987 3194 3045 hoc
3232 2989 3372 3046 unde
3415 2990 3498 3046 la.

1909 3088 2132 3154 ciamus,
2188 3085 2442 3142 facillime
2486 3096 2707 3155 posses,
2746 3097 2851 3138 non
2897 3082 3103 3138 divinas
3144 3091 3200 3138 et
3239 3083 3499 3139 humanas

1908 3181 2129 3252 paginas
2153 3175 2556 3250 perscrutando,
2579 3175 2675 3231 sed
2696 3174 2822 3230 inte
2842 3173 3168 3230 advertendo
3192 3189 3350 3230 nosse
3374 3189 3496 3231 cum

1908 3271 2096 3329 velles.
2127 3267 2406 3339 Quomodo
2430 3267 2594 3338 igitur
2618 3266 2711 3321 tibi
2741 3265 3067 3322 committam
3100 3271 3160 3320 ut
3189 3279 3275 3321 me
3300 3265 3497 3321 doceas

1909 3362 1979 3420 de
2001 3362 2207 3433 origine
2227 3361 2550 3426 animum,
2571 3357 2714 3430 quod
2740 3372 2828 3413 me
2858 3355 3065 3412 nescire
3091 3357 3384 3423 conﬁteor;
3407 3357 3497 3428 qui

1910 3455 2052 3528 quod
2086 3455 2190 3510 tuis
2218 3453 2436 3508 naribus
2464 3461 2623 3522 atque
2645 3465 2742 3505 ore
2769 3449 2886 3505 sine
2913 3449 3310 3505 intermissione
3343 3449 3493 3518 facis,

1910 3545 2054 3603 unde
2079 3545 2244 3601 facias
2269 3543 2590 3615 ignorabas?
2617 3543 2681 3598 Et
2711 3549 2928 3613 praestet
2947 3541 3204 3598 Dominus
3223 3583 3237 3609 ,
3271 3551 3334 3597 ut
3359 3557 3388 3596 a
3411 3556 3500 3600 me

1909 3641 2288 3706 commonitus,
2314 3637 2471 3694 cedas
2491 3637 2672 3708 potius
2691 3649 2852 3707 quam
2870 3635 3090 3692 resistas
3109 3644 3219 3691 tam
3239 3636 3292 3691 in
3319 3650 3502 3707 prom-

1908 3741 2004 3805 ptu
2049 3731 2234 3802 positae
2270 3739 2430 3800 atque
2472 3728 2824 3798 apertissima
2865 3727 3076 3783 veritati
3117 3744 3131 3784 :
3162 3742 3264 3784 nec
3287 3726 3355 3783 de
3379 3736 3501 3784 utro

1911 3826 2146 3885 inﬂando
2170 3824 2249 3880 sic
2274 3824 2574 3894 interroges
2602 3820 2882 3893 pulmones
2907 3828 3049 3888 tuos,
3089 3826 3148 3876 ut
3187 3833 3280 3876 eos
3305 3818 3495 3877 adver-

1911 3933 2003 3977 sus
2039 3933 2128 3975 me
2167 3917 2368 3973 habere
2405 3913 2560 3970 malis
2585 3912 2818 3979 inﬂatos,
2847 3925 3006 3984 quam
3044 3911 3124 3967 eis
3159 3912 3501 3984 acquiescere

1911 4019 1966 4070 te
1983 4011 2318 4079 docentibus,
2341 4015 2398 4066 et
2417 4020 2735 4079 responsum
2755 4005 2854 4062 tibi
2877 4020 3086 4072 verum,
3108 4019 3214 4062 non
3231 4002 3502 4077 loquendo

1911 4117 1966 4166 et
1990 4105 2314 4172 altercando,
2336 4103 2432 4160 sed
2457 4100 2710 4174 spirando
2729 4105 2784 4156 et
2796 4097 3111 4170 respirando
3129 4097 3498 4155 reddentibus.

1910 4201 2143 4260 Proinde
2176 4199 2530 4273 ignorantiam
2565 4208 2741 4252 meam
2770 4193 2839 4252 de
2866 4192 3074 4265 origine
3101 4190 3402 4248 animarum
3446 4197 3502 4249 te

1910 4295 2290 4368 corripientem
2316 4300 2477 4364 atque
2502 4289 2870 4362 obiurgantem
2897 4302 3004 4344 non
3033 4287 3260 4344 moleste
3278 4283 3498 4358 ferrem,

1911 4391 2020 4448 imo
2045 4390 2266 4460 insuper
2289 4395 2344 4443 et
2369 4384 2567 4457 gratias
2591 4395 2812 4454 magnas
2841 4395 3078 4454 agerem,
3108 4378 3157 4437 si
3182 4393 3300 4436 eam
3327 4377 3458 4434 mihi
3481 4419 3498 4448 ,

1911 4499 2020 4540 non
2047 4481 2220 4539 solum
2243 4479 2392 4536 duris
2417 4485 2725 4550 percuteres
2749 4475 3026 4541 conviciis,
3054 4473 3150 4530 sed
3173 4474 3316 4529 veris
3337 4472 3503 4530 etiam

1913 4585 2193 4634 excuteres
2216 4571 2392 4629 dictis.
2423 4569 2481 4628 Si
2509 4568 2652 4625 enim
2679 4583 2768 4624 me
2791 4581 2981 4640 posses
3005 4566 3200 4623 docere
3231 4562 3376 4638 quod
3402 4578 3502 4622 ne-

1914 4670 2048 4736 scio,
2075 4683 2181 4724 non
2212 4665 2385 4722 solum
2431 4671 2487 4719 te
2523 4660 2724 4730 verbis,
2765 4659 2862 4718 sed
2899 4667 2955 4718 et
2992 4658 3183 4736 pugnis
3206 4656 3503 4716 caedentem

1913 4761 2166 4820 deberem
2193 4754 2582 4829 patientissime
2604 4752 2890 4810 sustinere.

1984 4851 2210 4911 CAPUT
2232 4851 2321 4908 IV.
2345 4879 2420 4893 -
2440 4847 2496 4906 Β.
2515 4847 2648 4905 Nam
2671 4845 2842 4904 fateor
2867 4841 3147 4902 Diiectioni
3173 4851 3298 4912 tua,
3331 4856 3504 4916 quan.

1915 4955 2027 5004 tum
2071 4948 2262 5002 attinet
2297 4944 2364 5000 ad
2387 4943 2546 5000 istam
2573 4944 2946 5013 quaestionem,
2991 4955 3156 4994 unum
3190 4937 3260 4994 de
3293 4937 3506 4996 duobus

1914 5039 2066 5096 valde
2094 5038 2252 5109 cupio
2275 5048 2455 5102 nosse,
2487 5033 2531 5088 si
2561 5031 2762 5105 possim
2784 5071 2799 5099 ,
2828 5029 2916 5086 vel
2958 5028 3028 5086 de
3065 5029 3364 5085 animarum
3393 5027 3506 5084 ori—

1912 5133 2036 5206 gine
2061 5129 2204 5202 quod
2234 5129 2442 5200 ignoro,
2488 5125 2576 5182 vel
2622 5132 2800 5180 utrum
2842 5122 3108 5194 pertineat
3147 5121 3216 5178 ad
3251 5136 3353 5178 nos
3401 5120 3506 5177 hoc

1914 5239 2074 5282 nosse
2098 5236 2220 5278 cum
2240 5220 2329 5276 hic
2345 5217 2589 5276 vivimus.
2612 5214 2754 5286 Quid
2771 5215 2819 5273 si
2840 5215 2985 5271 enim
3004 5229 3069 5270 ex
3090 5213 3196 5270 illis
3215 5212 3377 5270 rebus
3397 5217 3506 5290 est,

1915 5318 1983 5375 de
2007 5314 2198 5389 quibus
2223 5311 2377 5369 nobis
2397 5310 2612 5378 dicitur,
2638 5307 2838 5364 Altiora
2863 5315 2914 5364 te
2939 5322 3004 5362 ne
3020 5305 3295 5376 quasicrt's,
3320 5312 3368 5359 et
3392 5304 3506 5373 for-

1917 5411 2048 5466 tiara
2075 5419 2122 5464 te
2143 5423 2208 5462 ne
2227 5412 2480 5462 scrutatus
2519 5401 2714 5474 fueris;
2737 5399 2829 5457 sed
2863 5415 2975 5471 quae
3003 5397 3242 5471 pracepit
3280 5396 3369 5450 tibi
3395 5392 3507 5452 Do-

1915 5505 2106 5572 minus,
2135 5500 2230 5556 iila
2253 5499 2421 5572 cogita
2449 5511 2644 5568 semper
2673 5491 2864 5566 (Eccli.
2903 5508 2944 5562 ι,
2987 5491 3120 5563 22)?
3156 5489 3357 5546 Verum
3401 5487 3506 5546 hoc

1917 5611 2078 5656 nosse
2101 5594 2280 5665 cupio,
2311 5598 2404 5647 aut
2431 5591 2498 5646 ab
2525 5591 2642 5662 ipso
2667 5588 2780 5644 Deo
2810 5586 3013 5642 sciente
3039 5582 3180 5656 quod
3202 5588 3370 5652 creat,
3411 5588 3505 5638 aut

1982 5753 2000 5785 ι
2037 5747 2166 5806 Apud
2187 5753 2260 5800 Er.
2289 5753 2342 5798 et
2362 5751 2494 5806 Lov.,
2832 5751 2850 5790 :
2872 5737 3126 5806 mendose.

1981 5815 2001 5845 ⁸
2033 5794 2340 5863 ξῶἰῖεέἶλῖ
2361 5794 2495 5865 eam;
2525 5794 2687 5866 'et'de,
2716 5805 3086 5866 naturo__npstra
3123 5803 3281 5852 utrem
3315 5794 3512 5866 Mm.

1921 5885 1964 5932 et
1979 5860 2201 5928 naturam
2223 5877 2432 5923 nostram
2456 5860 2504 5919 in
2521 5881 2605 5919 nos
2623 5865 2780 5919 minus
2801 5860 2922 5918 nihil
2943 5860 3134 5915 habere.
