3938 6532
463 359 572 418 527

463 479 628 534 etiam
654 476 723 534 ab
748 477 926 546 aliquo
951 474 1108 528 docto
1133 472 1336 526 sciente
1362 470 1502 541 quod
1530 470 1690 534 dicat,
1721 487 1824 524 non
1851 469 1917 524 ab
1947 469 2039 524 bo-

463 575 608 628 inine
635 572 906 626 nesciente
930 565 1068 636 quod
1093 564 1326 618 anhelat.
1351 563 1626 618 infantiam
1651 578 1800 616 suam
1822 564 2043 632 quisque

463 679 570 720 non
595 660 800 722 recolit,
825 667 880 712 et
909 666 1062 726 putas
1092 655 1361 710 hominem
1387 655 1486 708 nisi
1509 655 1616 708 Deo
1637 653 1863 708 docente
1883 667 2044 724 posse

461 767 822 827 cognoscere,
873 749 1013 805 unde
1053 749 1106 803 in
1149 750 1332 804 matris
1377 760 1528 804 utero
1577 749 1751 802 vivere
1780 746 2040 816 emperit;

460 847 754 924 praesertim
781 845 826 898 si
860 858 1029 913 usque
1057 842 1190 898 adeo
1217 843 1362 896 illum
1399 842 1572 898 adhuc
1612 839 1772 895 lateat
1813 839 2042 894 bumana

457 953 665 999 natura.
699 947 756 992 ut
787 953 890 992 non
914 937 1086 992 solum
1117 936 1240 1006 qttid
1276 937 1416 994 intus
1443 935 1652 1002 habeat,
1676 951 1859 991 verum
1881 934 2040 989 etiam

456 1033 582 1106 quid
621 1031 686 1086 ad
722 1048 839 1087 eam
883 1031 1178 1086 forinsecus
1214 1030 1448 1096 accedat,
1479 1031 1722 1102 ignoret?
1753 1029 1896 1084 Itane
1916 1072 1931 1096 ,
1961 1029 2042 1084 di-

456 1128 765 1192 lectissime,
791 1137 842 1179 tu
867 1141 954 1180 me
972 1124 1188 1180 docebis
1208 1133 1298 1179 aut
1327 1139 1672 1194 quemquam,
1701 1123 1842 1178 unde
1867 1122 2040 1178 homi-

455 1235 554 1276 nes
581 1227 860 1274 nascentes
887 1217 1193 1286 animentur
1211 1255 1224 1278 ,
1253 1215 1344 1287 qui
1374 1215 1650 1268 nesciebas
1679 1213 1851 1268 adhuc
1874 1228 2038 1284 usque

457 1312 598 1369 unde
627 1313 866 1365 viventes
893 1309 972 1364 sic
1012 1309 1250 1372 alantur,
1289 1317 1344 1362 ut
1377 1305 1466 1360 illo
1489 1307 1742 1362 alimento
1767 1307 2036 1376 paululum

456 1405 730 1460 subtracto
767 1402 1021 1456 continuo
1068 1397 1398 1454 moriantur?
1432 1397 1522 1451 Tu.
1561 1411 1647 1451 me
1687 1396 1903 1452 docebis
1947 1405 2038 1452 aut

455 1511 798 1568 quemquam,
833 1492 974 1548 unde
1013 1490 1256 1546 homines
1285 1489 1607 1554 animentur,
1631 1489 1722 1558 qui
1762 1487 2036 1544 nesciebas

455 1589 630 1644 adhuc
656 1601 819 1656 usque
850 1583 988 1638 unde
1014 1593 1179 1646 utres,
1223 1581 1434 1652 quando
1479 1581 1750 1643 inﬂantur,
1779 1579 2038 1648 implean-

457 1679 583 1734 tur?
635 1677 845 1733 Utinam
892 1671 1336 1745 quemadmodum
1373 1673 1552 1726 ncscis
1601 1670 1740 1726 unde
1783 1673 1940 1741 origo,
1969 1671 2037 1724 sit

454 1769 772 1832 animarum,
800 1767 876 1821 sic
899 1783 997 1838 ego
1021 1766 1206 1820 saltem
1247 1765 1438 1820 scirem
1483 1773 1655 1818 utrum
1687 1763 1814 1820 mihi
1851 1763 1904 1818 in
1937 1764 2036 1818 bac

453 1864 560 1918 vita
577 1861 850 1918 sciendum
873 1870 1035 1916 esset.
1057 1859 1111 1914 Si
1129 1858 1270 1914 enim
1293 1874 1356 1912 ex
1383 1857 1486 1912 illis
1505 1867 1586 1912 est
1605 1856 2036 1933 altioribus,qu:e

454 1955 724 2026 inquirere
762 1955 1090 2023 scrutarique
1138 1951 1514 2022 prohibcmttr;
1546 1950 1835 2005 timendum
1864 1959 1945 2004 est
1967 1965 2034 2004 ne

454 2046 576 2112 hoc,
609 2063 714 2102 non
745 2047 1056 2116 ignorando,
1088 2045 1181 2100 sed
1211 2044 1498 2114 quaerendo
1525 2058 1824 2112 peccemus.
1853 2044 2034 2113 Neque

453 2139 596 2195 enim
620 2149 898 2208 propterea
917 2153 1019 2191 non
1043 2150 1160 2190 esse
1179 2135 1246 2190 de
1268 2135 1368 2188 illis
1385 2134 1658 2188 altioribus
1681 2142 1863 2204 putare
1879 2134 2035 2190 debeo

451 2247 591 2292 mus,
608 2231 726 2298 quia
745 2245 848 2283 non
867 2228 932 2282 ad
957 2229 1046 2282 Dei
1067 2238 1308 2282 naturam
1323 2229 1569 2298 pertinet,
1583 2227 1676 2282 sed
1693 2227 1758 2281 ad
1775 2236 2030 2280 nostram.

521 2323 747 2378 CAPUT
788 2322 850 2376 V.
884 2351 954 2362 ——
981 2322 1032 2376 6.
1063 2320 1218 2388 Quid,
1247 2319 1384 2390 quod
1415 2321 1665 2376 nonnulla
1694 2320 1744 2374 itt
1780 2319 2034 2388 operibus

451 2417 568 2482 Dei,
611 2431 768 2485 quant
817 2415 954 2470 Deus
994 2415 1128 2484 ipse,
1175 2415 1228 2468 in
1263 2425 1514 2482 quantum
1541 2412 1790 2483 cognosci
1821 2420 2028 2482 potest,

449 2509 722 2564 difﬁcilius
763 2505 1195 2576 cognoscuntur?
1233 2505 1362 2560 Nam
1394 2505 1676 2560 didicimus
1711 2505 1874 2572 Deum
1913 2517 2032 2560 esse

450 2599 762 2658 Trinitatem
783 2617 798 2664 ;
819 2609 946 2669 quot
971 2608 1146 2654 autem
1183 2599 1488 2652 animalium
1515 2613 1706 2667 genera
1735 2596 2028 2660 creaverit,

449 2693 636 2748 saltem
668 2675 996 2746 terrestrium
1017 2731 1032 2754 ,
1062 2706 1180 2760 qum
1210 2691 1262 2744 in
1287 2705 1464 2744 arcam
1485 2689 1594 2744 Noe
1617 2690 1814 2744 intrare
1842 2697 2032 2758 potue-

451 2793 596 2846 runt,
630 2783 803 2838 adhuc
837 2799 1008 2852 usque
1053 2781 1340 2836 nescimus.
1372 2780 1482 2835 Nisi
1515 2780 1614 2834 hoc
1652 2789 1706 2834 tu
1743 2780 1853 2850 jam
1897 2779 2032 2834 forte

449 2875 700 2930 didicisti.
733 2874 786 2928 In
835 2873 969 2927 libro
1009 2874 1167 2928 etiatn
1199 2871 1486 2942 Sapientiae
1527 2872 1782 2940 scriptum
1813 2879 1898 2926 est
1925 2889 1938 2924 :
1971 2872 2030 2925 Si

449 2968 580 3022 enim
627 2975 822 3020 tantum
871 2973 1134 3035 potuerunt
1178 2967 1374 3032 valere,
1429 2972 1482 3018 ut
1531 2972 1734 3034 possent
1781 2964 2033 3018 wstimare

448 3059 684 3114 arculum
714 3073 732 3111 :
757 3057 1006 3128 quomodo
1035 3059 1144 3124 ejus
1173 3055 1444 3110 Dominum
1469 3071 1568 3108 non
1597 3056 1801 3126 [acilius
1827 3056 2030 3108 iuuene-

448 3159 565 3206 runt
595 3149 750 3220 (Sap.
789 3165 902 3212 χιιι,
933 3149 1034 3218 9)?
1064 3149 1143 3201 An
1174 3149 1294 3218 quia
1327 3148 1427 3202 hoc
1453 3149 1588 3202 intra
1621 3163 1718 3202 nos
1746 3155 1830 3202 est
1851 3189 1865 3213 ,
1913 3147 2034 3204 ideo

448 3256 554 3296 non
578 3240 736 3294 altius
763 3238 916 3294 nobis
939 3239 1054 3292 est?
1087 3237 1311 3292 Interior
1339 3239 1480 3293 enim
1510 3246 1591 3292 est
1614 3238 1803 3294 anima:
1835 3246 2032 3294 nostra:

447 3341 636 3388 natura
665 3345 822 3400 quam
855 3345 1069 3400 corpus.
1103 3329 1263 3397 Quasi
1307 3345 1433 3384 vero
1461 3343 1656 3400 corpus
1707 3330 1898 3402 ipsum,
1925 3345 2030 3388 non

447 3421 658 3478 facilius
711 3437 870 3478 nosse
915 3421 1086 3491 potuit
1127 3422 1303 3476 anima
1332 3422 1664 3478 extrinsecus
1711 3438 1806 3492 per
1845 3423 2031 3478 oculos

445 3515 614 3586 ipsius
639 3519 902 3585 corporis,
929 3531 1088 3584 quam
1120 3515 1440 3572 intrinsecus
1465 3531 1559 3585 per
1584 3530 1644 3571 se
1671 3517 1860 3584 ipsam.
1893 3516 2030 3584 Quid

446 3607 588 3662 enim
619 3614 702 3660 cst
729 3606 781 3660 in
811 3607 1073 3662 intestinis
1111 3607 1369 3675 corporis,
1403 3607 1492 3660 ubi
1531 3623 1636 3661 non
1665 3617 1750 3662 est
1785 3608 1941 3678 ipsa?
1967 3610 2031 3668 Et

446 3706 621 3752 tamen
643 3698 803 3750 etiam
827 3713 1052 3768 qumque
1081 3698 1286 3754 interna
1313 3707 1472 3768 atque
1500 3699 1678 3754 vitalia
1705 3701 1874 3756 oculis
1906 3718 2028 3758 cor-

445 3790 590 3860 poris
613 3789 906 3860 inquisivit,
939 3799 994 3846 et
1017 3791 1270 3861 quidquid
1296 3807 1362 3846 ex
1387 3792 1468 3846 eis
1491 3791 1698 3846 discere
1723 3796 1912 3862 potuit,
1935 3809 2031 3866 per

444 3883 627 3940 oculos
650 3885 890 3953 corporis
909 3885 1110 3938 didicit.
1133 3885 1202 3940 Et
1221 3895 1366 3942 certe
1389 3886 1456 3940 ibi
1477 3895 1608 3952 erat,
1637 3888 1796 3940 etiam
1819 3879 2030 3958 quando

443 3975 534 4034 illa
559 3975 847 4030 nesciebat.
879 3975 1090 4033 Etcum
1123 3977 1328 4032 viscera
1359 3977 1677 4034 intrinsecus
1705 3989 1884 4034 nostra
1925 3997 2030 4036 non

445 4067 654 4140 possint
697 4066 814 4122 sine
857 4067 1032 4122 anima
1076 4068 1278 4132 vivere,
1315 4068 1520 4122 facilius
1558 4085 1619 4124 ea
1661 4071 2027 4140 potuitanima

443 4158 712 4214 vivificarc
736 4174 895 4230 quam
923 4173 1098 4214 nosse.
1129 4158 1212 4212 An
1243 4157 1378 4214 forte
1421 4159 1488 4214 ad
1526 4161 1643 4229 ejus
1671 4162 2028 4230 cognitionem

445 4249 604 4308 altius
640 4258 724 4326 est
767 4264 961 4319 Corpus
997 4253 1137 4318 ejus,
1181 4265 1338 4320 quam
1376 4249 1486 4320 ipsa
1519 4251 1570 4318 ²;
1597 4261 1652 4306 et
1689 4252 1807 4308 ideo
1835 4255 1879 4308 si
1907 4255 2032 4312 velit

445 4339 710 4411 inquirere
755 4350 914 4410 atque
951 4339 1257 4406 disserere,
1309 4343 1519 4412 quando
1570 4358 1750 4404 semen
1801 4345 2030 4406 hominis

443 4443 785 4510 convertatur
805 4433 856 4490 in
874 4435 1207 4506 sanguinem.
1233 4435 1443 4504 quando
1465 4437 1516 4492 in
1542 4439 1766 4494 solidam
1788 4456 2028 4510 carnem,

442 4527 656 4598 quando
677 4542 798 4582 ossa
819 4527 1021 4594 durari,
1049 4529 1262 4598 quando
1285 4529 1540 4602 incipiant
1570 4533 1846 4590 medullari
1868 4546 2031 4606 ;quot

441 4628 552 4678 sint
574 4635 768 4690 genera
797 4636 1051 4676 venarum
1078 4630 1239 4692 atque
1269 4639 1576 4690 nervorum,
1607 4627 1800 4696 quibus
1827 4629 2030 4684 discur-

443 4709 592 4764 sibus
619 4719 672 4763 et
710 4709 1032 4766 anfractibus
1068 4713 1372 4770 universum
1402 4729 1596 4786 corpus
1645 4717 1748 4772 illa:
1787 4719 2026 4790 irrigent,

447 4799 526 4856 illi
564 4799 812 4870 alligent;
852 4811 1028 4858 utrum
1073 4803 1127 4858 in
1172 4806 1350 4862 nervis
1401 4805 1702 4876 deputanda
1745 4810 1816 4866 sit
1850 4813 1985 4868 cutis
2009 4853 2026 4879 ,

449 4901 626 4948 utrum
653 4891 704 4945 in
733 4893 942 4946 ossibus
969 4893 1190 4960 dentes;
1220 4897 1417 4952 distant
1438 4900 1602 4964 enim,
1626 4901 1766 4970 quod
1798 4904 2028 4962 medulla

445 4992 662 5050 carent;
689 4995 742 5040 et
768 4985 890 5054 quid
916 4986 983 5040 ab
1011 4987 1249 5058 utrisque
1273 4989 1518 5045 differant
1535 5009 1753 5064 ungues,
1777 4996 2026 5065 quoniam

445 5075 532 5132 his
560 5075 752 5132 duritia
797 5077 999 5134 similes
1018 5089 1171 5144 sunt,
1205 5083 1417 5151 pratcidi
1447 5095 1624 5140 autem
1651 5096 1704 5140 et
1733 5103 1978 5145 crescere
2007 5131 2024 5156 ,

443 5183 728 5228 commune
771 5169 874 5226 illis
898 5183 978 5226 est
1006 5188 1124 5226 cum
1152 5175 1390 5244 capillis;
1421 5177 1665 5248 quisnam
1691 5181 1760 5236 sit
1787 5197 1913 5238 usus
1937 5201 2026 5240 ve-

443 5277 655 5328 narum,
687 5279 792 5344 non
819 5266 1112 5336 sanguinis,
1152 5269 1245 5322 sed
1290 5272 1460 5340 aeris,
1499 5290 1630 5344 quas
1669 5280 1894 5334 arterias
1938 5295 2028 5336 vo-

440 5365 566 5411 cant
595 5374 606 5408 :
637 5355 754 5412 hzec
781 5367 938 5428 atque
967 5357 1266 5430 hujusutodt'
1296 5362 1363 5418 de
1391 5373 1576 5422 natura
1612 5371 1851 5440 corporis
1875 5373 1953 5428 sui
1981 5374 2026 5436 si

440 5453 616 5508 anima
641 5467 798 5508 nosse
815 5453 1108 5522 desideret,
1133 5466 1327 5516 tuncnc
1348 5459 1628 5536 dicendum
1651 5473 1733 5520 est
1755 5465 1952 5522 homini
1983 5471 2022 5536 ³,

441 5629 548 5751 ﬁnio
561 5627 676 5678 Editi
700 5637 753 5680 et
772 5629 954 5694 aliquot
991 5639 1120 5692 Mss,
1143 5634 1289 5686 altius
1310 5634 1396 5686 illa
1434 5645 1503 5688 est
1536 5653 1709 5704 corpus
1741 5645 1846 5707 ejus
1883 5659 2026 5710 quam

507 5751 693 5832 Lup;
704 5759 756 5802 et
773 5761 891 5832 hri-.7,
936 5763 1049 5832 tmte
1087 5767 1215 5832 certe
1248 5761 1522 5816 dicendmu.
1555 5773 1687 5832 Lov.,
1711 5773 1824 5822 tunc
1861 5772 2025 5826 dicen-

429 5807 582 5864 ‘duut.
605 5817 734 5876 tm,
768 5807 942 5872 tunc'ne
964 5807 1253 5878 "rasas";

1985 5879 2020 5914 ;‘t

1371 353 1458 408 DE
1499 352 1710 406 ANIMA
1749 350 1839 406 ET
1879 349 2044 406 EJUS
2081 349 2384 418 ORIGINE,
2424 347 2481 405 S.
2524 349 2886 406 AUGUSTINI

3631 357 3748 414 528

2157 469 2350 524 Altiara
2380 479 2426 522 te
2451 486 2512 524 ne
2526 469 2798 536 quaesieris,
2819 479 2863 522 et
2883 469 3092 539 fortiora
3113 481 3160 524 te
3177 487 3239 524 ne
3260 481 3510 526 scrutatus
3539 473 3704 544 [ueris
3727 513 3743 526 .

2151 561 2196 616 si
2218 571 2394 618 autem
2423 562 2490 616 de
2515 579 2607 616 sua
2632 563 2836 632 origine
2863 563 3002 632 quod
3031 565 3198 617 nescit
3227 564 3478 634 inquirat,
3511 583 3616 620 non
3652 575 3745 620 est

2150 653 2306 707 altius
2333 667 2505 722 neque
2533 653 2740 716 fortius,
2761 669 2918 724 quam
2941 665 2996 707 ut
3017 653 3068 708 id
3091 653 3258 722 possit
3278 655 3686 725 apprehendere
3713 655 3740 710 ?

2151 743 2220 800 Et
2245 745 2534 800 absurdum
2565 747 2838 801 existimas
2867 758 3026 816 atque
3053 747 3398 818 incongrumn
3427 749 3645 814 rationi,
3677 761 3742 803 ut

2149 838 2349 892 nesciat
2377 837 2552 892 anima
2576 848 2878 892 utrumnam
2897 837 3148 893 divinitus
3165 835 3430 894 insufﬂata
3457 839 3544 904 sit,
3569 856 3640 894 an
3667 841 3742 896 de

2150 931 2454 1002 parentibus
2485 940 2668 993 tracta.
2702 946 2821 985 cum
2854 929 3083 1000 hocjam
3110 933 3437 1001 prazteritum
3468 949 3574 986 non
3617 949 3738 990 me-

2149 1023 2380 1088 minerit,
2423 1033 2477 1098 et
2523 1023 2662 1080 inter
2707 1025 2796 1080 illa
2839 1024 3076 1094 deputet,
3119 1041 3238 1094 qua:
3277 1025 3734 1092 irrevocabiliter,

2146 1115 2283 1172 sicut
2309 1116 2624 1184 infantiam,
2672 1127 2727 1172 et
2770 1129 2963 1172 caetera
3007 1118 3235 1172 recentis
3278 1119 3344 1173 ab
3383 1129 3535 1173 utero
3561 1121 3738 1174 aetatis

2146 1207 2308 1264 oblita
2339 1219 2440 1274 est,
2472 1208 2516 1262 si
2548 1218 2723 1264 tamen
2749 1224 2871 1264 cum
2901 1224 3060 1264 sensu
3086 1211 3203 1280 ejus
3226 1209 3402 1281 aliquo
3432 1211 3630 1266 factum
3655 1199 3748 1266 est?

2145 1299 2355 1370 quando
2385 1299 2578 1356 factum
2599 1309 2680 1356 est
2708 1317 2722 1353 :
2753 1317 2850 1356 nec
2871 1311 3022 1371 putas
3043 1300 3329 1356 absurdum
3357 1311 3516 1373 atque
3542 1303 3736 1360 incon-

2143 1409 2353 1465 gruum,
2383 1406 2440 1448 ut
2468 1409 2663 1464 corpus
2690 1393 2794 1448 sibi
2820 1394 3087 1449 subditum
3117 1395 3338 1460 nesciat,
3373 1405 3428 1451 et
3452 1396 3596 1466 quod
3627 1413 3736 1452 non

2143 1497 2226 1540 est
2269 1484 2336 1540 de
2379 1485 2660 1554 pru'teritis
2702 1484 2818 1555 ejus
2841 1525 2856 1549 ,
2898 1485 2991 1540 sed
3029 1485 3098 1541 de
3129 1487 3480 1556 praesentibus
3509 1503 3736 1560 prorsus

2145 1577 2389 1646 ignoret,
2424 1585 2596 1630 tttrum
2625 1592 2791 1634 venas
2819 1587 3032 1634 moveat
3068 1588 3124 1632 ut
3163 1579 3304 1634 vivat
3355 1581 3406 1634 in
3453 1595 3686 1651 corpore
3715 1623 3732 1648 ,

2143 1685 2338 1725 nervos
2383 1681 2560 1726 autem
2607 1680 2668 1726 ut
2713 1671 2968 1726 membris
2995 1673 3237 1742 corporis
3265 1683 3522 1744 operetur
3555 1692 3571 1729 :
3604 1682 3664 1730 et
3689 1673 3736 1730 si

2142 1762 2212 1817 ita
2264 1773 2366 1830 est,
2411 1779 2505 1820 cur
2547 1779 2742 1820 nervos
2787 1780 2894 1820 non
2933 1775 3174 1833 moveat,
3218 1765 3318 1820 nisi
3351 1768 3511 1834 velit;
3545 1769 3735 1838 pulsus

2140 1863 2318 1910 autem
2361 1871 2650 1924 venarum,
2676 1856 2836 1912 etiam
2883 1857 2930 1910 si
2979 1857 3145 1924 nolit,
3189 1858 3306 1914 sine
3335 1859 3736 1918 intermissione

2140 1957 2260 2017 agat
2291 1965 2304 2002 :
2329 1953 2392 2008 ds
2433 1963 2532 2020 qua
2560 1959 2709 2018 parte
2737 1950 2975 2019 corporis
3003 1951 3212 2006 caeteris
3239 1952 3562 2020 dominetur,
3587 1955 3738 2026 quod

2142 2046 2413 2106 ἡγεμονικόν
2437 2048 2648 2102 vocant,
2675 2050 2852 2096 utrmn
2882 2041 2952 2098 de
2973 2043 3160 2108 corde,
3192 2059 3262 2099 an
3292 2044 3358 2100 de
3385 2047 3632 2114 cerebro,
3664 2064 3734 2104 an

2139 2129 2432 2200 dispertitis
2459 2131 2524 2186 de
2552 2131 2714 2186 corde
2745 2130 2996 2200 tnotibus,
3027 2134 3093 2188 de
3117 2135 3339 2190 cerebro
3366 2138 3635 2204 sensibus,
3667 2155 3736 2194 an

2139 2222 2206 2278 de
2221 2223 2441 2278 cerebro
2457 2233 2510 2280 et
2528 2224 2775 2279 sensibus
2795 2235 2848 2279 et
2868 2225 3176 2282 voluntariis
3197 2228 3451 2296 motibus,
3476 2229 3544 2286 de
3568 2231 3738 2288 corde

2138 2324 2314 2370 autem
2355 2332 2460 2370 non
2515 2317 2830 2372 voluntariis
2869 2332 3123 2372 venarum
3169 2319 3442 2387 pulsibus;
3481 2331 3536 2376 et
3577 2323 3628 2376 si
3667 2323 3738 2378 de

2138 2409 2360 2462 cerebro
2388 2409 2476 2462 illa
2503 2408 2608 2466 duo
2641 2407 2796 2477 facit,
2825 2425 2922 2464 cur
2946 2410 3141 2464 sentiat
3165 2413 3263 2466 etsi
3287 2413 3454 2478 nolit,
3481 2415 3738 2470 membra

2138 2515 2267 2554 vero
2298 2516 2402 2554 non
2435 2511 2646 2556 moveat
2675 2502 2774 2555 nisi
2803 2501 2963 2556 velit?
2995 2516 3118 2556 cum
3157 2503 3316 2572 igitur
3351 2503 3465 2559 lnec
3511 2506 3564 2559 in
3603 2521 3734 2562 cor-

2139 2606 2267 2662 pore
2295 2592 2394 2646 nisi
2423 2593 2534 2662 ipsa
2563 2609 2668 2648 non
2699 2591 2888 2660 faciat;
2919 2608 3016 2648 cur
3065 2593 3232 2650 nescit
3273 2595 3414 2668 quod
3457 2595 3604 2663 facit,
3649 2599 3740 2656 vel

2137 2682 2280 2738 unde
2306 2681 2472 2738 facit?
2499 2683 2606 2738 Nec
2631 2684 2680 2742 ei
2707 2692 2860 2754 turpe
2885 2695 2966 2740 est
2995 2687 3092 2740 ista
3117 2685 3258 2758 quod
3277 2687 3479 2752 nescit;
3503 2698 3558 2745 et
3577 2699 3740 2762 turpe

2137 2789 2258 2830 esse
2288 2775 2584 2844 existimas,
2615 2776 2660 2830 si
2685 2777 2886 2831 nesciat
2913 2777 3054 2832 unde
3079 2777 3164 2833 vel
3193 2779 3460 2848 quomodo
3480 2780 3616 2836 facta
3639 2784 3736 2854 sit,

2137 2882 2258 2922 cum
2285 2883 2344 2924 se
2379 2868 2487 2938 ipSa
2531 2885 2636 2922 non
2685 2866 2906 2924 fecerit?
2945 2871 3136 2926 Anima
3167 2887 3314 2938 vero,
3347 2873 3478 2928 nulli
3507 2877 3690 2932 sciunt
3715 2917 3736 2944 ,

2137 2960 2406 3030 quomodo
2442 2961 2556 3016 haec
2575 3002 2592 3028 ,
2623 2971 2678 3016 et
2702 2962 2843 3017 unde
2870 2973 2992 3034 agat
3025 2965 3077 3020 in
3104 2980 3362 3038 corpore;
3392 2969 3512 3026 ideo
3535 2971 3604 3025 ad
3645 2971 3736 3026 illa

2137 3051 2330 3106 altiora
2364 3067 2424 3106 ac
2451 3053 2670 3108 fortiora
2701 3054 2752 3108 id
2787 3056 3056 3124 pertinere
3085 3073 3190 3112 non
3219 3059 3411 3127 putas?

2207 3143 2432 3200 CAPUT
2475 3144 2560 3200 Vl.
2591 3175 2663 3186 —
2683 3147 2734 3200 7.
2763 3148 2832 3202 At
2851 3163 2951 3219 ego
2977 3149 3101 3204 hinc
3130 3149 3222 3206 tibi
3252 3153 3509 3223 majorem
3537 3172 3736 3216 moveo

2137 3236 2518 3307 quaestionem,
2556 3253 2652 3294 cur
2699 3239 3004 3310 paucissimi
3049 3244 3297 3300 noverint
3353 3249 3492 3304 unde
3531 3261 3730 3322 agant,

2138 3328 2280 3397 quod
2309 3344 2500 3384 omnes
2545 3338 2724 3398 agunt.
2759 3330 3008 3388 Fortasse
3032 3332 3274 3390 dicturus
3297 3351 3360 3392 es
3407 3357 3420 3394 :
3468 3339 3604 3410 Quia
3656 3343 3734 3398 illi

2137 3419 2439 3476 didicerunt
2476 3431 2645 3476 artem
2699 3423 3056 3480 anatomicam
3089 3427 3170 3482 vel
3210 3429 3518 3499 empiricam
3540 3473 3556 3498 ,
3595 3450 3738 3506 quas

2139 3511 2473 3566 medicinalis
2519 3513 2759 3568 continet
2806 3513 3120 3585 disciplina,
3163 3535 3322 3588 quam
3369 3524 3524 3592 pauci
3574 3539 3734 3582 asse-

2141 3612 2408 3674 quuntur;
2443 3605 2624 3660 caeteri
2651 3621 2780 3661 vero
2807 3606 2906 3660 ista
2927 3606 3133 3664 discere
3161 3611 3464 3678 noluerunt,
3493 3633 3615 3672 cum
3637 3635 3738 3690 po-

2139 3697 2362 3754 tuissent
2402 3699 2446 3752 si
2491 3699 2672 3768 utique
2703 3699 3014 3756 voluissent.
3045 3701 3145 3758 Ubi
3177 3707 3366 3762 omitto
3387 3707 3602 3778 dicere,
3633 3728 3738 3770 cur

2138 3789 2290 3844 multi
2319 3801 2580 3844 conentur
2599 3790 2807 3846 discere
2837 3793 2966 3856 ista,
2999 3809 3100 3850 nec
3127 3798 3364 3866 possint;
3393 3801 3514 3872 quia
3545 3805 3732 3874 tardo,

2137 3880 2278 3950 quod
2323 3881 2548 3938 multum
2593 3883 2786 3938 mirum
2832 3892 2949 3950 est,
2983 3885 3343 3956 impediuntur
3389 3892 3633 3963 ingenio,
3667 3911 3732 3954 ea

2136 3976 2343 4034 discere
2367 3978 2436 4032 ab
2465 3979 2610 4044 aliis,
2661 3996 2780 4051 quae
2815 3991 3043 4052 aguntur
3069 3984 3139 4038 ab
3175 3985 3254 4040 eis
3283 3986 3442 4055 ipsis,
3468 3999 3524 4044 et
3551 3990 3606 4044 itt
3651 3993 3732 4048 eis

2137 4069 2285 4141 ipsis.
2329 4069 2438 4126 Sed
2486 4072 2598 4127 haec
2627 4073 2740 4144 ipsa
2782 4084 2868 4130 est
2911 4078 3147 4132 maxima
3179 4081 3440 4150 qumstio,
3471 4099 3568 4138 cur
3609 4096 3732 4146 arte

2143 4179 2252 4218 non
2299 4164 2425 4218 mihi
2472 4181 2606 4236 opus
2635 4167 2703 4222 sit
2749 4177 2808 4224 ut
2850 4185 2970 4228 esse
2999 4172 3052 4226 in
3077 4174 3216 4228 coelo
3239 4175 3404 4230 sciam
3434 4178 3640 4248 solem,
3675 4191 3736 4238 et

2136 4253 2313 4310 lunam
2333 4296 2348 4321 ,
2380 4265 2432 4310 et
2459 4256 2558 4310 alia
2580 4257 2752 4313 sidera
2775 4274 2790 4324 ;
2821 4269 2876 4316 et
2901 4271 3017 4318 arte
3041 4263 3170 4318 mihi
3197 4281 3331 4335 opus
3353 4271 3426 4324 sit
3449 4277 3509 4324 ut
3535 4271 3728 4344 sciam,

2143 4346 2359 4416 quando
2381 4347 2600 4418 digitum
2629 4365 2846 4418 moveo,
2887 4354 3028 4410 unde
3065 4356 3348 4427 incipiam,
3380 4377 3410 4414 a
3433 4363 3627 4430 corde,
3659 4381 3730 4422 an

2135 4453 2168 4492 a
2195 4440 2417 4496 cerebro
2437 4481 2451 4506 ,
2480 4457 2547 4496 an
2583 4443 2650 4496 ab
2680 4453 2939 4517 utroque,
2969 4463 3036 4502 an
3085 4465 3114 4504 a
3155 4461 3380 4520 neutro;
3429 4467 3486 4512 et
3507 4457 3732 4520 doctore

2138 4547 2242 4586 non
2280 4545 2465 4602 egeant
2491 4541 2548 4588 ut
2573 4535 2738 4590 sciant
2778 4538 2904 4608 quid
2933 4540 3004 4596 sit
3039 4549 3146 4596 tam
3177 4543 3334 4616 longe
3367 4547 3528 4604 altius
3563 4565 3734 4622 super

2135 4640 2252 4692 me,
2279 4627 2346 4682 ab
2371 4627 2478 4684 alio
2500 4639 2680 4686 autem
2721 4633 2936 4692 homine
2971 4635 3182 4694 discere
3211 4653 3515 4712 exspectem
3533 4685 3551 4712 ,
3585 4648 3732 4704 unde

2133 4725 2322 4788 agatur
2364 4734 2396 4774 a
2442 4735 2528 4776 me
2559 4721 2700 4790 quod
2727 4724 2901 4794 agitur
2933 4725 2990 4780 in
3015 4743 3122 4784 me.
3151 4729 3286 4786 Nam
3313 4747 3434 4788 cum
3467 4736 3520 4790 in
3563 4739 3734 4796 corde

2133 4809 2372 4880 cogitare
2399 4810 2672 4884 dicamur,
2703 4825 2758 4870 et
2780 4816 2922 4886 quod
2949 4819 3244 4889 cogitamus
3261 4863 3278 4890 ,
3303 4825 3452 4880 nullo
3487 4827 3598 4884 alio
3625 4828 3732 4885 ho-

2134 4901 2279 4958 mine
2323 4903 2527 4960 sciente
2555 4905 2816 4976 sciamus;
2847 4910 3018 4980 ipsum
3045 4921 3222 4970 tamen
3251 4931 3346 4972 cor
3387 4919 3478 4974 ubi
3519 4925 3726 4994 cogita-

2135 5010 2256 5050 mus
2277 5036 2292 5062 ,
2323 4996 2592 5052 nescimus
2617 4998 2669 5054 in
2697 5016 2800 5072 qua
2825 5012 2978 5072 parte
3001 5007 3244 5076 corporis
3263 5010 3560 5068 habeamus
3577 5055 3598 5081 ,
3625 5016 3732 5072 nisi

2133 5084 2203 5140 ab
2247 5086 2352 5140 alio
2404 5087 2671 5144 discamus
2713 5093 2804 5164 qui
2853 5097 3026 5152 nescit
3064 5099 3208 5170 quod
3253 5103 3574 5174 cogitamus.
3621 5107 3734 5166 Nec

2133 5176 2354 5248 ignoro,
2403 5195 2524 5234 cunt
2567 5182 2816 5240 audimus
2867 5195 2924 5241 ut
2950 5203 3018 5244 ex
3073 5197 3184 5246 toto
3230 5181 3392 5250 corde
3443 5197 3732 5269 diligamus

2135 5272 2334 5342 Deum,
2364 5290 2470 5330 non
2515 5274 2618 5332 hoc
2657 5277 2762 5334 dici
2806 5279 2876 5336 de
2915 5281 3002 5338 illa
3030 5285 3288 5354 particula
3317 5291 3498 5346 carnis
3525 5303 3732 5352 nostra:

2134 5379 2254 5436 quae
2279 5365 2380 5422 sub
2405 5369 2568 5424 costis
2601 5369 2766 5440 latet;
2795 5372 2890 5428 sed
2935 5374 3004 5430 de
3033 5376 3122 5432 illa
3148 5379 3196 5434 vi
3223 5395 3328 5452 qua
3371 5383 3732 5454 cogitationes

2138 5457 2270 5516 fiunt
2303 5479 2316 5515 :
2347 5477 2466 5532 quae
2495 5464 2687 5520 merito
2707 5467 3005 5537 appellatur
3031 5469 3136 5526 hoc
3163 5473 3410 5542 nomine,
3435 5477 3562 5548 quia
3589 5481 3734 5536 sicut

2135 5563 2312 5610 motus
2357 5571 2460 5610 tton
2489 5569 2662 5614 cessat
2687 5560 2742 5616 in
2771 5561 2932 5619 corde
2951 5605 2968 5630 ,
2993 5564 3138 5622 unde
3179 5581 3240 5622 se
3267 5569 3456 5639 pulsus
3477 5571 3736 5632 diffundit

2135 5661 2512 5720 usquequaque
2557 5667 2845 5722 venarum,
2895 5656 2966 5710 ita
3005 5673 3110 5714 non
3150 5662 3476 5732 quiescimus
3525 5667 3736 5738 aliquid

2135 5740 2416 5810 cogitando
2461 5759 2696 5802 versare.
2745 5747 3120 5806 Verumtamen
3159 5767 3279 5808 cum
3311 5756 3486 5812 omnis
3531 5771 3734 5816 sensus

2139 5833 2207 5890 ab
2243 5835 2420 5892 anima
2445 5837 2570 5895 insit
2613 5849 2667 5898 et
2694 5843 2935 5914 corpori,
2963 5860 3060 5903 cur
3093 5849 3252 5906 etiam
3280 5847 3333 5908 in
3366 5851 3604 5912 tenebris
3627 5891 3648 5926 .
3675 5863 3738 5916 et
