3938 6488
188 381 276 439 529
1405 359 1410 362 ’
1524 373 1725 429 LIBER
1763 353 2103 442 QUARTUS.

187 492 334 549 oculis
372 474 619 558 clausis,
660 505 827 547 sensu
871 491 1111 560 corporis
1165 489 1256 561 qui
1287 498 1504 544 vocatur
1547 497 1716 543 tactus
1742 529 1758 553 ,

191 585 405 643 membra
432 581 744 638 forinsecus
783 593 961 639 nostra
987 596 1355 647 numeremus;
1379 581 1541 653 ipsius
1583 589 1760 634 autem

187 678 358 734 anima:
389 675 652 732 interiore
676 675 958 746 prtesentia
981 718 996 745 ,
1027 691 1125 745 qua
1160 675 1367 731 cunctis
1395 689 1510 744 quae
1534 671 1763 728 viviﬁcat

188 781 328 840 atque
363 768 598 835 animat,
639 779 840 838 praesto
887 777 1000 832 est,
1047 767 1190 821 nulla
1234 766 1551 820 intrinsecus
1581 770 1761 818 nostra

185 866 372 919 viscera
401 862 737 928 noverimus,
761 876 868 916 non
897 859 1129 915 medicos
1157 858 1469 928 empiricos,
1512 872 1611 912 nec
1635 870 1764 910 ana-

184 957 426 1019 tomicos,
459 969 561 1011 nec
602 953 933 1024 dogmaticos
955 995 969 1018 ,
999 967 1099 1007 nec
1128 950 1456 1006 methodicos
1480 991 1495 1016 ,
1526 947 1620 1004 sed
1662 947 1764 1002 ho-

183 1049 365 1103 minem
393 1047 538 1101 scire
566 1045 802 1099 arbitror
832 1044 1118 1098 neminem.

245 1139 276 1193 8
326 1138 393 1191 Et
442 1136 688 1206 quisquis
737 1134 895 1190 fuerit
942 1142 1162 1190 conatus
1207 1130 1324 1186 lucc
1362 1129 1604 1196 discere,
1653 1142 1760 1183 non

182 1232 362 1286 frustra
393 1231 445 1284 ei
482 1229 677 1282 dicitur
697 1271 711 1292 ,
744 1227 940 1281 Altiora
969 1227 1015 1280 te
1044 1242 1107 1279 ne
1139 1225 1421 1292 quaesieris,
1465 1232 1512 1275 et
1551 1221 1762 1291 fortiora

183 1333 224 1378 te
245 1338 303 1376 ne
324 1331 583 1375 scrutatus
610 1321 787 1392 fueris.
833 1319 1012 1388 Neque
1039 1317 1178 1371 enim
1223 1317 1409 1370 altiora
1456 1323 1578 1367 sunt
1604 1327 1762 1383 quam

181 1425 343 1487 potest
388 1423 575 1467 nostra
622 1420 821 1467 statura
856 1410 1196 1478 contingere.
1251 1405 1342 1461 sed
1389 1420 1545 1476 quam
1590 1413 1762 1475 potest

180 1516 349 1561 nostra
394 1504 707 1573 conjectura
753 1499 1241 1570 comprehendere;
1281 1506 1334 1552 et
1361 1497 1574 1551 fortiora
1605 1509 1759 1565 quam

179 1605 342 1667 potest
369 1596 458 1649 vis
501 1594 719 1648 humani
763 1593 958 1663 ingenii
1000 1601 1278 1660 penetrare
1310 1607 1324 1643 :
1352 1598 1407 1643 et
1451 1597 1626 1642 tamen
1655 1603 1760 1642 non

176 1699 249 1742 est
269 1689 472 1743 caelum
501 1688 623 1742 cmli
644 1727 660 1752 ,
705 1701 812 1740 non
840 1683 1103 1739 dimensio
1147 1683 1407 1745 siderum,
1443 1697 1544 1736 non
1578 1680 1762 1734 modus

177 1780 331 1835 maris
377 1789 548 1849 atque
581 1789 871 1844 terrarum,
913 1793 1015 1831 non
1063 1777 1299 1831 infernus
1340 1775 1558 1830 inferior
1603 1791 1615 1827 :
1665 1789 1763 1829 nos

179 1887 385 1938 sumus,
438 1873 529 1942 qui
577 1887 676 1926 nos
719 1871 1174 1940 comprehendere
1224 1884 1327 1924 non
1359 1870 1630 1936 valemus;
1663 1885 1761 1924 nos

181 1964 446 2018 modulum
477 1963 719 2018 scientia:
747 1971 942 2017 nostra:
966 1962 1181 2016 altiores
1222 1961 1570 2031 fortioresque
1608 1977 1765 2030 supe-

178 2071 380 2120 ramus;
415 2068 520 2108 nos
561 2070 666 2108 non
695 2069 979 2124 possumus
1005 2068 1195 2124 capere
1235 2069 1332 2107 nos
1353 2094 1366 2118 ,
1395 2063 1448 2107 8i.
1487 2062 1629 2107 certe
1658 2069 1760 2106 llOlI

179 2162 350 2203 sumus
403 2157 563 2202 extra
595 2163 714 2202 nos.
745 2147 854 2203 Nec
894 2148 1014 2202 ideo
1050 2147 1391 2218 comparandi
1439 2149 1720 2219 pecoribus
1745 2191 1760 2216 ,

178 2242 287 2310 quia
318 2239 370 2293 id
399 2240 545 2308 quod
577 2255 764 2294 sumus
794 2255 898 2294 non
931 2239 1138 2309 penitus
1169 2239 1467 2294 invenimus
1497 2258 1508 2291 :
1541 2248 1592 2294 et
1617 2255 1764 2294 com-

183 2331 443 2401 parandos
479 2346 583 2386 nos
607 2331 896 2402 pecoribus
947 2343 1130 2401 putas,
1163 2332 1206 2386 si
1231 2332 1370 2402 quod
1399 2331 1594 2386 fuimus
1616 2330 1761 2385 obliti

177 2439 388 2487 sumus,
438 2424 484 2478 si
534 2433 712 2478 tamen
763 2423 813 2477 id
848 2402 1145 2494 aliquando
1195 2437 1532 2478 noveramus.
1581 2422 1764 2491 Neque

175 2516 306 2570 enim
333 2532 482 2570 nunc
506 2518 684 2570 anima
717 2531 836 2571 mea
869 2515 1094 2570 trahitur
1112 2532 1174 2570 ex
1202 2516 1531 2586 parentibus,
1562 2524 1654 2569 aut
1682 2515 1763 2568 in-

175 2608 414 2664 sumatur
456 2625 483 2662 a
517 2609 631 2664 Deo
662 2627 675 2662 :
707 2609 1017 2664 utrumlibet
1046 2607 1503 2673 horum‘fecerit,
1533 2618 1658 2661 tunc
1685 2606 1763 2662 fe-

175 2702 244 2757 cit
260 2703 475 2773 quando
499 2719 586 2758 me
615 2702 847 2767 creavit;
877 2719 982 2757 non
1009 2703 1169 2758 etiam
1199 2717 1340 2756 nunc
1361 2700 1428 2755 de
1455 2716 1569 2767 me,
1597 2699 1680 2755 vel
1709 2699 1763 2754 in

177 2811 260 2849 me
304 2795 435 2850 facit
477 2814 491 2849 :
537 2805 715 2850 actum
747 2795 876 2850 illud
923 2805 1080 2866 atque
1128 2805 1451 2850 transactum
1497 2804 1614 2860 est,
1665 2807 1765 2850 nec

181 2901 423 2956 presens
447 2888 711 2953 mihiest,
759 2902 858 2941 nec
884 2901 1093 2941 recens.
1138 2886 1216 2941 Ne
1267 2887 1318 2940 id
1351 2886 1564 2956 quidem
1615 2887 1761 2953 scio,

185 2986 368 3030 utrum
413 2978 466 3031 id
507 2979 728 3042 scierim,
763 2979 1066 3048 oblitusque
1105 2979 1240 3044 sim;
1269 2993 1334 3033 an
1362 2995 1490 3034 vero
1516 2994 1612 3033 nec
1639 2987 1765 3034 tunc

188 3069 406 3137 quando
428 3067 620 3123 factum
647 3079 720 3124 est
742 3111 758 3137 ,
793 3070 845 3124 id
876 3070 1076 3125 seruire
1101 3085 1164 3125 ac
1195 3085 1353 3125 nosse
1381 3072 1663 3140 potuerim.

251 3159 487 3215 CAPUT
514 3159 617 3214 νη.
645 3192 715 3202 -
733 3161 788 3216 9.
810 3161 951 3216 Ecce
972 3163 1151 3228 modo,
1183 3161 1342 3216 modo
1359 3163 1481 3216 dum
1507 3177 1689 3216 sumus
1720 3164 1761 3232 ',

185 3251 299 3304 dum
328 3251 588 3314 vivimus,
620 3253 747 3307 dum
779 3269 876 3308 nos
922 3254 1102 3309 vivere
1138 3254 1333 3308 scimus
1353 3297 1367 3319 ,
1399 3255 1521 3309 dum
1571 3256 1763 3309 memi-

190 3346 318 3401 nisse
344 3360 445 3399 nos
465 3388 478 3411 ,
507 3354 564 3400 et
589 3346 889 3416 intelligere
910 3389 924 3412 ,
963 3356 1015 3402 et
1039 3347 1176 3401 velle
1203 3347 1484 3401 certissimi
1506 3362 1688 3401 sumus
1717 3349 1760 3410 ',

186 3437 268 3506 qui
292 3451 387 3490 nos
416 3446 624 3492 natura:
654 3445 851 3493 nostra:
871 3452 1090 3506 magnos
1127 3438 1427 3508 cognitores
1455 3452 1573 3492 esse
1594 3438 1765 3508 jacta-

183 3543 326 3594 mus,
357 3527 488 3598 quid
519 3529 700 3583 valeat
727 3529 986 3582 memoria
1017 3539 1195 3582 nostra
1214 3569 1228 3593 ,
1259 3529 1339 3584 vel
1372 3528 1717 3599 intelligentia
1743 3570 1758 3595 ,

182 3620 265 3675 vel
317 3620 599 3687 voluntas,
661 3621 880 3674 omnino
928 3620 1216 3674 nescimus.
1274 3621 1490 3675 Amicus
1546 3621 1762 3691 quidam

180 3729 329 3768 meus
359 3713 472 3782 jam
499 3713 630 3768 inde
669 3714 737 3768 ab
763 3713 1152 3781 adolescentia,
1183 3713 1485 3784 Simplicius
1515 3717 1762 3785 nomine,

177 3805 331 3860 homo
358 3806 677 3862 excellentis
719 3806 1082 3877 mirabilisque
1109 3797 1380 3862 memoria:
1401 3851 1414 3874 ,
1445 3822 1562 3861 cum
1603 3809 1767 3861 inter-

177 3906 386 3967 rogatus
413 3906 562 3952 esset
587 3913 618 3951 a
649 3899 822 3963 nobis,
857 3912 990 3967 quos
1015 3913 1201 3953 versus
1229 3897 1480 3968 Virgilius
1507 3898 1558 3952 in
1587 3899 1763 3952 omni-

180 3987 274 4043 bus
301 3988 454 4043 libris
483 4004 646 4058 supra
669 3990 885 4044 ultimos
907 3991 1132 4054 dixerit;
1165 3991 1417 4045 continuo
1435 4032 1451 4057 ,
1481 3991 1724 4045 celeriter
1748 4031 1762 4057 ,

176 4085 589 4149 memoriterque
614 4081 910 4149 respondit.
949 4080 1300 4149 Qumsivimus
1329 4082 1486 4136 etiam
1518 4083 1765 4152 superio-

177 4186 260 4225 res
297 4180 359 4225 ut
381 4172 619 4239 diceret,
649 4171 802 4227 dixit.
850 4173 914 4227 Et
950 4174 1268 4229 credidimus
1298 4189 1419 4229 eum
1474 4191 1629 4244 posse
1676 4191 1764 4231 re—

178 4270 404 4316 trorsum
456 4264 686 4318 recitare
713 4264 1008 4333 Virgilium.
1045 4266 1118 4319 De
1137 4281 1468 4336 quocumque
1499 4267 1616 4321 loco
1667 4284 1765 4322 vo-

180 4353 402 4419 luimus,
437 4357 727 4426 petivimus
756 4364 816 4410 ut
863 4355 1089 4423 faceret,
1121 4357 1262 4412 fecit.
1301 4360 1374 4412 De
1422 4375 1577 4428 prosa
1605 4361 1764 4414 etiam

179 4443 243 4499 de
281 4461 620 4517 quacumque
661 4448 905 4502 oratione
949 4449 1250 4515 Ciceronis,
1295 4466 1450 4520 quam
1497 4453 1766 4508 memoriae

180 4539 683 4609 commendaverat,
731 4541 785 4594 id
816 4556 935 4595 eum
965 4539 1138 4597 facere
1179 4543 1470 4608 voluimus;
1511 4554 1764 4614 quantum

183 4629 436 4685 voluimus
458 4647 675 4687 sursum
707 4648 896 4688 versus
925 4644 1137 4688 secutus
1166 4643 1269 4689 est.
1297 4635 1426 4688 Cum
1467 4627 1786 4691 admirare--

181 4735 330 4788 mur,
360 4730 586 4777 testatus
615 4730 700 4777 est
727 4723 892 4776 Deum
922 4723 963 4788 ³,
988 4724 1223 4778 nescisse
1249 4739 1306 4780 se
1336 4725 1437 4780 hoc
1464 4741 1619 4795 posse
1644 4736 1766 4782 ante

183 4813 305 4869 illud
343 4818 770 4885 experimentum
797 4833 810 4870 :
835 4818 940 4882 ita,
972 4825 1224 4888 quantum
1251 4819 1314 4872 ad
1346 4821 1656 4875 memoriam
1688 4831 1767 4875 at-

187 4905 312 4960 tinet
331 4947 347 4971 ,
383 4915 510 4962 tunc
535 4922 597 4962 se
625 4907 742 4977 ejus
767 4908 976 4962 animus
1002 4909 1218 4972 didicit;
1247 4919 1298 4964 et
1326 4911 1765 4982 quandocumque

184 4994 418 5065 discere,
450 4999 551 5052 nisi
588 4998 844 5053 tentando
865 5009 918 5053 et
944 4999 1269 5070 experiendo
1297 5017 1399 5056 non
1423 5001 1445 5033 ι
1471 5014 1670 5073 posset.
1699 5005 1766 5059 Et

182 5089 360 5161 utique
402 5101 690 5163 antequam
732 5101 997 5158 tentaret,
1047 5093 1187 5148 idem
1235 5094 1344 5164 ipse
1374 5105 1488 5149 erat
1521 5113 1535 5150 :
1567 5113 1663 5152 cur
1707 5113 1767 5153 se

183 5181 339 5250 igitur
365 5185 680 5239 nesciebat?
1118 5181 1134 5197 '

250 5273 341 5330 50.
368 5273 525 5345 Saepe
555 5289 655 5330 nos
685 5275 1060 5345 praesumimus
1087 5277 1282 5347 aliquid
1303 5278 1557 5334 memoria
1582 5289 1763 5335 reten-

178 5370 364 5432 turos,
390 5375 442 5420 et
469 5383 591 5422 eum
614 5367 667 5421 id
696 5375 962 5436 putamus,
996 5383 1101 5423 non
1129 5369 1446 5436 scribimus;
1477 5387 1575 5426 nec
1610 5373 1764 5428 nobis

179 5465 365 5524 postea
387 5472 505 5512 cum
529 5459 774 5512 volumus
795 5460 939 5513 venit
960 5458 1011 5512 in
1038 5451 1287 5523 mentem.
1314 5477 1516 5532 nosque
1543 5465 1763 5532 poenitet

243 5557 261 5622 ξ
297 5557 414 5622 Fditi
439 5573 452 5606 :
478 5566 600 5608 Ecce
621 5557 779 5622 modo
789 5559 907 5622 dion
925 5571 1108 5622 struma;
1118 5561 1290 5612 omisso
1311 5562 1483 5622 altero,
1511 5561 1667 5614 modo.

241 5619 263 5682 ξ
298 5617 491 5682 Aliquot
507 5629 635 5679 MSS.,
659 5619 921 5670 certissime
941 5617 1133 5672 scitnus.

244 5679 266 5710 ³
297 5679 515 5730 nonnulli
535 5682 866 5744 manuscripti,
881 5688 1074 5733 testatus
1095 5689 1165 5734 est
1201 5684 1404 5737 nescisse
1435 5699 1486 5736 se
1505 5723 1518 5746 ,
1554 5690 1727 5738 omisso
1747 5725 1760 5749 ,

242 5777 620 5875 ἶ’ἶίόνιιιιὶοιιξθςδ
636 5805 1216 5875 reieceruntptu-ticulam
1239 5817 1516 5871 negantem,
1555 5824 1663 5875 qute
1687 5811 1765 5863 hic

181 5869 358 5917 non
380 5874 534 5928 exstat
555 5869 605 5916 in
627 5867 975 5931 manusu'iptis.

3355 385 3460 443 550

1873 488 2164 544 credidisse
2189 497 2468 546 venturum
2487 535 2502 560 ,
2530 491 2613 546 vel
2652 491 2842 548 litteris
2869 510 2974 548 non
3004 494 3236 564 illigasse
3279 512 3344 551 ne
3372 498 3454 550 fu-

1869 590 2052 649 geret;
2083 592 2136 636 et
2161 581 2335 637 subito
2361 597 2574 650 rursus,
2615 599 2738 638 cum
2764 583 2816 639 id
2847 599 2954 640 non
3001 601 3333 656 qumramus,
3364 604 3453 641 oc-

1869 674 2054 728 currit.
2084 673 2349 746 Numquid
2375 692 2474 731 nos
2514 691 2620 730 non
2644 693 2858 732 eramus
2876 721 2891 746 ,
2917 679 3127 748 quando
3168 678 3222 733 id
3247 681 3451 751 cogita-

1867 763 2094 818 bamus?
2122 781 2219 820 nec
2261 775 2433 821 tamen
2467 765 2567 821 hoc
2592 782 2775 822 sumus
2811 767 2950 837 quod
2979 767 3203 837 fuimus,
3237 769 3452 840 quando

1868 856 1920 912 id
1951 859 2182 928 cogitare
2220 876 2324 914 non
2351 876 2653 929 possumus.
2683 862 2818 930 Quid
2865 873 2948 919 est
2975 881 3137 936 ergo,
3191 865 3333 937 quod
3360 882 3456 922 ne-

1867 948 1979 1003 scio
2006 950 2270 1019 quomodo
2314 953 2675 1007 subtrahimur
2701 971 3058 1026 negamurque
3078 957 3264 1022 nobis;
3296 958 3455 1013 item-

1868 1059 1971 1113 que
2000 1047 2180 1097 nescio
2212 1045 2227 1077 ³
2259 1045 2526 1115 quomodo
2549 1047 2864 1116 proferimur
2901 1049 2964 1102 ad
2998 1065 3122 1116 nos,
3153 1051 3452 1106 reddimur-

1867 1149 1970 1204 que
1995 1136 2186 1190 nobis?
2209 1138 2358 1206 quasi
2391 1138 2478 1191 alii
2521 1139 2716 1206 simus,
2759 1150 2812 1194 et
2841 1141 2962 1194 alibi
2996 1141 3188 1206 simus,
3240 1143 3453 1211 quando

1867 1227 2191 1296 quzerimus,
2233 1245 2332 1284 nec
2376 1230 2672 1285 invenimus
2699 1231 2838 1301 quod
2871 1232 2925 1286 in
2970 1233 3223 1286 memoria
3268 1243 3452 1288 nostra

1867 1320 2167 1389 posuimus;
2238 1338 2407 1392 neque
2472 1338 2568 1376 nos
2624 1323 2722 1393 ipsi
2794 1323 2861 1376 ad
2919 1338 3015 1378 nos
3074 1325 3216 1394 ipsos
3289 1324 3452 1381 veluti

1867 1411 1990 1465 alibi
2065 1413 2267 1480 positos
2323 1415 2600 1483 pervenire
2676 1416 2971 1484 possimus,
3034 1425 3088 1470 et
3147 1424 3272 1469 tunc
3333 1431 3454 1485 pcr-

1868 1503 2145 1558 veniamus
2173 1504 2385 1572 quando
2413 1505 2730 1559 invenimus.
2759 1506 2858 1561 Ubi
2880 1507 3019 1561 enim
3049 1507 3335 1577 quaerimus
3352 1507 3455 1563 nisi

1867 1593 2007 1661 apud
2039 1593 2169 1647 nos?
2197 1604 2250 1648 et
2275 1595 2401 1664 quid
2433 1598 2719 1666 quarrimus
2765 1598 2864 1652 nisi
2893 1598 3028 1652 nos?
3054 1599 3202 1668 quasi
3247 1614 3354 1654 non
3383 1597 3457 1652 si-

1867 1699 1983 1736 mus
2016 1684 2065 1736 in
2096 1685 2246 1740 nobis
2267 1729 2279 1751 ,
2313 1699 2366 1741 et
2396 1687 2572 1757 aliquo
2603 1690 2984 1744 recesserimus
3009 1704 3038 1744 a
3067 1689 3240 1744 nobis.
3262 1689 3452 1748 Nonne

1866 1778 2132 1844 attendis,
2176 1789 2229 1834 et
2275 1783 2614 1838 exhorrescis
2661 1792 2856 1837 tantam
2900 1783 3351 1853 profunditatem?
3389 1785 3454 1839 Et

1865 1869 1987 1938 quid
2011 1880 2091 1924 est
2118 1871 2215 1926 hoc
2244 1872 2385 1926 aliud
2404 1890 2559 1944 quam
2583 1882 2762 1928 nostra
2779 1882 2985 1939 natura,
3013 1891 3111 1929 nec
3137 1876 3308 1946 qualis
3333 1874 3450 1943 fuit,

1866 1961 1957 2014 sed
1985 1962 2155 2030 qualis
2206 1979 2345 2018 nunc
2374 1965 2494 2018 est?
2520 1966 2581 2018 Et
2613 1981 2735 2019 ecce
2782 1967 2949 2036 magis
2974 1968 3227 2036 quzeritur
3247 2010 3262 2035 ,
3292 1984 3450 2038 quam

1867 2053 2350 2122 comprehenditur.
2402 2055 2553 2124 Saepe
2594 2057 2719 2110 mihi
2751 2058 3073 2126 prepositam
3103 2059 3452 2126 quaastioncm

1866 2145 2042 2214 putavi
2072 2160 2155 2199 nte
2178 2145 2592 2212 intellecturum,
2619 2148 2662 2202 si
2687 2147 2809 2202 inde
2839 2148 3128 2218 cogitarem
3153 2165 3167 2214 ;
3200 2149 3449 2219 cogitavi,

1867 2253 1964 2291 nec
1995 2239 2137 2307 potui
2173 2257 2184 2290 :
2217 2255 2358 2308 saepe
2389 2257 2491 2293 non
2542 2240 2755 2310 putavi,
2786 2250 2841 2296 et
2890 2251 3066 2295 tamen
3105 2241 3271 2310 potui.
3304 2241 3456 2297 Vires

1868 2330 2045 2400 itaque
2074 2331 2435 2402 intelligentiae
2465 2350 2598 2388 mete
2626 2350 2731 2388 non
2751 2342 2874 2388 sunt
2904 2334 3034 2389 mihi
3055 2335 3240 2405 utique
3268 2337 3454 2406 cogni-

1869 2430 1964 2490 ta),
1994 2432 2048 2478 et
2075 2425 2238 2478 credo
2267 2426 2386 2496 quia
2415 2442 2512 2482 nec
2536 2427 2650 2481 tibi.

1942 2514 2026 2568 ll.
2078 2514 2183 2569 Sed
2242 2532 2326 2570 me
2370 2517 2670 2571 contemnis
2715 2517 2937 2572 forsitan
2975 2519 3349 2588 confitentem,
3403 2527 3458 2575 et

1868 2620 2086 2676 propter
2126 2605 2226 2662 hoc
2250 2623 2463 2678 quoque
2509 2610 2790 2679 pecoribus
2835 2611 3188 2678 comparabis.
3225 2611 3334 2681 Ego
3361 2626 3456 2665 au-

1869 2706 1972 2753 tem
2004 2714 2255 2768 monere,
2302 2702 2384 2755 vel
2432 2701 2476 2756 si
2519 2717 2625 2756 non
2680 2702 2943 2774 dignaris,
2975 2713 3122 2758 certe
3164 2703 3456 2760 admonere

1866 2804 1972 2844 non
1995 2791 2179 2846 desino
2199 2835 2213 2859 ,
2245 2800 2302 2845 ut
2347 2808 2604 2862 agnoscas
2631 2794 2807 2864 potius
2838 2810 3176 2849 communem
3231 2793 3454 2848 inﬁrmi-

1867 2890 2063 2949 tatem,
2096 2884 2147 2937 in
2192 2900 2293 2955 qua
2325 2885 2492 2940 virtus
2537 2885 2810 2956 perﬁcitur
2843 2905 2860 2941 :
2888 2901 2956 2942 ne
3005 2901 3100 2956 pro
3123 2886 3348 2956 cognitis
3373 2885 3455 2939 in-

1868 2977 2075 3044 cognita
2123 2977 2532 3046 praesumendo,
2583 2978 2648 3033 ad
2695 2980 2972 3034 veritatem
3018 2980 3300 3051 pervenire
3344 2993 3454 3034 non

1868 3069 2058 3137 possis.
2091 3067 2226 3122 Puto
2252 3069 2394 3123 enim
2426 3083 2546 3124 esse
2574 3069 2791 3139 aliquid,
2825 3071 2964 3141 quod
2988 3081 3042 3125 et
3072 3079 3125 3125 lu
3157 3070 3454 3140 intelligere

1868 3159 2062 3230 quaeris
2082 3201 2095 3224 ,
2130 3175 2227 3214 nec
2255 3171 2409 3230 poles
2428 3202 2443 3226 ,
2468 3175 2567 3215 nec
2595 3171 2770 3216 tamen
2802 3177 3100 3230 qumrcres,
3130 3163 3228 3217 nisi
3261 3173 3311 3219 te
3333 3177 3455 3234 pos-

1868 3265 1926 3304 se
1955 3264 2216 3318 sperares.
2247 3251 2322 3304 Ac
2350 3266 2446 3322 per
2477 3250 2577 3305 hoc
2608 3262 2659 3305 ct
2700 3260 2753 3306 tu
2790 3253 2930 3306 vires
2961 3254 3322 3324 intelligentiae
3349 3263 3454 3308 tua:

1869 3341 2070 3407 nescis,
2106 3343 2192 3411 qui
2223 3351 2424 3396 natura:
2457 3353 2559 3396 tua:
2587 3345 2860 3398 scientiam
2889 3346 3178 3414 proﬁteris,
3210 3361 3308 3401 nec
3336 3361 3454 3402 me-

1868 3445 1988 3484 cum
2018 3432 2330 3502 igorantiam
2361 3434 2650 3488 conﬁteris.
2680 3434 2816 3500 Quid
2846 3435 3016 3490 dicant
3047 3439 3115 3491 de
3145 3438 3454 3507 voluntate,

1869 3523 1956 3576 ubi
2014 3534 2159 3578 certe
2202 3525 2426 3579 liberum
2473 3541 2501 3578 a
2544 3526 2696 3580 nobis
2755 3527 3076 3596 prcedicatur
3132 3529 3451 3584 arbitrium?

1869 3615 2073 3685 Nempe
2103 3617 2440 3671 beatissimus
2462 3618 2735 3688 apostolus
2765 3622 2954 3674 l’etrus
2984 3621 3192 3675 volebat
3219 3637 3314 3692 pro
3345 3622 3452 3678 Do-

1870 3708 2015 3760 mino
2042 3707 2267 3760 animam
2295 3723 2489 3778 ponere
2510 3707 2685 3780 (Joan.
2711 3726 2826 3775 xm,
2859 3709 2953 3782 57)
2987 3727 3000 3763 :
3031 3711 3189 3780 plane
3210 3711 3450 3778 volebat;

1870 3815 2043 3870 neque
2067 3801 2207 3854 enim
2239 3801 2404 3854 Deum
2448 3800 2498 3854 id
2530 3801 2826 3867 pollicendo
2861 3802 3085 3870 fallebat
3115 3820 3126 3856 :
3159 3803 3253 3858 sed
3280 3819 3454 3874 quan-

1871 3901 1951 3947 tas
1999 3893 2138 3946 vires
2177 3892 2433 3957 haberet,
2464 3893 2708 3947 voluntas
2760 3895 2870 3963 ipsa
2903 3895 3191 3950 nesciebat.
3224 3895 3454 3953 Proinde

1869 3984 1949 4037 vir
1979 3992 2189 4047 tantus,
2220 3985 2307 4054 qui
2354 3983 2545 4038 Filium
2588 3985 2681 4040 Dei
2707 4000 2825 4040 esse
2850 3996 3205 4056 cognoverat,
3236 4002 3296 4043 se
3324 3987 3456 4044 late-

1869 4073 1978 4128 bat.
2025 4073 2233 4129 Scimus
2280 4091 2380 4130 nos
2424 4075 2601 4146 itaque
2644 4077 2842 4148 aliquid
2889 4077 3058 4142 velle,
3114 4095 3210 4134 seu
3266 4079 3450 4134 nolle:

1869 4165 1962 4220 sed
1990 4169 2231 4219 voluntas
2277 4177 2457 4220 nostra
2498 4169 2659 4222 etiam
2690 4185 2810 4223 cum
2851 4169 2990 4224 bona
3035 4180 3150 4236 est,
3197 4180 3451 4240 quantum

1871 4258 2075 4323 valeat,
2121 4270 2347 4328 quantas
2384 4260 2532 4314 Vires
2573 4259 2792 4323 habeat,
2838 4261 3030 4330 quibus
3071 4262 3452 4318 tentationibus

1870 4351 2056 4418 cedat,
2101 4352 2359 4422 quibusve
2383 4367 2488 4407 non
2531 4352 2715 4421 cedat,
2747 4352 2792 4409 si
2823 4369 2921 4409 nos
2950 4368 3056 4409 non
3082 4352 3311 4408 fallimus
3334 4394 3349 4420 ,
3379 4354 3454 4408 ﬁli

1870 4442 2060 4498 dilecte
2082 4486 2093 4506 ,
2123 4445 2410 4498 nescimus.

1942 4534 2164 4590 CAPUT
2217 4535 2348 4589 Vlll.
2378 4563 2452 4576 —-
2483 4535 2568 4590 12.
2616 4536 2748 4591 Vide
2778 4537 2935 4608 igitur
2961 4553 3118 4607 quam
3148 4537 3315 4592 multa
3341 4553 3450 4594 non

1869 4627 2155 4696 prmterita,
2189 4625 2283 4681 sed
2329 4628 2610 4697 prmsentia
2655 4628 2722 4684 de
2747 4637 2932 4690 natura
2971 4638 3183 4697 nostra,
3213 4645 3314 4688 nec
3335 4639 3453 4685 tan-

1869 4728 1978 4773 tum
2022 4719 2162 4790 quod
2215 4719 2280 4774 ad
2325 4735 2552 4790 corpus,
2602 4736 2786 4778 verum
2829 4724 2988 4778 etiam
3029 4723 3168 4793 quod
3208 4724 3274 4779 ad
3313 4725 3454 4779 inte-

1869 4812 2062 4865 riorcm
2122 4812 2390 4866 hominem
2442 4815 2671 4882 pertinet
2714 4816 3054 4884 ignoremus,
3111 4829 3209 4869 nec
3275 4824 3453 4871 tamen

1872 4903 2150 4972 pecoribus
2169 4916 2560 4973 comparemur.
2590 4903 2655 4958 Et
2687 4914 2762 4970 tu,
2793 4905 2913 4976 quia
2939 4907 3258 4975 praeteritam
3288 4906 3453 4976 origi-

1870 5010 1990 5049 nem
2021 4996 2212 5049 anima:
2239 5011 2372 5049 mea:
2411 5011 2518 5050 non
2545 4995 2762 5050 omnino
2787 4995 2967 5052 nescio
2989 5037 3005 5063 ,
3037 4995 3132 5052 sed
3159 5012 3265 5052 non
3295 4997 3454 5066 plene

1870 5089 2011 5153 scio;
2042 5104 2163 5143 nam
2209 5088 2321 5144 scio
2363 5087 2492 5142 mihi
2542 5088 2717 5143 datam
2755 5105 2874 5144 esse
2909 5105 2937 5141 a
2965 5089 3108 5156 Deo,
3139 5103 3238 5144 nec
3277 5099 3450 5144 tamen

1870 5195 1988 5234 esse
2010 5179 2075 5234 de
2119 5180 2256 5247 Deo;
2303 5191 2448 5235 tanto
2487 5197 2573 5237 me
2599 5182 2839 5236 convicio
2888 5181 3102 5252 dignum
3143 5181 3360 5251 putasti.
3387 5181 3454 5235 Et

1870 5270 2082 5342 quando
2110 5286 2323 5341 possum
2349 5272 2418 5327 de
2462 5281 2646 5327 natura
2688 5272 2904 5343 spiritus
2929 5281 2984 5327 et
3025 5272 3215 5327 animo
3255 5279 3454 5325 nostrae

1869 5379 2289 5420 commemorare
2340 5365 2519 5419 omnia
2581 5381 2698 5434 qua:
2752 5365 3058 5419 nescimus?
3110 5363 3210 5420 Ubi
3274 5362 3454 5432 potius

1869 5458 2167 5514 exclamare
2207 5457 2466 5512 debemus
2494 5455 2558 5510 ad
2605 5458 2798 5522 Deum,
2848 5456 2987 5525 quod
3020 5456 3107 5510 ille
3131 5453 3455 5509 exclamavit

1869 5551 1920 5605 iu
1951 5551 2162 5605 Psalmo
2195 5566 2207 5601 :
2241 5547 2519 5618 Mirificata
2543 5558 2615 5602 est
2653 5548 2859 5602 scientia
2881 5557 2967 5600 tua
2990 5563 3053 5600 ea:
3080 5561 3193 5610 me;
3218 5543 3450 5608 invaluit,

1933 5689 1948 5718 ι
1984 5687 2098 5736 Editi
2119 5681 2267 5744 :out'd
2284 5688 2354 5734 est
2377 5696 2492 5754 ergo
2512 5682 2638 5754 quod
2662 5679 2935 5752 nescimus?
2957 5675 3455 5754 quomodolsubtrgltif

1868 5740 2320 5812 murnegauiurque
2342 5740 2490 5812 nobis.
2527 5740 2700 5812 "Itaque
2735 5742 2907 5800 nescio,
2952 5750 3048 5812 etc.
3064 5809 3070 5812 _
3088 5740 3303 5812 Quidanr
3326 5749 3450 5812 Mss;
3499 5771 3502 5775 -

1868 5809 1988 5878 Quid
2012 5801 2081 5858 es?
2102 5819 2214 5881 ergo
2237 5801 2363 5881 quod
2388 5819 2480 5856 non
2498 5801 2659 5856 sum-us
2677 5805 2805 5857 ?etc.
2820 5803 3138 5854 I-iuieudantur
3155 5801 3214 5853 ad
3231 5804 3451 5856 vetustis-

1869 5870 2041 5924 simtun
2063 5870 2278 5920 codicem
2297 5876 2689 5920 Germanensem.
