3984 6510
502 513 625 569 ania
648 552 666 581 ,
694 517 754 566 ut
777 507 933 582 plena
976 518 1096 562 esse
1122 511 1413 570 cognoscas
1431 539 1448 566 ,
1492 496 1560 552 ab
1585 509 1648 550 ea
1677 500 1827 566 parte
1850 505 1956 562 qua
1981 489 2085 543 im—

507 606 737 678 plentur,
763 581 1003 671 deprime
1029 595 1083 652 in
1110 607 1324 664 aquam,
1352 598 1407 645 et
1424 585 1546 644 vide
1571 585 1711 658 quod
1737 583 1872 640 nihil
1896 581 2088 636 humo-
2165 603 2182 614 -

500 700 576 755 ris
606 695 773 768 possit
815 693 1014 747 intrare
1060 686 1359 760 repellente
1399 699 1559 748 aere,
1589 695 1695 752 quo
1744 678 1898 750 plena
1938 683 2085 730 sunt.

499 791 632 846 Cum
659 796 838 844 autem
867 800 964 840 ore
1003 797 1214 840 sursum
1244 794 1431 836 versus
1454 777 1783 834 collocantur
1810 777 1851 842 ί,
1883 774 1996 828 sive
2021 787 2089 826 ex

497 884 701 947 latere,
733 889 861 934 tunc
889 865 1167 946 'recipiunt
1211 873 1494 944 liquorem,
1543 872 1587 925 si
1635 867 1754 939 quis
1792 864 2088 922 infunditur

499 975 582 1030 vel
631 972 948 1044 ingreditur,
1005 975 1234 1026 exeunte
1263 975 1421 1037 atque
1471 961 1733 1020 evadente
1784 974 1930 1024 aere,
1982 970 2085 1027 qna

499 1066 674 1122 exitus
718 1072 880 1135 patet.
931 1062 1043 1116 lloc
1087 1060 1336 1132 praesenti
1385 1057 1592 1112 facilius
1635 1061 1815 1124 posset
1856 1052 2084 1107 demon-

497 1157 655 1214 strari
685 1155 826 1212 facto
871 1170 1028 1226 quam
1060 1154 1280 1225 scripto.
1330 1149 1435 1208 Sed
1482 1165 1586 1204 non
1630 1157 1713 1203 cst
1759 1147 1845 1201 hic
1885 1146 2086 1200 diutius

501 1248 913 1314 immorandum,
944 1263 1066 1303 cum
1094 1248 1207 1302 sive
1237 1243 1499 1314 intelligas
1527 1242 1667 1296 aeris
1696 1249 1939 1294 naturam
1965 1252 2086 1294 esse

497 1355 831 1412 corpoream,
860 1340 972 1396 sive
997 1353 1104 1393 non
1131 1337 1410 1406 intelligas,
1441 1349 1528 1388 me
1558 1342 1732 1387 tamen
1763 1337 1950 1402 putare
1977 1345 2087 1384 non

495 1432 662 1490 debes
687 1431 773 1487 vel
798 1432 997 1486 aeriam
1025 1429 1223 1484 dixisse
1247 1427 1502 1492 animam,
1528 1423 1622 1480 sed
1649 1421 1869 1477 omnino
1904 1421 2086 1476 incor-

496 1541 714 1598 poream
757 1541 772 1579 :
818 1521 962 1595 quod
1002 1530 1058 1578 et
1103 1531 1158 1576 tu
1205 1535 1327 1575 esse
1371 1516 1648 1574 conﬁteris
1693 1517 1882 1582 Deum,
1925 1530 2086 1587 quem

497 1618 676 1674 dicere
703 1632 811 1674 non
841 1615 1007 1671 audes
1033 1615 1190 1669 inane
1219 1627 1338 1668 esse
1368 1609 1604 1682 aliquid;
1633 1609 1728 1666 sed
1754 1623 1948 1680 negare
1974 1623 2085 1664 non

498 1721 652 1784 potes
681 1713 702 1744 '
733 1707 1116 1779 omnipotentis
1145 1713 1201 1761 et
1230 1703 1574 1759 immutabilis
1602 1717 1721 1757 esse
1749 1699 2082 1758 substantiae.

497 1805 604 1864 Cur
628 1823 755 1878 ergo
782 1802 1070 1860 metuimus
1098 1815 1174 1878 ne_
1194 1799 1261 1852 sit
1289 1812 1454 1853 casszie
1495 1795 1764 1851 inanitatis
1803 1795 2008 1861 anima,
2039 1792 2086 1847 si

498 1901 570 1955 sit
609 1899 955 1967 incorporea,
989 1908 1109 1948 cum
1143 1869 1308 1946 Deum
1351 1889 1719 1958 incorporeum
1760 1900 1881 1941 esse
1921 1883 2087 1939 fatea-

497 2007 656 2059 mur,
689 2004 788 2046 nec
825 2003 946 2044 eum
994 1999 1161 2040 cassae
1201 1981 1470 2036 inanitatis
1513 1994 1632 2035 esse
1674 1977 1953 2033 dicamus?
1995 1975 2086 2032 Sic

497 2085 678 2154 itaque
719 2081 891 2154 potuit
936 2079 1283 2148 incorporeus
1328 2075 1698 2143 incorpoream
1743 2085 1928 2126 creare
1964 2069 2083 2123 ani-

498 2191 660 2244 mam,
692 2171 1141 2248 quemadmodum
1167 2169 1353 2224 vivens
1380 2168 1646 2222 viventem
1668 2207 1682 2231 ,
1711 2163 1952 2235 quamvis
1981 2163 2084 2217 im-

499 2267 768 2324 mutabilis
797 2265 1106 2321 mutabilem
1126 2305 1141 2329 ,
1172 2271 1224 2318 et
1251 2261 1589 2330 omnipotens
1618 2257 1772 2326 longe
1803 2257 2080 2325 imparem.
2115 2291 2120 2296 ι

568 2359 797 2418 CAPUT
827 2357 963 2414 Xlll.
993 2387 1065 2397 ——
1094 2355 1180 2410 l9.
1204 2355 1310 2409 Cur
1337 2363 1512 2407 autem
1541 2351 1770 2404 animam
1802 2349 1939 2403 nolis
1967 2361 2087 2403 esse

499 2454 742 2526 Spiritum
762 2494 779 2520 ,
811 2450 906 2506 sed
945 2463 1140 2520 corpus
1168 2462 1286 2502 eam
1314 2445 1448 2500 velis
1482 2458 1602 2498 esse
1623 2483 1636 2509 ,
1665 2457 1770 2496 non
1802 2439 1977 2494 video.
2027 2439 2086 2493 Si

498 2550 639 2605 enim
669 2555 952 2619 pr0pterea
988 2543 1205 2614 spiritus
1233 2556 1336 2595 non
1364 2547 1476 2606 est,
1509 2537 1630 2607 quia
1659 2536 1908 2590 distincte
1937 2531 2084 2602 Apo-

498 2643 668 2698 stolus
697 2637 992 2696 nominavit
1019 2635 1262 2706 spiritum
1289 2631 1509 2696 dicens,
1543 2627 1611 2682 Et
1647 2629 1840 2698 integer
1877 2625 2087 2696 spiritu

499 2745 692 2803 vester,
721 2741 768 2789 et
795 2732 1003 2796 anima,
1034 2737 1082 2784 et
1106 2742 1290 2798 corpus
1321 2723 1377 2794 (l
1407 2722 1582 2776 Thess.
1611 2736 1644 2774 v
1664 2761 1677 2782 ,
1705 2717 1812 2790 9.3)
1837 2735 1852 2784 ;
1898 2717 2086 2772 eadem

499 2843 658 2885 causa
693 2833 808 2892 est,
841 2839 938 2880 cur
962 2837 1025 2878 ea
1058 2835 1162 2876 non
1192 2818 1261 2872 sit
1302 2829 1533 2885 corpus,
1567 2811 1688 2883 quia
1715 2811 1964 2865 distincte
1991 2823 2088 2864 no-

500 2917 724 2974 minavit
760 2924 816 2973 et
843 2928 1059 2985 corpus.
1101 2909 1156 2967 Si
1185 2917 1362 2964 autem
1393 2905 1631 2960 afﬁrmas
1659 2901 1802 2974 quod
1831 2911 1886 2957 et
1912 2901 2087 2954 anima

499 3026 696 3082 corpus
725 3010 815 3077 sit,
845 3006 1089 3080 quamvis
1118 3004 1367 3059 distincte
1393 3013 1618 3069 corpore
1645 2995 1938 3082 nominato,
1969 3008 2090 3063 per—

500 3069 650 3161 mitte
677 3111 738 3158 ut
775 3069 934 3158 etiam
963 3097 1183 3172 spiritus
1210 3097 1308 3160 sit,
1340 3091 1580 3164 quamvis
1610 3069 2092 3156 distincte.spiritu

501 3196 797 3252 nominato.
823 3193 992 3248 Multo
1019 3189 1160 3245 enim
1200 3186 1370 3257 magis
1400 3183 1496 3239 tibi
1531 3181 1692 3237 debet
1718 3179 1885 3234 videri
1913 3177 2090 3232 anima
2121 3185 2132 3198 ‘

500 3289 720 3361 spiritus
745 3301 868 3344 esse
895 3299 1055 3357 quam
1086 3295 1321 3353 corpus;
1351 3279 1473 3351 quia
1504 3275 1746 3347 spiritum
1779 3281 1832 3328 et
1857 3273 2090 3326 animam

501 3381 660 3438 unius
686 3378 869 3435 fateris
908 3391 1030 3433 esse
1059 3371 1404 3438 substantiae,
1437 3369 1595 3424 unius
1623 3374 1799 3421 autem
1841 3363 2089 3418 substan-

501 3473 590 3528 tiae
632 3472 867 3528 animam
907 3480 1206 3540 corpusque
1248 3478 1370 3520 esse
1414 3475 1520 3517 non
1567 3459 1722 3514 dicis.
1771 3455 1890 3523 Quo
1933 3454 2093 3526 igitur

499 3571 658 3635 pacto
696 3575 893 3633 corpus
933 3567 1017 3616 est
1055 3557 1266 3623 anima,
1312 3568 1434 3609 cum
1482 3550 1598 3622 ejus
1641 3557 1696 3604 et
1742 3545 1981 3616 corporis
2023 3543 2094 3600 sit

500 3656 710 3713 diversa
739 3665 965 3719 natura;
997 3659 1053 3708 et
1081 3648 1301 3720 spiritus
1330 3661 1440 3701 non
1470 3653 1554 3700 est
1580 3640 1776 3704 anima,
1809 3654 1931 3695 cum
1973 3636 2092 3708 ejus

500 3759 556 3804 et
602 3745 820 3818 spiritus
862 3744 935 3800 sit
985 3758 1089 3798 una
1135 3740 1430 3810 eademqne
1477 3731 1701 3792 natura?
1749 3731 1907 3800 Quid,
1949 3729 2092 3801 quod

500 3840 602 3896 ista
646 3848 735 3894 tua
772 3835 986 3892 ratione
1022 3832 1183 3889 etiam
1212 3830 1459 3902 spiritum
1502 3841 1696 3897 corpus
1737 3839 1858 3881 esse
1885 3821 2093 3892 cogeris

499 3921 721 3988 dicere?
752 3927 1000 3999 Alioquin
1028 3924 1073 3982 si
1102 3921 1324 3995 spiritus
1347 3933 1545 3991 corpus
1567 3932 1674 3972 non
1702 3925 1807 3984 est,
1832 3923 1888 3971 et
1915 3914 2092 3969 anima

499 4041 694 4096 corpus
727 4031 848 4090 est;
899 4035 1009 4074 non
1037 4025 1164 4073 sunt
1201 4015 1418 4086 spiritus
1447 4019 1501 4066 et
1538 4009 1715 4066 anima
1760 4007 1916 4062 unius
1944 4006 2091 4076 ejus-

500 4116 732 4186 demque
771 4109 1104 4170 substantize.
1152 4105 1235 4162 Tu
1277 4113 1454 4160 autem
1498 4111 1818 4170 utrumque,
1849 4097 2092 4168 quamvis

499 4209 608 4262 duo
636 4203 881 4278 quaedam
923 4201 1152 4264 sentias,
1179 4213 1338 4252 unam
1383 4193 1568 4250 fateris
1612 4192 1810 4248 habere
1838 4189 2089 4244 substan-

503 4299 654 4354 tiam.
699 4296 843 4366 Ergo
879 4301 935 4350 et
969 4293 1190 4362 spiritus
1232 4303 1428 4358 corpus
1457 4295 1574 4352 est,
1608 4285 1652 4339 si
1693 4283 1872 4339 anima
1898 4297 2092 4354 corpus

502 4400 633 4450 est:
665 4403 840 4460 neque
881 4388 1024 4444 enim
1067 4385 1221 4440 aliter
1269 4390 1494 4454 possunt
1543 4379 1697 4434 unius
1744 4377 2094 4448 ejusdemque

503 4497 624 4542 esse
664 4488 890 4538 natum.
941 4476 1172 4534 Proinde
1215 4473 1509 4530 secundum
1555 4482 1636 4540 te,
1677 4469 1806 4526 illud
1849 4469 1990 4540 quod
2018 4470 2094 4524 ait

503 4575 792 4647 Apostolus
814 4614 831 4639 ,
862 4571 1089 4644 Spiritus
1117 4577 1309 4636 vester,
1339 4576 1386 4622 et
1418 4565 1623 4633 anima,
1655 4575 1700 4619 et
1731 4579 1916 4634 corpus
1941 4575 1961 4617 :
1991 4561 2092 4617 tria

502 4678 627 4725 sunt
645 4679 906 4738 corpora;
936 4661 1032 4719 sed
1057 4677 1125 4719 ex
1151 4661 1233 4716 his
1262 4659 1389 4726 duo,
1413 4658 1589 4713 anima
1616 4667 1670 4712 et
1693 4655 1912 4726 spiritus
1936 4654 2094 4710 unius

505 4771 708 4818 natura:
729 4767 854 4814 sunt
876 4771 1139 4828 corpora;
1170 4767 1365 4824 corpus
1389 4760 1565 4808 autem
1589 4749 1740 4816 illud,
1764 4748 1905 4820 quod
1931 4747 2092 4804 etiam

503 4870 633 4912 caro
660 4853 876 4917 dicitur,
908 4849 1136 4906 diversa:
1162 4855 1366 4908 natura:
1395 4841 1536 4901 cst'.
1583 4843 1650 4899 Et
1683 4858 1750 4898 ex
1787 4841 1870 4896 his
1899 4840 2090 4908 tribus,

506 4953 565 5003 ut
587 4943 844 5017 opinaris,
875 4939 1214 5012 corporibus,
1248 4952 1473 5008 quorum
1499 4950 1666 4991 unum
1701 4933 1958 5000 diversae,
1985 4931 2093 4987 duo

505 5055 635 5098 vero
661 5045 788 5093 sunt
832 5035 989 5090 unius
1015 5031 1364 5103 ejusdemque
1392 5027 1704 5084 substantiae
1721 5067 1736 5088 ,
1764 5033 1975 5081 conStat
2009 5033 2093 5078 to-

507 5143 592 5188 tus
623 5130 818 5196 homo,
855 5141 962 5182 una
1001 5123 1245 5198 quasdam
1290 5136 1379 5177 res
1422 5130 1582 5192 atque
1626 5133 1732 5174 una
1773 5116 2092 5172 substantia.

507 5227 611 5282 lsta
639 5238 762 5280 cum
803 5234 1050 5288 asseras,
1083 5233 1191 5273 non
1217 5216 1301 5271 vis
1342 5223 1522 5270 tamen
1559 5221 1617 5267 ut
1657 5211 1776 5266 duae
1805 5225 1892 5267 res
1937 5209 2097 5266 unius

506 5319 856 5391 ejusdemque
905 5311 1244 5378 substantiae,
1294 5309 1348 5365 id
1397 5318 1508 5391 est,
1554 5305 1731 5360 anima
1777 5314 1832 5361 et
1877 5305 2097 5375 spiritus

507 5389 740 5470 habeant
785 5423 950 5467 unum
997 5406 1215 5479 spiritus
1253 5389 1506 5460 nomen:
1547 5417 1670 5456 cum
1700 5399 1820 5455 duae
1859 5414 1947 5453 res
1989 5414 2096 5453 non

505 5508 666 5564 unius
691 5503 1066 5576 ejusdemque,
1097 5497 1192 5554 sed
1223 5496 1442 5567 imparis
1475 5493 1814 5562 diversaeque
1844 5490 2099 5546 substan-

509 5597 631 5666 tiae,
663 5596 717 5652 id
761 5603 877 5662 est,
909 5591 1085 5648 anima
1120 5597 1174 5644 et
1213 5601 1410 5658 corpus
1453 5585 1686 5642 habeant
1731 5599 1916 5650 unum,
1961 5583 2100 5640 sicut

573 5755 590 5786 ί
629 5749 818 5813 Aliquot
838 5757 964 5810 Mss.,
987 5758 1180 5813 sursum
1204 5756 1340 5813 uerso
1360 5741 1670 5813 collocantur.

571 5816 593 5846 ³
627 5806 797 5860 Plui-es
819 5817 923 5872 Mss.
939 5806 958 5870 ,'
977 5808 1062 5860 sed
1085 5806 1256 5872 negari
1272 5819 1364 5857 non
1388 5811 1554 5871 potest.

573 5841 593 5846 -
628 5841 797 5860 runca
820 5841 923 5859 ινιω.
939 5845 956 5870 ,
977 5841 1060 5860 ουκ
1087 5841 1223 5872 που...
1239 5841 1256 5857 .
1272 5841 1364 5857 ..νη
1389 5841 1554 5871 pm...
2045 5841 2070 5862 ἀ

573 5877 595 5910 ⁸
617 5874 668 5926 lu
685 5881 813 5938 uss,
837 5869 1027 5922 diversa
1046 5876 1222 5922 natura
1241 5879 1326 5922 est.
1973 5889 1978 5894 -

1379 380 1469 436 DE
1505 377 1721 435 ANIMA
1758 372 1848 432 ΕΤ
1886 371 2047 429 EJUS
2083 366 2384 438 ORIGINE,
2424 369 2480 426 S.
2523 371 2890 428 AUGUSTINI

2191 5617 2244 5670 fa
2265 5600 2570 5674 quosaturni
2593 5600 2872 5674 memoriam
2895 5601 3047 5674 etiam,
3065 5600 3113 5674 iq
3140 5607 3360 5674 posteros
3387 5612 3416 5660 p

2199 495 2372 556 putas,
2403 489 2644 557 corporis
2669 503 2886 544 nomen.

2266 577 2494 636 CAPUT
2531 579 2672 636 XIV.
2699 612 2772 621 —
2791 579 2886 636 20.
2918 575 3026 636 Sed
3053 579 3157 636 hoc
3184 579 3392 648 omitto,
3419 594 3489 636 ne
3511 579 3582 637 de
3609 579 3800 635 nomi-

2197 671 2355 730 nibus
2401 673 2540 728 intcr
2585 688 2684 729 nos
2733 676 2804 730 sit
2853 675 3030 746 potius
3072 675 3456 740 controversia,
3506 689 3666 746 quam
3715 665 3822 738 def

2195 766 2375 820 rebus.
2419 766 2671 832 Quisnam
2709 767 2780 820 sit
2819 765 2983 822 homo
3020 767 3240 823 interior
3265 747 3818 838 videamushutrum?

2197 857 2407 925 anima,
2435 873 2504 913 an
2533 859 2782 928 spiritus,
2819 877 2886 914 an
2924 870 3226 931 utrumque.
3260 859 3365 915 Sed
3393 860 3530 914 sicut
3569 869 3620 914 te
3654 859 3814 930 serit.

2195 951 2370 1023 psisse
2417 953 2607 1020 video,
2659 939 2968 1009 interiorem
3020 955 3291 1010 hom.nem
3342 953 3577 1007 animam
3629 939 3814 1006 dicis.‘

2198 1044 2274 1099 De
2305 1045 2402 1099 hac
2429 1045 2569 1099 enim
2616 1045 2918 1116 loquebaris
2939 1088 2952 1110 ,
2984 1061 3104 1101 cum
3134 1046 3342 1101 diceres
3373 1063 3386 1099 :
3418 1065 3437 1096 ι
3469 1044 3538 1098 Et
3575 1043 3792 1113 gelante

2196 1139 2490 1194 substantia
2533 1156 2650 1211 quae
2678 1141 2691 1174 ¹
2726 1139 3107 1210 comprehendi
3140 1157 3244 1195 non
3275 1148 3516 1210 poterat,
3551 1137 3794 1192 efﬁceret

2196 1247 2390 1303 corpus
2415 1231 2556 1286 aliud
2585 1232 2720 1286 intra
2747 1247 2944 1304 corpus
2972 1243 3174 1288 naturae
3201 1247 3311 1288 suae
3334 1232 3382 1285 vi
3414 1241 3468 1285 et
3497 1230 3796 1300 spiramine

2197 1324 2612 1396 conglobatum,
2665 1325 2966 1396 exindeque
3017 1326 3279 1395 inciperet
3341 1323 3505 1378 homo
3567 1321 3796 1375 interior

2197 1433 2476 1488 apparere,
2523 1435 2680 1490 quem
2723 1419 2886 1475 veluti
2932 1419 2984 1474 in
3032 1418 3204 1473 forma
3243 1417 3447 1488 vaginae
3493 1413 3796 1483 corporalis

2199 1510 2462 1566 inclusum
2485 1553 2502 1579 ,
2529 1512 2594 1566 ad
2623 1511 3027 1566 similitudinem
3058 1511 3138 1564 sui
3179 1509 3466 1564 delineavit
3505 1505 3796 1562 exterioris

2198 1601 2428 1657 hominis
2475 1602 2749 1658 habitudo.
2790 1623 2808 1656 ›
2843 1603 3046 1657 Deinde
3093 1602 3258 1656 infers
3300 1619 3314 1654 :
3363 1619 3384 1652 ι
3431 1599 3620 1654 Flatus
3663 1611 3794 1668 ergo

2199 1697 2292 1752 Dei
2335 1697 2570 1751 animum
2615 1697 2758 1761 fecit,
2809 1695 2914 1750 imo
2951 1695 3110 1750 ﬂatus
3149 1710 3216 1749 ex
3254 1693 3365 1748 Deo
3399 1692 3576 1746 anima
3621 1691 3796 1745 factus

2197 1799 2311 1857 est,
2365 1790 2589 1861 efﬁgiata
2647 1788 3051 1854 substantialis,
3102 1796 3157 1842 et
3203 1785 3493 1840 secundum
3544 1793 3796 1837 naturam

2197 1898 2347 1938 suam
2379 1897 2634 1954 corporea
2656 1926 2670 1948 ,
2703 1893 2756 1938 et
2799 1883 2882 1936 sui
2924 1881 3165 1951 corporis
3209 1879 3432 1946 similis,
3465 1875 3796 1948 imaginique

2197 1973 2506 2030 conformis.
2557 1993 2577 2026 ι
2622 1975 2750 2029 Post
2795 1974 2908 2028 lnec
2953 1973 3210 2043 incipiens
3256 1970 3401 2040 loqui
3437 1970 3505 2024 de
3547 1968 3792 2038 Spiritu:

2205 2087 2223 2120 ι
2259 2066 2406 2132 Haec,
2444 2085 2463 2118 ι
2500 2067 2696 2136 inquis,
2733 2084 2754 2118 ε
2790 2065 2965 2120 anima
3005 2081 3123 2136 quae
3165 2079 3231 2119 ex
3261 2061 3388 2116 flatu
3433 2059 3526 2115 Dei
3569 2059 3796 2114 haberet

2199 2160 2489 2230 originem,
2522 2159 2637 2214 sine
2663 2174 2822 2214 sensu
2856 2155 3070 2230 proprio
3099 2167 3258 2228 atque
3299 2155 3572 2210 intellectu
3601 2153 3796 2208 intimo

2201 2268 2320 2308 esse
2347 2267 2453 2307 non
2483 2253 2675 2322 potuit,
2697 2252 2838 2323 quod
2864 2263 2946 2306 est
2971 2252 3213 2322 spiritus.
3243 2269 3264 2303 ›
3289 2249 3436 2306 Sicut
3461 2263 3589 2320 ergo
3609 2246 3792 2314 video,

2199 2345 2507 2400 interiorem
2541 2344 2809 2399 hominem
2831 2343 2912 2398 vis
2938 2359 3059 2399 esse
3088 2343 3320 2398 animam
3346 2358 3361 2408 ;
3394 2341 3663 2406 intimum,
3687 2338 3796 2408 spi-
3871 2363 3880 2370 -

2197 2436 2358 2490 ritum
2394 2455 2406 2490 :
2442 2447 2690 2512 tanquam
2736 2447 2790 2491 et
2836 2437 2950 2506 ipse
2997 2436 3222 2492 interior
3267 2435 3337 2490 sit
3381 2435 3609 2498 animae,
3655 2433 3796 2488 sicut

2199 2529 2287 2582 illa
2336 2531 2570 2600 corpori.
2625 2532 2700 2586 ita
2750 2530 2808 2584 ﬁt
2855 2539 2912 2584 ut
2955 2529 3406 2598 quemadmodum
3453 2541 3651 2598 corpus
3701 2527 3798 2596 per

2200 2623 2453 2678 interiora
2499 2638 2625 2678 cava
2673 2639 2768 2678 sua
2793 2625 2814 2655 ²
2854 2624 3044 2694 recipit
3083 2621 3222 2676 aliud
3266 2635 3484 2690 corpus,
3529 2617 3676 2690 quod
3714 2624 3797 2673 est

2200 2717 2397 2783 anima,
2420 2719 2560 2772 sicut
2589 2726 2777 2788 putas;
2809 2717 2887 2771 sic
2914 2725 2967 2772 et
2995 2716 3169 2770 anima
3199 2711 3467 2770 credenda
3497 2713 3566 2767 sit
3593 2711 3800 2766 habere

2203 2809 2454 2864 interiora
2486 2809 2663 2864 inania
2685 2852 2700 2876 ,
2731 2824 2835 2879 qua
2866 2824 3064 2878 corpus
3093 2807 3309 2862 tertium
3341 2803 3602 2874 receperit
3627 2801 3801 2872 spiri-

2203 2911 2312 2956 tum
2345 2920 2359 2957 :
2392 2911 2550 2972 atque
2582 2903 2651 2956 ita
2693 2909 2836 2957 totus
2879 2891 3041 2956 homo
3069 2908 3281 2955 constet
3308 2915 3376 2954 ex
3406 2895 3608 2963 tribus,
3631 2903 3798 2962 exte-

2201 2995 2382 3061 riore,
2437 2993 2730 3061 interiore,
2784 2993 2991 3048 intimo.
3057 2991 3205 3047 ltane
3257 2989 3495 3046 nondum
3543 2985 3798 3057 respicis,

2202 3094 2398 3156 quanta
2444 3096 2494 3142 te
2523 3085 2903 3141 absurdissima
2951 3091 3381 3154 consequantur,
3409 3097 3530 3138 cum
3561 3079 3799 3136 animam

2202 3179 2415 3235 conaris
2465 3193 2776 3234 asseverare
2823 3175 3180 3247 corpoream?
3238 3174 3438 3230 Deinde
3481 3173 3568 3228 dic
3613 3171 3747 3226 mihi
3781 3190 3799 3226 :

2203 3273 2322 3342 quis
2347 3287 2534 3328 eorum
2564 3270 2909 3327 renovabitur
2934 3271 2988 3325 in
3013 3268 3337 3340 agnitionem
3359 3267 3476 3332 Dei,
3499 3264 3800 3323 secundum

2203 3363 2487 3434 imaginem
2517 3363 2634 3433 ejus
2659 3362 2749 3432 qui
2776 3362 2976 3416 creavit
3006 3361 3156 3414 illum
3186 3355 3404 3432 (Coloss.
3435 3357 3636 3428 ttt,-l0)
3659 3357 3686 3410 ?
3712 3355 3800 3409 in-

2203 3455 2398 3524 terior,
2431 3471 2499 3511 an
2529 3455 2794 3510 intimus?
2839 3453 3128 3524 Apostolus
3152 3451 3397 3524 quidem,
3429 3458 3624 3520 praeter
3653 3441 3822 3502 inte?

2203 3547 2402 3604 riorem
2449 3559 2504 3604 et
2547 3547 2888 3614 exteriorem,
2940 3559 3046 3600 non
3072 3543 3229 3598 video
3270 3541 3411 3614 quod
3458 3541 3594 3596 sciat
3631 3539 3804 3598 alium

2205 3639 2476 3697 interioris
2501 3641 2831 3708 interiorem,
2855 3637 2909 3692 id
2939 3645 3040 3704 est,
3075 3636 3238 3691 totius
3269 3633 3498 3690 hominis
3525 3632 3803 3686 intimum.

2204 3731 2310 3790 Sed
2352 3733 2488 3804 elige
2532 3749 2691 3804 quem
2732 3731 3000 3798 volueris,
3042 3729 3131 3800 qui
3174 3735 3463 3783 renovetur
3503 3721 3804 3780 secundum

2204 3825 2490 3896 imaginem
2513 3825 2604 3880 Dei
2637 3842 2650 3880 :
2679 3822 2948 3895 quomodo
2973 3822 3113 3876 hanc
3137 3819 3376 3890 recipiet,
3398 3819 3486 3889 qui
3511 3817 3624 3888 jam
3649 3831 3804 3871 sum-

2205 3921 2312 3991 psit
2337 3919 2617 3976 exterioris
2645 3917 2974 3988 imaginem?
3003 3917 3060 3973 Si
3089 3917 3230 3972 enim
3259 3931 3355 3988 per
3380 3913 3620 3970 membra
3647 3921 3805 3968 exte-

2203 4011 2362 4068 rioris
2409 4011 2642 4068 cucurrit
2689 4011 2915 4067 interior
2941 4021 2996 4066 et
3043 4009 3240 4080 gelavit
3281 4007 3422 4081 (hoc
3455 4006 3599 4062 enim
3633 4005 3808 4064 etiam

2203 4105 2369 4162 verbo
2399 4121 2528 4162 usus
2569 4122 2662 4172 es,
2708 4113 2959 4176 tanquam
3005 4103 3318 4174 figmentum
3359 4099 3514 4156 fusile
3553 4099 3708 4155 ﬁeret
3735 4113 3806 4156 ex

2203 4196 2376 4253 forma
2416 4198 2594 4266 lutea,
2627 4214 2745 4268 qua:
2786 4196 2854 4251 de
2893 4197 3114 4266 pulvere
3161 4193 3297 4249 facta
3338 4193 3499 4262 est);
3530 4189 3806 4263 quomodo

2204 4290 2391 4347 eadem
2422 4298 2673 4346 manente
2699 4288 2892 4353 forma,
2922 4304 3040 4359 qua:
3067 4289 3326 4357 impressa
3366 4285 3442 4340 illi
3484 4294 3568 4340 est
3591 4284 3675 4338 vel
3705 4297 3808 4337 ex-

2204 4395 2388 4452 pressa
2432 4379 2501 4437 de
2548 4395 2794 4451 corpore,
2841 4390 3017 4450 potest
3060 4377 3338 4434 reformari
3390 4376 3458 4431 ad
3510 4374 3808 4446 imaginem

2205 4473 2342 4530 Dei?
2390 4478 2474 4530 An
2519 4473 2652 4528 duas
2695 4471 2910 4528 habebit
2950 4472 3229 4544 imagines,
3259 4485 3290 4525 a
3333 4483 3547 4524 summo
3581 4467 3810 4539 quidem

2205 4569 2321 4633 Dei,
2353 4569 2420 4624 ab
2449 4568 2555 4622 imo
2595 4576 2774 4622 autem
2811 4567 3090 4638 corporis;
3137 4565 3273 4621 sicut
3303 4563 3356 4620 in
3399 4577 3622 4618 nummo
3663 4561 3807 4618 dici—

2205 4671 2321 4728 tur,
2369 4661 2540 4733 Caput
2586 4669 2641 4716 et
2689 4659 2838 4714 navia
2875 4659 2896 4690 ³
2933 4657 3086 4732 (a)?
3131 4661 3211 4712 An
3257 4656 3396 4712 forte
3444 4655 3612 4722 dicis,
3659 4655 3811 4725 quod

2205 4755 2381 4810 anima
2409 4752 2612 4824 ceperit
2651 4751 2933 4824 imaginem
2965 4749 3240 4822 corporis,
3283 4759 3338 4804 et
3380 4747 3603 4818 spiritus
3627 4746 3810 4817 capiat

2271 4986 2290 5018 ⁸
2325 4989 2506 5055 amet
2545 4987 2643 5042 na,
2665 4979 2815 5045 quod.
2841 4975 3262 5044 Mss.,qua,vel,
3307 4974 3806 5040 ρωποι-ωιτη,

2209 5057 2660 5176 ῳηῗὼηθιιεὶε
2689 5113 2904 5176 {super
2923 5103 3251 5176 internarum
3281 5113 3385 5152 arra.
3419 5097 3508 5151 Alii
3541 5083 3672 5162 uss,
3719 5113 3812 5166 per

2205 5171 2438 5240 inter-iura
2451 5181 2572 5240 cavo
2591 5181 2696 5220 sua.
2717 5164 2963 5240 Edita-per
2983 5164 3216 5217 ulteriora
3235 5175 3442 5216 eam
3457 5177 3567 5216 sata.

2277 5237 2300 5268 ³
2335 5245 2457 5292 Am.,
2475 5230 2616 5281 naiva
2637 5270 2652 5292 ,
2677 5229 2934 5280 mendose.

2273 5297 2345 5362 (a)
2369 5287 2771 5362 Illustrabit'hanc
2791 5303 2962 5362 vocem
2997 5290 3220 5362 stag-obii
3235 5289 3394 5362 locus,
3527 5289 3548 5337 l
3575 5293 3806 5338 Saturna-

2211 5353 2346 5418 lluin',
2369 5372 2475 5420 cap.
2497 5357 2544 5413 7,
2569 5357 2654 5405 ubi
2687 5356 2751 5404 de
2783 5360 2902 5420 Jano
2945 5353 3150 5420 scribit:
3183 5369 3208 5398 ι
3227 5353 3340 5420 Cum
3379 5353 3566 5413 primus
3601 5363 3808 5420 quoque

2219 5443 2243 5472 ι
2266 5414 2362 5473 aera
2383 5414 2620 5484 signaret,
2643 5417 2856 5484 servavit
2880 5422 2931 5464 et
2951 5417 3000 5484 in
3035 5414 3127 5464 hoc
3147 5414 3335 5464 Saturni
3357 5414 3718 5484 reverentiam,
3757 5419 3810 5462 ut

2220 5504 2243 5534 α
2265 5475 2729 5548 quonia'miﬂeliavi
2751 5477 3184 5548 fuerat_advectus,
3213 5489 3276 5526 ex
3301 5485 3398 5548 una
3437 5475 3640 5548 quidem
3665 5481 3810 5548 parte

2219 5567 2244 5597 α
2265 5537 2342 5598 ἑυί
2365 5545 2536 5606 capitis
2559 5542 2766 5606 eﬁigies,
2781 5553 2856 5606 ex
2882 5537 3038 5606 altera
3060 5550 3182 5606 vero
3209 5537 3362 5587 navis
3403 5537 3808 5606 exprimeretur;

3571 5603 3699 5646 aret.
3729 5605 3780 5646 xli

2221 5630 2244 5659 ι
2265 5621 2363 5674 quo
2383 5605 2570 5658 Saturni
2593 5605 2872 5653 memoriam
2895 5605 3042 5649 etiam
3065 5605 3113 5650 in
3140 5607 3360 5662 posteros
3387 5605 3699 5706 propagaret.
3729 5605 3810 5656 die

2221 5691 2244 5721 «
2267 5673 2334 5722 ita
2351 5670 2503 5719 fuisse
2530 5667 2789 5728 signatum,
2815 5663 3058 5728 hodieque
3097 5659 3387 5728 intelligitur
3425 5660 3474 5728 in
3513 5673 3540 5728 a
3565 5671 3639 5708 ea:
3661 5657 3808 5728 lusu,

2221 5753 2246 5782 ι
2267 5747 2377 5784 cum
2401 5731 2540 5791 pueri
2573 5723 2799 5791 denarios
2825 5728 2870 5791 in
2893 5723 3103 5773 sublime
3130 5723 3387 5791 jactantes,
3411 5723 3578 5791 petita
3603 5725 3688 5791 aut
3719 5723 3808 5776 na;

2223 5779 2246 5844 ἆ
2271 5779 2671 5854 viin('legendum
2694 5789 2772 5836 hic
2795 5787 3002 5845 videtur,
3035 5779 3183 5845 Caput
3211 5779 3496 5854 autnavia);
3525 5779 3647 5852 .lusu
3673 5789 3810 5854 tes;II

2230 5841 2252 5904 tl
2277 5841 2532 5908 vetustatis
2555 5849 2843 5902 exclamant.
2868 5865 2890 5894 ν
2921 5841 3164 5898 nostrates
3194 5845 3368 5895 Gallice
3383 5879 3400 5912 ,
3423 5841 3574 5896 Graia;
3597 5855 3664 5896 ou
