3984 6506
241 391 329 447 531
1568 374 1768 435 LIBER
1805 377 2147 444 QUARTUS.

233 507 494 571 imaginem
521 497 637 563 Dei,
670 498 1060 570 tanquam'ilia
1087 497 1330 568 contigua
1360 497 1608 569 corpori,
1642 505 1696 551 et
1724 495 1810 552 ille

233 598 291 650 sit
315 592 458 656 Deo;
501 605 570 645 ac
601 589 684 644 sic
711 589 781 644 ad
824 590 1110 661 imaginem
1139 589 1233 644 Dei
1262 589 1422 644 homo
1452 590 1542 644 ille
1569 589 1806 655 intimus,

231 702 322 741 non
350 685 450 739 iste
487 682 716 736 interior
745 682 1110 738 reformetur?
1153 680 1257 736 Sed
1301 680 1495 735 frustra
1523 680 1624 734 hoc
1652 679 1805 734 dicis.

229 777 345 834 Nam
373 776 418 829 si
449 783 503 829 et
530 774 622 829 ille
646 774 876 828 intimus
902 775 974 828 ita
998 781 1079 828 est
1107 788 1202 842 per
1220 773 1412 827 animm
1438 773 1614 826 omnia
1643 786 1810 826 mem-

226 870 308 924 bra
341 866 607 931 diffusus,
654 875 713 920 ut
761 866 853 920 illa
904 881 998 935 per
1037 865 1311 934 corporis;
1357 865 1466 934 jam
1495 866 1656 919 etiam
1697 863 1809 932 ipse

229 978 313 1032 per
340 962 576 1014 animam
607 959 754 1030 cepit
796 959 1080 1030 imaginem
1108 959 1347 1028 corporis
1365 999 1378 1023 ,
1408 959 1544 1012 sicut
1573 958 1658 1011 illa
1687 971 1808 1011 eum

223 1058 381 1112 forma
427 1056 734 1110 formavit:
767 1071 830 1110 ac
869 1070 965 1124 per
1007 1054 1107 1108 hoc
1153 1065 1259 1107 non
1305 1053 1463 1107 habet
1509 1053 1595 1107 ubi
1637 1051 1811 1120 capiat

223 1147 499 1217 iniagiuem
532 1147 661 1208 Dei,
695 1155 948 1202 manente
977 1147 1029 1200 in
1055 1161 1114 1201 se
1144 1145 1242 1200 ista
1275 1147 1503 1215 imagine
1532 1145 1806 1215 corporis;

224 1242 312 1296 nisi
339 1241 802 1310 quemadmodum
848 1255 1116 1304 nummus,
1150 1248 1206 1292 ut
1230 1239 1367 1303 dixi,
1399 1240 1553 1294 aliter
1576 1253 1639 1293 ex
1670 1237 1807 1292 infe-

223 1335 382 1395 riore,
416 1334 580 1386 aliter
607 1347 674 1404 ex
704 1342 856 1402 parte
891 1332 1165 1401 superiore
1198 1331 1472 1384 formetur.
1519 1330 1598 1383 Ad
1629 1330 1727 1383 ista
1757 1338 1807 1384 te

223 1422 440 1477 absurda
471 1421 692 1492 quando
735 1423 804 1478 de
833 1424 1009 1476 anima
1038 1420 1272 1490 cogitas,
1304 1422 1530 1476 carnalis
1558 1421 1807 1491 cogitatio

219 1531 500 1584 corporum
526 1559 544 1582 ,
589 1516 721 1569 velis
765 1517 1006 1582 nnlisve,
1037 1513 1328 1583 compellit.
1377 1513 1482 1568 Sed
1530 1514 1708 1576 Deus,
1751 1520 1808 1568 ut

218 1609 367 1662 etiam
421 1608 538 1675 ipse
586 1607 885 1661 rectissime
932 1605 1233 1672 confiteris,
1279 1621 1384 1659 non
1434 1613 1517 1660 est
1563 1620 1802 1675 corpus:

217 1697 484 1768 quomodo
527 1699 688 1766 igitur
727 1697 906 1766 capiat
946 1697 1059 1768 ejus
1099 1698 1380 1767 imaginem
1421 1697 1655 1767 corpus?
1695 1695 1804 1752 Ob-

216 1804 360 1843 secro
392 1797 484 1851 te,
529 1789 728 1853 frater,
763 1799 820 1842 ut
867 1804 972 1842 non
1018 1788 1371 1844 conformeris
1417 1790 1539 1844 huic
1581 1790 1802 1855 seculo,

216 1880 302 1934 sed
344 1880 664 1934 reformeris
696 1882 747 1933 in
776 1881 1010 1934 novitate
1036 1882 1229 1935 mentis
1260 1890 1365 1934 tute
1396 1881 1569 1953 (liam.
1599 1897 1690 1946 xu,
1719 1879 1800 1950 2),

216 1987 306 2027 nec
349 1973 537 2042 sapias
587 1973 882 2027 secundum
931 1989 1180 2040 carnem,
1231 1975 1482 2044 quoniam
1531 1990 1676 2030 mors
1720 1984 1804 2030 est

213 2061 320 2133 (Id.
349 2080 478 2124 vui,
512 2064 596 2131 6).

277 2150 508 2208 CAPUT
547 2153 667 2208 XV.
701 2183 772 2193 —-
807 2155 898 2209 2|.
932 2155 1034 2210 Sed
1070 2155 1266 2226 inquis,
1303 2175 1322 2209 ι
1359 2156 1412 2211 Si
1445 2158 1619 2211 anima
1655 2165 1801 2211 caret

216 2257 468 2313 corpore,
499 2245 632 2314 quid
662 2246 920 2315 estquod
960 2248 1097 2318 apud
1143 2248 1342 2303 inferos
1379 2250 1528 2304 dives
1576 2249 1664 2304 ille
1708 2264 1800 2303 co-

213 2338 410 2406 gnoscit
431 2337 456 2389 ?
479 2338 665 2402 Certe,
692 2356 710 2388 ι
732 2338 930 2408 inquis,
951 2359 970 2391 ‹
991 2341 1336 2410 noveratjam
1359 2343 1640 2408 Lazarum,
1670 2343 1798 2397 non‘

214 2439 427 2483 noverat
456 2429 730 2483 Abraham
764 2430 914 2501 (Luc.
944 2447 1054 2497 xw,
1086 2432 1278 2503 {9-51)
1313 2434 1492 2487 :unde
1537 2434 1610 2487 illi
1659 2442 1803 2487 tanto

212 2531 328 2574 ante
350 2532 599 2591 tempore
622 2520 864 2576 defuncti
889 2524 1114 2577 Abraha:
1139 2526 1387 2594 provenit
1413 2525 1649 2596 agnitio?
1681 2524 1802 2578 Haec

213 2611 390 2667 dicens
411 2655 428 2679 ,
473 2613 519 2666 si
558 2613 887 2683 agnitionem
921 2613 1149 2669 hominis
1194 2617 1483 2685 provenire
1511 2632 1615 2670 non
1648 2626 1802 2684 putas

217 2705 322 2758 sine
339 2707 587 2774 corporis
610 2704 822 2771 forma;
851 2715 908 2760 ut
936 2707 1146 2762 noveris
1176 2720 1224 2762 te
1251 2708 1446 2778 ipsum,
1474 2709 1635 2763 credo
1661 2709 1801 2778 quod

218 2799 425 2853 assidue
451 2800 726 2868 speculum
753 2800 1007 2866 attendis,
1043 2817 1109 2856 ne
1137 2801 1182 2856 si
1208 2800 1374 2856 fueris
1393 2801 1588 2854 oblitus
1613 2801 1798 2856 faciem

222 2900 389 2958 tuam,
416 2908 524 2946 non
549 2901 599 2946 te
626 2894 804 2962 possis
831 2907 1141 2962 agnoscere.
1167 2892 1316 2962 Rogo
1347 2903 1418 2957 te,
1446 2909 1605 2963 quem
1636 2894 1802 2963 magis

227 2980 505 3034 hominum
531 2982 666 3035 novit
692 2983 858 3037 homo
888 2999 1045 3053 quam
1073 2999 1131 3038 se
1160 2985 1352 3053 ipsum,
1379 2997 1433 3039 et
1453 2984 1605 3053 cujus
1626 2985 1801 3038 minus

228 3081 407 3140 potest
433 3072 614 3128 faciem
641 3075 815 3129 videre
857 3091 1016 3145 quam
1047 3077 1237 3131 suam?
1263 3077 1393 3144 Quis
1421 3086 1596 3131 autem
1628 3087 1802 3146 potest

216 3177 546 3232 cognoscere
591 3165 756 3220 Deum
783 3207 799 3231 ,
851 3183 1006 3236 quem
1058 3177 1114 3221 tu
1155 3183 1365 3237 quoque
1426 3170 1798 3239 incorporeum

217 3267 330 3307 esse
367 3270 478 3308 non
506 3253 753 3321 dubitas;
784 3257 829 3312 si
861 3267 1057 3326 praeter
1095 3260 1337 3328 corporis
1367 3258 1612 3326 formam,
1661 3261 1802 3315 sicut

223 3353 398 3412 putas,
428 3361 535 3401 non
577 3358 758 3418 potest
781 3350 1016 3420 cognitio
1045 3352 1345 3420 provenire,
1387 3352 1438 3406 id
1469 3361 1570 3419 est,
1604 3354 1647 3407 si
1678 3369 1799 3408 cor-

222 3451 342 3505 pora
369 3449 603 3510 possunt
646 3441 760 3496 sola
792 3443 1080 3512 cognosci?
1104 3442 1235 3511 Quis
1275 3453 1450 3499 autem
1477 3445 1802 3501 christianus

216 3527 278 3581 de
300 3539 406 3583 tam
437 3532 650 3602 magnis
679 3533 1119 3612 difficillimisque
1162 3537 1324 3600 rebus
1352 3537 1648 3608 disputans,
1679 3540 1799 3594 ani-

216 3634 353 3673 mum
406 3622 462 3676 in
507 3623 673 3678 verba
701 3625 882 3680 divina
927 3635 1034 3681 tam
1079 3628 1411 3699 negligenter
1453 3631 1712 3698 intendat,
1742 3640 1802 3686 ut

213 3708 371 3778 dicat,
420 3733 439 3766 ι
479 3713 537 3769 Si
571 3715 886 3787 incorporea
927 3727 1008 3773 est
1034 3720 1231 3786 anima,
1266 3736 1486 3776 necesse
1513 3731 1596 3777 est
1623 3733 1802 3779 careat

214 3805 377 3860 fonna
391 3808 448 3861 ?s
482 3808 692 3864 Oblitus
721 3826 799 3875 es,
824 3819 876 3866 te
898 3811 1119 3866 formam
1139 3813 1328 3883 legisse
1342 3812 1599 3868 doctrinm
1624 3815 1799 3883 (Rom.

213 3913 278 3963 η,
310 3900 399 3973 Π)
423 3901 448 3952 ?
477 3901 621 3972 Ergo
654 3917 911 3972 corporea
943 3912 1024 3958 est
1051 3903 1221 3958 forma
1263 3903 1540 3959 doctrinae.
1594 3905 1800 3962 Oblitus

211 4006 264 4048 es
303 3996 569 4065 scriptum
598 4011 718 4051 esse
744 3996 812 4052 de
838 3995 1055 4052 Christo
1101 3997 1248 4062 Jesu,
1294 4008 1579 4068 antequam
1624 3999 1802 4054 homi-

213 4101 327 4139 nem
348 4086 540 4142 fuisset
559 4087 798 4153 indutus,
817 4087 958 4158 quod
977 4088 1028 4142 in
1043 4087 1212 4142 forma
1234 4089 1324 4142 Dei
1337 4088 1486 4158 erat(
1497 4087 1724 4160 Philipp.
1741 4106 1796 4154 ιι,

212 4177 293 4247 6)?
322 4178 612 4246 Quomodo
641 4197 768 4250 ergo
795 4180 927 4236 dicis
945 4221 961 4247 ,
999 4199 1018 4232 ι
1063 4182 1120 4235 Si
1157 4182 1466 4250 incorporea
1493 4191 1576 4236 est
1602 4183 1797 4250 anima,

211 4284 431 4326 necesse
455 4280 538 4325 est
569 4281 749 4326 careat
771 4270 971 4338 forma;
1011 4289 1031 4324 ι
1057 4287 1178 4326 cum
1207 4271 1392 4327 audias
1430 4271 1652 4326 formam
1683 4274 1798 4341 Dei,

207 4375 366 4431 quem
413 4378 520 4416 non
553 4377 676 4418 esse
706 4378 1022 4434 corporeum
1049 4365 1349 4430 confiteris;
1377 4373 1431 4420 et
1469 4365 1539 4418 ita
1568 4365 1800 4434 loqueris

212 4461 463 4524 tanquam
503 4454 676 4510 forma
707 4454 812 4510 nisi
851 4455 904 4509 in
932 4456 1244 4525 corporibus
1272 4469 1391 4512 esse
1422 4471 1525 4510 non
1553 4455 1755 4526 possit?

274 4543 370 4601 22'.
414 4548 560 4603 Dicis
607 4550 792 4613 etiam,
829 4566 849 4601 ι
893 4549 1117 4605 Cessare
1157 4549 1268 4604 illic
1309 4551 1545 4616 nomina,
1578 4550 1667 4603 ubi
1693 4564 1800 4605 non

217 4637 551 4709 distinguitur
572 4641 742 4694 forma
767 4659 786 4707 ;
811 4650 868 4696 et
890 4641 1021 4696 nihil
1061 4642 1169 4696 illic
1196 4656 1358 4712 agere
1384 4640 1797 4712 appellationem

216 4731 522 4797 nominum,
567 4731 656 4786 ubi
701 4732 848 4786 nulla
893 4743 974 4787 est
1017 4732 1314 4803 designatio
1361 4748 1732 4803 personarum.
1774 4751 1794 4784 ι

182 4821 343 4877 οῐιίηε
391 4824 578 4879 volens
601 4823 833 4894 probare
875 4824 1101 4880 Abrahae
1135 4824 1369 4880 animam
1411 4823 1577 4880 fuisse
1605 4840 1798 4895 corpo-

217 4927 380 4979 ream,
407 4915 530 4985 quia
563 4914 666 4970 dici
686 4916 883 4986 potuit,
905 4915 1075 4972 Pater
1098 4916 1376 4971 Abraham.
1397 4917 1514 4973 Jam
1544 4917 1797 4985 diximus,

213 5005 374 5062 etiam
401 5007 486 5062 ubi
527 5023 725 5080 corpus
753 5010 958 5066 nullum
984 5020 1086 5076 est,
1116 5026 1237 5066 esse
1267 5012 1512 5065 formam.
1542 5010 1598 5068 Si
1622 5021 1798 5068 autem

211 5097 618 5166 appellationem
660 5104 936 5156 nominum
961 5101 1092 5156 nihil
1135 5111 1290 5173 putas
1330 5119 1519 5174 agere,
1561 5103 1651 5158 ubi
1693 5119 1799 5160 non

213 5197 331 5240 sunt
389 5204 645 5260 corpora;
701 5208 926 5247 numera
979 5193 1076 5248 ista
1134 5196 1386 5259 nomina,
1446 5210 1628 5265 quaeso
1699 5204 1798 5250 te:

174 5285 180 5288 ’
221 5277 440 5337 Fructus
489 5294 658 5338 autem
695 5285 906 5356 spiritus
957 5295 1028 5340 est
1072 5285 1326 5352 alacritas,
1369 5287 1631 5356 gaudium,
1677 5302 1797 5356 pax,

217 5376 601 5444 longanimitas,
639 5378 953 5448 benignitas,
993 5377 1218 5444 bonitas,
1249 5378 1394 5447 ﬁdes,
1437 5378 1789 5444 mansuetudo,

217 5467 514 5522 continentia
539 5467 748 5540 (Halat.
769 5484 820 5533 ν,
851 5469 942 5533 22,
972 5468 1074 5540 23)
1102 5485 1116 5524 :
1149 5478 1204 5525 et
1238 5469 1324 5524 dic
1354 5469 1482 5524 mihi
1501 5479 1684 5523 utrum
1716 5483 1802 5524 res

218 5559 359 5625 ipsas
385 5578 484 5618 non
524 5579 808 5634 agnoscas,
845 5579 1076 5634 quarum
1121 5565 1221 5620 ista
1265 5573 1389 5619 sunt
1429 5565 1684 5630 nomina,
1715 5563 1800 5618 vel

219 5654 296 5709 sic
369 5670 616 5726 agnoscas
641 5700 655 5723 ,
734 5667 795 5714 ut
873 5657 1046 5728 aliqua
1117 5659 1434 5713 lineamenta
1511 5673 1798 5726 corporum

219 5744 418 5799 videas.
449 5749 604 5815 Ecce,
628 5759 687 5803 ut
715 5749 820 5803 alia
848 5757 1069 5815 taceam,
1102 5749 1186 5803 dic
1217 5751 1346 5804 mihi
1375 5766 1532 5824 quam
1559 5751 1798 5820 ﬁguram,

285 5857 304 5889 ⁸
343 5861 564 5914 Particula
579 5877 773 5930 negans
792 5865 934 5916 abest
955 5877 982 5915 a
1005 5863 1287 5942 quibusdam
1301 5870 1408 5918 mss.

1922 510 2039 564 qua:
2068 495 2303 550 membra
2324 534 2338 560 ,
2385 509 2542 565 quem
2585 493 2818 551 colorem
2861 493 3090 552 charitas
3111 496 3304 554 habeat
3335 515 3350 566 ;
3379 513 3499 570 qua

1920 597 2086 653 certe,
2126 587 2171 642 si
2215 588 2334 657 ipse
2358 587 2531 642 inanis
2555 602 2662 643 non
2692 604 2771 656 es,
2801 588 2959 643 inane
2985 589 3180 660 aliquid
3212 590 3303 646 tibi
3331 590 3498 647 videri

1918 693 2024 733 non
2051 689 2246 749 potest.
2295 697 2314 731 ι
2351 679 2516 750 Cujus
2557 681 2809 735 auxilium
2840 681 3175 753 implo'ratum
3203 691 3304 748 est,
3344 701 3364 736 ι
3409 681 3497 738 in-

1918 772 2056 841 quis,
2094 792 2112 823 ι
2150 787 2440 842 corporeus
2478 773 2660 844 utique
2690 774 2830 828 visus
2869 786 2950 830 est
2976 786 3131 848 atque
3156 776 3430 832 formatus.
3465 793 3488 830 ι

1918 864 2150 918 Audiant
2177 874 2226 919 te
2257 865 2520 932 homines,
2554 874 2608 920 et
2637 867 2728 921 Dei
2756 882 2914 922 nemo
2939 869 3189 940 imploret
3216 872 3493 940 auxilium,

1917 955 2037 1028 quia
2063 972 2221 1011 nemo
2247 972 2368 1010 eum
2396 964 2568 1026 potest
2594 956 2775 1012 videre
2803 974 3141 1028 corporeum.

1987 1048 2212 1103 CAPUT
2244 1047 2383 1102 XVI.
2410 1078 2483 1089 —-
2511 1047 2600 1104 23.
2632 1067 2653 1101 ι
2686 1049 2942 1119 Denique,
2982 1069 3001 1104 ι
3040 1053 3233 1122 inquis,
3266 1073 3287 1106 ι
3326 1071 3497 1112 mem-

1915 1139 2010 1195 bra
2033 1141 2141 1195 illic
2166 1142 2354 1194 animae
2378 1141 2770 1208 describuntur,
2801 1151 2856 1195 ut
2875 1158 3000 1197 vere
3028 1145 3096 1198 sit
3122 1159 3313 1212 corpus
3338 1163 3352 1201 :
3382 1166 3402 1200 ι
3442 1156 3500 1204 ει

1916 1231 2015 1295 vis,
2051 1249 2071 1282 ι
2105 1247 2199 1301 per
2225 1234 2435 1287 oculum
2465 1242 2632 1287 totum
2663 1243 2818 1302 caput
2847 1235 3083 1304 intelligi,
3123 1254 3142 1288 ι
3170 1237 3289 1306 quia
3319 1237 3494 1293 dictus

1917 1333 1998 1379 est
2023 1324 2229 1380 levasse
2256 1326 2439 1380 oculos
2489 1339 2648 1389 suos;
2700 1344 2718 1376 ι
2755 1341 2848 1396 per
2887 1325 3119 1396 linguam
3164 1327 3362 1393 fauces,
3400 1342 3497 1399 per

1915 1414 2135 1485 digitum
2177 1431 2415 1483 manum,
2455 1436 2473 1469 ι
2515 1416 2637 1487 quia
2667 1417 2870 1470 dictum
2906 1427 3004 1480 est,
3045 1417 3190 1471 Mitte
3217 1417 3492 1485 Lazarum,

1914 1515 1966 1560 ut
1996 1509 2244 1579 intinguat
2271 1518 2545 1562 extremum
2569 1509 2711 1580 digiti
2731 1511 2811 1561 sui
2836 1509 2888 1561 in
2924 1525 3127 1579 aquam,
3163 1519 3208 1563 et
3235 1512 3497 1583 refrigeret

1914 1601 2137 1671 linguam
2164 1619 2343 1655 meam.
2370 1601 2569 1656 Tamen
2601 1619 2667 1656 ne
2690 1617 2784 1672 per
2811 1603 3170 1658 membrorum
3191 1605 3406 1659 nomina
3426 1605 3496 1661 de

1920 1694 2024 1746 Deo
2046 1694 2136 1746 tibi
2177 1709 2436 1762 corporeo
2467 1695 2871 1762 prtescribatur,
2899 1694 3031 1748 dicis
3066 1712 3084 1745 ι
3118 1710 3213 1764 per
3252 1696 3366 1750 haec
3409 1695 3495 1749 in-

1913 1797 2194 1852 corporeas
2246 1784 2618 1854 intelligendas
2661 1800 2780 1839 esse
2825 1788 3087 1840 virtutes:
3125 1803 3146 1838 ι
3182 1786 3302 1856 quia
3326 1788 3492 1843 Deum

1912 1875 2205 1931 rectissime
2227 1877 2465 1931 defendis
2493 1894 2595 1931 non
2627 1893 2746 1932 esse
2781 1893 3122 1947 corporeum.
3154 1878 3288 1945 Quid
3331 1880 3492 1950 igitur

1912 1983 2087 2022 causae
2113 1979 2215 2033 est,
2247 1984 2341 2023 cur
2384 1969 2601 2022 nomina
2633 1970 2728 2023 ista
2761 1970 3122 2024 membrorum
3164 1969 3218 2024 in
3249 1971 3357 2026 Deo
3401 1971 3495 2026 tibi

1911 2076 2105 2129 corpus
2135 2077 2238 2114 non
2271 2061 2486 2126 faciant,
2520 2062 2570 2115 in
2598 2062 2772 2115 anima
2801 2061 3034 2115 faciant?
3060 2064 3139 2116 An
3172 2078 3300 2117 vero
3325 2079 3493 2134 quan-

1911 2153 1980 2206 do
2024 2153 2090 2207 de
2133 2165 2376 2207 creatura
2435 2152 2551 2207 haec
2593 2153 2882 2216 dicuntur,
2931 2152 3146 2223 proprie
3185 2153 3494 2223 accipienda

1910 2256 2068 2312 sunt;
2122 2246 2334 2315 quando
2387 2256 2560 2299 autem
2613 2245 2679 2299 de
2734 2243 3006 2308 Creatore,
3065 2244 3270 2314 tropice
3326 2253 3487 2315 atque

1913 2340 2208 2394 translate?
2254 2340 2461 2393 Pennas
2493 2339 2670 2408 itaque
2718 2352 3004 2407 corporeas
3046 2337 3267 2391 daturus
3293 2350 3352 2392 es
3394 2351 3494 2392 no-

1911 2434 2010 2498 bis,
2036 2433 2283 2503 quoniam
2314 2448 2416 2485 non
2445 2429 2684 2496 Creator,
2704 2430 2796 2484 sed
2824 2438 3087 2494 creatura,
3118 2428 3168 2482 id
3190 2435 3292 2493 est,
3326 2429 3486 2484 homo

1909 2526 2056 2590 dicit,
2084 2525 2144 2578 Si
2173 2538 2491 2593 assumpsere
2519 2539 2710 2592 pennas
2739 2538 2874 2575 meas
2899 2523 3028 2574 sicut
3059 2521 3288 2574 columba
3309 2518 3485 2592 (Psal.

1909 2632 2166 2680 cxxxvm,
2199 2615 2274 2684 9).
2305 2615 2471 2668 Porro
2497 2622 2696 2678 autem,
2729 2614 2772 2666 si
2801 2621 3081 2682 propterea
3127 2612 3357 2683 linguam
3390 2611 3491 2668 ha-

1908 2709 2069 2763 bebat
2091 2709 2239 2762 dives
2282 2708 2368 2762 ille
2405 2721 2716 2776 corpoream
2754 2705 3002 2775 quoniam
3030 2705 3179 2770 dixit,
3212 2705 3495 2776 Refrigerat

1910 2809 2133 2876 linguam
2160 2819 2321 2857 meam
2352 2820 2372 2857 :
2403 2804 2455 2856 in
2499 2802 2656 2857 nobis
2705 2816 2914 2871 quoque
2933 2800 3106 2854 adhuc
3133 2799 3184 2853 in
3212 2815 3373 2854 carne
3415 2799 3496 2854 vi-

1908 2899 2175 2964 ventibus,
2219 2911 2408 2951 manus
2454 2894 2617 2950 habet
2660 2894 2770 2965 ipsa
2818 2894 2991 2963 lingua
3019 2907 3322 2964 corporeas,
3371 2893 3492 2963 quia

1907 2993 2162 3060 scriptum
2193 2998 2295 3056 est,
2329 2988 2472 3042 Mors
2515 2997 2561 3042 et
2599 2988 2699 3040 vita
2723 2987 2776 3040 in
2806 2986 3036 3039 manibus
3085 2986 3272 3055 (iugum
3308 2983 3489 3056 (Prov.

1907 3100 2053 3145 xviu,
2082 3081 2194 3153 2t).
2228 3082 2363 3135 Puto
2391 3081 2549 3134 etiam
2579 3094 2682 3133 non
2716 3077 2806 3132 tibi
2839 3077 3028 3140 videri,
3056 3077 3139 3130 vel
3187 3091 3308 3131 esse
3337 3091 3491 3130 crea-

1908 3175 2140 3241 turam‘,
2183 3175 2270 3228 vel
2312 3187 2506 3241 corpus
2533 3187 2653 3226 esse
2690 3179 2963 3241 peccatum
2991 3187 3003 3221 :
3027 3184 3124 3224 cur
3162 3184 3292 3239 ergo
3331 3169 3494 3224 habet

1906 3265 2138 3319 faciem?
2162 3265 2245 3318 An
2275 3279 2380 3317 non
2404 3262 2554 3317 audis
2597 3264 2651 3315 in
2682 3261 2914 3326 Psalmo,
2941 3259 3062 3314 Non
3086 3269 3159 3313 est
3185 3276 3288 3330 pax
3301 3259 3494 3313 ossibus

1906 3359 2050 3424 meis,
2079 3374 2110 3410 a
2135 3357 2265 3429 facie
2289 3367 2607 3427 peccatorum
2633 3371 2852 3407 meorum
2875 3353 3046 3424 (Psal.
3076 3367 3280 3419 xxxvu,
3310 3351 3365 3423 4)
3385 3353 3410 3404 ‘.’

1974 3449 2065 3502 2i.
2097 3447 2248 3514 Quod
2294 3461 2421 3501 vero
2451 3465 2469 3497 ι
2506 3445 2653 3499 illum
2686 3445 2914 3499 Abrahae
2944 3441 3118 3496 sinum
3149 3461 3168 3494 ι
3219 3441 3494 3497 existimas

1913 3559 1932 3592 ι
1961 3555 2080 3595 esse
2100 3555 2438 3609 corporeum,
2473 3547 2526 3594 et
2556 3554 2650 3608 per
2672 3539 2842 3605 ipsum
2875 3557 2893 3590 ι
2915 3537 3110 3591 asseris
3134 3555 3152 3588 ι
3178 3545 3343 3590 totum
3375 3551 3496 3590 cor-

1906 3646 2006 3704 pus
2035 3634 2148 3701 ejus
2178 3631 2429 3700 agnosci,
2475 3647 2495 3682 ›
2531 3645 2722 3684 vereor
2745 3645 2812 3684 ne
2850 3631 2900 3682 iu
2931 3645 2989 3683 re
3021 3637 3160 3683 tanta
3185 3628 3494 3698 joculariter

1905 3733 2066 3794 atque
2111 3721 2412 3785 irridenter,
2443 3737 2550 3774 non
2577 3721 2717 3775 serio
2745 3721 3082 3791 graviterque
3119 3735 3276 3790 agere
3304 3720 3492 3775 creda-

1906 3816 2000 3870 ris.
2025 3815 2204 3885 Neque
2225 3813 2367 3868 enim
2397 3828 2565 3883 usque
2590 3811 2724 3866 adeo
2753 3811 3046 3880 desiperes,
3079 3821 3134 3865 ut
3155 3811 3493 3867 arbitrareris

1908 3923 2224 3979 corporeum
2275 3907 2430 3961 unius
2479 3905 2712 3960 hominis
2757 3905 2930 3959 sinum
2979 3905 3123 3960 ferre
3160 3912 3236 3959 tot
3266 3905 3492 3972 animas,

1906 4000 2032 4063 imo,
2064 4008 2120 4053 ut
2143 3997 2432 4052 secundum
2463 4006 2515 4052 te
2544 3997 2749 4066 loquar,
2789 4014 2807 4046 ι
2843 3993 2981 4049 ferre
3007 4003 3084 4049 tot
3110 4010 3334 4065 corpora
3360 3993 3494 4050 bene

1909 4092 2240 4157 meritorum,
2273 4098 2403 4160 quot
2432 4090 2554 4143 illuc
2601 4089 2788 4157 Angeli
2831 4089 2968 4142 sicut
3009 4086 3268 4142 Lazarum
3315 4087 3494 4158 perfe-

1907 4192 2051 4238 runt.
2090 4201 2107 4234 ι
2139 4182 2248 4236 Nisi
2279 4181 2518 4251 Opinaris
2546 4180 2771 4234 fortasse
2797 4179 2940 4233 illam
2971 4194 3130 4233 unam
3149 4180 3377 4234 animam
3408 4193 3498 4234 so-

1906 4276 2034 4341 lam,
2066 4275 2132 4331 ad
2159 4275 2402 4331 eumdem
2443 4275 2614 4328 sinum
2655 4273 2933 4343 pervenire
2964 4274 3245 4329 meruisse.
3290 4273 3344 4329 Si
3385 4289 3493 4329 non

1903 4370 2122 4441 jocaris,
2172 4378 2226 4426 et
2251 4381 2434 4425 errare
2467 4369 2741 4439 pueriliter
2786 4383 2889 4422 non
2917 4368 3030 4436 vis,
3062 4368 3234 4422 sinum
3265 4365 3494 4421 Abrahae

1908 4465 2162 4533 intellige,
2196 4471 2455 4518 remotam
2485 4461 2666 4516 sedem
2695 4461 2887 4530 quietis
2907 4470 3068 4530 atque
3097 4467 3380 4523 secretam,
3406 4457 3496 4514 ubi

1907 4563 1991 4610 est
2014 4556 2301 4609 Abraham.
2332 4555 2401 4608 Et
2440 4554 2560 4609 ideo
2590 4555 2817 4607 Abrahze
2839 4552 3037 4607 dictum
3068 4551 3214 4624 (Luc.
3250 4567 3363 4618 xvx,
3395 4550 3494 4607 l9-

1907 4645 2035 4717 51),
2095 4661 2202 4700 non
2247 4643 2387 4715 quod
2438 4645 2603 4714 ipsius
2651 4653 2849 4698 tantum
2894 4643 2996 4707 sit,
3057 4643 3153 4697 sed
3197 4643 3338 4713 quod
3381 4642 3496 4712 ipse

1907 4747 2059 4808 pater
2096 4738 2379 4791 multarum
2409 4739 2646 4808 gentium
2676 4738 2744 4790 sit
2771 4737 2971 4806 positus
2993 4734 3143 4807 (Gen.
3173 4751 3300 4801 xvu,
3329 4735 3382 4799 4,
3409 4735 3492 4806 5),

1906 4831 2096 4900 quibus
2115 4837 2198 4884 est
2217 4827 2283 4883 ad
2314 4829 2626 4884 imitandum
2655 4827 2775 4883 ﬁdei
2799 4827 3120 4898 principatu’
3145 4827 3446 4896 pr0positus
3477 4844 3492 4882 :
3530 4827 3532 4832 ’

1907 4920 2044 4974 sicut
2071 4920 2236 4974 Deum
2263 4919 2554 4985 Abraham,
2584 4929 2639 4973 et
2665 4919 2830 4973 Deum
2853 4916 3020 4983 Isaac,
3049 4924 3103 4971 et
3120 4917 3286 4971 Deum
3306 4915 3492 4984 Jacoh,

1907 5025 1966 5066 se
1995 5011 2132 5065 Deus
2160 5011 2338 5066 vocari
2373 5010 2538 5066 voluit
2562 5009 2753 5083 (Exod.
2777 5025 2853 5073 ιιι,
2877 5006 2958 5081 6),
2995 5023 3118 5063 cum
3157 5006 3226 5063 sit
3251 5008 3498 5063 innumee

1907 5103 2150 5159 rabilium
2180 5104 2339 5157 Deus.

1977 5195 2202 5251 CAPUT
2242 5195 2404 5250 XVII.
2429 5226 2500 5237 —
2529 5196 2622 5251 25.
2655 5195 2839 5266 Neque
2869 5210 2955 5250 me
2979 5195 3094 5250 hmc
3123 5194 3194 5248 ita
3230 5193 3496 5249 disserere

1907 5290 2206 5356 existimes,
2233 5299 2479 5360 tauquam
2512 5305 2700 5360 negem
2740 5289 2854 5343 fieri
2883 5303 3041 5358 posse
3066 5297 3124 5342 ut
3147 5288 3323 5340 anima
3350 5297 3499 5340 mor-

1910 5381 1983 5435 tui
2009 5381 2144 5435 sicut
2167 5381 2503 5444 dormientis,
2532 5381 2583 5434 in
2613 5379 2964 5434 similitudine
2992 5378 3233 5448 corporis
3254 5376 3334 5431 sui
3365 5389 3492 5430 sen-

1910 5476 2022 5540 tiat,
2056 5490 2148 5530 seu
2177 5475 2335 5539 bona,
2365 5489 2457 5528 seu
2489 5474 2648 5528 mala.
2681 5472 2811 5527 Nam
2855 5473 2988 5526 etin
3035 5469 3237 5525 somnis
3280 5464 3494 5536 quando

1908 5571 2081 5639 aliqua
2113 5569 2242 5622 dura
2283 5577 2336 5622 et
2380 5568 2599 5622 molesta
2645 5565 2995 5638 perpetimur,
3046 5575 3145 5616 nos
3175 5559 3366 5628 utique
3405 5571 3496 5612 su-
3539 5569 3542 5572 '

1906 5679 2061 5730 mus;
2105 5671 2160 5718 et
2216 5663 2319 5716 nisi
2361 5661 2730 5731 evigilantibus
2787 5658 2941 5714 nobis
2997 5655 3086 5711 illa
3130 5653 3492 5725 praetereant,

1975 5805 1988 5833 ⁸
2025 5810 2202 5865 omnes
2225 5802 2372 5865 nostri
2393 5808 2523 5860 Mss,
2548 5801 2860 5865 increatore.
3177 5854 3190 5865 .
3227 5854 3256 5865 η

1972 5867 1991 5895 ¹
2027 5863 2162 5925 Editi,
2185 5862 2520 5927 principatum.
2545 5863 2842 5924 castigantur
2868 5871 2931 5908 ex
2955 5861 3304 5926 manuscripts.
