3984 6522
540 373 644 432 543

541 489 611 544 lia
639 503 755 559 qua:
785 487 978 543 habent
1005 487 1216 544 feminae
1242 492 1481 559 corporis
1505 492 1740 545 membra
1759 534 1775 558 ,
1808 502 1860 547 et
1893 509 2000 548 non
2025 501 2107 546 est

539 581 732 637 femina
759 598 774 636 :
804 595 970 651 egone
995 595 1099 636 non
1128 581 1300 636 dicam
1330 599 1454 639 vera
1483 587 1833 652 constantius,
1861 587 1928 640 Et
1953 587 2112 642 habet

537 674 769 736 oculum,
802 681 855 726 et
881 671 1040 726 habet
1069 672 1320 744 linguam,
1349 685 1401 729 et
1427 675 1584 730 habet
1607 677 1848 748 digitum,
1880 688 1933 732 et
1959 679 2115 734 habet

535 773 728 818 caetera
752 762 941 816 similia
971 766 1212 834 corporis
1239 767 1496 834 membra,
1526 778 1580 824 et
1613 769 1726 824 haec
1757 780 1863 826 tota
1889 781 1971 826 est
1996 787 2116 828 cor-

533 853 680 922 poris
700 853 1008 923 similitudo,
1039 871 1142 910 non
1171 871 1362 928 corpus
1388 877 1400 914 :
1433 875 1551 914 cum
1581 861 1679 916 hoc
1706 862 1845 931 quod
1869 878 1968 940 ego
1993 863 2113 918 dico

531 943 719 1013 probet
742 945 881 1014 apud
908 961 967 1001 se
994 949 1237 1018 quisque,
1269 965 1389 1006 cum
1417 967 1642 1022 corpora
1671 953 2111 1021 imaginatur'ab-

531 1035 797 1102 sentium;
831 1037 1017 1106 probet
1039 1051 1184 1094 certe
1204 1083 1218 1106 ,
1251 1057 1368 1096 cum
1399 1041 1591 1112 figuras
1631 1052 1685 1097 et
1725 1059 1873 1098 suam
1899 1055 1953 1099 et
1982 1045 2114 1100 alias

530 1139 745 1181 suorum
771 1129 953 1185 rectilit
974 1133 1299 1186 somniorum
1326 1153 1340 1186 :
1373 1150 1400 1188 a
1423 1141 1476 1189 te
1495 1146 1669 1190 autem
1695 1135 1850 1205 hujus
1867 1138 2110 1204 monstri,

531 1218 620 1274 ubi
645 1228 700 1274 et
725 1237 906 1276 verum
935 1232 1035 1286 est,
1068 1233 1120 1278 et
1151 1225 1326 1279 vivum
1354 1235 1456 1294 est,
1487 1237 1540 1281 et
1567 1227 1852 1282 femineum
1885 1237 1968 1284 est
1991 1243 2113 1283 cor-

531 1323 647 1378 pus,
677 1321 728 1367 et
759 1312 1016 1370 femineus
1045 1332 1147 1370 non
1174 1327 1255 1372 est
1283 1333 1463 1387 sexus,
1500 1320 1704 1375 nullum
1731 1321 1783 1376 in
1812 1331 1996 1377 natura
2017 1338 2107 1378 re-

529 1415 644 1458 rum
675 1406 978 1475 proferatur
998 1411 1336 1481 exemplum?

537 1499 540 1504 '
599 1495 687 1551 3'5.
722 1497 870 1565 Quod
911 1501 1052 1555 enim
1085 1503 1149 1558 de
1195 1504 1440 1573 pbmnice
1487 1507 1753 1578 loqueris,
1785 1505 1850 1562 ad
1893 1524 2004 1564 rem
2041 1507 2107 1566 de

527 1601 629 1656 qua
678 1591 849 1658 agitur
902 1594 1119 1648 omnino
1177 1611 1282 1651 non
1339 1599 1584 1668 pertinet.
1643 1601 2105 1681 Resurreâ€˜ctiunem

527 1679 723 1749 quippe
750 1682 836 1736 illa
867 1686 1130 1754 significat
1155 1704 1436 1759 corporum
1459 1733 1474 1757 ,
1523 1708 1628 1748 non
1658 1711 1842 1749 sexum
1875 1679 2109 1752 destruit

523 1771 819 1827 animarum
847 1793 860 1828 :
891 1776 935 1829 si
967 1787 1142 1833 tamen
1165 1822 1179 1844 ,
1213 1789 1270 1834 ut
1295 1782 1548 1850 creditur,
1591 1783 1658 1838 de
1694 1801 1790 1840 sua
1821 1798 1990 1843 morte
2015 1804 2104 1844 re-

525 1867 776 1921 nascitur.
807 1867 911 1922 Sed
955 1871 1186 1926 arbitror
1222 1874 1360 1942 quod
1395 1883 1542 1929 tuum
1585 1892 1888 1956 sermonem
1919 1897 2102 1949 parum

523 1957 792 2024 putaveris
821 1959 937 2015 fore
967 1963 1318 2032 plausibilem,
1353 1968 1396 2020 si
1424 1984 1528 2022 non
1562 1969 1724 2023 multa
1765 1971 1832 2025 de
1863 1971 2105 2040 pbtenice

521 2063 673 2104 more
698 2051 1114 2109 adolescentium
1148 2057 1492 2114 deciamarcs.
1525 2060 1786 2132 Numquid
1815 2065 1954 2118 enim
1981 2077 2106 2122 sunt

519 2139 572 2194 in
599 2141 713 2209 ejus
742 2157 968 2214 corpore
995 2147 1245 2216 genitalia
1279 2153 1569 2208 masculina
1605 2163 1658 2208 et
1689 2171 1795 2210 non
1838 2166 1920 2212 est
1983 2175 2101 2212 ma-

519 2233 721 2298 sculus,
751 2236 832 2290 vel
865 2235 1116 2293 feminina
1142 2251 1195 2295 et
1223 2257 1326 2296 non
1348 2253 1428 2298 cst
1455 2243 1685 2301 femina?
1715 2247 1792 2302 Tu
1813 2259 1988 2305 autem
2016 2262 2102 2306 at-

520 2326 675 2381 tende
697 2327 824 2398 quid
851 2329 1019 2397 dicas,
1048 2332 1171 2401 quid
1195 2343 1456 2400 astruere,
1485 2337 1610 2408 quid
1644 2341 1966 2408 persuadere
2003 2357 2098 2398 co-

517 2417 680 2472 neris.
735 2419 980 2474 Animam
1025 2421 1156 2478 dicis
1201 2441 1295 2493 per
1344 2439 1532 2482 cuncta
1575 2433 1811 2486 membra
1855 2433 2100 2492 diffusam

516 2507 744 2576 gelando
765 2511 1012 2581 riguisse.
1042 2526 1096 2570 et
1121 2531 1148 2568 a
1175 2518 1376 2572 vertice
1403 2535 1570 2589 usque
1604 2521 1669 2576 ad
1713 2524 1819 2577 ima
1845 2526 2061 2595 vestigia
2080 2567 2095 2594 ,

514 2611 544 2650 a
571 2598 820 2654 medullis
856 2603 1054 2659 intimis
1091 2621 1258 2677 usque
1284 2609 1348 2661 ad
1380 2609 1715 2679 superficiem
1743 2615 1900 2681 cutis,
1934 2624 2095 2671 tatam

519 2691 680 2744 totius
705 2695 974 2763 accepisse
998 2700 1238 2768 corporis
1270 2699 1491 2754 formam
1520 2721 1532 2755 :
1561 2719 1624 2758 ac
1650 2721 1743 2773 per
1767 2703 1870 2760 hoc
1894 2707 2097 2778 accepit

518 2779 570 2833 in
597 2778 828 2839 femineo
853 2800 1076 2856 corpore
1110 2789 1360 2859 quidquid
1389 2791 1584 2848 habent
1627 2795 1977 2853 femineorum
2007 2801 2091 2854 vi-

511 2887 722 2928 scerum
745 2875 972 2945 feminae,
1001 2888 1055 2934 et
1081 2897 1261 2936 verum
1289 2893 1370 2938 est
1395 2884 1498 2942 hoc
1519 2901 1733 2958 corpus,
1755 2899 1808 2945 et
1832 2890 1947 2946 haec
1969 2908 2092 2948 vera

509 2975 636 3019 sunt
661 2968 919 3035 membra,
947 2979 1000 3026 et
1022 2981 1196 3028 tamen
1221 2989 1324 3029 non
1353 2984 1436 3030 est
1465 2977 1678 3032 femina.
1707 2979 1835 3047 Cur,
1861 2981 2086 3039 obsecro

510 3065 562 3112 te
581 3101 596 3126 ,
642 3063 694 3115 in
726 3077 853 3118 vero
879 3073 932 3119 et
960 3065 1083 3121 vivo
1109 3082 1331 3139 corpore
1370 3072 1544 3124 omnia
1575 3083 1697 3127 sunt
1737 3075 1974 3132 membra
2005 3079 2085 3133 fe-

507 3148 713 3218 minea,
755 3161 810 3207 et
847 3169 950 3208 non
992 3165 1075 3211 est
1115 3157 1352 3214 femina?
1395 3161 1446 3216 in
1476 3179 1602 3218 vero
1631 3173 1686 3219 et
1720 3165 1840 3220 vivo
1866 3183 2090 3238 corpore

506 3239 742 3295 membra
769 3255 892 3298 sunt
919 3247 1093 3300 omnia
1120 3251 1424 3317 masculina,
1458 3261 1513 3308 et
1539 3269 1642 3309 non
1676 3265 1760 3310 est
1786 3261 2088 3314 masculus?

505 3329 634 3397 Quis
659 3331 756 3386 ista
785 3335 1030 3403 credere,
1061 3338 1257 3408 dicere,
1291 3342 1486 3399 docere
1513 3350 1834 3413 prtesuinat?
1858 3351 1938 3404 An
1965 3355 2084 3422 quia

505 3435 608 3476 non
634 3435 888 3492 generant
921 3427 1146 3484 animm?
1183 3431 1322 3502 Ergo
1362 3449 1464 3490 nec
1500 3435 1630 3491 muli
1671 3445 1726 3492 et
1763 3439 1920 3496 mulre
1965 3453 2089 3498 sunt

503 3515 720 3568 masculi
743 3525 796 3571 et
815 3516 1046 3574 feminm.
1079 3523 1158 3576 An
1187 3524 1306 3593 quia
1341 3527 1816 3586 necaconcumbere
1839 3543 2086 3602 poterunt

500 3602 618 3658 sine
641 3607 850 3660 carneis
875 3611 1188 3680 corporibus
1212 3613 1444 3672 animae?
1485 3619 1588 3674 Sed
1642 3622 1742 3677 hoc
1769 3623 2006 3681 aufertur
2032 3637 2086 3683 et

500 3693 584 3748 his
601 3697 690 3766 qui
711 3709 1016 3754 castrantur
1039 3720 1053 3756 :
1077 3711 1132 3758 et
1155 3713 1329 3760 tamen
1351 3722 1471 3763 cum
1494 3711 1574 3766 eis
1592 3711 1855 3769 adimatur
1876 3727 1929 3771 et
1949 3701 2099 3796 opus:

497 3793 554 3840 et
571 3797 772 3856 motus,
797 3805 904 3844 non
934 3791 1186 3850 adimitur
1206 3811 1386 3864 sexus,
1411 3800 1574 3871 figura
1602 3807 2087 3900 quantulacumque

497 3881 908 3937 masculinorum
935 3897 1185 3944 manente
1224 3891 1606 3949 membrorum.
1638 3895 1806 3953 Nemo
1847 3917 2078 3972 unquam

497 3971 794 4028 masculum
838 3979 1050 4047 negavit
1092 3981 1416 4038 eunuchum.
1466 3987 1600 4054 Quid
1650 3991 1792 4060 quod
1839 3971 1976 4063 apud
2028 3987 2086 4052 te

493 4061 684 4117 animm
711 4065 870 4121 etiam
897 4071 1272 4128 cunuchorum
1301 4083 1466 4132 testes
1504 4079 1735 4151 integros
1767 4061 1992 4153 habent,
2024 4097 2078 4142 et

491 4153 535 4206 si
575 4155 818 4225 cuiquam
849 4162 1096 4228 genitalia
1143 4179 1358 4234 prorsus
1405 4179 1513 4224 tota
1561 4175 1831 4242 tollantur,
1876 4187 1980 4233 tota
2020 4182 2084 4260 in~

492 4245 608 4313 ejus
635 4249 840 4315 anima,
872 4254 1164 4310 secundum
1202 4261 1504 4328 opinionem
1531 4273 1711 4334 tuam,
1761 4277 1814 4324 et
1855 4275 2074 4329 omnino

491 4335 696 4408 integra
727 4345 1144 4410 permanebunt?
1171 4349 1326 4406 Novit
1350 4355 1490 4408 enim
1517 4369 1577 4412 se
1605 4359 1918 4418 subtrahere
1935 4406 1949 4430 ,
1969 4355 2082 4440 sica.

496 4437 554 4482 ut
589 4430 756 4498 dicis,
791 4450 912 4491 cum
959 4453 1018 4492 ea
1061 4455 1184 4511 pars
1227 4447 1403 4502 carnis
1443 4453 1666 4521 cmperit
1702 4458 1972 4524 exsecari;
2005 4469 2063 4516 ut

489 4535 550 4576 ea
579 4521 750 4581 forma
795 4543 916 4598 quae
957 4531 1082 4588 inde
1124 4547 1332 4607 sumpta
1377 4551 1494 4610 est,
1538 4545 1750 4614 quando
1775 4549 1898 4605 illud
1931 4521 2071 4610 unde

489 4627 698 4686 sumpta
738 4629 823 4674 est
849 4635 1176 4693 amputatur,
1214 4617 1318 4685 non
1351 4643 1563 4701 pereat;
1595 4638 1688 4692 sed
1715 4644 1956 4710 quamvis
1986 4643 2036 4699 in

489 4705 602 4761 fusa
633 4713 910 4782 gelavcrit,
935 4727 1082 4773 motu
1110 4727 1282 4776 tamen
1309 4726 1592 4782 celerrimo
1620 4731 1871 4802 rapiatur,
1899 4744 1955 4791 et
1983 4737 2068 4792 in-

487 4799 654 4854 terius
681 4805 1023 4874 recondatur,
1065 4819 1124 4863 ut
1152 4811 1293 4867 salva
1342 4827 1618 4874 servetur:
1648 4799 1701 4876 et
1745 4832 1920 4880 tamen
1958 4843 2064 4884 non

484 4889 555 4945 sit
579 4895 845 4950 masculus
873 4899 1010 4967 apud
1039 4899 1268 4971 inferos,
1311 4911 1724 4968 masculinorum
1755 4919 2069 4986 genitalium

483 4998 664 5040 secum
689 4987 918 5045 afferens
947 4994 963 5023 Â¹
997 5002 1162 5052 totum
1185 5040 1199 5064 ,
1231 5001 1320 5069 qui
1351 5018 1471 5057 cum
1500 5006 1587 5060 illa
1625 5007 1679 5062 in
1705 5025 1928 5082 corpore
1957 5033 2064 5072 non

483 5073 739 5146 haberet,
768 5085 1033 5141 masculus
1061 5087 1160 5144 fuit
1201 5103 1420 5162 propter
1447 5111 1629 5152 eorum
1659 5073 1828 5157 solum
1859 5105 2059 5164 locum.

481 5164 634 5224 Falsa
663 5181 784 5225 sunt
810 5173 941 5241 haec,
971 5176 1046 5233 fili
1072 5198 1084 5232 :
1111 5182 1152 5235 si
1181 5197 1285 5238 non
1312 5185 1392 5241 vis
1420 5197 1475 5242 ut
1497 5189 1564 5242 sit
1592 5190 1642 5245 in
1669 5195 1843 5249 anima
1867 5211 2057 5270 sexus;

479 5273 586 5315 non
616 5262 686 5317 slt-
711 5274 763 5317 et
791 5281 1004 5337 corpus.
2057 5351 2064 5366 ,

545 5355 772 5413 CAPUT
803 5359 1131 5423 Ï‡Ï‡Î¹-54.
1159 5367 1274 5423 ÎÎ¿Î·
1296 5373 1470 5428 omnis
1498 5376 1790 5434 similitudo
1811 5355 2060 5453 corporis

475 5461 668 5517 corpus
699 5461 800 5508 est.
835 5455 1033 5526 Dormi,
1061 5469 1114 5514 et
1145 5459 1346 5518 videbis
1373 5481 1385 5518 :
1419 5465 1510 5521 sed
1541 5483 1660 5523 eum
1692 5471 2054 5546 evigilaveris,

476 5539 757 5610 vigilanter
783 5545 1026 5603 discerne
1053 5551 1193 5620 quod
1225 5553 1434 5611 videris.
1475 5559 1528 5612 In
1558 5565 1760 5616 somnis
1788 5567 1928 5621 enim
1963 5570 2056 5625 tibi

475 5633 620 5688 velut
661 5651 948 5708 corporeus
991 5645 1272 5714 apparebis
1307 5663 1320 5701 :
1365 5667 1534 5721 neque
1567 5653 1615 5708 id
1647 5671 1840 5729 corpus
1872 5651 2060 5732 tuum,

535 5747 1476 5863 maxuma-â€œiaceres.rem:
1667 5791 1870 5863 uerens
1904 5808 1922 5846 Î¿Î‡
1946 5811 2045 5862 quo

477 5825 626 5880 verbo
647 5825 936 5886 nlonstratur
946 5825 1484 5898 contrariEta's'in't-iictivs
1599 5825 1656 5901 uâ€™s

1423 375 1511 430 DE
1547 377 1759 433 ANIMA
1801 373 1887 433 ET
1927 375 2090 436 EJUS
2127 374 2429 470 ORlGlNE,
2469 382 2525 438 S.
2567 381 2935 448 AUGUSTINI

3695 403 3823 466 5M

2227 494 2320 550 sed
2348 497 2521 551 anima
2551 507 2660 566 tua,
2687 517 2784 556 nec
2809 519 2992 559 verum
3023 519 3231 578 corpus,
3261 509 3355 566 sed
3383 513 3674 574 similitudo
3689 536 3822 576 cor-

2225 588 2370 656 poris
2390 590 2509 642 erit.
2532 590 2736 648 Jacebit
2759 595 2903 650 enim
2924 611 3118 669 corpus
3145 611 3314 672 tuum,
3335 605 3628 666 ambulabit
3653 611 3776 682 ipsa
3797 631 3814 669 :

2221 680 2400 736 silebit
2423 683 2598 756 lingua
2626 690 2864 758 corporis
2898 693 2992 758 tui,
3025 694 3271 765 loquetur
3297 698 3421 754 illa:
3452 701 3619 760 clausi
3647 680 3820 764 erunt

2224 775 2360 828 oculi
2394 777 2488 843 tui,
2519 779 2716 836 videbit
2742 782 2827 836 illa
2855 802 2869 838 :
2895 795 2948 840 et
2977 788 3158 858 utique
3201 791 3430 848 viventia
3452 795 3704 865 jacebunt
3733 811 3818 858 tut

2221 871 2462 937 corporis
2491 875 2730 930 membra
2753 919 2768 940 ,
2800 895 2903 934 non
2941 893 3168 952 mortua.
3201 889 3277 942 Ac
3317 905 3414 959 per
3441 892 3543 950 hoc
3569 897 3815 955 nondum

2220 968 2454 1016 extracta
2498 975 2578 1019 est
2603 967 2748 1022 velut
2787 971 2854 1026 de
2893 975 3078 1044 vagina
3120 991 3234 1042 sua,
3272 980 3442 1050 gelata
3479 983 3568 1040 illa
3593 986 3766 1042 forma
3791 1030 3812 1058 ,

2221 1050 2358 1104 sicut
2385 1064 2538 1122 putas
2558 1097 2572 1121 ,
2614 1060 2805 1115 animae
2848 1072 2951 1120 tua:
2971 1106 2985 1132 ,
3032 1077 3086 1121 et
3116 1069 3170 1122 in
3209 1085 3270 1124 ea
3303 1081 3476 1129 tamen
3511 1085 3620 1131 tota
3645 1089 3812 1150 atque

2221 1141 2422 1214 integra
2445 1152 2679 1206 cernitur
2695 1155 2985 1213 similitudo
3012 1163 3190 1218 carnis
3224 1173 3346 1221 tuae.
3382 1170 3458 1224 Ex
3485 1171 3583 1227 hoc
3607 1188 3812 1244 genere

2218 1237 2618 1298 similitudinum
2665 1251 3052 1320 corporalium,
3093 1272 3214 1326 quae
3249 1274 3356 1314 non
3399 1276 3620 1331 corpora
3663 1267 3813 1322 sicut

2217 1342 2442 1400 corpora
2471 1347 2766 1404 apparent,
2815 1353 2940 1396 sunt
2979 1345 3158 1400 omnia
3207 1365 3325 1419 quin
3359 1363 3570 1408 sanctos
3613 1354 3814 1412 Libros

2217 1421 2400 1492 legens
2431 1427 2482 1480 in
2514 1428 2833 1498 propheticis
2863 1436 3023 1490 etiam
3053 1440 3349 1497 visionibus
3369 1461 3472 1500 non
3503 1449 3758 1520 intelligis
3789 1468 3806 1507 :

2215 1515 2405 1584 quibus
2432 1518 2800 1589 significantur
2823 1542 2886 1584 ea
2914 1544 3031 1598 quae
3058 1545 3318 1601 geruntur
3347 1539 3398 1592 in
3431 1515 3802 1614 temporibus,

2213 1607 2296 1660 vel
2316 1613 2586 1679 praesenti,
2609 1615 2694 1668 vel
2721 1620 3012 1686 prieterito,
3037 1625 3118 1677 vei
3141 1624 3338 1682 futuro.
3372 1607 3600 1688 Falleris
3621 1646 3804 1692 autem

2213 1698 2265 1752 in
2309 1701 2419 1769 eis,
2451 1719 2554 1758 non
2584 1707 2708 1775 quia
2735 1720 2860 1764 sunt
2897 1714 3009 1782 ipsa
3053 1714 3260 1773 fallacia
3283 1763 3298 1787 ,
3331 1722 3424 1776 sed
3449 1726 3573 1794 quia
3603 1743 3708 1782 non
3737 1744 3804 1786 ea

2211 1788 2348 1846 sicut
2387 1794 2694 1864 accipienda
2742 1810 2868 1854 sunt
2908 1805 3126 1874 accipis.
3181 1807 3281 1864 Ubi
3327 1813 3467 1867 enim
3508 1816 3638 1872 visa:
3675 1827 3804 1876 sunt

2209 1887 2400 1943 anima:
2429 1902 2717 1964 martyrum
2743 1897 2922 1968 (Apoc.
2951 1917 3023 1966 vt,
3052 1903 3141 1974 9),
3171 1904 3224 1960 in
3254 1907 3440 1964 eadem
3473 1912 3802 1973 revelationo

2209 1978 2352 2033 visus
2371 1992 2450 2034 est
2472 1993 2524 2037 et
2539 2000 2708 2055 agnus
2735 1992 2884 2059 quasi
2901 1994 3129 2060 occisus,
3155 1997 3356 2054 habens
3375 2015 3572 2058 cornua
3591 2015 3800 2076 septem
3817 2051 3830 2058 -

2210 2067 2318 2138 (Id.
2348 2088 2400 2138 v,
2425 2071 2512 2145 6):
2543 2077 2613 2130 ibi
2641 2080 2796 2149 equi,
2829 2083 3036 2166 aliaque
3061 2089 3346 2157 animalia,
3389 2094 3524 2150 sicut
3549 2067 3790 2168 Oportuit

2208 2163 2424 2234 figurata
2449 2185 2461 2221 :
2495 2170 2562 2223 ibi
2591 2183 2863 2241 postremo
2887 2187 2942 2232 et
2963 2163 3135 2235 istellaa
3163 2184 3491 2251 ceciderunt,
3519 2199 3572 2243 et
3586 2163 3796 2248 caelum

2205 2257 2437 2326 plicitum
2463 2263 2478 2292 Â³
2519 2273 2600 2318 est
2639 2276 2694 2320 ut
2722 2267 2856 2323 liber
2886 2268 2996 2342 (Id.
3029 2289 3076 2327 vi
3103 2284 3150 2328 et
3181 2278 3292 2346 xx):
3321 2293 3422 2334 nec
3451 2289 3638 2337 tamen
3669 2292 3795 2341 tunc

2204 2349 2433 2404 concidit
2459 2355 2706 2410 mundus.
2733 2356 2835 2416 ista
2870 2361 3046 2432 itaque
3073 2367 3252 2422 omnia
3279 2383 3322 2424 sn
3353 2372 3625 2440 sapienter
3655 2376 3794 2432 acci-

2203 2440 2396 2508 pimus,
2421 2448 2662 2513 quamvis
2680 2448 2919 2508 dicamus
2939 2455 3052 2511 visa
3073 2459 3305 2527 veracia,
3333 2476 3436 2517 non
3467 2471 3646 2522 tamen
3670 2482 3790 2523 vera

2202 2530 2429 2589 dicimus
2455 2553 2699 2608 corpora.

2274 2626 2362 2682 55'.
2403 2629 2714 2689 Prolixioris
2743 2645 2922 2694 autem
2947 2644 3212 2700 sermonis
3239 2655 3339 2714 est,
3365 2647 3433 2704 de
3463 2651 3568 2706 isto
3593 2667 3792 2724 genere

2200 2716 2606 2778 similitudinum
2637 2731 2994 2798 corporalium
3023 2734 3426 2806 diligentissima
3466 2716 3790 2818 disputatio,

2199 2817 2375 2864 utrum
2419 2821 2473 2882 et
2511 2816 2730 2888 Angeli,
2774 2837 2868 2876 seu
2897 2824 3020 2880 boni
3041 2868 3056 2894 ,
3088 2844 3184 2884 seu
3210 2834 3333 2888 mali
3357 2835 3434 2890 sic
3460 2816 3788 2912 appareant,

2197 2901 2409 2970 quando
2437 2907 2614 2974 specie
2639 2907 2944 2981 hominum,
2989 2919 3072 2973 vel
3099 2925 3456 2990 quorumlibet
3493 2901 3784 3002 corporum

2198 3004 2484 3062 apparent;
2508 3013 2574 3052 an
2601 2999 2834 3059 habeant
2858 3007 3030 3078 aliqua
3061 3027 3184 3068 vera
3207 3031 3454 3086 corpora,
3481 3031 3536 3076 et
3563 2999 3614 3076 in
3645 3025 3790 3094 ipso-

2196 3099 2312 3138 rum
2344 3089 2518 3157 potius
2543 3094 2768 3152 veritate
2793 3099 3108 3160 videantur:
3135 3123 3201 3162 an
3227 3125 3356 3166 vero
3379 3113 3435 3168 in
3463 3119 3672 3174 somnis
3701 3119 3786 3176 vel

2194 3176 2246 3230 in
2275 3181 2464 3236 ecstasi
2485 3224 2499 3248 ,
2529 3184 2582 3240 in
2607 3185 2723 3242 istis
2749 3205 3056 3261 cernantur,
3087 3214 3192 3254 non
3218 3205 3561 3273 corporibus,
3585 3212 3680 3265 sed
3706 3213 3786 3266 si-

2194 3269 2583 3332 militudinibus
2635 3293 2964 3354 corporum;
3027 3269 3374 3361 vigilantibus
3422 3269 3599 3356 autem
3654 3319 3782 3360 vers

2195 3365 2495 3433 cernenda,
2537 3379 2590 3424 et
2633 3371 2678 3426 si
2717 3389 2848 3444 opus
2877 3387 2996 3448 est,
3041 3383 3202 3438 etiam
3245 3391 3504 3460 tangenda
3537 3393 3785 3465 ingeram

2190 3466 2438 3523 corpora.
2486 3459 2591 3515 Sed
2631 3461 2731 3519 ista
2773 3467 2826 3522 in
2875 3467 2978 3526 hoc
3019 3473 3156 3531 libro
3199 3459 3515 3551 requirenda
3557 3459 3617 3542 et
3653 3503 3784 3558 per-

2119 3596 2130 3616 ,
2189 3548 2462 3604 tractanda
2501 3567 2622 3608 esse
2667 3571 2770 3612 non
2802 3560 3058 3634 arbitror.
3107 3566 3259 3626 Nunc
3277 3548 3350 3627 de
3377 3575 3550 3631 anima
3586 3579 3776 3637 incor-

2186 3648 2352 3706 porea
2391 3643 2523 3697 satis
2565 3644 2763 3704 dictum
2807 3653 2920 3708 sit:
2966 3671 3126 3726 quam
3152 3661 3551 3738 sitcorpqream
3595 3675 3777 3730 mavis

2187 3729 2426 3799 credere,
2451 3735 2596 3803 prius
2615 3738 2708 3794 tibi
2729 3741 3087 3804 definiendum
3114 3761 3196 3806 est
3216 3729 3348 3825 quid
3365 3729 3433 3814 sit
3457 3775 3685 3833 corpus;
3709 3729 3784 3824 ne

2185 3818 2322 3876 forte
2361 3839 2482 3880 cum
2507 3829 2576 3884 de
2601 3847 2660 3886 re
2685 3831 2798 3902 ipsa
2842 3836 2980 3893 inter
3003 3856 3102 3898 nos
3127 3818 3363 3914 constet,
3407 3818 3684 3910 incassum.
3705 3857 3780 3914 de

2184 3915 2400 3971 nomine
2427 3918 2752 3980 laboremus.
2783 3927 2990 3994 Quanta
3029 3941 3084 3990 te
3111 3945 3286 3994 tamen
3319 3942 3548 4000 absurda
3579 3961 3766 4007 secula

2183 4001 2293 4058 sint
2317 4007 2421 4061 tale
2446 4025 2641 4082 corpus
2667 4015 2721 4070 in
2745 4020 2922 4076 anima
2948 4027 3294 4097 cogitantem,
3317 4035 3490 4102 qualia
3512 4049 3780 4113 suntquae

2182 4093 2252 4148 ab
2270 4099 2516 4156 omnibus
2537 4106 2759 4166 eruditis
2785 4125 3008 4181 corpora
3031 4093 3419 4190 nuncupantur,
3449 4127 3500 4181 id
3523 4139 3627 4196 est,
3651 4093 3778 4203 qua

2179 4199 2279 4255 per
2306 4187 2608 4248 distantiam
2648 4197 3026 4271 longitudinis,
3071 4187 3415 4284 latitudinis,
3439 4187 3776 4294 altitudinis;

2179 4277 2421 4337 locorum
2443 4300 2706 4358 occupant
2732 4297 2923 4364 spatia,
2945 4300 3160 4358 minora
3189 4307 3486 4366 minoribus
3505 4315 3617 4368 suis
3645 4331 3776 4386 par-

2179 4368 2340 4518 tisius,
2369 4383 2424 4430 et
2450 4379 2670 4449 majoraÂ»
2683 4385 2995 4461 majoribus,
3025 4405 3156 4464 puto
3173 4399 3314 4468 quod
3337 4403 3446 4472 jam
3475 4368 3774 4475 prudenti:-

2179 4474 2206 4514 a
2249 4475 2444 4518 vertas.

2175 4474 2444 4523 advertas.

2165 4585 2172 4590 -
2247 4557 2474 4617 CAPUT
2511 4563 2868 4650 XXII.7-56.
2897 4573 3086 4633 Restat
3111 4583 3399 4642 ostendere
3417 4592 3772 4659 quemadmoâ€”
3801 4599 3808 4608 '

2175 4650 2332 4720 dum,
2371 4662 2614 4728 quamvis
2649 4675 2704 4720 et
2738 4671 2952 4739 proprie
2975 4672 3183 4730 dicatur
3207 4650 3457 4751 spiritus,
3503 4699 3611 4741 non
3637 4687 3768 4743 uni-

2172 4759 2324 4802 versa
2353 4753 2550 4819 anima;
2575 4757 2668 4811 sed
2695 4759 2890 4830 aliquid
2921 4764 3107 4833 ipsius,
3137 4770 3274 4825 sicut
3299 4775 3587 4844 Apostolus
3609 4779 3766 4849 dicit,

2172 4837 2243 4890 Et
2269 4839 2462 4912 integer
2484 4847 2694 4914 spiritus
2719 4862 2899 4920 vester,
2921 4865 2970 4910 et
2994 4859 3167 4914 anima
3185 4904 3200 4928 ,
3231 4874 3280 4917 et
3299 4837 3484 4938 corpus
3509 4867 3552 4937 (l
3573 4869 3766 4930 Thess.

2171 4945 2224 4996 Î½,
2251 4931 2377 5002 25);
2406 4938 2488 4991 vel
2515 4939 2640 4995 illud
2665 4945 2832 5000 multo
2855 4953 3161 5018 expressius
3191 4955 3242 5010 in
3272 4931 3408 5014 libro
3435 4931 3558 5030 Job,
3583 4965 3768 5022 Absol-

2169 5022 2283 5078 visti
2309 5027 2530 5082 animum
2555 5047 2718 5088 meam
2737 5035 2798 5089 ab
2819 5039 2997 5109 spiritu
3019 5060 3130 5098 meo
3155 5045 3278 5117 (Job
3301 5065 3393 5116 vn,
3422 5067 3523 5108 sec.
3545 5022 3720 5130 LXX)
3749 5075 3768 5115 :

2168 5122 2348 5172 tamen
2391 5129 2446 5174 et
2491 5124 2735 5182 universa
2773 5131 2949 5188 anima
2993 5138 3290 5206 appelletur
3335 5141 3440 5200 hoc
3493 5122 3764 5220 nomine;

2167 5210 2410 5277 quamvis
2435 5215 2603 5270 multo
2629 5221 2800 5290 magis
2820 5223 2934 5280 haec
2957 5231 3182 5297 qurestio
3211 5235 3486 5292 nominum
3511 5239 3768 5300 videatur

2168 5314 2322 5369 esse,
2367 5319 2473 5359 non
2505 5321 2708 5364 rerum.
2737 5312 2870 5368 Cum
2896 5318 3038 5372 enim
3067 5331 3280 5380 constet
3315 5341 3436 5383 esse
3473 5330 3676 5403 aliquid
3707 5335 3768 5392 in

2165 5394 2358 5461 anima,
2383 5400 2526 5468 quod
2563 5407 2778 5475 proprie
2801 5407 3022 5478 spiritus
3048 5417 3351 5475 nominetur
3377 5463 3392 5489 ,
3437 5439 3544 5494 quo
3589 5441 3762 5484 exce-

2165 5493 2256 5554 pto
2301 5493 2518 5561 proprie
2596 5513 2907 5556 nominatur
2967 5514 3023 5560 et
3089 5511 3264 5566 anima
3293 5555 3308 5579 ,
3379 5493 3492 5585 jam
3543 5517 3614 5576 de
3663 5537 3766 5578 re-

2164 5577 2262 5634 bus
2303 5583 2433 5652 ipsis
2475 5588 2616 5642 nulla
2662 5595 2933 5650 contentio
2973 5607 3088 5665 est;
3127 5577 3421 5672 praesertim
3464 5611 3588 5681 quia
3621 5613 3770 5674 illud

2163 5673 2322 5730 etiam
2348 5692 2448 5748 ego
2466 5679 2586 5735 dico
2607 5685 2818 5754 proprie
2841 5693 3016 5745 vocari
3045 5695 3312 5766 spiritum,
3337 5673 3562 5772 quod-et
3585 5713 3642 5760 tu
3665 5673 3766 5763 di-

2162 5766 2259 5834 cis,
2295 5768 2345 5822 id
2375 5779 2476 5837 est,
2505 5788 2611 5841 quo
2643 5777 3023 5840 ratiocinamur
3049 5795 3105 5842 et
3133 5766 3507 5864 intelligimus,
3533 5799 3768 5871 quando

2228 5861 2246 5894 Î¹
2269 5861 2343 5912 sic
2363 5869 2468 5914 uss.
2492 5865 2628 5930 udiu,
2650 5867 2900 5932 plicatam
