3984 6514
175 384 270 446 με
1523 368 1721 424 usus
1757 366 2100 436 QUARTUS.

179 505 238 562 ita
261 497 498 556 distincte
536 493 643 550 ista
669 495 962 562 dicuntur,
999 489 1441 564 quemadmodum
1470 485 1754 556 Apostolus

182 597 260 660 sit,
287 591 345 645 Et
364 593 556 659 integer
577 588 801 657 spiritus
827 598 1004 649 vester,
1028 595 1074 640 et
1094 585 1285 648 anima,
1305 579 1354 648 et
1376 595 1580 649 corpus.
1605 577 1755 630 Hunc

179 696 332 744 autem
355 680 611 752 spiritum
638 680 810 735 etiam
835 689 1067 734 mentem
1093 675 1300 729 videtur
1323 671 1609 742 appellare,
1632 683 1752 722 cum

179 781 319 842 dicit,
349 775 524 830 lente
566 775 737 830 servio
772 773 871 844 legi
907 772 1028 838 Dei,
1069 785 1218 824 carne
1242 778 1409 822 autem
1437 764 1533 835 legi
1559 761 1753 835 peccati

181 871 327 945 (licet.
355 883 448 930 vn,
474 864 598 938 25).
631 865 771 920 Nam
800 865 917 934 ipsa
946 860 1209 918 sententia
1238 867 1353 921 est,
1388 856 1452 910 Et
1481 871 1598 908 caro
1626 870 1750 907 cou-

178 961 360 1032 cspiscit
384 959 633 1013 adversus
661 958 926 1027 spiritum,
959 963 1008 1010 et
1033 952 1243 1023 spiritus
1274 949 1512 1003 adversus
1551 960 1753 1000 carnem

179 1056 352 1130 (Colat.
374 1070 432 1118 ν,
463 1054 594 1115 i7):
630 1051 858 1121 utquod
890 1049 961 1103 ibi
986 1047 1132 1111 dicit,
1161 1053 1428 1106 mentem;
1460 1041 1563 1094 hoc
1593 1038 1751 1094 intel-

177 1149 340 1218 ligatur
368 1146 461 1200 hic
487 1144 738 1213 spiritum
765 1141 948 1196 dicere
979 1158 994 1194 :
1043 1154 1146 1193 non
1176 1136 1313 1191 sicut
1354 1145 1408 1188 tu
1447 1132 1748 1198 existimas,

177 1259 196 1292 ι
218 1238 514 1293 universam
539 1244 777 1290 mentem
807 1232 1008 1296 vomri,
1034 1245 1152 1300 quae
1178 1234 1387 1283 constat
1413 1240 1478 1280 ex
1503 1224 1678 1278 anima
1699 1229 1753 1276 et

172 1332 372 1402 spiritu;
410 1349 434 1382 ι
485 1329 634 1400 quod
664 1328 753 1382 ubi
782 1327 1011 1397 legeris,
1054 1323 1254 1378 nescio.
1289 1321 1519 1376 Mentem
1559 1318 1752 1388 quippe

172 1432 410 1486 nostram,
445 1422 549 1476 nisi
583 1419 842 1475 rationale
863 1427 917 1473 et
938 1415 1287 1472 intellectuale
1313 1421 1550 1467 nostrum
1573 1411 1752 1465 dicere

169 1530 258 1573 seu
285 1513 534 1568 solemus
569 1527 674 1568 :ae
713 1526 809 1582 per
852 1509 954 1565 hoc
983 1507 1122 1578 quod
1159 1506 1235 1560 ait
1267 1505 1404 1559 idem
1433 1501 1711 1573 apostolus
1735 1540 1750 1567 ,

167 1608 492 1666 πεπαιτήηί
507 1616 682 1661 autem
701 1605 884 1675 spiritu
903 1603 1082 1657 mentis
1104 1608 1278 1654 vestra
1298 1597 1512 1671 (Ephes.
1538 1611 1608 1662 tv,
1631 1593 1745 1664 23);

167 1702 273 1774 quid
299 1701 452 1754 aliud
483 1700 651 1763 dicit,
683 1698 806 1761 nisi,
841 1695 1186 1750 Renovamini
1217 1701 1394 1747 mente
1423 1689 1638 1745 vestra?
1662 1688 1752 1743 Sic

165 1793 289 1849 enim
315 1791 548 1860 spiritus
578 1789 776 1844 mentis
803 1788 934 1842 nihil
963 1795 1044 1841 est
1067 1784 1210 1840 aliud
1231 1799 1388 1854 quam
1414 1797 1587 1847 mens,
1619 1795 1752 1851 quo-

165 1884 307 1940 modo
321 1898 535 1960 corpus
557 1882 737 1938 carnis
757 1881 890 1934 nihil
915 1878 1053 1933 aliud
1077 1885 1250 1948 potest
1270 1891 1390 1930 esse
1408 1888 1568 1944 quam
1589 1887 1748 1928 caro:

165 1991 270 2031 nam
289 1982 341 2030 et
368 1973 481 2028 hoc
493 1974 758 2044 scriptum
787 1981 890 2038 est,
915 1969 984 2023 In
1009 1968 1370 2038 exspolintione
1390 1965 1614 2035 corporis
1631 1979 1749 2016 car-

166 2067 233 2120 tris
250 2065 473 2135 (Celoss.
503 2082 565 2129 ιι,
591 2064 716 2136 li);
744 2064 832 2118 ubi
854 2077 1067 2118 carnem
1088 2075 1284 2130 corpus
1301 2059 1478 2114 carnis
1496 2057 1746 2128 appellat.

166 2159 285 2216 Dicit
308 2171 448 2213 sane
465 2165 527 2212 et
547 2157 659 2211 alio
683 2156 844 2210 modo
864 2155 1110 2224 spiritum
1134 2153 1389 2217 hominis,
1413 2165 1569 2220 quem
1599 2165 1751 2220 pror-

161 2268 244 2309 sus
264 2268 294 2306 a
321 2261 514 2306 mente
535 2249 836 2305 discernit:
870 2249 931 2303 Si
951 2247 1083 2302 enim
1104 2261 1311 2299 orauere
1333 2245 1526 2315 lingua,
1554 2243 1746 2312 inquit,

158 2345 349 2415 spiritus
395 2359 548 2397 meus
591 2351 736 2408 erat,
781 2357 919 2395 mens
956 2347 1123 2393 autem
1165 2354 1274 2392 mea
1319 2337 1634 2408 infructuosa
1677 2342 1750 2388 est

160 2437 199 2508 (l
218 2438 328 2492 Cor.
359 2453 438 2504 Iv,
471 2436 590 2508 ιι).
622 2436 822 2491 Verum
849 2449 987 2488 nunc
1014 2449 1117 2487 non
1144 2431 1211 2486 de
1237 2432 1338 2484 isto
1357 2431 1556 2500 spiritu
1581 2429 1750 2498 loqui-

158 2547 285 2598 mur,
304 2531 400 2602 qui
423 2541 510 2585 est
535 2546 570 2584 a
590 2537 777 2585 mente
797 2529 1095 2584 distinctus.
1120 2525 1291 2581 Habet
1309 2526 1408 2580 iste
1437 2539 1588 2578 suam
1613 2537 1749 2576 eam-

161 2626 380 2696 demque
408 2623 693 2679 dil‘ﬁeilem
738 2623 1087 2693 quaestionem
1121 2636 1136 2672 :
1169 2619 1348 2673 multis
1390 2617 1532 2672 enim
1577 2613 1749 2669 modis

155 2726 306 2788 atque
348 2716 405 2770 in
435 2715 668 2771 diversis
711 2712 1186 2784 signiﬁcationibus
1225 2709 1514 2778 Scriptura:
1553 2706 1748 2760 divinae

156 2808 400 2880 spiritum
443 2807 723 2861 nominant
756 2823 771 2859 :
815 2804 907 2859 sed
945 2805 1013 2858 de
1053 2819 1160 2873 quo
1193 2816 1333 2856 nunc
1370 2799 1608 2870 agimus,
1643 2809 1749 2866 quo

157 2904 570 2965 ratiocinamur,
615 2900 993 2970 intelligimus,
1049 2898 1313 2969 sapimus;
1359 2901 1568 2948 constat
1611 2891 1751 2944 inter

143 3008 272 3070 ,nos
291 2993 371 3047 sic
389 3008 511 3048 eum
530 2993 683 3048 etiam
703 2990 920 3061 proprie
945 2989 1188 3058 spiritum
1216 2983 1528 3054 nuncupari,
1556 2991 1618 3037 ut
1642 2996 1746 3035 non

164 3089 238 3144 sit
267 3089 516 3142 universa
541 3087 736 3149 anima,
769 3084 867 3139 sed
895 3081 1092 3152 aliquid
1121 3081 1257 3150 ejus.
1285 3079 1487 3133 Tamen
1516 3077 1747 3130 animam

162 3183 322 3239 etiam
348 3181 593 3251 spiritum
621 3194 764 3246 esse,
789 3179 832 3233 si
864 3186 1143 3248 propterea
1167 3189 1347 3245 negas,
1370 3173 1492 3244 quia
1521 3172 1637 3241 ejus
1662 3171 1746 3224 in-

165 3273 444 3344 teiligentia
492 3271 748 3326 distincte
781 3269 977 3324 dicitur
1018 3267 1267 3337 spiritus;
1309 3263 1510 3337 poteris
1549 3277 1747 3334 negare

173 3365 463 3419 universum
494 3377 684 3418 semen
713 3361 881 3416 Iacob
896 3359 1149 3430 appellari
1177 3358 1356 3422 Israel,
1375 3357 1626 3427 quoniam
1649 3370 1746 3410 ex-

167 3467 309 3527 cepto
354 3456 527 3523 Iuda,
570 3455 732 3510 etiam
776 3453 1022 3508 distincte
1060 3451 1354 3522 appellatus
1391 3447 1664 3502 est-Israel
1694 3447 1747 3502 in

169 3551 396 3605 tribubus
415 3549 630 3615 decem,
653 3564 774 3619 qua:
790 3547 841 3600 in
864 3546 1101 3602 Samaria
1129 3553 1254 3598 tunc
1275 3542 1486 3597 luerunt
1508 3539 1594 3614 (111
1617 3539 1744 3610 Reg.

168 3658 254 3710 sn,
281 3642 398 3713 28).
422 3641 529 3698 Sed
557 3640 685 3710 quid
709 3655 842 3710 opus
873 3647 956 3693 est
981 3638 1065 3691 hic
1091 3635 1291 3690 diutius
1318 3631 1627 3687 immorari?

228 3734 454 3791 CAPUT
510 3733 916 3789 XXlll.—57.
971 3731 1088 3787 lam
1143 3745 1286 3785 nunc
1342 3728 1483 3783 unde
1540 3727 1748 3782 facilius

170 3827 528 3893 ostendamus,
562 3826 784 3882 attende
810 3841 928 3880 eam
954 3840 1072 3895 quae
1100 3825 1275 3878 anima
1307 3831 1410 3890 est,
1437 3823 1596 3877 etiam
1635 3821 1748 3889 spi-

170 3918 317 3973 ritum
351 3919 495 3985 dici,
533 3935 657 3974 cum
685 3917 838 3974 audis
867 3918 950 3974 vel
980 3917 1141 3987 legis,
1182 3915 1410 3970 Domino
1449 3915 1745 3980 moriente,

173 4013 298 4084 quod
318 4015 581 4084 scriptum
601 4021 705 4078 est,
734 4011 801 4066 Et
825 4013 1071 4066 inclinato
1099 4013 1263 4083 capite
1280 4010 1488 4065 tradidit
1515 4011 1748 4079 spiritum

174 4103 338 4190 (loga.
379 4121 508 4172 xix,
541 4104 680 4175 30):
724 4105 794 4158 ita
822 4105 902 4159 vis
926 4105 1144 4176 intelligi
1170 4146 1186 4168 ,
1234 4114 1484 4175 tanquam
1527 4118 1558 4156 a
1599 4109 1749 4172 parte

174 4199 545 4274 significaverit
587 4207 792 4264 totum,
825 4213 932 4252 non
957 4197 1097 4268 quod
1143 4213 1203 4253 ea
1250 4214 1366 4268 qua:
1409 4196 1583 4250 anima
1632 4205 1742 4260 est,

175 4291 327 4359 possit
350 4299 405 4346 et
432 4291 655 4361 spiritus
685 4291 1000 4359 nuncupari.
1043 4292 1114 4344 At
1139 4305 1238 4358 ego
1268 4299 1323 4343 ut
1353 4289 1551 4359 possim
1583 4303 1748 4357 expe-

177 4381 322 4438 ditius
347 4383 581 4453 probare
617 4383 760 4454 quod
787 4383 942 4451 dico,
981 4393 1033 4440 te
1071 4384 1243 4453 ipsum
1286 4396 1474 4444 testem
1515 4385 1671 4438 citius
1697 4393 1750 4438 et

177 4477 495 4532 commodius
521 4477 811 4533 adhibebo.
843 4478 930 4534 Sic
961 4479 1101 4533 enim
1127 4478 1370 4546 spiritum
1401 4477 1663 4543 definisti,
1694 4485 1750 4531 ut

180 4581 355 4638 pecora
388 4581 684 4641 appareant
710 4586 816 4625 non
853 4571 1097 4641 Spiritum
1125 4571 1350 4661 haliel'e,
1379 4571 1472 4626 sed
1494 4571 1747 4625 animam.

181 4657 491 4716 inrationalia
523 4663 724 4733 quippe
755 4662 876 4718 ideo
904 4663 1180 4729 dicuntur,
1215 4657 1356 4734 quod
1383 4666 1488 4718 vim
1516 4679 1619 4718 non
1652 4665 1750 4718 ha-

180 4751 322 4811 beant
359 4756 724 4827 intelligentia:
759 4766 922 4828 atque
955 4745 1195 4813 rationis.
1236 4757 1386 4814 Unde
1420 4774 1539 4814 cum
1573 4758 1749 4813 homi-

186 4859 289 4902 nem
317 4848 490 4920 ipsum
515 4849 838 4906 admonercs
873 4865 1023 4907 suam
1068 4865 1228 4908 nosse
1257 4863 1536 4918 naturam,
1567 4853 1640 4906 ita
1669 4854 1750 4906 lo-

185 4948 316 4992 eutus
353 4955 448 4995 es:
487 4959 506 4992 ι
536 4940 670 4996 Nam
710 4957 834 4996 cum
874 4942 1014 4996 Deus
1047 4941 1218 4998 bonus
1249 4942 1378 4997 nihil
1406 4958 1510 4997 non
1545 4944 1752 4999 ratione

186 5028 482 5097 condiderit,
517 5032 803 5103 ipsumque
832 5031 1102 5088 hominem
1131 5035 1330 5089 animal
1360 5036 1640 5101 rationale,
1663 5035 1749 5090 in-

186 5118 411 5175 tellectus
439 5137 690 5192 capacem
711 5165 728 5190 ,
759 5125 984 5180 rationis
1009 5135 1310 5197 compotem
1328 5169 1343 5194 ,
1376 5142 1642 5198 sensuque
1668 5126 1750 5181 vi-

183 5220 383 5279 vacem,
411 5213 503 5283 qui
529 5215 709 5268 omnia
739 5213 962 5270 rationis
992 5218 1231 5288 expertia
1260 5217 1504 5288 prudenti
1533 5218 1750 5273 ordina-

183 5299 312 5357 tione
350 5303 668 5371 distribuat,
703 5308 1082 5377 procreaverit.
1111 5326 1130 5360 ι
1167 5309 1258 5363 His
1288 5311 1392 5364 tuis
1423 5311 1598 5365 verbis
1622 5311 1751 5365 satis

178 5393 470 5462 asseruisti,
517 5397 663 5467 quod
702 5399 922 5454 omnino
963 5400 1298 5456 verissimum
1336 5413 1451 5468 est,
1481 5401 1751 5458 hominem

179 5496 290 5541 esse
311 5499 611 5561 compotem
642 5492 868 5547 rationis
891 5502 1053 5563 atque
1079 5494 1447 5567 intelligentia
1475 5511 1747 5567 capacem,

129 5565 136 5570 ’
179 5581 314 5648 quod
359 5585 537 5653 utique
582 5600 694 5641 non
741 5597 867 5641 sunt
920 5587 1167 5642 animalia
1213 5565 1433 5645 rationis
1489 5565 1747 5660 expertia.

179 5669 325 5730 Unde
362 5683 415 5731 et
454 5680 762 5734 testimonio
786 5679 1000 5746 divino,
1041 5697 1132 5738 eos
1167 5683 1258 5754 qui
1288 5700 1392 5738 non
1425 5684 1750 5756 intelligunt,

175 5771 448 5838 pecoribus
482 5775 843 5844 comparasti,
887 5791 994 5832 non
1020 5778 1203 5848 utique
1237 5778 1555 5835 habentibus
1594 5779 1753 5835 intel-

175 5857 362 5920 bctum
391 5861 562 5937 (Psal.
589 5883 787 5938 XLthl,
819 5867 930 5940 15).
960 5869 1111 5938 Quod
1135 5880 1190 5929 ει
1217 5873 1323 5930 alio
1350 5876 1467 5933 loco
1495 5872 1750 5948 scriptum

3333 383 3438 445 546

1866 490 1981 549 est,
2017 483 2192 539 Nolite
2228 504 2334 542 esse
2369 489 2499 544 sicut
2537 509 2691 564 equus
2725 501 2772 547 et
2799 493 2993 562 mulus,
3032 496 3208 568 quibus
3237 516 3336 554 non
3372 513 3445 556 est

1861 572 2142 628 intellectus
2174 575 2342 646 (Psal.
2374 595 2518 645 XXXI,
2551 581 2627 652 9).
2673 584 2802 650 Qum
2831 600 2951 639 cum
2983 588 3051 640 ita
3079 589 3202 654 sint,
3230 592 3441 648 attende

1862 663 2022 718 etiam
2053 667 2242 735 quibus
2273 670 2447 724 verbis
2475 673 2724 742 spiritum
2750 676 3018 733 deﬁnieris
3055 689 3214 750 atque
3241 682 3443 740 descri-

1859 756 2064 827 pseris,
2106 773 2226 812 cum
2259 760 2403 815 illum
2452 765 2520 818 ab
2571 766 2744 820 anima
2793 768 3120 841 distinguere
3166 775 3437 835 nitereris.

1867 864 1887 900 ι
1912 848 2035 902 Haec
2063 850 2261 918 anima,
2295 870 2312 903 ι
2350 852 2540 922 inquis,
2576 873 2595 906 σ
2621 872 2739 926 qua:
2770 875 2834 912 ex
2866 860 2990 915 ﬂatu
3025 864 3118 918 Dei
3145 867 3303 922 habet
3328 871 3437 925 ori-

1857 941 2069 1010 ginem,
2120 942 2237 998 sine
2277 959 2439 999 sensu
2484 950 2696 1019 proprio
2736 962 2894 1022 atque
2936 955 3206 1014 intellectu
3252 963 3437 1018 intimo

1857 1050 1978 1089 esse
2019 1052 2124 1090 non
2157 1039 2344 1107 potuit,
2376 1041 2517 1111 quod
2547 1053 2629 1096 est
2657 1045 2893 1113 Spiritus.
2936 1068 2955 1100 ι
2997 1050 3062 1104 Ει
3089 1057 3244 1121 paulo
3273 1069 3387 1126 post
3420 1077 3434 1112 :

1865 1144 1884 1178 ι
1915 1127 1980 1182 Ει
2022 1131 2264 1198 quamvis
2293 1132 2496 1198 anima,
2526 1153 2543 1186 ι
2580 1134 2783 1206 inquis,
2819 1157 2839 1190 s
2865 1141 3064 1196 animet
3090 1158 3312 1212 corpus;
3356 1158 3437 1202 ta-

1858 1236 1979 1275 men
2007 1223 2146 1292 quod
2178 1226 2362 1287 sentit,
2391 1227 2532 1296 quod
2558 1229 2723 1298 sapit,
2754 1233 2893 1302 quod
2923 1236 3090 1304 viget,
3121 1239 3337 1306 spiritus
3367 1243 3438 1297 sit

1859 1327 2076 1368 necesse
2100 1324 2200 1369 est.
2227 1335 2246 1367 ι
2277 1317 2406 1372 Item
2432 1321 2588 1388 paulo
2617 1331 2735 1390 post
2761 1340 2774 1375 :
2805 1343 2823 1374 ‹
2849 1325 3004 1379 Aliud
3033 1329 3154 1394 erit,
3186 1349 3205 1382 ι
3239 1331 3435 1401 inquis,

1865 1421 1883 1454 ι
1912 1405 2107 1469 anima,
2127 1417 2183 1461 et
2200 1409 2342 1463 aliud
2358 1411 2598 1480 spiritus,
2624 1414 2880 1484 sapientia
2901 1427 2955 1472 et
2973 1433 3161 1474 sensus
3177 1423 3387 1478 animre.
3413 1445 3430 1477 ι

1858 1495 1953 1551 His
1995 1499 2168 1553 verbis
2198 1501 2329 1556 satis
2377 1502 2578 1559 indicas
2605 1507 2732 1576 quid
2763 1523 2885 1563 esse
2924 1511 3165 1580 spiritum
3206 1514 3438 1572 hominis

1857 1591 2089 1658 sentias,
2123 1594 2175 1647 id
2212 1605 2322 1662 est,
2365 1598 2622 1654 rationale
2651 1610 2890 1658 nostrum
2911 1645 2926 1669 ,
2960 1621 3065 1676 quo
3093 1609 3252 1664 sentit
3280 1621 3439 1682 atque

1859 1683 2104 1754 intelligit
2142 1689 2317 1743 anima
2343 1707 2357 1755 ;
2391 1707 2494 1745 non
2527 1693 2664 1748 sicut
2693 1698 2921 1753 sentitur
2941 1699 2957 1730 ¹
2988 1703 3230 1770 corporis
3260 1706 3435 1760 sensi-

1857 1773 1975 1841 bus,
2007 1777 2100 1832 sed
2131 1779 2270 1834 sicut
2299 1792 2379 1836 est
2408 1782 2497 1838 ille
2528 1785 2744 1841 intimus
2772 1802 2983 1857 sensus,
3011 1808 3075 1847 ex
3104 1809 3208 1864 quo
3238 1805 3318 1850 est
3338 1814 3435 1868 ap-

1857 1870 2054 1940 pellata
2085 1876 2368 1930 sententia.
2402 1877 2538 1933 Hinc
2566 1890 2741 1936 autem
2772 1884 3052 1951 pecoribus
3081 1888 3198 1943 sine
3223 1889 3436 1945 dubita-

1857 1960 2002 2016 tione
2029 1966 2407 2034 praeponimur,
2439 1985 2506 2023 eo
2542 1971 2683 2042 quod
2713 1982 2839 2028 sunt
2869 1976 2958 2029 illa
2991 1978 3214 2034 rationis
3245 1997 3433 2053 exper-

1858 2055 1948 2109 tia.
1975 2055 2090 2112 Non
2122 2057 2318 2114 habent
2343 2063 2518 2132 itaque
2545 2066 2786 2135 Spiritum
2817 2083 3028 2137 pecora,
3063 2072 3113 2126 id
3145 2084 3242 2136 est,
3276 2075 3434 2130 intel-

1855 2147 2048 2204 lectum
2078 2160 2130 2206 et
2155 2153 2375 2208 rationis
2400 2171 2464 2211 ac
2489 2158 2768 2213 sapientiae
2794 2177 3008 2216 sensum
3032 2205 3046 2229 ,
3079 2165 3171 2218 sed
3203 2167 3434 2222 animam

1857 2248 2081 2294 tantum.
2112 2243 2243 2297 Nam
2272 2255 2326 2299 et
2351 2245 2419 2301 de
2446 2247 2550 2302 illis
2575 2249 2772 2304 dictum
2800 2260 2880 2305 est
2908 2271 2922 2305 :
2959 2252 3252 2310 Producant
3293 2275 3439 2328 aqua:

1855 2335 2080 2403 repentia
2110 2337 2393 2390 animarum
2422 2340 2727 2409 viventium;
2755 2351 2838 2407 et,
2868 2343 3130 2400 Producat
3159 2357 3290 2403 terra
3320 2352 3436 2404 ani-
3515 2401 3518 2404 λ

1856 2440 1988 2476 mam
2019 2426 2258 2480 uiuentem
2288 2428 2438 2500 (Gen.
2469 2447 2504 2495 ι,
2531 2432 2620 2497 20,
2648 2433 2764 2506 24).
2796 2434 2863 2490 Ut
2891 2451 3017 2508 ergo
3049 2438 3354 2508 plenissime
3376 2459 3439 2498 ac

1855 2517 2165 2586 planissime
2195 2522 2444 2588 noveris,
2477 2538 2594 2578 eam
2625 2541 2743 2598 que
2773 2527 2949 2582 anima
2981 2538 3088 2595 est,
3124 2548 3272 2588 more
3301 2535 3437 2589 divi-

1855 2623 2044 2663 norum
2091 2611 2422 2681 eloquiorum
2468 2617 2628 2672 etiam
2674 2617 2917 2687 spiritum
2967 2621 3103 2689 dici,
3143 2612 3439 2694 appellatur

1855 2700 2066 2768 pecoris
2094 2702 2332 2770 spiritus.
2367 2705 2432 2758 Et
2461 2706 2639 2778 utique
2683 2723 2785 2761 non
2819 2708 3015 2764 habent
3061 2728 3250 2780 pecora
3290 2715 3438 2770 illum

1853 2791 2118 2859 spiritum,
2148 2809 2307 2863 quem
2342 2803 2426 2849 tua
2461 2797 2682 2854 Dilectio
2710 2798 3020 2856 discernens
3048 2803 3114 2856 ab
3146 2805 3322 2860 anima
3347 2807 3442 2862 de-

1853 2882 2042 2938 ﬁnivit.
2075 2883 2227 2940 Unde
2257 2886 2599 2946 manifestum
2630 2900 2713 2945 est
2743 2893 2884 2962 quod
2915 2896 3150 2962 generali
3183 2899 3440 2954 vocabulo

1852 2975 2029 3030 anima
2060 2978 2270 3046 pecoris
2296 2990 2440 3035 recte
2469 2984 2639 3051 potuit
2663 2985 2741 3039 sic
2767 2988 2967 3053 vocari,
3001 2989 3138 3043 sicut
3166 2990 3357 3060 legitur
3385 2992 3440 3048 in

1852 3067 1988 3124 libro
2018 3070 2354 3127 Ecclesiaste:
2379 3092 2392 3128 :
2424 3074 2550 3141 Quis
2577 3078 2670 3133 scit
2688 3119 2705 3145 ,
2736 3079 2946 3149 spiritus
2969 3082 3195 3150 ﬁliorum
3224 3085 3440 3141 hominis

1851 3165 1898 3216 si
1921 3165 2158 3218 ascendat
2184 3167 2292 3237 ipse
2309 3184 2542 3235 sursum,
2573 3182 2620 3227 et
2649 3173 2855 3243 spiritus
2884 3178 3077 3244 pecoris
3102 3179 3146 3231 si
3170 3165 3438 3233 descendat

1851 3257 1964 3327 ipse
1992 3259 2227 3313 deorsum
2254 3261 2306 3314 in
2333 3272 2517 3316 terram
2538 3263 2733 3333 (Eccle.
2765 3282 2843 3334 ιιι,
2867 3267 2998 3338 2i)?
3026 3267 3259 3341 Itemque
3288 3272 3338 3327 in
3360 3272 3440 3326 die

1853 3349 1980 3405 luvii
2012 3353 2257 3407 vastitate
2299 3354 2370 3408 ita
2408 3356 2662 3426 scriptum
2701 3367 2784 3413 est
2810 3377 2822 3412 :
2861 3359 2929 3413 Et
2958 3372 3154 3415 mortua
3183 3372 3252 3417 est
3280 3366 3440 3418 omnis

1852 3457 2005 3509 caro,
2052 3458 2165 3514 qua:
2202 3445 2490 3499 movebatur
2515 3464 2670 3518 super
2697 3457 2902 3515 terram,
2936 3453 3212 3506 volatilium
3235 3495 3250 3521 ,
3293 3471 3442 3525 peco-

1852 3550 1986 3601 rum,
2017 3544 2064 3587 et
2083 3537 2433 3608 jumentorunt
2457 3579 2472 3604 ,
2504 3549 2550 3591 et
2580 3541 2823 3609 ferarum,
2857 3552 2903 3596 et
2933 3545 3094 3598 omnis
3123 3563 3325 3618 serpens
3353 3533 3440 3618 qui

1853 3637 2078 3680 movetur
2115 3645 2268 3696 super
2294 3639 2478 3684 terram
2507 3641 2554 3684 et
2581 3633 2742 3686 omnis
2785 3636 2934 3688 homo
2963 3677 2979 3702 ,
3009 3646 3056 3690 et
3097 3639 3265 3692 omnia
3293 3656 3436 3709 quae-

1852 3733 2062 3788 cumque
2089 3719 2270 3772 habent
2314 3721 2546 3790 spiritum
2585 3725 2699 3777 vita:
2725 3723 2876 3796 (Gen.
2910 3742 3012 3792 vn,
3044 3727 3107 3782 2i
3129 3769 3144 3795 ,
3171 3727 3283 3801 22).
3337 3731 3437 3786 Ubi

1853 3813 2074 3866 remotis
2127 3811 2377 3868 omnibus
2421 3815 2768 3872 dubitationis
2812 3819 3142 3890 ambagibus,
3189 3824 3439 3892 generale

1857 3918 2053 3959 nomen
2108 3904 2299 3958 anima:
2349 3921 2467 3961 esse
2517 3907 2893 3980 intelligimus,
2948 3914 3211 3982 spiritum.
3278 3915 3440 3987 Cujus

1793 4005 1798 4008 ‘
1853 3995 2068 4064 quidem
2104 3997 2338 4053 nominis
2371 3999 2685 4069 signiﬁcatio
2718 4013 2821 4057 tam
2854 4005 2958 4060 late
2987 4016 3163 4076 patet,
3198 4011 3438 4064 utetiam

1856 4087 1998 4144 Deus
2044 4099 2264 4144 vocetur
2309 4092 2526 4160 Spiritus
2571 4091 2748 4167 (Joan.
2779 4112 2850 4161 iv,
2880 4097 2993 4169 2i).
3045 4098 3109 4152 Et
3147 4100 3246 4156 iste
3285 4101 3440 4157 ﬂatus

1853 4194 2070 4247 aereus,
2103 4182 2345 4252 quamvis
2374 4185 2444 4238 sit
2479 4201 2790 4256 corporeus,
2819 4190 3115 4259 appellatur
3143 4191 3195 4245 in
3227 4192 3438 4249 Psalmo

1853 4273 2071 4342 spiritus
2120 4277 2450 4346 tempestatis
2504 4277 2673 4349 (Psal.
2721 4295 2840 4348 ιιν,
2873 4281 2952 4354 9).
3009 4283 3342 4356 Quapropter
3387 4295 3440 4342 et

1855 4379 2007 4430 eam,
2048 4381 2168 4435 qua:
2211 4369 2384 4421 anima
2415 4380 2498 4424 est
2519 4372 2560 4435 ',
2614 4373 2772 4426 etiam
2816 4374 3060 4443 Spiritum
3111 4379 3436 4448 nuncupari,

1857 4466 1985 4526 puto
2005 4457 2146 4527 quod
2171 4458 2475 4516 admonitus
2503 4461 2608 4528 his,
2628 4479 2746 4534 quas
2770 4479 3127 4521 commemora
3139 4469 3205 4536 vi,
3232 4469 3441 4524 divina-

1858 4568 1976 4608 rum
2025 4553 2342 4607 testimoniis
2389 4555 2732 4624 paginarum,
2784 4557 2870 4611 ubi
2902 4568 2954 4612 et
2996 4560 3170 4614 anima
3201 4563 3439 4631 pecoris,

1856 4645 1940 4701 cui
1972 4661 2076 4700 non
2103 4656 2186 4701 est
2213 4646 2532 4713 intellectus,
2563 4649 2827 4717 appellata
2856 4649 3048 4720 legitur
3071 4653 3309 4722 spiritus,
3338 4670 3443 4708 non

1865 4737 2082 4808 negabis
2125 4738 2368 4792 ulterius.
2411 4737 2670 4804 Quocirca
2710 4740 2754 4793 si
2796 4750 2850 4795 et
2892 4742 2978 4796 illa
3020 4759 3137 4813 quae
3167 4743 3235 4797 de
3264 4743 3441 4798 anima

1861 4829 2172 4898 incorporea
2216 4829 2482 4898 disputata
2534 4830 2658 4885 Sunt
2700 4834 2845 4902 capis
2889 4842 2946 4888 et
2987 4835 3164 4903 sapis,
3211 4850 3314 4889 non
3365 4846 3445 4892 est

1861 4921 2002 4976 unde
2050 4921 2142 4999 tibi
2187 4921 2526 4992 displiceam,
2561 4923 2700 4993 quod
2741 4940 2858 4980 eam
2899 4941 2985 4980 me
3015 4928 3152 4981 scire
3185 4926 3300 4982 dixi
3337 4943 3442 4983 non

1858 5027 2052 5084 corpus
2091 5029 2210 5068 esse
2230 5054 2244 5078 ,
2295 5013 2390 5068 sed
2425 5014 2669 5083 spiritum
2703 5031 2716 5067 :
2747 5015 2867 5084 quia
2894 5027 2948 5070 et
2969 5032 3162 5089 corpus
3188 5033 3293 5072 non
3324 5034 3446 5075 esse

1859 5117 2214 5174 monstratur,
2250 5116 2305 5162 et
2333 5108 2571 5177 generali
2598 5110 2811 5163 nomine
2837 5111 3053 5179 spiritus
3085 5121 3444 5183 nuncupatur.

1927 5200 2154 5256 CAPUT
2184 5196 2374 5254 XXI'V.
2398 5230 2468 5240 —
2495 5200 2585 5254 58.
2616 5199 2970 5268 Quamobrem
3011 5201 3054 5255 si
3095 5202 3192 5257 hos
3213 5202 3278 5256 ad
3311 5212 3360 5258 te
3386 5204 3442 5257 li-

1858 5293 1985 5348 bros
2012 5293 2248 5363 impensa
2310 5291 2594 5348 dilectione
2630 5295 2999 5362 conscriptos,
3053 5309 3276 5364 repensa
3318 5295 3451 5350 dile-

1859 5385 2037 5440 ctione
2061 5385 2226 5440 sumis
2247 5385 2462 5454 etlegis;
2481 5383 2525 5439 si
2553 5383 2604 5438 in
2625 5386 2882 5455 principio
2899 5386 3052 5454 primi
3071 5387 3144 5439 tui
3169 5385 3282 5439 libri
3297 5386 3448 5442 audis

1857 5488 1913 5534 et
1941 5487 1994 5534 te
2015 5479 2206 5548 ipsum,
2233 5487 2286 5532 et
2312 5476 2513 5542 studes,
2547 5478 2682 5534 sicut
2710 5479 2887 5532 dixisti
2915 5497 2924 5528 :
2949 5478 3163 5550 (Supra,
3190 5478 3280 5532 lib.
3311 5477 3367 5544 2,
3392 5497 3444 5534 u.

1857 5572 1973 5643 22),
1996 5582 2136 5626 tuam
2167 5571 2484 5626 sententiam
2513 5587 2618 5624 non
2640 5572 2770 5626 tueri
2797 5614 2811 5637 ,
2839 5572 2885 5625 si
2908 5570 3270 5640 improbabilis
3295 5571 3446 5627 dete—

1858 5675 2011 5738 gatur
2039 5683 2054 5719 :
2081 5664 2168 5718 illa
2196 5663 2461 5735 praecipue
2491 5663 2736 5719 undecim
2768 5679 2912 5728 cave,
2935 5664 3002 5719 de
3028 5663 3219 5734 quibus
3237 5666 3357 5748 tein
3385 5663 3450 5720 li-

1925 5825 1943 5856 ι
1977 5825 2050 5876 sic
2073 5830 2173 5872 Am.
2200 5829 2252 5872 et
2284 5829 2388 5871 Mss.
2421 5828 2569 5890 Atei.
2598 5828 2800 5890 ειμι,

1895 5925 1908 5932 ρ
1924 5891 1944 5921 ³
1976 5895 2103 5938 ttss.:
2131 5891 2426 5944 quapropter
2444 5892 2490 5937 et
2513 5883 2563 5934 in
2585 5883 2754 5938 auibus
2776 5883 2937 5934 anima
2957 5889 3045 5937 est.
