3984 6514
503 343 606 402 55!

506 456 804 530 rependere
846 454 1165 521 impensum.
1196 443 1332 512 Quid
1361 455 1444 498 est
1471 441 1614 497 enim
1643 440 1786 494 aliud
1822 438 2084 504 amicitia,

508 566 628 623 quae
654 565 758 605 non
799 543 1009 600 aliunde
1041 555 1198 610 quam
1225 553 1290 592 ex
1319 551 1500 592 amere
1539 550 1732 590 nomen
1769 533 2006 603 accepit.
2037 540 2092 586 et

512 657 770 714 nusquam
793 637 896 693 nisi
925 637 976 688 in
1003 633 1214 688 Christo
1241 629 1412 685 fidelis
1437 637 1556 695 est,
1597 629 1651 682 in
1693 643 1797 697 quo
1827 625 1942 680 solo
1967 638 2092 680 esse

511 739 669 795 etiam
692 730 1012 800 sempiterna
1039 741 1103 782 ac
1129 723 1483 793 felixpotest?
1508 719 1660 778 Unde
1679 729 1733 775 et
1755 727 2092 788 accepta-per

513 842 634 884 eum
665 825 880 879 fratrem
899 862 916 886 ,
943 835 1040 890 per
1063 833 1220 888 quem
1247 825 1300 870 te
1329 813 1638 868 familiarius
1665 811 1854 876 didici,
1890 807 2094 878 majore

511 918 722 979 ﬁducia,
741 929 902 970 ausus
928 927 1044 968 sum
1071 909 1268 980 aliquid
1295 908 1362 964 ad
1389 913 1532 962 tuam
1547 904 1938 962 Beatitudinem
1965 901 2098 957 scri-

511 1010 640 1064 bere
681 1007 753 1063 de
791 1006 875 1060 his
915 1003 1104 1069 rebus,
1149 1016 1270 1072 qua:
1315 1001 1416 1054 hoc
1458 1009 1699 1068 tempore
1739 995 2096 1066 episcopalem

511 1113 715 1164 curam,
749 1099 794 1152 si
822 1111 924 1167 qua
955 1096 1005 1150 in
1037 1091 1190 1148 nobis
1211 1099 1312 1157 cst,
1335 1089 1404 1144 ad
1430 1088 1756 1158 vigilantiam
1777 1087 1793 1118 ⁸
1817 1101 1924 1156 pro
1939 1100 2098 1157 grege

512 1190 783 1247 dominico
803 1187 1014 1244 stimulo
1041 1185 1339 1242 recentiore
1365 1180 1669 1237 sollicitant.

584 1284 638 1338 2.
669 1282 800 1338 Novi
841 1281 1036 1352 quippe
1065 1277 1333 1342 haeretici,
1367 1275 1568 1329 inimici
1595 1273 1778 1344 gratia:
1817 1271 1949 1338 Dei,
1981 1285 2099 1341 quae

520 1374 679 1430 datur
707 1371 914 1443 pusillis
941 1379 996 1432 et
1025 1369 1228 1440 magnis
1254 1383 1354 1438 per
1379 1367 1562 1421 Jesum
1605 1363 1874 1420 Christum
1914 1361 2098 1416 Domi-

513 1479 652 1520 mim-
671 1475 940 1528 nostrum,
971 1462 1069 1517 etsi
1095 1462 1203 1529 jam
1233 1457 1454 1514 cavendi
1489 1456 1791 1513 evidentius
1832 1455 2102 1524 apertiore

515 1557 944 1628 improbationeII
991 1560 1386 1616 monstrantur;
1439 1564 1546 1604 non
1601 1557 1776 1603 tamen
1823 1548 2104 1618 quiescunt

517 1647 734 1716 scriptis
773 1645 888 1702 suis
929 1645 1103 1698 minus
1131 1651 1410 1716 cantorum
1441 1640 1525 1696 vel
1565 1639 1740 1694 minus
1769 1637 2098 1693 eruditorum

517 1703 680 1799 corda
711 1749 935 1796 tentare.
962 1738 1165 1806 Quibus
1185 1703 1534 1806 utique‘asset
1559 1730 2009 1802 reSpondendum,
2035 1744 2104 1786 ne

518 1849 581 1890 se
606 1832 692 1888 vel
721 1845 848 1888 suos
877 1831 930 1886 in
957 1829 1049 1884 illo
1075 1827 1303 1884 nefando
1326 1841 1512 1882 errore
1537 1825 1841 1890 ﬁrmarent,
1869 1823 2027 1878 etiam
2058 1821 2104 1876 si

519 1941 626 1984 non
663 1933 1054 1988 metueremus,
1081 1937 1150 1976 ne
1179 1935 1497 1991 quemquam
1535 1917 1929 1974 Catholicurum
1960 1915 2104 1970 veri-

519 2015 682 2072 simili
725 2029 974 2070 sermone
1015 2013 1346 2082 deciperent.
1378 2012 1506 2066 Cum
1540 2025 1668 2066 vero
1708 2025 1812 2064 non
1859 2009 2110 2063 desinant

519 2105 752 2160 fremere
776 2104 843 2158 ad
870 2101 1120 2158 dominici
1150 2102 1326 2171 gregis
1347 2100 1546 2166 caulas,
1573 2110 1731 2169 atque
1759 2100 1826 2153 ad
1852 2098 2105 2168 diripien-

517 2195 616 2252 das
641 2203 787 2250 tanto
816 2195 985 2264 pretio
1017 2193 1320 2264 redemptas
1347 2207 1495 2255 oves,
1530 2191 1706 2248 aditus
1733 2189 2108 2259 undecumque

519 2287 723 2352 rimari,
751 2286 1152 2354 communisque
1177 2285 1246 2338 sit
1271 2284 1518 2338 omnibus
1545 2283 1697 2337 nobis
1723 2283 1812 2352 qui
1835 2282 2102 2352 fungimur

526 2381 862 2452 episcopatus
890 2378 1068 2434 ofﬁcio
1118 2377 1400 2448 (quamvis
1439 2377 1552 2446 ipse
1584 2376 1634 2430 in
1665 2391 1726 2430 ea
1753 2375 2108 2448 przeemineas

521 2469 748 2526 celsiore
768 2467 980 2538 faStigio
1000 2467 1019 2539 )
1040 2467 1254 2537 specula
1276 2465 1590 2535 pastoralis'
1617 2485 1628 2520 :
1661 2465 1798 2520 facio
1822 2465 1960 2536 quod
1989 2481 2109 2535 pos-

523 2575 640 2617 sum
667 2575 766 2632 pro
790 2558 896 2616 mei
921 2559 1178 2630 particula
1206 2556 1461 2624 muneris,
1490 2565 1745 2627 quantum
1775 2557 1904 2611 mihi
1931 2557 2112 2611 Domi-

523 2667 626 2708 nus
655 2652 1027 2722 adjuvantibus
1055 2650 1382 2705 orationibus
1405 2650 1508 2703 tuis
1535 2649 1740 2705 donare
1759 2649 2029 2720 dignatur,
2053 2659 2113 2704 ut

524 2743 896 2817 pestilentibus
917 2750 971 2797 et
998 2741 1369 2796 insidiantibus
1391 2756 1578 2796 eorum
1601 2741 1814 2810 scriptis
1839 2740 2110 2796 medentia

525 2849 582 2896 et
609 2839 902 2896 munientia
929 2837 1124 2908 scripta
1153 2835 1510 2907 premendam;
1541 2835 1733 2906 quibus
1779 2835 1957 2890 rabies
2006 2850 2113 2906 qua

533 2929 769 2994 furiunt,
801 2937 892 2984 aut
920 2929 1083 2984 etiam
1119 2929 1234 2999 ipsa
1265 2933 1501 2994 sanetur,
1533 2937 1624 2981 aut
1647 2941 1676 2980 a
1707 2926 1966 2982 laedendis
1992 2925 2113 2980 aliis

527 3023 840 3094 repellatur.

600 3115 654 3172 5.
684 3116 811 3170 Haec
833 3123 1010 3170 autem
1039 3129 1158 3186 qua:
1183 3111 1388 3168 duabus
1409 3111 1663 3181 Epistolis
1683 3125 1866 3165 eorum
1895 3126 2115 3180 respon-

531 3209 670 3267 deo:
695 3210 784 3264 uni
812 3209 1017 3264 scilicet
1041 3222 1200 3277 quam
1225 3205 1420 3262 dicitur
1449 3205 1674 3262 Romam
1701 3204 1914 3259 misisse
1943 3204 2114 3260 Julia-

531 3318 656 3370 nus,
671 3301 832 3358 credo
849 3311 904 3356 ut
919 3316 1014 3371 per
1029 3300 1194 3365 illam,
1215 3313 1346 3370 quos
1357 3307 1562 3368 posset,
1580 3313 1705 3352 suos
1722 3306 1812 3351 aut
1833 3298 2113 3366 inveniret,

531 3401 625 3450 aut
665 3393 892 3459 faceret,
936 3392 1090 3446 alteri
1134 3399 1311 3446 autem
1342 3406 1500 3460 quam
1532 3390 1714 3444 decem
1747 3401 1800 3444 et
1826 3399 1948 3445 octo
1973 3390 2118 3445 velut

534 3485 768 3556 episcopi
797 3485 1077 3554 participes
1105 3483 1218 3552 ejus
1244 3483 1464 3548 erroris,
1489 3497 1593 3538 non
1616 3481 1680 3536 ad
1703 3481 1993 3552 quoslibet,
2019 3481 2114 3536 sed

533 3575 602 3631 ad
629 3576 729 3630 loci
751 3575 917 3644 ipsius
939 3575 1250 3644 episcopum
1271 3587 1366 3626 sua
1389 3571 1680 3626 calliditate
1707 3571 2038 3634 tentandum,
2063 3581 2119 3628 et

534 3667 602 3721 ad
632 3680 754 3721 suas
785 3675 982 3736 partes,
1011 3663 1055 3718 si
1079 3670 1262 3734 posset
1284 3661 1418 3728 fieri,
1438 3661 1842 3728 traducendum,
1863 3663 1974 3716 ausi
1995 3671 2120 3716 sunt

536 3757 967 3815 Thessalonicam
992 3757 1226 3812 scribere
1251 3774 1264 3811 :
1292 3757 1407 3812 haec
1435 3771 1564 3826 ergo
1595 3773 1712 3826 qua:
1739 3756 1873 3822 istis,
1901 3764 1961 3810 ut
1986 3755 2116 3824 dixi,

536 3850 740 3906 duabus
763 3850 1010 3920 Epistolis
1033 3850 1267 3916 illorum,
1298 3850 1396 3904 ista
1418 3850 1777 3918 disputatione
1798 3849 2116 3920 reSpondeo,

535 3945 603 4000 ad
651 3955 788 3999 tuam
833 3943 1164 4014 potissimum
1206 3941 1436 4012 dirigere
1463 3943 1844 4008 Sanctitatem,
1877 3957 1981 3995 non
2013 3951 2120 3996 tam

538 4036 786 4093 discenda
816 4052 972 4104 quam
1003 4033 1386 4100 examinanda,
1429 4044 1483 4088 et
1527 4034 1614 4088 ubi
1659 4033 1879 4087 forsitan
1925 4033 2121 4104 aliquid

539 4127 889 4200 displicuerit,
910 4126 1236 4182 emendanda
1261 4125 1534 4180 constitui.
1561 4123 1817 4180 Indicavit
1835 4126 1974 4180 enim
1995 4125 2121 4179 mihi

539 4224 704 4279 frater
733 4237 902 4298 meus,
936 4219 1073 4290 quod
1103 4235 1194 4273 eas
1221 4219 1294 4273 illi
1325 4217 1454 4272 dare
1485 4220 1600 4287 ipse
1624 4217 1870 4287 dignatus
1900 4217 1979 4282 es,
2003 4233 2124 4288 quae

541 4316 596 4370 in
625 4323 742 4370 tuas
768 4327 989 4376 manus,
1021 4312 1122 4366 nisi
1153 4309 1555 4382 vigilantissima
1598 4312 1872 4380 diligentia
1904 4311 2123 4366 fratrum

541 4417 848 4464 nostrorum
875 4403 1104 4458 filiorum
1135 4412 1372 4467 tuorum,
1400 4402 1581 4458 venire
1609 4419 1714 4456 non
1755 4404 1978 4471 possint.
2009 4405 2126 4473 Ago
2165 4407 2171 4420 ‘

541 4509 718 4557 autem
749 4499 947 4571 gratias
973 4498 1352 4553 sincerissimm
1379 4497 1429 4550 in
1459 4511 1558 4550 nos
1585 4496 1968 4552 benevolentiae
1997 4506 2121 4564 tute,

543 4594 684 4667 quod
711 4610 800 4648 eas
825 4609 910 4648 me
939 4593 1105 4648 latere
1130 4591 1345 4646 noluisti
1375 4591 1603 4646 Litteras
1634 4591 1968 4645 inimicorum
1996 4607 2128 4660 gra-

547 4689 634 4742 tiae
663 4687 788 4752 Dei,
807 4687 858 4740 in
890 4686 1079 4756 quibus
1103 4684 1345 4754 reperisti
1375 4699 1567 4740 nomen
1597 4699 1772 4738 meum
1798 4682 2128 4739 calumniose

545 4788 705 4852 atque
729 4777 998 4832 evidenter
1021 4792 1352 4846 expressum.
1373 4776 1478 4830 Sed
1500 4790 1657 4846 spero
1677 4775 1745 4830 de
1770 4776 1993 4832 Domino
2019 4775 2127 4832 Deo

545 4879 751 4934 nostro,
777 4867 915 4938 quod
945 4883 1046 4922 non
1075 4868 1190 4922 sine
1217 4867 1460 4922 mercede
1488 4883 1607 4937 quae
1635 4868 1688 4920 in
1713 4867 1863 4922 cmlis
1901 4875 1983 4920 est
2005 4908 2018 4930 ,
2055 4867 2130 4934 illi

547 4979 634 5019 me
659 4965 896 5016 lacerant
919 4959 1076 5015 dente
1103 4960 1384 5026 maledico,
1412 4959 1604 5029 quibus
1632 4974 1714 5012 me
1741 4973 1841 5028 pro
1869 4958 2126 5028 parvulis,

547 5071 616 5110 ne
646 5053 812 5108 fallaci
846 5051 1105 5106 laudatori
1145 5052 1358 5122 Pelagio
1390 5050 1576 5120 perditi
1613 5050 2002 5120 relinquantur,
2034 5049 2130 5106 sed

550 5147 725 5202 veraci
769 5144 1017 5198 Salvatori
1045 5129 1256 5198 Christo
1287 5141 1542 5196 liberandi
1570 5140 1878 5208 oli'erantur,
1897 5157 2129 5210 oppono.

527 5244 532 5294 ἓ
619 5235 842 5292 CAPUT
873 5235 936 5290 il.
960 5264 1032 5276 -—-
1054 5239 1108 5292 4.
1133 5232 1401 5302 Julianum
1439 5233 1702 5303 impugnat
1739 5242 2040 5288 asserentth
2066 5231 2132 5286 li-

615 5463 634 5527 ξ
668 5457 888 5527 Gallicam
911 5455 1220 5527 manuscripti
1243 5491 1264 5527 ._
1282 5467 1325 5527 st
1347 5454 1508 5527 quain
1535 5451 1669 5506 nobis
1703 5459 1772 5504 est
1805 5451 2068 5517 vigilantia.

616 5523 636 5553 ³
673 5527 722 5570 ιιι
743 5518 916 5568 iisdem
937 5524 1068 5580 Ms_s..
1092 5518 1409 5580 improbitate.

617 5585 638 5615 ³
671 5589 744 5630 Er.
773 5588 824 5643 et
845 5587 974 5640 l.ov.,
999 5577 1050 5629 in
1072 5593 1126 5629 eo
1143 5577 1454 5643 praeminens
1479 5577 1677 5630 celsiore
1707 5577 1898 5643 fastigio
1929 5577 2138 5643 specula

555 5639 826 5712 pastoralis.
851 5633 1019 5691 Verius
1034 5633 1228 5712 antiqua
1248 5642 1402 5712 editio
1419 5651 1520 5712 am.
1543 5651 1601 5712 et_
1609 5633 2035 5712 M§s3_call'icani‘ac
2051 5649 2138 5690 va-

779 5701 830 5754 in
871 5717 930 5754 ea
973 5701 1286 5769 praemittam
1329 5703 1530 5758 celsiore
1571 5701 1763 5768 fastigia
1813 5701 2008 5768 specula
2049 5715 2138 5766 pa-

1133 330 1407 388 CONTRA
1445 325 1626 383 DUAS
1663 323 2034 382 EPlS'l‘OLAS
2073 309 2628 388 PELAGIANORUM,
2669 323 2724 378 s.
2769 322 3133 380 AUGUSTINI

3671 323 3792 396 sse

2197 437 2368 491 berum
2393 436 2656 491 arbitrium
2685 447 2884 506 peccato
2909 438 3034 491 Ade:
3067 439 3291 509 periisse.
3330 437 3448 496 lam
3476 435 3656 508 itaque
3673 439 3789 496 Iuv

2197 529 2322 584 liani
2353 529 2768 598 respondeamus
2797 530 3064 600 Epistolas.
3095 547 3114 582 ι
3151 529 3362 598 Dicunt,
3394 549 3413 582 ι
3441 531 3633 602 inquit,
3659 551 3678 583 ‹
3711 533 3796 588 illi

2197 622 2489 686 Manichmi,
2520 623 2709 694 quibus
2737 622 2894 676 modo
2921 638 3028 677 non
3053 623 3544 690 communicamus,
3577 624 3630 677 id
3658 635 3750 678 est
3769 666 3786 684 .

2201 715 2294 770 toti
2323 715 2408 768 isti
2433 730 2555 768 cum
2584 714 2775 784 quibus
2801 713 3142 768 dissentimus
3163 757 3178 781 ,
3212 715 3334 784 quia
3367 715 3520 785 primi
3550 715 3793 770 hominis

2199 818 2440 879 peccato,
2469 806 2522 860 id
2549 817 2662 873 est,
2695 806 2824 860 Adae
2844 848 2858 872 ,
2891 806 3113 862 liberum
3141 807 3418 862 arbitrium
3448 807 3706 878 perierit,
3741 820 3798 863 et

2201 915 2358 954 nemo
2378 899 2488 968 jam
2511 907 2826 968 potestatem
2850 897 3041 954 habeat
3061 899 3196 954 bene
3217 899 3453 964 vivendi,
3477 900 3572 954 sed
3594 915 3792 956 omnes

2202 991 2256 1044 in
2289 999 2560 1060 peccatum
2587 991 2762 1044 carnis
2789 1005 2898 1044 sua:
2925 991 3239 1046 necessitate
3260 1001 3536 1061 cogantur.
3574 1011 3592 1044 ι
3619 993 3794 1048 blant-

2204 1082 2381 1138 cbteos
2406 1081 2636 1152 appellat
2661 1080 2983 1148 Catholicos,
3017 1098 3166 1138 more
3196 1083 3340 1138 illius
3366 1083 3634 1138 Joviniani
3653 1127 3669 1154 ,
3697 1087 3792 1156 qui

2201 1185 2327 1229 ante
2353 1189 2550 1246 paucos
2569 1189 2736 1228 annos
2759 1173 3043 1230 haereticus
3071 1191 3261 1242 novus,
3289 1176 3642 1246 virginitatem
3665 1192 3816 1250 sane~

2204 1277 2304 1322 cla:
2349 1267 2526 1321 Maria:
2571 1266 2907 1334 destruebat,
2945 1275 3000 1321 et
3040 1267 3326 1337 virginitati
3371 1283 3538 1322 sacra:
3579 1269 3798 1337 nuptias

2205 1357 2440 1412 fidelium
2470 1358 2797 1428 comquabat.
2821 1356 2931 1412 Nec
2965 1357 3035 1412 ob
3059 1358 3201 1414 aliud
3231 1357 3336 1414 hoc
3361 1359 3654 1430 objiciebat
3683 1359 3799 1416 Ca-

2207 1451 2452 1518 tholicis,
2473 1453 2576 1508 nisi
2601 1453 2722 1524 quia
2751 1467 2847 1512 eos
2884 1452 3053 1508 videri
3091 1453 3304 1508 volebat
3339 1464 3688 1511 accusatores
3709 1472 3799 1512 ve.

2205 1545 2544 1600 damnatores
2571 1560 2690 1600 esse
2717 1546 3040 1616 nuptiarum.
3655 1599 3658 1602 .

2278 1636 2331 1690 5.
2362 1635 2610 1690 Liberum
2651 1643 2826 1689 autem
2856 1635 3132 1690 arbitrium
3174 1633 3508 1692 defendendo
3549 1638 3800 1710 praecipi-

2207 1734 2350 1794 tant,
2379 1735 2440 1781 ut
2465 1726 2530 1780 de
2559 1726 2651 1780 illo
2682 1727 2855 1796 potius
2882 1726 2948 1780 ad
2975 1725 3271 1781 faciendam
3305 1727 3604 1796 justitiam,
3635 1746 3798 1800 quam

2207 1819 2274 1875 de
2303 1821 2510 1876 Domini
2541 1819 2808 1888 adjutorio
2845 1819 3160 1888 confidatur,
3188 1830 3346 1890 atque
3385 1831 3444 1876 ut
3473 1823 3530 1877 in
3559 1838 3622 1879 se
3647 1823 3799 1894 quis-

2208 1927 2332 1982 que,
2351 1927 2456 1966 non
2480 1912 2528 1966 iu
2550 1911 2776 1966 Domino
2795 1911 3050 1981 glorietur
3070 1910 3110 1982 (Ι
3127 1910 3244 1966 Cor.
3271 1895 3310 1980 ι,
3329 1914 3442 1985 51).
3461 1913 3593 1980 Quis
3619 1924 3800 1972 autem

2209 2013 2452 2058 nostrum
2482 2000 2658 2066 dicat,
2691 2001 2831 2071 quod
2871 2002 3027 2070 primi
3054 1985 3285 2058 hominis
3317 2013 3533 2072 peccato
3577 2005 3806 2074 perierit

2207 2095 2434 2150 liberum
2465 2095 2741 2150 arbitrium
2783 2093 2852 2150 de
2890 2095 3122 2162 humano
3147 2097 3381 2166 genere?
3405 2097 3652 2154 Libertas
3684 2100 3803 2170 qui-

2209 2187 2331 2243 dem
2375 2189 2532 2259 pcriit
2574 2204 2670 2258 per
2715 2195 3024 2259 peccatum,
3058 2187 3270 2242 sed'illa
3312 2204 3430 2258 qua:
3469 2188 3520 2244 in
3551 2171 3804 2258 paradiso

2214 2278 2348 2348 fuit,
2393 2280 2620 2335 habendi
2651 2281 2862 2351 plenam
2898 2295 3019 2335 cum
3074 2280 3472 2335 immortalitate
3496 2281 3803 2350 justitiam;

2211 2381 2429 2441 propter
2464 2371 2606 2440 quod
2651 2381 2839 2426 natura
2885 2369 3114 2425 humana
3162 2371 3337 2426 divina
3379 2373 3581 2442 indiget
3608 2375 3803 2445 gratia,

2214 2461 2423 2518 dicente
2451 2463 2695 2531 Domino,
2727 2463 2789 2518 Si
2817 2480 2902 2517 vos
2929 2462 2979 2515 F
2981 2463 3097 2517 ilius
3125 2463 3427 2531 liberaverit,
3458 2475 3576 2517 tunc
3597 2482 3710 2518 vere
3735 2463 3804 2518 li-

2215 2555 2318 2609 beri
2340 2556 2478 2610 eritis
2502 2555 2683 2628 (Joan.
2713 2572 2802 2616 vm
2822 2599 2837 2624 ,
2863 2557 2952 2626 36)
2980 2575 2991 2610 :
3019 2557 3197 2627 utique
3215 2557 3368 2612 liberi
3389 2557 3454 2610 ad
3485 2559 3624 2613 bene
3640 2559 3806 2628 juste-

2214 2665 2316 2718 que
2342 2648 2646 2702 vivendum.
2670 2649 2802 2703 Nam
2833 2649 3059 2704 liberum
3087 2649 3362 2703 arbitrium
3391 2665 3562 2721 usque
3584 2651 3730 2706 adeo
3755 2651 3810 2708 in

2216 2749 2492 2810 peccatore
2523 2755 2626 2794 non
2671 2741 2857 2809 periit,
2893 2749 2950 2793 ut
2988 2755 3084 2811 per
3113 2735 3238 2794 illud
3285 2753 3540 2810 peccent,
3571 2743 3814 2798 maxime

2216 2846 2402 2914 omnes
2429 2831 2519 2900 qui
2549 2846 2668 2885 cum
2700 2830 3053 2886 delectatione
3083 2842 3306 2900 peccant
3331 2843 3384 2887 et
3409 2848 3594 2888 amore
3615 2849 3812 2904 pecca-

2217 2921 2275 2987 ti,
2305 2920 2406 2976 boc
2432 2922 2509 2976 eis
2535 2921 2706 2989 placet
2732 2921 2873 2992 quod
2901 2936 2994 2977 eos
3025 2922 3152 2977 libet
3175 2923 3212 2974 ί,
3240 2923 3392 2979 Unde
3417 2935 3470 2978 et
3493 2927 3808 2994 Apostolus,

2217 3008 2344 3065 cum
2369 3013 2555 3070 essetis.
2591 3012 2780 3082 inquit,
2811 3014 2938 3066 serui
2966 3015 3176 3083 peccati.
3210 3014 3351 3069 liberi
3377 3017 3544 3086 fuistis
3565 3019 3807 3090 justitiaz.

2217 3102 2359 3158 Ecce
2404 3102 2756 3159 ostenduntur
2803 3105 2963 3159 etiam
3007 3115 3226 3175 peccato
3269 3107 3489 3164 minime
3533 3111 3808 3179 potuisse,

2218 3196 2320 3250 nisi
2351 3195 2451 3249 alia
2483 3195 2729 3251 libertate
2753 3237 2770 3264 ,
2796 3197 3017 3252 servire.
3049 3197 3226 3251 Liberi
3257 3213 3385 3268 ergo
3410 3214 3438 3251 a
3461 3199 3666 3269 justitia
3695 3217 3808 3256 non

2219 3297 2378 3356 sunt,
2411 3287 2512 3342 nisi
2540 3289 2760 3343 arbitrio
2787 3290 3115 3344 voluntatis:
3145 3289 3298 3345 liberi
3324 3300 3502 3347 autem
3533 3308 3563 3346 a
3587 3305 3813 3364 peccato

2221 3398 2327 3436 non
2353 3383 2520 3450 fiunt,
2553 3367 2654 3438 nisi
2680 3384 2844 3454 gratia
2871 3383 3182 3440 Salvatoris.
3209 3385 3434 3456 Propter
3457 3387 3598 3457 quod
3629 3388 3811 3443 admi-

2221 3475 2404 3531 rabilis
2433 3477 2818 3532 Doctor'etiam
2847 3475 3008 3534 verba
3050 3477 3162 3548 ipsa
3199 3478 3450 3534 discrevit
3477 3497 3490 3533 :
3520 3477 3648 3535 Cum
3675 3481 3813 3535 enim

2222 3570 2352 3622 servi
2379 3569 2568 3634 essetis,
2598 3569 2788 3639 inquit,
2807 3571 3015 3638 peccati,
3041 3570 3183 3624 liberi
3202 3571 3614 3642 fuistisjustitite.
3648 3573 3816 3640 Quem

2224 3677 2342 3730 ergo
2373 3665 2594 3731 fructum
2628 3661 2870 3716 habuistis
2895 3671 3011 3716 tunc
3037 3663 3089 3716 in
3111 3663 3222 3730 Itis,
3251 3664 3306 3718 in
3334 3663 3512 3735 quibus
3537 3681 3673 3718 nunc
3697 3681 3818 3719 eru-

2225 3755 2419 3810 bescitis
2436 3758 2461 3810 ?
2482 3755 2620 3810 Nam
2648 3757 2764 3824 ﬁnis
2791 3757 2992 3810 illorum
3019 3775 3154 3812 mors
3190 3767 3262 3812 est
3286 3773 3306 3811 :
3328 3775 3463 3811 nunc
3487 3769 3658 3812 autem
3692 3759 3823 3815 libe-

2226 3849 2324 3900 rati
2352 3865 2383 3900 a
2410 3859 2630 3918 peccato,
2659 3848 2786 3902 servi
2824 3859 2989 3902 autem
3034 3849 3155 3920 facti
3187 3849 3318 3916 Deo,
3360 3850 3551 3904 habetis
3583 3849 3820 3920 fructum

2225 3949 2446 3994 uestrum
2473 3942 2524 3993 in
2552 3940 3000 4009 sanctiﬁcationem
3020 3981 3035 4006 ,
3067 3941 3219 4007 liuent
3245 3957 3358 3994 vero
3385 3941 3538 3995 vitam
3565 3951 3820 3997 teterrima

2231 4033 2406 4106 (Rom.
2435 4050 2508 4098 v1,
2551 4031 2768 4104 20-22).
2821 4031 3042 4087 Liberos
3069 4031 3203 4086 dixit
3220 4031 3459 4103 justitim,
3489 4049 3592 4087 non
3623 4033 3824 4088 libera-

2231 4133 2347 4179 tos:
2373 4141 2402 4180 a
2431 4135 2646 4195 peccato
2669 4132 2849 4178 autem
2879 4139 2982 4178 non
3013 4125 3230 4190 liberos,
3263 4141 3329 4180 ne
3353 4125 3453 4180 sibi
3479 4127 3581 4182 hoc
3606 4127 3824 4182 tribue-

2230 4228 2382 4282 rent;
2413 4217 2507 4272 scd
2535 4217 2935 4286 vigilantissime
2967 4209 3154 4271 maluit
3177 4218 3357 4272 dicere
3383 4218 3656 4284 liberatos,
3679 4219 3828 4275 refe-

2233 4324 2358 4364 rens
2388 4310 2488 4362 hoc
2513 4307 2578 4362 ad
2613 4307 2754 4360 illam
2797 4307 3004 4361 Domini
3052 4309 3368 4364 sententiam
3391 4351 3407 4376 ,
3443 4308 3506 4364 Si
3533 4325 3620 4364 uos
3649 4308 3826 4364 Filius

2229 4399 2510 4453 liberaverit
2529 4441 2542 4464 ,
2575 4409 2693 4452 tunc
2734 4415 2845 4454 vere
2881 4397 3022 4454 liberi
3051 4399 3208 4454 eritis.
3237 4399 3368 4454 Cum
3400 4401 3578 4470 itaque
3607 4417 3716 4457 non
3745 4401 3830 4456 vi-

2234 4497 2358 4543 vant
2397 4491 2532 4544 bene
2567 4489 2656 4543 filii
2683 4489 2957 4544 hominum
2980 4491 3002 4522 ³
3022 4531 3037 4556 ,
3067 4491 3166 4544 nisi
3195 4489 3366 4546 effecti
3409 4489 3499 4545 filii
3533 4492 3622 4546 Dei
3645 4535 3660 4559 ,
3693 4491 3826 4562 quid

2233 4593 2316 4640 est
2333 4583 2474 4654 quod
2503 4589 2600 4638 iste
2623 4583 2790 4638 libero
2810 4582 3032 4637 arbitrio
3057 4583 3168 4637 vult
3187 4583 3326 4638 bene
3353 4583 3560 4638 vivendi
3584 4585 3828 4639 tribuere

2233 4684 2586 4746 potestatem;
2615 4689 2738 4728 cum
2775 4672 2891 4728 haec
2933 4683 3166 4743 potestas
3203 4688 3309 4728 non
3340 4674 3496 4730 detur
3525 4675 3624 4729 nisi
3653 4675 3826 4748 gratia

2237 4771 2351 4838 Dei,
2387 4761 2479 4840 per
2503 4769 2686 4826 Jcsum
2707 4765 2974 4824 Christum
3005 4769 3287 4824 Dominum
3321 4777 3559 4824 nostrum
3590 4767 3701 4834 (Id.
3727 4785 3826 4836 vn,

2235 4864 2361 4938 25),
2405 4865 2611 4920 dicente
2653 4862 2976 4933 Evangelio,
3024 4862 3278 4934 Quotquot
3320 4871 3488 4916 autem
3527 4873 3832 4934 receperint:

2237 4975 2367 5020 eum,
2405 4956 2540 5010 dedit
2566 4957 2636 5009 eis
2655 4965 2950 5026 potestatem
2977 4955 3109 5022 ﬁlios
3139 4954 3238 5008 Ι)ιὶ
3267 4955 3379 5024 ﬁeri
3409 4953 3462 5027 (.1
3469 4973 3587 5009 can.
3616 4973 3668 5020 I,
3697 4955 3789 5024 12)
3807 4956 3834 5009 τ

2308 5049 2532 5106 CAPUT
2571 5048 2657 5102 ΙΙΙ.
2685 5079 2756 5088 -
2779 5049 2831 5103 6.
2873 5045 3050 5101 Gratia
3078 5065 3178 5101 non
3222 5049 3498 5104 secundum
3523 5048 3700 5101 merita
3737 5053 3832 5100 αα·
3871 5110 3876 5114 1

2240 5153 2339 5196 tur.
2383 5143 2485 5196 Sed
2517 5157 2584 5196 ne
2627 5141 2762 5195 forte
2790 5140 2986 5200 dicant.
3020 5139 3084 5192 ad
3119 5140 3216 5193 hoc
3243 5155 3362 5196 esse
3391 5139 3620 5212 adjutus,
3651 5148 3712 5194 ut
3741 5140 3834 5193 ha-
3875 5131 3880 5134 ’

2240 5235 2426 5290 bereut
2458 5241 2770 5302 potestatem
2801 5231 2914 5286 fieri
2959 5231 3047 5285 lilii
3083 5231 3170 5286 Dei
3195 5249 3210 5296 ;
3240 5240 3296 5284 ut
3322 5241 3498 5286 autem
3527 5231 3670 5287 hanc
3689 5233 3834 5288 acci-

2242 5343 2370 5400 pere
2413 5335 2764 5390 mererentur,
2819 5325 2964 5395 prius
3009 5339 3128 5379 eum
3175 5325 3344 5380 libero
3388 5325 3632 5390 arbitrio,
3687 5324 3832 5379 nulla

2243 5420 2406 5492 adjuti
2453 5419 2618 5490 gratia
2671 5425 3029 5488 receperunt:
3064 5417 3178 5472 haec
3230 5425 3312 5471 est
3362 5417 3558 5488 quippe
3607 5415 3832 5472 intentio

2305 5579 2326 5610 ί
2362 5584 2434 5627 Er.
2463 5583 2516 5627 et
2530 5585 2660 5636 Lov.,
2686 5576 2814 5639 quod
2833 5575 2902 5639 eis
2919 5573 3046 5639 libet.
3073 5581 3130 5624 Αι
3146 5583 3244 5623 Am.
3272 5581 3324 5639 et
3349 5581 3474 5634 Mss,
3502 5571 3634 5639 mead
3663 5585 3746 5624 eos
3777 5571 3832 5624 h-

2245 5641 2338 5692 bet.
2362 5647 2460 5690 Hoc
2477 5635 2679 5690 verbum
2699 5635 3196 5701 amusativojungere
3219 5635 3348 5701 solet
3365 5635 3678 5701 augustioris.

2307 5705 2332 5776 ξ
2365 5703 2438 5752 sic
2459 5709 2562 5752 MSs.
2589 5702 2704 5751 Μίιὶ
2726 5707 2890 5750 autem
2923 5695 3056 5760 loco,
3078 5697 3172 5762 filii
3208 5695 3482 5760 transituri,
3507 5699 3716 5761 habent,
3757 5695 3832 5748 ’κο

2248 5778 2416 5819 mnes.
