  <div class='ocr_page' id='page_1' title='image "/cluster/home/n/w/nwhite01/storage/ocr_20150623/44-45/uva.x000217727/280.png"; bbox 0 0 3984 6464; ppageno 0'>
   <div class='ocr_carea' id='block_1_1' title="bbox 192 275 1754 361">
    <p class='ocr_par' dir='ltr' id='par_1_1' title="bbox 192 275 1719 361">
     <span class='ocr_line' id='line_1_1' title="bbox 192 275 1719 361; baseline -0.003 -27"><span class='ocrx_word' id='word_1_1' title='bbox 192 295 276 354; x_wconf 65' lang='lat'><strong>553</strong></span> <span class='ocrx_word' id='word_1_2' title='bbox 1459 349 1474 361; x_wconf 45' lang='lat'><em>.</em></span> <span class='ocrx_word' id='word_1_3' title='bbox 1520 275 1719 331; x_wconf 76' lang='lat' dir='ltr'><strong>LlilliR</strong></span> 
     </span>
    </p>
   </div>
   <div class='ocr_carea' id='block_1_2' title="bbox 1864 275 2029 361">
    <p class='ocr_par' dir='ltr' id='par_1_2' title="bbox 1864 279 2029 336">
     <span class='ocr_line' id='line_1_2' title="bbox 1864 279 2029 336; baseline 0.048 -7"><span class='ocrx_word' id='word_1_4' title='bbox 1864 279 2029 336; x_wconf 74' lang='lat' dir='ltr'><strong>lllUS.</strong></span> 
     </span>
    </p>
   </div>
   <div class='ocr_carea' id='block_1_3' title="bbox 191 391 1745 479">
    <p class='ocr_par' dir='ltr' id='par_1_3' title="bbox 191 391 1745 479">
     <span class='ocr_line' id='line_1_3' title="bbox 191 391 1745 479; baseline -0.014 -15"><span class='ocrx_word' id='word_1_5' title='bbox 191 426 270 479; x_wconf 74' lang='lat' dir='ltr'><strong>qua</strong></span> <span class='ocrx_word' id='word_1_6' title='bbox 293 405 507 476; x_wconf 74' lang='lat' dir='ltr'><strong>gratiam</strong></span> <span class='ocrx_word' id='word_1_7' title='bbox 539 401 824 458; x_wconf 70' lang='lat' dir='ltr'><strong>destruere</strong></span> <span class='ocrx_word' id='word_1_8' title='bbox 852 398 1156 462; x_wconf 90' lang='lat' dir='ltr'><strong>moliuntur,</strong></span> <span class='ocrx_word' id='word_1_9' title='bbox 1190 405 1247 450; x_wconf 92' lang='lat' dir='ltr'><strong>ut</strong></span> <span class='ocrx_word' id='word_1_10' title='bbox 1270 409 1386 449; x_wconf 88' lang='lat' dir='ltr'><strong>eam</strong></span> <span class='ocrx_word' id='word_1_11' title='bbox 1410 391 1523 448; x_wconf 89' lang='lat' dir='ltr'><strong>dari</strong></span> <span class='ocrx_word' id='word_1_12' title='bbox 1553 406 1745 446; x_wconf 83' lang='lat' dir='ltr'><strong>secun-</strong></span> 
     </span>
    </p>
   </div>
   <div class='ocr_carea' id='block_1_4' title="bbox 187 483 1747 554">
    <p class='ocr_par' dir='ltr' id='par_1_4' title="bbox 187 483 1747 554">
     <span class='ocr_line' id='line_1_4' title="bbox 187 483 1747 554; baseline -0.011 0"><span class='ocrx_word' id='word_1_13' title='bbox 187 504 287 554; x_wconf 78' lang='lat' dir='ltr'><strong>dum</strong></span> <span class='ocrx_word' id='word_1_14' title='bbox 312 495 495 551; x_wconf 83' lang='lat' dir='ltr'><strong>merita</strong></span> <span class='ocrx_word' id='word_1_15' title='bbox 542 505 732 549; x_wconf 85' lang='lat' dir='ltr'><strong>nostra</strong></span> <span class='ocrx_word' id='word_1_16' title='bbox 776 491 1094 547; x_wconf 91' lang='lat' dir='ltr'><strong>contendant</strong></span> <span class='ocrx_word' id='word_1_17' title='bbox 1125 506 1140 541; x_wconf 87' lang='lat'><strong>:</strong></span> <span class='ocrx_word' id='word_1_18' title='bbox 1171 503 1240 543; x_wconf 89' lang='lat' dir='ltr'><strong>ne</strong></span> <span class='ocrx_word' id='word_1_19' title='bbox 1268 485 1406 541; x_wconf 83' lang='lat' dir='ltr'><strong>forte</strong></span> <span class='ocrx_word' id='word_1_20' title='bbox 1448 498 1576 554; x_wconf 80' lang='lat' dir='ltr'><strong>ergo</strong></span> <span class='ocrx_word' id='word_1_21' title='bbox 1608 483 1747 537; x_wconf 85' lang='lat' dir='ltr'><strong>hanc</strong></span> 
     </span>
    </p>
   </div>
   <div class='ocr_carea' id='block_1_5' title="bbox 186 576 1745 657">
    <p class='ocr_par' dir='ltr' id='par_1_5' title="bbox 186 576 1745 657">
     <span class='ocr_line' id='line_1_5' title="bbox 186 576 1745 657; baseline -0.011 -13"><span class='ocrx_word' id='word_1_22' title='bbox 186 586 515 657; x_wconf 75' lang='lat' dir='ltr'><strong>evangelicam</strong></span> <span class='ocrx_word' id='word_1_23' title='bbox 566 586 890 640; x_wconf 81' lang='lat' dir='ltr'><strong>sententiam</strong></span> <span class='ocrx_word' id='word_1_24' title='bbox 942 582 1020 637; x_wconf 88' lang='lat' dir='ltr'><strong>sic</strong></span> <span class='ocrx_word' id='word_1_25' title='bbox 1072 578 1342 643; x_wconf 74' lang='lat' dir='ltr'><strong>dividant,</strong></span> <span class='ocrx_word' id='word_1_26' title='bbox 1393 586 1451 631; x_wconf 91' lang='lat' dir='ltr'><strong>ut</strong></span> <span class='ocrx_word' id='word_1_27' title='bbox 1499 576 1745 631; x_wconf 86' lang='lat' dir='ltr'><strong>meritum</strong></span> 
     </span>
    </p>
   </div>
   <div class='ocr_carea' id='block_1_6' title="bbox 186 672 1746 753">
    <p class='ocr_par' dir='ltr' id='par_1_6' title="bbox 186 672 1746 753">
     <span class='ocr_line' id='line_1_6' title="bbox 186 672 1746 753; baseline -0.009 -20"><span class='ocrx_word' id='word_1_28' title='bbox 186 689 354 753; x_wconf 77' lang='lat' dir='ltr'><strong>ponant</strong></span> <span class='ocrx_word' id='word_1_29' title='bbox 376 679 428 733; x_wconf 89' lang='lat' dir='ltr'><strong>in</strong></span> <span class='ocrx_word' id='word_1_30' title='bbox 454 694 524 733; x_wconf 89' lang='lat' dir='ltr'><strong>eo</strong></span> <span class='ocrx_word' id='word_1_31' title='bbox 550 677 698 748; x_wconf 88' lang='lat' dir='ltr'><strong>quod</strong></span> <span class='ocrx_word' id='word_1_32' title='bbox 723 677 921 731; x_wconf 90' lang='lat' dir='ltr'><strong>dictum</strong></span> <span class='ocrx_word' id='word_1_33' title='bbox 948 682 1049 732; x_wconf 83' lang='lat' dir='ltr'><strong>est.</strong></span> <span class='ocrx_word' id='word_1_34' title='bbox 1081 672 1330 741; x_wconf 80' lang='lat' dir='ltr'><strong>Quotquot</strong></span> <span class='ocrx_word' id='word_1_35' title='bbox 1357 679 1520 723; x_wconf 86' lang='lat' dir='ltr'><strong>autem</strong></span> <span class='ocrx_word' id='word_1_36' title='bbox 1546 681 1746 735; x_wconf 83' lang='lat' dir='ltr'><strong>recepe-</strong></span> 
     </span>
    </p>
   </div>
   <div class='ocr_carea' id='block_1_7' title="bbox 185 757 1746 835">
    <p class='ocr_par' dir='ltr' id='par_1_7' title="bbox 185 757 1746 835">
     <span class='ocr_line' id='line_1_7' title="bbox 185 757 1746 835; baseline -0.013 -7"><span class='ocrx_word' id='word_1_37' title='bbox 185 783 277 828; x_wconf 75' lang='lat' dir='ltr'><strong>rant</strong></span> <span class='ocrx_word' id='word_1_38' title='bbox 302 787 411 825; x_wconf 76' lang='lat' dir='ltr'><strong>eum</strong></span> <span class='ocrx_word' id='word_1_39' title='bbox 434 787 453 835; x_wconf 86' lang='lat'><strong><em>;</em></strong></span> <span class='ocrx_word' id='word_1_40' title='bbox 482 784 547 824; x_wconf 87' lang='lat' dir='ltr'><strong>ac</strong></span> <span class='ocrx_word' id='word_1_41' title='bbox 574 768 777 824; x_wconf 85' lang='lat' dir='ltr'><strong>deinde</strong></span> <span class='ocrx_word' id='word_1_42' title='bbox 821 782 924 821; x_wconf 87' lang='lat' dir='ltr'><strong>non</strong></span> <span class='ocrx_word' id='word_1_43' title='bbox 950 764 1112 835; x_wconf 84' lang='lat' dir='ltr'><strong>gratis</strong></span> <span class='ocrx_word' id='word_1_44' title='bbox 1134 762 1333 823; x_wconf 81' lang='lat' dir='ltr'><strong>datum,</strong></span> <span class='ocrx_word' id='word_1_45' title='bbox 1361 757 1454 813; x_wconf 87' lang='lat' dir='ltr'><strong>sed</strong></span> <span class='ocrx_word' id='word_1_46' title='bbox 1483 758 1602 811; x_wconf 86' lang='lat' dir='ltr'><strong>huic</strong></span> <span class='ocrx_word' id='word_1_47' title='bbox 1632 772 1746 809; x_wconf 87' lang='lat' dir='ltr'><strong>me-</strong></span> 
     </span>
    </p>
   </div>
   <div class='ocr_carea' id='block_1_8' title="bbox 186 848 1747 929">
    <p class='ocr_par' dir='ltr' id='par_1_8' title="bbox 186 848 1747 929">
     <span class='ocr_line' id='line_1_8' title="bbox 186 848 1747 929; baseline -0.012 -8"><span class='ocrx_word' id='word_1_48' title='bbox 186 869 264 922; x_wconf 88' lang='lat' dir='ltr'><strong>rito</strong></span> <span class='ocrx_word' id='word_1_49' title='bbox 289 864 549 919; x_wconf 83' lang='lat' dir='ltr'><strong>redditam</strong></span> <span class='ocrx_word' id='word_1_50' title='bbox 580 862 803 929; x_wconf 77' lang='lat' dir='ltr'><strong>gratiam</strong></span> <span class='ocrx_word' id='word_1_51' title='bbox 831 860 883 914; x_wconf 89' lang='lat' dir='ltr'><strong>in</strong></span> <span class='ocrx_word' id='word_1_52' title='bbox 913 873 978 912; x_wconf 86' lang='lat' dir='ltr'><strong>eo</strong></span> <span class='ocrx_word' id='word_1_53' title='bbox 1012 854 1151 925; x_wconf 89' lang='lat' dir='ltr'><strong>quod</strong></span> <span class='ocrx_word' id='word_1_54' title='bbox 1193 853 1450 921; x_wconf 87' lang='lat' dir='ltr'><strong>sequitur.</strong></span> <span class='ocrx_word' id='word_1_55' title='bbox 1496 848 1647 902; x_wconf 83' lang='lat' dir='ltr'><strong>Dedit</strong></span> <span class='ocrx_word' id='word_1_56' title='bbox 1676 848 1747 903; x_wconf 77' lang='lat' dir='ltr'><strong>eis</strong></span> 
     </span>
    </p>
   </div>
   <div class='ocr_carea' id='block_1_9' title="bbox 184 937 1747 1031">
    <p class='ocr_par' dir='ltr' id='par_1_9' title="bbox 184 937 1747 1031">
     <span class='ocr_line' id='line_1_9' title="bbox 184 937 1747 1031; baseline -0.014 -18"><span class='ocrx_word' id='word_1_57' title='bbox 184 964 448 1031; x_wconf 74' lang='lat' dir='ltr'><strong>potestatem</strong></span> <span class='ocrx_word' id='word_1_58' title='bbox 497 955 634 1022; x_wconf 78' lang='lat' dir='ltr'><strong>ﬁlios</strong></span> <span class='ocrx_word' id='word_1_59' title='bbox 682 952 781 1004; x_wconf 83' lang='lat' dir='ltr'><strong>Dei</strong></span> <span class='ocrx_word' id='word_1_60' title='bbox 829 949 978 1018; x_wconf 77' lang='lat' dir='ltr'><strong>ﬁeri:</strong></span> <span class='ocrx_word' id='word_1_61' title='bbox 1006 943 1256 1014; x_wconf 88' lang='lat' dir='ltr'><strong>numquid</strong></span> <span class='ocrx_word' id='word_1_62' title='bbox 1299 943 1342 996; x_wconf 86' lang='lat' dir='ltr'><strong>si</strong></span> <span class='ocrx_word' id='word_1_63' title='bbox 1387 948 1652 1010; x_wconf 79' lang='lat' dir='ltr'><strong>qua-ratur</strong></span> <span class='ocrx_word' id='word_1_64' title='bbox 1680 937 1747 991; x_wconf 82' lang='lat' dir='ltr'><strong>ab</strong></span> 
     </span>
    </p>
   </div>
   <div class='ocr_carea' id='block_1_10' title="bbox 185 1028 1743 1115">
    <p class='ocr_par' dir='ltr' id='par_1_10' title="bbox 185 1028 1743 1115">
     <span class='ocr_line' id='line_1_10' title="bbox 185 1028 1743 1115; baseline -0.015 -12"><span class='ocrx_word' id='word_1_65' title='bbox 185 1028 262 1110; x_wconf 74' lang='lat' dir='ltr'><strong>eis.</strong></span> <span class='ocrx_word' id='word_1_66' title='bbox 290 1044 414 1115; x_wconf 89' lang='lat' dir='ltr'><strong>quid</strong></span> <span class='ocrx_word' id='word_1_67' title='bbox 440 1046 539 1106; x_wconf 82' lang='lat' dir='ltr'><strong>sit,</strong></span> <span class='ocrx_word' id='word_1_68' title='bbox 569 1048 866 1112; x_wconf 83' lang='lat' dir='ltr'><strong>receperunt</strong></span> <span class='ocrx_word' id='word_1_69' title='bbox 894 1054 1025 1102; x_wconf 81' lang='lat' dir='ltr'><strong>eunt,</strong></span> <span class='ocrx_word' id='word_1_70' title='bbox 1055 1034 1246 1089; x_wconf 91' lang='lat' dir='ltr'><strong>dicturi</strong></span> <span class='ocrx_word' id='word_1_71' title='bbox 1275 1039 1401 1086; x_wconf 89' lang='lat' dir='ltr'><strong>sunt</strong></span> <span class='ocrx_word' id='word_1_72' title='bbox 1426 1028 1590 1092; x_wconf 87' lang='lat' dir='ltr'><strong>aliud,</strong></span> <span class='ocrx_word' id='word_1_73' title='bbox 1623 1028 1743 1094; x_wconf 88' lang='lat' dir='ltr'><strong>nisi,</strong></span> 
     </span>
    </p>
   </div>
   <div class='ocr_carea' id='block_1_11' title="bbox 185 1120 1747 1197">
    <p class='ocr_par' dir='ltr' id='par_1_11' title="bbox 185 1120 1747 1197">
     <span class='ocr_line' id='line_1_11' title="bbox 185 1120 1747 1197; baseline -0.015 -4"><span class='ocrx_word' id='word_1_74' title='bbox 185 1136 517 1193; x_wconf 78' lang='lat' dir='ltr'><strong>Crediderunt</strong></span> <span class='ocrx_word' id='word_1_75' title='bbox 547 1134 599 1187; x_wconf 93' lang='lat' dir='ltr'><strong>in</strong></span> <span class='ocrx_word' id='word_1_76' title='bbox 643 1131 806 1187; x_wconf 77' lang='lat' dir='ltr'><strong>eum?</strong></span> <span class='ocrx_word' id='word_1_77' title='bbox 842 1128 912 1186; x_wconf 89' lang='lat' dir='ltr'><strong>Ut</strong></span> <span class='ocrx_word' id='word_1_78' title='bbox 939 1129 1098 1197; x_wconf 79' lang='lat' dir='ltr'><strong>igitur</strong></span> <span class='ocrx_word' id='word_1_79' title='bbox 1126 1133 1180 1180; x_wconf 92' lang='lat' dir='ltr'><strong>ct</strong></span> <span class='ocrx_word' id='word_1_80' title='bbox 1209 1125 1309 1178; x_wconf 85' lang='lat' dir='ltr'><strong>hoc</strong></span> <span class='ocrx_word' id='word_1_81' title='bbox 1335 1123 1506 1176; x_wconf 85' lang='lat' dir='ltr'><strong>sciant</strong></span> <span class='ocrx_word' id='word_1_82' title='bbox 1530 1120 1596 1173; x_wconf 89' lang='lat' dir='ltr'><strong>ad</strong></span> <span class='ocrx_word' id='word_1_83' title='bbox 1623 1132 1747 1187; x_wconf 83' lang='lat' dir='ltr'><strong>gra-</strong></span> 
     </span>
    </p>
   </div>
   <div class='ocr_carea' id='block_1_12' title="bbox 186 1212 1747 1299">
    <p class='ocr_par' dir='ltr' id='par_1_12' title="bbox 186 1212 1747 1299">
     <span class='ocr_line' id='line_1_12' title="bbox 186 1212 1747 1299; baseline -0.013 -15"><span class='ocrx_word' id='word_1_84' title='bbox 186 1233 286 1284; x_wconf 85' lang='lat' dir='ltr'><strong>tiam</strong></span> <span class='ocrx_word' id='word_1_85' title='bbox 321 1230 616 1299; x_wconf 76' lang='lat' dir='ltr'><strong>pertinere,</strong></span> <span class='ocrx_word' id='word_1_86' title='bbox 665 1226 841 1294; x_wconf 80' lang='lat' dir='ltr'><strong>legant</strong></span> <span class='ocrx_word' id='word_1_87' title='bbox 866 1221 1006 1291; x_wconf 90' lang='lat' dir='ltr'><strong>quod</strong></span> <span class='ocrx_word' id='word_1_88' title='bbox 1052 1220 1127 1273; x_wconf 90' lang='lat' dir='ltr'><strong>ait</strong></span> <span class='ocrx_word' id='word_1_89' title='bbox 1161 1216 1485 1286; x_wconf 86' lang='lat' dir='ltr'><strong>Apostolus:</strong></span> <span class='ocrx_word' id='word_1_90' title='bbox 1509 1212 1575 1267; x_wconf 81' lang='lat' dir='ltr'><strong>In</strong></span> <span class='ocrx_word' id='word_1_91' title='bbox 1604 1212 1747 1269; x_wconf 88' lang='lat' dir='ltr'><strong>nullo</strong></span> 
     </span>
    </p>
   </div>
   <div class='ocr_carea' id='block_1_13' title="bbox 185 1307 1751 1392">
    <p class='ocr_par' dir='ltr' id='par_1_13' title="bbox 185 1307 1751 1392">
     <span class='ocr_line' id='line_1_13' title="bbox 185 1307 1751 1392; baseline -0.01 -18"><span class='ocrx_word' id='word_1_92' title='bbox 185 1320 499 1392; x_wconf 66' lang='lat' dir='ltr'><strong>expauescens</strong></span> <span class='ocrx_word' id='word_1_93' title='bbox 536 1318 601 1372; x_wconf 84' lang='lat' dir='ltr'><strong>ab</strong></span> <span class='ocrx_word' id='word_1_94' title='bbox 625 1315 945 1375; x_wconf 77' lang='lat' dir='ltr'><strong>adversariis,</strong></span> <span class='ocrx_word' id='word_1_95' title='bbox 975 1327 1087 1383; x_wconf 69' lang='lat' dir='ltr'><strong>qua:</strong></span> <span class='ocrx_word' id='word_1_96' title='bbox 1111 1309 1311 1380; x_wconf 85' lang='lat' dir='ltr'><strong>quidem</strong></span> <span class='ocrx_word' id='word_1_97' title='bbox 1353 1318 1423 1362; x_wconf 87' lang='lat' dir='ltr'><strong>est</strong></span> <span class='ocrx_word' id='word_1_98' title='bbox 1452 1307 1555 1361; x_wconf 76' lang='lat' dir='ltr'><strong>illis</strong></span> <span class='ocrx_word' id='word_1_99' title='bbox 1595 1321 1751 1359; x_wconf 85' lang='lat' dir='ltr'><strong>causa</strong></span> 
     </span>
    </p>
   </div>
   <div class='ocr_carea' id='block_1_14' title="bbox 185 1398 1750 1483">
    <p class='ocr_par' dir='ltr' id='par_1_14' title="bbox 185 1398 1750 1483">
     <span class='ocr_line' id='line_1_14' title="bbox 185 1398 1750 1483; baseline -0.009 -18"><span class='ocrx_word' id='word_1_100' title='bbox 185 1411 477 1483; x_wconf 72' lang='lat' dir='ltr'><strong>perditionis,</strong></span> <span class='ocrx_word' id='word_1_101' title='bbox 524 1417 701 1463; x_wconf 69' lang='lat' dir='ltr'><strong>vestra</strong></span> <span class='ocrx_word' id='word_1_102' title='bbox 740 1417 905 1460; x_wconf 85' lang='lat' dir='ltr'><strong>autem</strong></span> <span class='ocrx_word' id='word_1_103' title='bbox 943 1404 1121 1458; x_wconf 82' lang='lat' dir='ltr'><strong>salutis</strong></span> <span class='ocrx_word' id='word_1_104' title='bbox 1152 1418 1170 1456; x_wconf 91' lang='lat'><strong><em>:</em></strong></span> <span class='ocrx_word' id='word_1_105' title='bbox 1196 1411 1241 1455; x_wconf 90' lang='lat' dir='ltr'><strong>et</strong></span> <span class='ocrx_word' id='word_1_106' title='bbox 1279 1401 1373 1454; x_wconf 83' lang='lat' dir='ltr'><strong>hoc</strong></span> <span class='ocrx_word' id='word_1_107' title='bbox 1399 1417 1431 1453; x_wconf 91' lang='lat' dir='ltr'><strong>a</strong></span> <span class='ocrx_word' id='word_1_108' title='bbox 1459 1398 1602 1464; x_wconf 88' lang='lat' dir='ltr'><strong>Deo;</strong></span> <span class='ocrx_word' id='word_1_109' title='bbox 1629 1400 1750 1468; x_wconf 97' lang='lat' dir='ltr'><strong>quia</strong></span> 
     </span>
    </p>
   </div>
   <div class='ocr_carea' id='block_1_15' title="bbox 185 1489 1750 1570">
    <p class='ocr_par' dir='ltr' id='par_1_15' title="bbox 185 1489 1750 1570">
     <span class='ocr_line' id='line_1_15' title="bbox 185 1489 1750 1570; baseline -0.009 -13"><span class='ocrx_word' id='word_1_110' title='bbox 185 1503 297 1557; x_wconf 69' lang='lat' dir='ltr'><strong>vobis</strong></span> <span class='ocrx_word' id='word_1_111' title='bbox 337 1502 589 1554; x_wconf 80' lang='lat' dir='ltr'><strong>donatum</strong></span> <span class='ocrx_word' id='word_1_112' title='bbox 627 1508 701 1553; x_wconf 85' lang='lat' dir='ltr'><strong>est</strong></span> <span class='ocrx_word' id='word_1_113' title='bbox 728 1514 820 1570; x_wconf 85' lang='lat' dir='ltr'><strong>pro</strong></span> <span class='ocrx_word' id='word_1_114' title='bbox 846 1495 1065 1560; x_wconf 75' lang='lat' dir='ltr'><strong>Christo,</strong></span> <span class='ocrx_word' id='word_1_115' title='bbox 1095 1509 1195 1548; x_wconf 90' lang='lat' dir='ltr'><strong>non</strong></span> <span class='ocrx_word' id='word_1_116' title='bbox 1225 1501 1417 1546; x_wconf 89' lang='lat' dir='ltr'><strong>tantum</strong></span> <span class='ocrx_word' id='word_1_117' title='bbox 1452 1499 1504 1543; x_wconf 93' lang='lat' dir='ltr'><strong>ut</strong></span> <span class='ocrx_word' id='word_1_118' title='bbox 1532 1489 1750 1544; x_wconf 83' lang='lat' dir='ltr'><strong>credatis</strong></span> 
     </span>
    </p>
   </div>
   <div class='ocr_carea' id='block_1_16' title="bbox 184 1580 1747 1660">
    <p class='ocr_par' dir='ltr' id='par_1_16' title="bbox 184 1580 1747 1660">
     <span class='ocr_line' id='line_1_16' title="bbox 184 1580 1747 1660; baseline -0.008 -13"><span class='ocrx_word' id='word_1_119' title='bbox 184 1596 224 1647; x_wconf 78' lang='lat' dir='ltr'><strong>is</strong></span> <span class='ocrx_word' id='word_1_120' title='bbox 242 1609 369 1655; x_wconf 68' lang='grc' dir='ltr'>ενι.</span> <span class='ocrx_word' id='word_1_121' title='bbox 398 1591 493 1646; x_wconf 86' lang='lat' dir='ltr'><strong>sed</strong></span> <span class='ocrx_word' id='word_1_122' title='bbox 534 1600 590 1645; x_wconf 68' lang='lat' dir='ltr'><strong>ut</strong></span> <span class='ocrx_word' id='word_1_123' title='bbox 613 1592 762 1645; x_wconf 88' lang='lat' dir='ltr'><strong>etiam</strong></span> <span class='ocrx_word' id='word_1_124' title='bbox 792 1587 1053 1660; x_wconf 79' lang='lat' dir='ltr'><strong>patiamini</strong></span> <span class='ocrx_word' id='word_1_125' title='bbox 1080 1602 1173 1657; x_wconf 88' lang='lat' dir='ltr'><strong>pro</strong></span> <span class='ocrx_word' id='word_1_126' title='bbox 1200 1601 1258 1639; x_wconf 84' lang='lat' dir='ltr'><strong>eo</strong></span> <span class='ocrx_word' id='word_1_127' title='bbox 1301 1583 1555 1655; x_wconf 77' lang='lat' dir='ltr'><strong>(Philipp.</strong></span> <span class='ocrx_word' id='word_1_128' title='bbox 1588 1597 1626 1646; x_wconf 85' lang='grc' dir='ltr'>ι,</span> <span class='ocrx_word' id='word_1_129' title='bbox 1656 1580 1747 1647; x_wconf 71' lang='grc'><strong>28,</strong></span> 
     </span>
    </p>
   </div>
   <div class='ocr_carea' id='block_1_17' title="bbox 182 1670 1751 1752">
    <p class='ocr_par' dir='ltr' id='par_1_17' title="bbox 182 1670 1751 1752">
     <span class='ocr_line' id='line_1_17' title="bbox 182 1670 1751 1752; baseline -0.01 -13"><span class='ocrx_word' id='word_1_130' title='bbox 182 1684 275 1752; x_wconf 73' lang='lat'><strong>29).</strong></span> <span class='ocrx_word' id='word_1_131' title='bbox 302 1682 511 1751; x_wconf 84' lang='lat' dir='ltr'><strong>Nempe</strong></span> <span class='ocrx_word' id='word_1_132' title='bbox 538 1689 820 1750; x_wconf 78' lang='lat' dir='ltr'><strong>utrumque</strong></span> <span class='ocrx_word' id='word_1_133' title='bbox 847 1679 979 1733; x_wconf 80' lang='lat' dir='ltr'><strong>dixit</strong></span> <span class='ocrx_word' id='word_1_134' title='bbox 997 1691 1120 1732; x_wconf 85' lang='lat' dir='ltr'><strong>esse</strong></span> <span class='ocrx_word' id='word_1_135' title='bbox 1145 1676 1422 1730; x_wconf 88' lang='lat' dir='ltr'><strong>donatum.</strong></span> <span class='ocrx_word' id='word_1_136' title='bbox 1455 1674 1583 1727; x_wconf 77' lang='lat' dir='ltr'><strong>item</strong></span> <span class='ocrx_word' id='word_1_137' title='bbox 1607 1670 1751 1741; x_wconf 92' lang='lat' dir='ltr'><strong>quod</strong></span> 
     </span>
    </p>
   </div>
   <div class='ocr_carea' id='block_1_18' title="bbox 183 1762 1752 1845">
    <p class='ocr_par' dir='ltr' id='par_1_18' title="bbox 183 1762 1752 1845">
     <span class='ocr_line' id='line_1_18' title="bbox 183 1762 1752 1845; baseline -0.007 -15"><span class='ocrx_word' id='word_1_138' title='bbox 183 1776 260 1841; x_wconf 85' lang='lat' dir='ltr'><strong>ait,</strong></span> <span class='ocrx_word' id='word_1_139' title='bbox 279 1772 398 1828; x_wconf 73' lang='lat' dir='ltr'><strong>Pas:</strong></span> <span class='ocrx_word' id='word_1_140' title='bbox 416 1773 685 1845; x_wconf 75' lang='lat' dir='ltr'><strong>fratribus,</strong></span> <span class='ocrx_word' id='word_1_141' title='bbox 723 1780 769 1825; x_wconf 87' lang='lat' dir='ltr'><strong>et</strong></span> <span class='ocrx_word' id='word_1_142' title='bbox 792 1770 1012 1824; x_wconf 81' lang='lat' dir='ltr'><strong>eltaritas</strong></span> <span class='ocrx_word' id='word_1_143' title='bbox 1032 1784 1146 1822; x_wconf 82' lang='lat' dir='ltr'><strong>cum</strong></span> <span class='ocrx_word' id='word_1_144' title='bbox 1173 1766 1295 1838; x_wconf 73' lang='lat' dir='ltr'><strong>fide,</strong></span> <span class='ocrx_word' id='word_1_145' title='bbox 1326 1782 1359 1820; x_wconf 89' lang='lat' dir='ltr'><strong>a</strong></span> <span class='ocrx_word' id='word_1_146' title='bbox 1382 1764 1491 1820; x_wconf 86' lang='lat' dir='ltr'><strong>Deo</strong></span> <span class='ocrx_word' id='word_1_147' title='bbox 1524 1762 1680 1818; x_wconf 88' lang='lat' dir='ltr'><strong>Patre</strong></span> <span class='ocrx_word' id='word_1_148' title='bbox 1701 1771 1752 1819; x_wconf 77' lang='lat' dir='ltr'><strong>et</strong></span> 
     </span>
    </p>
   </div>
   <div class='ocr_carea' id='block_1_19' title="bbox 186 1854 1750 1932">
    <p class='ocr_par' dir='ltr' id='par_1_19' title="bbox 186 1854 1750 1932">
     <span class='ocr_line' id='line_1_19' title="bbox 186 1854 1750 1932; baseline -0.006 -13"><span class='ocrx_word' id='word_1_149' title='bbox 186 1864 381 1919; x_wconf 66' lang='lat' dir='ltr'><strong>Domino</strong></span> <span class='ocrx_word' id='word_1_150' title='bbox 420 1861 552 1918; x_wconf 86' lang='lat' dir='ltr'><strong>Jesu</strong></span> <span class='ocrx_word' id='word_1_151' title='bbox 593 1861 795 1916; x_wconf 78' lang='lat' dir='ltr'><strong>Christo</strong></span> <span class='ocrx_word' id='word_1_152' title='bbox 839 1857 1052 1932; x_wconf 80' lang='lat' dir='ltr'><strong>(Epltes.</strong></span> <span class='ocrx_word' id='word_1_153' title='bbox 1094 1873 1170 1923; x_wconf 78' lang='lat' dir='ltr'><strong>vi,</strong></span> <span class='ocrx_word' id='word_1_154' title='bbox 1208 1856 1326 1927; x_wconf 69' lang='lat'><strong>25).</strong></span> <span class='ocrx_word' id='word_1_155' title='bbox 1364 1856 1565 1926; x_wconf 76' lang='lat' dir='ltr'><strong>Legam</strong></span> <span class='ocrx_word' id='word_1_156' title='bbox 1591 1854 1750 1909; x_wconf 85' lang='lat' dir='ltr'><strong>etiam</strong></span> 
     </span>
    </p>
   </div>
   <div class='ocr_carea' id='block_1_20' title="bbox 184 1945 1749 2028">
    <p class='ocr_par' dir='ltr' id='par_1_20' title="bbox 184 1945 1749 2028">
     <span class='ocr_line' id='line_1_20' title="bbox 184 1945 1749 2028; baseline -0.009 -16"><span class='ocrx_word' id='word_1_157' title='bbox 184 1957 300 2028; x_wconf 77' lang='lat' dir='ltr'><strong>quod</strong></span> <span class='ocrx_word' id='word_1_158' title='bbox 341 1956 459 2026; x_wconf 84' lang='lat' dir='ltr'><strong>ipse</strong></span> <span class='ocrx_word' id='word_1_159' title='bbox 504 1955 763 2011; x_wconf 83' lang='lat' dir='ltr'><strong>Dominus</strong></span> <span class='ocrx_word' id='word_1_160' title='bbox 793 1954 886 2020; x_wconf 83' lang='lat' dir='ltr'><strong>ait,</strong></span> <span class='ocrx_word' id='word_1_161' title='bbox 937 1949 1102 2006; x_wconf 85' lang='lat' dir='ltr'><strong>Nemo</strong></span> <span class='ocrx_word' id='word_1_162' title='bbox 1146 1959 1306 2020; x_wconf 80' lang='lat' dir='ltr'><strong>potest</strong></span> <span class='ocrx_word' id='word_1_163' title='bbox 1332 1950 1500 2003; x_wconf 72' lang='lat' dir='ltr'><strong>venire</strong></span> <span class='ocrx_word' id='word_1_164' title='bbox 1524 1945 1592 2001; x_wconf 90' lang='lat' dir='ltr'><strong>ad</strong></span> <span class='ocrx_word' id='word_1_165' title='bbox 1630 1961 1749 2013; x_wconf 85' lang='lat' dir='ltr'><strong>me,</strong></span> 
     </span>
    </p>
   </div>
   <div class='ocr_carea' id='block_1_21' title="bbox 184 2036 1751 2117">
    <p class='ocr_par' dir='ltr' id='par_1_21' title="bbox 184 2036 1751 2117">
     <span class='ocr_line' id='line_1_21' title="bbox 184 2036 1751 2117; baseline -0.008 -14"><span class='ocrx_word' id='word_1_166' title='bbox 184 2048 265 2104; x_wconf 82' lang='lat' dir='ltr'><strong>sisi</strong></span> <span class='ocrx_word' id='word_1_167' title='bbox 288 2045 465 2110; x_wconf 79' lang='lat' dir='ltr'><strong>Pater,</strong></span> <span class='ocrx_word' id='word_1_168' title='bbox 510 2045 599 2117; x_wconf 87' lang='lat' dir='ltr'><strong>qui</strong></span> <span class='ocrx_word' id='word_1_169' title='bbox 634 2046 768 2098; x_wconf 86' lang='lat' dir='ltr'><strong>misit</strong></span> <span class='ocrx_word' id='word_1_170' title='bbox 794 2060 891 2108; x_wconf 79' lang='lat' dir='ltr'><strong>nte,</strong></span> <span class='ocrx_word' id='word_1_171' title='bbox 931 2041 1139 2097; x_wconf 65' lang='lat' dir='ltr'><strong>traxerit</strong></span> <span class='ocrx_word' id='word_1_172' title='bbox 1182 2057 1318 2096; x_wconf 85' lang='lat' dir='ltr'><strong>eum.</strong></span> <span class='ocrx_word' id='word_1_173' title='bbox 1359 2038 1459 2096; x_wconf 82' lang='lat' dir='ltr'><strong>Ubi</strong></span> <span class='ocrx_word' id='word_1_174' title='bbox 1508 2053 1576 2094; x_wconf 87' lang='lat' dir='ltr'><strong>ne</strong></span> <span class='ocrx_word' id='word_1_175' title='bbox 1600 2036 1751 2109; x_wconf 85' lang='lat' dir='ltr'><strong>quis-</strong></span> 
     </span>
    </p>
   </div>
   <div class='ocr_carea' id='block_1_22' title="bbox 185 2130 1749 2207">
    <p class='ocr_par' dir='ltr' id='par_1_22' title="bbox 185 2130 1749 2207">
     <span class='ocr_line' id='line_1_22' title="bbox 185 2130 1749 2207; baseline -0.006 -14"><span class='ocrx_word' id='word_1_176' title='bbox 185 2153 319 2207; x_wconf 87' lang='lat' dir='ltr'><strong>quam</strong></span> <span class='ocrx_word' id='word_1_177' title='bbox 349 2145 503 2206; x_wconf 90' lang='lat' dir='ltr'><strong>putet</strong></span> <span class='ocrx_word' id='word_1_178' title='bbox 548 2134 692 2189; x_wconf 83' lang='lat' dir='ltr'><strong>aliud</strong></span> <span class='ocrx_word' id='word_1_179' title='bbox 720 2133 918 2189; x_wconf 90' lang='lat' dir='ltr'><strong>dictum</strong></span> <span class='ocrx_word' id='word_1_180' title='bbox 945 2147 1084 2197; x_wconf 88' lang='lat' dir='ltr'><strong>esse,</strong></span> <span class='ocrx_word' id='word_1_181' title='bbox 1132 2132 1298 2186; x_wconf 75' lang='lat' dir='ltr'><strong>venire</strong></span> <span class='ocrx_word' id='word_1_182' title='bbox 1319 2130 1388 2185; x_wconf 89' lang='lat' dir='ltr'><strong>ad</strong></span> <span class='ocrx_word' id='word_1_183' title='bbox 1415 2147 1513 2194; x_wconf 75' lang='lat' dir='ltr'><strong>rue,</strong></span> <span class='ocrx_word' id='word_1_184' title='bbox 1546 2144 1707 2200; x_wconf 88' lang='lat' dir='ltr'><strong>quam</strong></span> <span class='ocrx_word' id='word_1_185' title='bbox 1731 2168 1749 2196; x_wconf 91' lang='lat'><strong>,</strong></span> 
     </span>
    </p>
   </div>
   <div class='ocr_carea' id='block_1_23' title="bbox 183 2222 1755 2295">
    <p class='ocr_par' dir='ltr' id='par_1_23' title="bbox 183 2222 1755 2295">
     <span class='ocr_line' id='line_1_23' title="bbox 183 2222 1755 2295; baseline -0.007 -10"><span class='ocrx_word' id='word_1_186' title='bbox 183 2228 393 2285; x_wconf 62' lang='lat' dir='ltr'><strong>(indere</strong></span> <span class='ocrx_word' id='word_1_187' title='bbox 432 2228 486 2281; x_wconf 89' lang='lat' dir='ltr'><strong>in</strong></span> <span class='ocrx_word' id='word_1_188' title='bbox 530 2242 661 2292; x_wconf 90' lang='lat' dir='ltr'><strong>me;</strong></span> <span class='ocrx_word' id='word_1_189' title='bbox 709 2225 866 2295; x_wconf 88' lang='lat' dir='ltr'><strong>paulo</strong></span> <span class='ocrx_word' id='word_1_190' title='bbox 913 2232 1033 2295; x_wconf 88' lang='lat' dir='ltr'><strong>post</strong></span> <span class='ocrx_word' id='word_1_191' title='bbox 1074 2238 1195 2278; x_wconf 88' lang='lat' dir='ltr'><strong>cum</strong></span> <span class='ocrx_word' id='word_1_192' title='bbox 1219 2222 1290 2278; x_wconf 90' lang='lat' dir='ltr'><strong>de</strong></span> <span class='ocrx_word' id='word_1_193' title='bbox 1330 2236 1426 2275; x_wconf 88' lang='lat' dir='ltr'><strong>suo</strong></span> <span class='ocrx_word' id='word_1_194' title='bbox 1451 2235 1675 2291; x_wconf 87' lang='lat' dir='ltr'><strong>corpore</strong></span> <span class='ocrx_word' id='word_1_195' title='bbox 1699 2227 1755 2274; x_wconf 91' lang='lat' dir='ltr'><strong>et</strong></span> 
     </span>
    </p>
   </div>
   <div class='ocr_carea' id='block_1_24' title="bbox 182 2311 1753 2391">
    <p class='ocr_par' dir='ltr' id='par_1_24' title="bbox 182 2311 1753 2391">
     <span class='ocr_line' id='line_1_24' title="bbox 182 2311 1753 2391; baseline -0.006 -15"><span class='ocrx_word' id='word_1_196' title='bbox 182 2321 420 2391; x_wconf 78' lang='lat' dir='ltr'><strong>sanguine</strong></span> <span class='ocrx_word' id='word_1_197' title='bbox 464 2319 799 2389; x_wconf 83' lang='lat' dir='ltr'><strong>loqueretur,</strong></span> <span class='ocrx_word' id='word_1_198' title='bbox 845 2324 900 2372; x_wconf 91' lang='lat' dir='ltr'><strong>et</strong></span> <span class='ocrx_word' id='word_1_199' title='bbox 940 2314 1280 2371; x_wconf 82' lang='lat' dir='ltr'><strong>seandalizati</strong></span> <span class='ocrx_word' id='word_1_200' title='bbox 1310 2321 1493 2370; x_wconf 82' lang='lat' dir='ltr'><strong>essent</strong></span> <span class='ocrx_word' id='word_1_201' title='bbox 1538 2311 1753 2384; x_wconf 88' lang='lat' dir='ltr'><strong>plurimi</strong></span> 
     </span>
    </p>
   </div>
   <div class='ocr_carea' id='block_1_25' title="bbox 182 2404 1752 2480">
    <p class='ocr_par' dir='ltr' id='par_1_25' title="bbox 182 2404 1752 2480">
     <span class='ocr_line' id='line_1_25' title="bbox 182 2404 1752 2480; baseline -0.007 -12"><span class='ocrx_word' id='word_1_202' title='bbox 182 2413 229 2468; x_wconf 80' lang='lat' dir='ltr'><strong>in</strong></span> <span class='ocrx_word' id='word_1_203' title='bbox 243 2427 487 2467; x_wconf 81' lang='lat' dir='ltr'><strong>sermone</strong></span> <span class='ocrx_word' id='word_1_204' title='bbox 506 2412 648 2480; x_wconf 83' lang='lat' dir='ltr'><strong>ejus,</strong></span> <span class='ocrx_word' id='word_1_205' title='bbox 664 2410 740 2464; x_wconf 88' lang='lat' dir='ltr'><strong>ait</strong></span> <span class='ocrx_word' id='word_1_206' title='bbox 766 2427 781 2463; x_wconf 90' lang='lat'><strong>:</strong></span> <span class='ocrx_word' id='word_1_207' title='bbox 818 2405 978 2463; x_wconf 77' lang='lat' dir='ltr'><strong>Verba</strong></span> <span class='ocrx_word' id='word_1_208' title='bbox 1001 2422 1115 2478; x_wconf 72' lang='lat' dir='ltr'><strong>qua!</strong></span> <span class='ocrx_word' id='word_1_209' title='bbox 1133 2423 1224 2477; x_wconf 82' lang='lat' dir='ltr'><strong>ego</strong></span> <span class='ocrx_word' id='word_1_210' title='bbox 1244 2405 1439 2460; x_wconf 76' lang='lat' dir='ltr'><strong>locutus</strong></span> <span class='ocrx_word' id='word_1_211' title='bbox 1463 2421 1575 2459; x_wconf 86' lang='lat' dir='ltr'><strong>sum</strong></span> <span class='ocrx_word' id='word_1_212' title='bbox 1594 2404 1752 2471; x_wconf 83' lang='lat' dir='ltr'><strong>vobis,</strong></span> 
     </span>
    </p>
   </div>
   <div class='ocr_carea' id='block_1_26' title="bbox 181 2496 1757 2571">
    <p class='ocr_par' dir='ltr' id='par_1_26' title="bbox 181 2496 1757 2571">
     <span class='ocr_line' id='line_1_26' title="bbox 181 2496 1757 2571; baseline -0.004 -15"><span class='ocrx_word' id='word_1_213' title='bbox 181 2503 369 2571; x_wconf 78' lang='lat' dir='ltr'><strong>spiritus</strong></span> <span class='ocrx_word' id='word_1_214' title='bbox 393 2513 442 2555; x_wconf 89' lang='lat' dir='ltr'><strong>et</strong></span> <span class='ocrx_word' id='word_1_215' title='bbox 468 2501 575 2555; x_wconf 75' lang='lat' dir='ltr'><strong>vita</strong></span> <span class='ocrx_word' id='word_1_216' title='bbox 600 2510 756 2564; x_wconf 80' lang='lat' dir='ltr'><strong>sunt;</strong></span> <span class='ocrx_word' id='word_1_217' title='bbox 778 2499 868 2555; x_wconf 86' lang='lat' dir='ltr'><strong>sed</strong></span> <span class='ocrx_word' id='word_1_218' title='bbox 894 2508 1009 2553; x_wconf 86' lang='lat' dir='ltr'><strong>sunt</strong></span> <span class='ocrx_word' id='word_1_219' title='bbox 1045 2497 1250 2570; x_wconf 85' lang='lat' dir='ltr'><strong>quidam</strong></span> <span class='ocrx_word' id='word_1_220' title='bbox 1274 2513 1338 2552; x_wconf 78' lang='lat' dir='ltr'><strong>ea:</strong></span> <span class='ocrx_word' id='word_1_221' title='bbox 1360 2497 1497 2551; x_wconf 76' lang='lat' dir='ltr'><strong>vobis</strong></span> <span class='ocrx_word' id='word_1_222' title='bbox 1534 2496 1620 2567; x_wconf 88' lang='lat' dir='ltr'><strong>qui</strong></span> <span class='ocrx_word' id='word_1_223' title='bbox 1653 2511 1757 2550; x_wconf 77' lang='lat' dir='ltr'><strong>non</strong></span> 
     </span>
    </p>
   </div>
   <div class='ocr_carea' id='block_1_27' title="bbox 180 2586 1757 2661">
    <p class='ocr_par' dir='ltr' id='par_1_27' title="bbox 180 2586 1757 2661">
     <span class='ocr_line' id='line_1_27' title="bbox 180 2586 1757 2661; baseline -0.005 -13"><span class='ocrx_word' id='word_1_224' title='bbox 180 2593 393 2648; x_wconf 70' lang='lat' dir='ltr'><strong>credam.</strong></span> <span class='ocrx_word' id='word_1_225' title='bbox 438 2592 645 2646; x_wconf 81' lang='lat' dir='ltr'><strong>Deinde</strong></span> <span class='ocrx_word' id='word_1_226' title='bbox 680 2590 954 2661; x_wconf 75' lang='lat' dir='ltr'><strong>subiunxit</strong></span> <span class='ocrx_word' id='word_1_227' title='bbox 980 2587 1313 2659; x_wconf 84' lang='lat' dir='ltr'><strong>Evangelista</strong></span> <span class='ocrx_word' id='word_1_228' title='bbox 1342 2605 1356 2641; x_wconf 93' lang='lat'><strong>:</strong></span> <span class='ocrx_word' id='word_1_229' title='bbox 1386 2586 1585 2643; x_wconf 79' lang='lat' dir='ltr'><strong>Sciebat</strong></span> <span class='ocrx_word' id='word_1_230' title='bbox 1622 2587 1757 2641; x_wconf 76' lang='lat' dir='ltr'><strong>enim</strong></span> 
     </span>
    </p>
   </div>
   <div class='ocr_carea' id='block_1_28' title="bbox 180 2679 1757 2755">
    <p class='ocr_par' dir='ltr' id='par_1_28' title="bbox 180 2679 1757 2755">
     <span class='ocr_line' id='line_1_28' title="bbox 180 2679 1757 2755; baseline -0.004 -14"><span class='ocrx_word' id='word_1_231' title='bbox 180 2685 317 2741; x_wconf 72' lang='lat' dir='ltr'><strong>Iesus</strong></span> <span class='ocrx_word' id='word_1_232' title='bbox 341 2688 405 2739; x_wconf 83' lang='lat' dir='ltr'><strong>ab</strong></span> <span class='ocrx_word' id='word_1_233' title='bbox 431 2685 599 2749; x_wconf 87' lang='lat' dir='ltr'><strong>initio,</strong></span> <span class='ocrx_word' id='word_1_234' title='bbox 619 2685 706 2755; x_wconf 90' lang='lat' dir='ltr'><strong>qui</strong></span> <span class='ocrx_word' id='word_1_235' title='bbox 742 2691 905 2738; x_wconf 79' lang='lat' dir='ltr'><strong>essent</strong></span> <span class='ocrx_word' id='word_1_236' title='bbox 928 2682 1202 2748; x_wconf 79' lang='lat' dir='ltr'><strong>credentes,</strong></span> <span class='ocrx_word' id='word_1_237' title='bbox 1242 2689 1290 2734; x_wconf 86' lang='lat' dir='ltr'><strong>et</strong></span> <span class='ocrx_word' id='word_1_238' title='bbox 1327 2680 1439 2751; x_wconf 83' lang='lat' dir='ltr'><strong>quis</strong></span> <span class='ocrx_word' id='word_1_239' title='bbox 1479 2679 1757 2734; x_wconf 83' lang='lat' dir='ltr'><strong>traditurus</strong></span> 
     </span>
    </p>
   </div>
   <div class='ocr_carea' id='block_1_29' title="bbox 182 2772 1755 2845">
    <p class='ocr_par' dir='ltr' id='par_1_29' title="bbox 182 2772 1755 2845">
     <span class='ocr_line' id='line_1_29' title="bbox 182 2772 1755 2845; baseline -0.005 -11"><span class='ocrx_word' id='word_1_240' title='bbox 182 2791 297 2834; x_wconf 86' lang='lat' dir='ltr'><strong>esset</strong></span> <span class='ocrx_word' id='word_1_241' title='bbox 324 2797 457 2844; x_wconf 65' lang='lat' dir='ltr'><strong>nm,</strong></span> <span class='ocrx_word' id='word_1_242' title='bbox 498 2788 545 2833; x_wconf 87' lang='lat' dir='ltr'><strong>et</strong></span> <span class='ocrx_word' id='word_1_243' title='bbox 570 2777 784 2843; x_wconf 78' lang='lat' dir='ltr'><strong>dicebat,</strong></span> <span class='ocrx_word' id='word_1_244' title='bbox 821 2775 1099 2845; x_wconf 77' lang='lat' dir='ltr'><strong>Propterea</strong></span> <span class='ocrx_word' id='word_1_245' title='bbox 1127 2774 1235 2828; x_wconf 71' lang='lat' dir='ltr'><strong>dixi</strong></span> <span class='ocrx_word' id='word_1_246' title='bbox 1261 2772 1421 2840; x_wconf 71' lang='lat' dir='ltr'><strong>vobis,</strong></span> <span class='ocrx_word' id='word_1_247' title='bbox 1451 2772 1570 2844; x_wconf 85' lang='lat' dir='ltr'><strong>quia</strong></span> <span class='ocrx_word' id='word_1_248' title='bbox 1609 2787 1755 2826; x_wconf 89' lang='lat' dir='ltr'><strong>nemo</strong></span> 
     </span>
    </p>
   </div>
   <div class='ocr_carea' id='block_1_30' title="bbox 183 2863 1757 2944">
    <p class='ocr_par' dir='ltr' id='par_1_30' title="bbox 183 2863 1757 2944">
     <span class='ocr_line' id='line_1_30' title="bbox 183 2863 1757 2944; baseline -0.004 -18"><span class='ocrx_word' id='word_1_249' title='bbox 183 2882 339 2944; x_wconf 87' lang='lat' dir='ltr'><strong>potest</strong></span> <span class='ocrx_word' id='word_1_250' title='bbox 360 2873 526 2925; x_wconf 74' lang='lat' dir='ltr'><strong>venire</strong></span> <span class='ocrx_word' id='word_1_251' title='bbox 549 2870 615 2923; x_wconf 89' lang='lat' dir='ltr'><strong>ad</strong></span> <span class='ocrx_word' id='word_1_252' title='bbox 658 2886 759 2935; x_wconf 84' lang='lat' dir='ltr'><strong>me,</strong></span> <span class='ocrx_word' id='word_1_253' title='bbox 799 2870 896 2923; x_wconf 80' lang='lat' dir='ltr'><strong>nisi</strong></span> <span class='ocrx_word' id='word_1_254' title='bbox 921 2868 1070 2937; x_wconf 80' lang='lat' dir='ltr'><strong>fuerit</strong></span> <span class='ocrx_word' id='word_1_255' title='bbox 1098 2867 1144 2921; x_wconf 88' lang='lat' dir='ltr'><strong>ei</strong></span> <span class='ocrx_word' id='word_1_256' title='bbox 1178 2867 1354 2919; x_wconf 89' lang='lat' dir='ltr'><strong>datum</strong></span> <span class='ocrx_word' id='word_1_257' title='bbox 1380 2882 1413 2920; x_wconf 93' lang='lat' dir='ltr'><strong>a</strong></span> <span class='ocrx_word' id='word_1_258' title='bbox 1452 2863 1610 2919; x_wconf 87' lang='lat' dir='ltr'><strong>Patre</strong></span> <span class='ocrx_word' id='word_1_259' title='bbox 1646 2880 1757 2919; x_wconf 82' lang='lat' dir='ltr'><strong>meo</strong></span> 
     </span>
    </p>
   </div>
   <div class='ocr_carea' id='block_1_31' title="bbox 191 2957 1759 3035">
    <p class='ocr_par' dir='ltr' id='par_1_31' title="bbox 191 2957 1759 3035">
     <span class='ocr_line' id='line_1_31' title="bbox 191 2957 1759 3035; baseline -0.003 -20"><span class='ocrx_word' id='word_1_260' title='bbox 191 2962 378 3035; x_wconf 80' lang='lat' dir='ltr'><strong>(Joan.</strong></span> <span class='ocrx_word' id='word_1_261' title='bbox 405 2978 481 3027; x_wconf 74' lang='lat' dir='ltr'><strong>vi,</strong></span> <span class='ocrx_word' id='word_1_262' title='bbox 524 2962 608 3025; x_wconf 67' lang='grc'><strong>44,</strong></span> <span class='ocrx_word' id='word_1_263' title='bbox 652 2957 878 3031; x_wconf 67' lang='grc' dir='ltr'><strong>θοι-66).</strong></span> <span class='ocrx_word' id='word_1_264' title='bbox 918 2958 1249 3016; x_wconf 85' lang='lat' dir='ltr'><strong>Sententiam</strong></span> <span class='ocrx_word' id='word_1_265' title='bbox 1295 2958 1497 3012; x_wconf 81' lang='lat' dir='ltr'><strong>scilicet</strong></span> <span class='ocrx_word' id='word_1_266' title='bbox 1547 2957 1759 3012; x_wconf 86' lang='lat' dir='ltr'><strong>iteravit</strong></span> 
     </span>
    </p>
   </div>
   <div class='ocr_carea' id='block_1_32' title="bbox 191 3048 1758 3125">
    <p class='ocr_par' dir='ltr' id='par_1_32' title="bbox 191 3048 1758 3125">
     <span class='ocr_line' id='line_1_32' title="bbox 191 3048 1758 3125; baseline -0.003 -17"><span class='ocrx_word' id='word_1_267' title='bbox 191 3070 292 3125; x_wconf 84' lang='lat' dir='ltr'><strong>qua</strong></span> <span class='ocrx_word' id='word_1_268' title='bbox 318 3054 539 3121; x_wconf 79' lang='lat' dir='ltr'><strong>dixerat,</strong></span> <span class='ocrx_word' id='word_1_269' title='bbox 570 3051 725 3111; x_wconf 82' lang='lat' dir='ltr'><strong>Nemo</strong></span> <span class='ocrx_word' id='word_1_270' title='bbox 756 3061 916 3123; x_wconf 86' lang='lat' dir='ltr'><strong>potest</strong></span> <span class='ocrx_word' id='word_1_271' title='bbox 940 3053 1107 3106; x_wconf 82' lang='lat' dir='ltr'><strong>venire</strong></span> <span class='ocrx_word' id='word_1_272' title='bbox 1129 3051 1197 3105; x_wconf 88' lang='lat' dir='ltr'><strong>ad</strong></span> <span class='ocrx_word' id='word_1_273' title='bbox 1219 3066 1318 3114; x_wconf 89' lang='lat' dir='ltr'><strong>me,</strong></span> <span class='ocrx_word' id='word_1_274' title='bbox 1350 3050 1447 3105; x_wconf 88' lang='lat' dir='ltr'><strong>nisi</strong></span> <span class='ocrx_word' id='word_1_275' title='bbox 1471 3048 1648 3116; x_wconf 76' lang='lat' dir='ltr'><strong>Pater,</strong></span> <span class='ocrx_word' id='word_1_276' title='bbox 1670 3050 1758 3119; x_wconf 85' lang='lat' dir='ltr'><strong>qui</strong></span> 
     </span>
    </p>
   </div>
   <div class='ocr_carea' id='block_1_33' title="bbox 183 3141 1759 3213">
    <p class='ocr_par' dir='ltr' id='par_1_33' title="bbox 183 3141 1759 3213">
     <span class='ocr_line' id='line_1_33' title="bbox 183 3141 1759 3213; baseline -0.003 -12"><span class='ocrx_word' id='word_1_277' title='bbox 183 3147 319 3201; x_wconf 73' lang='lat' dir='ltr'><strong>arisi!</strong></span> <span class='ocrx_word' id='word_1_278' title='bbox 352 3163 448 3209; x_wconf 84' lang='lat' dir='ltr'><strong>me,</strong></span> <span class='ocrx_word' id='word_1_279' title='bbox 478 3146 680 3199; x_wconf 71' lang='lat' dir='ltr'><strong>traxerit</strong></span> <span class='ocrx_word' id='word_1_280' title='bbox 719 3161 862 3199; x_wconf 88' lang='lat' dir='ltr'><strong>eum.</strong></span> <span class='ocrx_word' id='word_1_281' title='bbox 900 3143 968 3198; x_wconf 87' lang='lat' dir='ltr'><strong>Et</strong></span> <span class='ocrx_word' id='word_1_282' title='bbox 1012 3143 1114 3197; x_wconf 89' lang='lat' dir='ltr'><strong>hoc</strong></span> <span class='ocrx_word' id='word_1_283' title='bbox 1153 3150 1369 3213; x_wconf 84' lang='lat' dir='ltr'><strong>propter</strong></span> <span class='ocrx_word' id='word_1_284' title='bbox 1398 3141 1676 3197; x_wconf 87' lang='lat' dir='ltr'><strong>credentes</strong></span> <span class='ocrx_word' id='word_1_285' title='bbox 1705 3150 1759 3197; x_wconf 85' lang='lat' dir='ltr'><strong>ct</strong></span> 
     </span>
    </p>
   </div>
   <div class='ocr_carea' id='block_1_34' title="bbox 182 3233 1753 3315">
    <p class='ocr_par' dir='ltr' id='par_1_34' title="bbox 182 3233 1753 3315">
     <span class='ocr_line' id='line_1_34' title="bbox 182 3233 1753 3315; baseline -0.003 -23"><span class='ocrx_word' id='word_1_286' title='bbox 182 3252 278 3315; x_wconf 80' lang='lat' dir='ltr'><strong>non</strong></span> <span class='ocrx_word' id='word_1_287' title='bbox 302 3235 583 3292; x_wconf 86' lang='lat' dir='ltr'><strong>credentes</strong></span> <span class='ocrx_word' id='word_1_288' title='bbox 611 3251 672 3291; x_wconf 88' lang='lat' dir='ltr'><strong>se</strong></span> <span class='ocrx_word' id='word_1_289' title='bbox 696 3235 894 3290; x_wconf 89' lang='lat' dir='ltr'><strong>dixisse</strong></span> <span class='ocrx_word' id='word_1_290' title='bbox 917 3234 1295 3300; x_wconf 76' lang='lat' dir='ltr'><strong>manifestavit,</strong></span> <span class='ocrx_word' id='word_1_291' title='bbox 1319 3248 1593 3303; x_wconf 81' lang='lat' dir='ltr'><strong>exponens</strong></span> <span class='ocrx_word' id='word_1_292' title='bbox 1611 3233 1753 3304; x_wconf 89' lang='lat' dir='ltr'><strong>quod</strong></span> 
     </span>
    </p>
   </div>
   <div class='ocr_carea' id='block_1_35' title="bbox 187 3323 1759 3397">
    <p class='ocr_par' dir='ltr' id='par_1_35' title="bbox 187 3323 1759 3397">
     <span class='ocr_line' id='line_1_35' title="bbox 187 3323 1759 3397; baseline -0.003 -16"><span class='ocrx_word' id='word_1_293' title='bbox 187 3327 392 3391; x_wconf 84' lang='lat' dir='ltr'><strong>dixerat,</strong></span> <span class='ocrx_word' id='word_1_294' title='bbox 415 3325 533 3381; x_wconf 83' lang='lat' dir='ltr'><strong>Nisi</strong></span> <span class='ocrx_word' id='word_1_295' title='bbox 557 3324 737 3393; x_wconf 85' lang='lat' dir='ltr'><strong>Pater,</strong></span> <span class='ocrx_word' id='word_1_296' title='bbox 753 3326 841 3397; x_wconf 83' lang='lat' dir='ltr'><strong>qui</strong></span> <span class='ocrx_word' id='word_1_297' title='bbox 865 3326 998 3379; x_wconf 89' lang='lat' dir='ltr'><strong>misit</strong></span> <span class='ocrx_word' id='word_1_298' title='bbox 1017 3341 1114 3391; x_wconf 88' lang='lat' dir='ltr'><strong>me,</strong></span> <span class='ocrx_word' id='word_1_299' title='bbox 1137 3325 1344 3379; x_wconf 68' lang='lat' dir='ltr'><strong>traxerit</strong></span> <span class='ocrx_word' id='word_1_300' title='bbox 1364 3340 1476 3378; x_wconf 81' lang='lat' dir='ltr'><strong>cum</strong></span> <span class='ocrx_word' id='word_1_301' title='bbox 1493 3339 1512 3377; x_wconf 89' lang='lat'><strong><em>:</em></strong></span> <span class='ocrx_word' id='word_1_302' title='bbox 1529 3323 1598 3377; x_wconf 90' lang='lat' dir='ltr'><strong>idi</strong></span> <span class='ocrx_word' id='word_1_303' title='bbox 1606 3337 1759 3392; x_wconf 88' lang='lat' dir='ltr'><strong>psum</strong></span> 
     </span>
    </p>
   </div>
   <div class='ocr_carea' id='block_1_36' title="bbox 181 3415 1761 3490">
    <p class='ocr_par' dir='ltr' id='par_1_36' title="bbox 181 3415 1761 3490">
     <span class='ocr_line' id='line_1_36' title="bbox 181 3415 1761 3490; baseline -0.003 -17"><span class='ocrx_word' id='word_1_304' title='bbox 181 3420 286 3475; x_wconf 84' lang='lat' dir='ltr'><strong>aliis</strong></span> <span class='ocrx_word' id='word_1_305' title='bbox 309 3419 490 3475; x_wconf 82' lang='lat' dir='ltr'><strong>verbis</strong></span> <span class='ocrx_word' id='word_1_306' title='bbox 516 3419 811 3490; x_wconf 87' lang='lat' dir='ltr'><strong>repetendo</strong></span> <span class='ocrx_word' id='word_1_307' title='bbox 836 3420 888 3472; x_wconf 92' lang='lat' dir='ltr'><strong>in</strong></span> <span class='ocrx_word' id='word_1_308' title='bbox 913 3433 981 3474; x_wconf 90' lang='lat' dir='ltr'><strong>eo</strong></span> <span class='ocrx_word' id='word_1_309' title='bbox 1003 3417 1145 3489; x_wconf 92' lang='lat' dir='ltr'><strong>quod</strong></span> <span class='ocrx_word' id='word_1_310' title='bbox 1168 3418 1265 3484; x_wconf 88' lang='lat' dir='ltr'><strong>ait,</strong></span> <span class='ocrx_word' id='word_1_311' title='bbox 1295 3417 1392 3471; x_wconf 88' lang='lat' dir='ltr'><strong>nisi</strong></span> <span class='ocrx_word' id='word_1_312' title='bbox 1421 3417 1571 3486; x_wconf 79' lang='lat' dir='ltr'><strong>fuerit</strong></span> <span class='ocrx_word' id='word_1_313' title='bbox 1595 3416 1641 3470; x_wconf 88' lang='lat' dir='ltr'><strong>ei</strong></span> <span class='ocrx_word' id='word_1_314' title='bbox 1661 3415 1761 3469; x_wconf 83' lang='lat' dir='ltr'><strong>da-</strong></span> 
     </span>
    </p>
   </div>
   <div class='ocr_carea' id='block_1_37' title="bbox 183 3505 1759 3580">
    <p class='ocr_par' dir='ltr' id='par_1_37' title="bbox 183 3505 1759 3580">
     <span class='ocr_line' id='line_1_37' title="bbox 183 3505 1759 3580; baseline -0.003 -15"><span class='ocrx_word' id='word_1_315' title='bbox 183 3522 329 3565; x_wconf 75' lang='lat' dir='ltr'><strong>mna</strong></span> <span class='ocrx_word' id='word_1_316' title='bbox 354 3509 516 3564; x_wconf 84' lang='lat' dir='ltr'><strong>Patre</strong></span> <span class='ocrx_word' id='word_1_317' title='bbox 556 3526 689 3564; x_wconf 82' lang='lat' dir='ltr'><strong>meo.</strong></span> <span class='ocrx_word' id='word_1_318' title='bbox 730 3507 823 3565; x_wconf 83' lang='lat' dir='ltr'><strong>Ille</strong></span> <span class='ocrx_word' id='word_1_319' title='bbox 857 3510 1054 3580; x_wconf 84' lang='lat' dir='ltr'><strong>quippe</strong></span> <span class='ocrx_word' id='word_1_320' title='bbox 1096 3508 1323 3563; x_wconf 81' lang='lat' dir='ltr'><strong>trahitur</strong></span> <span class='ocrx_word' id='word_1_321' title='bbox 1356 3506 1424 3562; x_wconf 87' lang='lat' dir='ltr'><strong>ad</strong></span> <span class='ocrx_word' id='word_1_322' title='bbox 1453 3505 1759 3577; x_wconf 87' lang='lat' dir='ltr'><strong>Christum,</strong></span> 
     </span>
    </p>
   </div>
   <div class='ocr_carea' id='block_1_38' title="bbox 180 3600 1762 3670">
    <p class='ocr_par' dir='ltr' id='par_1_38' title="bbox 180 3600 1762 3670">
     <span class='ocr_line' id='line_1_38' title="bbox 180 3600 1762 3670; baseline -0.003 -11"><span class='ocrx_word' id='word_1_323' title='bbox 180 3604 254 3659; x_wconf 88' lang='lat' dir='ltr'><strong>cui</strong></span> <span class='ocrx_word' id='word_1_324' title='bbox 275 3603 430 3658; x_wconf 90' lang='lat' dir='ltr'><strong>datur</strong></span> <span class='ocrx_word' id='word_1_325' title='bbox 455 3612 513 3657; x_wconf 90' lang='lat' dir='ltr'><strong>ut</strong></span> <span class='ocrx_word' id='word_1_326' title='bbox 541 3602 727 3658; x_wconf 84' lang='lat' dir='ltr'><strong>credat</strong></span> <span class='ocrx_word' id='word_1_327' title='bbox 755 3602 808 3657; x_wconf 91' lang='lat' dir='ltr'><strong>in</strong></span> <span class='ocrx_word' id='word_1_328' title='bbox 847 3601 1137 3657; x_wconf 82' lang='lat' dir='ltr'><strong>Christum.</strong></span> <span class='ocrx_word' id='word_1_329' title='bbox 1180 3600 1343 3655; x_wconf 89' lang='lat' dir='ltr'><strong>Datur</strong></span> <span class='ocrx_word' id='word_1_330' title='bbox 1366 3614 1492 3670; x_wconf 87' lang='lat' dir='ltr'><strong>ergo</strong></span> <span class='ocrx_word' id='word_1_331' title='bbox 1526 3608 1762 3669; x_wconf 77' lang='lat' dir='ltr'><strong>potestas</strong></span> 
     </span>
    </p>
   </div>
   <div class='ocr_carea' id='block_1_39' title="bbox 180 3693 1759 3766">
    <p class='ocr_par' dir='ltr' id='par_1_39' title="bbox 180 3693 1759 3766">
     <span class='ocr_line' id='line_1_39' title="bbox 180 3693 1759 3766; baseline -0.002 -15"><span class='ocrx_word' id='word_1_332' title='bbox 180 3710 228 3752; x_wconf 89' lang='lat' dir='ltr'><strong>ut</strong></span> <span class='ocrx_word' id='word_1_333' title='bbox 254 3699 340 3752; x_wconf 82' lang='lat' dir='ltr'><strong>ﬁlii</strong></span> <span class='ocrx_word' id='word_1_334' title='bbox 382 3699 473 3753; x_wconf 87' lang='lat' dir='ltr'><strong>Dei</strong></span> <span class='ocrx_word' id='word_1_335' title='bbox 504 3698 658 3762; x_wconf 81' lang='lat' dir='ltr'><strong>ﬁant,</strong></span> <span class='ocrx_word' id='word_1_336' title='bbox 687 3699 778 3766; x_wconf 88' lang='lat' dir='ltr'><strong>qui</strong></span> <span class='ocrx_word' id='word_1_337' title='bbox 806 3696 1030 3753; x_wconf 88' lang='lat' dir='ltr'><strong>credunt</strong></span> <span class='ocrx_word' id='word_1_338' title='bbox 1057 3696 1110 3751; x_wconf 92' lang='lat' dir='ltr'><strong>in</strong></span> <span class='ocrx_word' id='word_1_339' title='bbox 1137 3710 1283 3762; x_wconf 86' lang='lat' dir='ltr'><strong>eum,</strong></span> <span class='ocrx_word' id='word_1_340' title='bbox 1312 3709 1431 3750; x_wconf 88' lang='lat' dir='ltr'><strong>cum</strong></span> <span class='ocrx_word' id='word_1_341' title='bbox 1464 3693 1565 3750; x_wconf 87' lang='lat' dir='ltr'><strong>hoc</strong></span> <span class='ocrx_word' id='word_1_342' title='bbox 1588 3693 1759 3763; x_wconf 83' lang='lat' dir='ltr'><strong>ipsum</strong></span> 
     </span>
    </p>
   </div>
   <div class='ocr_carea' id='block_1_40' title="bbox 179 3784 1761 3857">
    <p class='ocr_par' dir='ltr' id='par_1_40' title="bbox 179 3784 1761 3857">
     <span class='ocr_line' id='line_1_40' title="bbox 179 3784 1761 3857; baseline -0.003 -13"><span class='ocrx_word' id='word_1_343' title='bbox 179 3790 325 3845; x_wconf 82' lang='lat' dir='ltr'><strong>datur</strong></span> <span class='ocrx_word' id='word_1_344' title='bbox 349 3801 406 3845; x_wconf 91' lang='lat' dir='ltr'><strong>ut</strong></span> <span class='ocrx_word' id='word_1_345' title='bbox 446 3790 674 3845; x_wconf 85' lang='lat' dir='ltr'><strong>credant</strong></span> <span class='ocrx_word' id='word_1_346' title='bbox 715 3789 768 3843; x_wconf 92' lang='lat' dir='ltr'><strong>in</strong></span> <span class='ocrx_word' id='word_1_347' title='bbox 807 3804 951 3844; x_wconf 91' lang='lat' dir='ltr'><strong>eum.</strong></span> <span class='ocrx_word' id='word_1_348' title='bbox 990 3787 1120 3856; x_wconf 70' lang='lat' dir='ltr'><strong>Quae</strong></span> <span class='ocrx_word' id='word_1_349' title='bbox 1146 3793 1384 3857; x_wconf 86' lang='lat' dir='ltr'><strong>potestas</strong></span> <span class='ocrx_word' id='word_1_350' title='bbox 1409 3784 1510 3841; x_wconf 89' lang='lat' dir='ltr'><strong>nisi</strong></span> <span class='ocrx_word' id='word_1_351' title='bbox 1550 3784 1761 3840; x_wconf 86' lang='lat' dir='ltr'><strong>detura</strong></span> 
     </span>
    </p>
   </div>
   <div class='ocr_carea' id='block_1_41' title="bbox 181 3876 1762 3951">
    <p class='ocr_par' dir='ltr' id='par_1_41' title="bbox 181 3876 1762 3951">
     <span class='ocr_line' id='line_1_41' title="bbox 181 3876 1762 3951; baseline -0.006 -12"><span class='ocrx_word' id='word_1_352' title='bbox 181 3883 302 3947; x_wconf 84' lang='lat' dir='ltr'><strong>Deo,</strong></span> <span class='ocrx_word' id='word_1_353' title='bbox 349 3883 493 3937; x_wconf 86' lang='lat' dir='ltr'><strong>nulla</strong></span> <span class='ocrx_word' id='word_1_354' title='bbox 538 3896 661 3937; x_wconf 73' lang='lat' dir='ltr'><strong>esse</strong></span> <span class='ocrx_word' id='word_1_355' title='bbox 695 3888 873 3951; x_wconf 84' lang='lat' dir='ltr'><strong>potest</strong></span> <span class='ocrx_word' id='word_1_356' title='bbox 899 3895 965 3934; x_wconf 83' lang='lat' dir='ltr'><strong>ex</strong></span> <span class='ocrx_word' id='word_1_357' title='bbox 1010 3880 1173 3933; x_wconf 73' lang='lat' dir='ltr'><strong>libero</strong></span> <span class='ocrx_word' id='word_1_358' title='bbox 1217 3877 1436 3932; x_wconf 90' lang='lat' dir='ltr'><strong>arbitrio</strong></span> <span class='ocrx_word' id='word_1_359' title='bbox 1465 3893 1480 3930; x_wconf 90' lang='lat'><strong>:</strong></span> <span class='ocrx_word' id='word_1_360' title='bbox 1508 3876 1631 3947; x_wconf 87' lang='lat' dir='ltr'><strong>quia</strong></span> <span class='ocrx_word' id='word_1_361' title='bbox 1662 3889 1762 3930; x_wconf 92' lang='lat' dir='ltr'><strong>nec</strong></span> 
     </span>
    </p>
   </div>
   <div class='ocr_carea' id='block_1_42' title="bbox 179 3966 1759 4042">
    <p class='ocr_par' dir='ltr' id='par_1_42' title="bbox 179 3966 1759 4042">
     <span class='ocr_line' id='line_1_42' title="bbox 179 3966 1759 4042; baseline -0.007 -12"><span class='ocrx_word' id='word_1_362' title='bbox 179 3977 395 4032; x_wconf 87' lang='lat' dir='ltr'><strong>liberum</strong></span> <span class='ocrx_word' id='word_1_363' title='bbox 439 3975 495 4030; x_wconf 89' lang='lat' dir='ltr'><strong>in</strong></span> <span class='ocrx_word' id='word_1_364' title='bbox 527 3976 670 4029; x_wconf 90' lang='lat' dir='ltr'><strong>bono</strong></span> <span class='ocrx_word' id='word_1_365' title='bbox 694 3974 817 4039; x_wconf 89' lang='lat' dir='ltr'><strong>erit,</strong></span> <span class='ocrx_word' id='word_1_366' title='bbox 847 3971 987 4042; x_wconf 89' lang='lat' dir='ltr'><strong>quod</strong></span> <span class='ocrx_word' id='word_1_367' title='bbox 1018 3970 1270 4026; x_wconf 85' lang='lat' dir='ltr'><strong>liberator</strong></span> <span class='ocrx_word' id='word_1_368' title='bbox 1291 3983 1399 4023; x_wconf 90' lang='lat' dir='ltr'><strong>non</strong></span> <span class='ocrx_word' id='word_1_369' title='bbox 1428 3966 1759 4032; x_wconf 85' lang='lat' dir='ltr'><strong>liberaverit;</strong></span> 
     </span>
    </p>
   </div>
   <div class='ocr_carea' id='block_1_43' title="bbox 179 4056 1761 4122">
    <p class='ocr_par' dir='ltr' id='par_1_43' title="bbox 179 4056 1761 4122">
     <span class='ocr_line' id='line_1_43' title="bbox 179 4056 1761 4122; baseline -0.009 0"><span class='ocrx_word' id='word_1_370' title='bbox 179 4067 264 4121; x_wconf 72' lang='lat' dir='ltr'><strong>Sed</strong></span> <span class='ocrx_word' id='word_1_371' title='bbox 287 4069 340 4122; x_wconf 86' lang='lat' dir='ltr'><strong>in</strong></span> <span class='ocrx_word' id='word_1_372' title='bbox 367 4066 514 4122; x_wconf 85' lang='lat' dir='ltr'><strong>malo</strong></span> <span class='ocrx_word' id='word_1_373' title='bbox 552 4064 776 4119; x_wconf 83' lang='lat' dir='ltr'><strong>liberum</strong></span> <span class='ocrx_word' id='word_1_374' title='bbox 806 4063 965 4117; x_wconf 84' lang='lat' dir='ltr'><strong>habet</strong></span> <span class='ocrx_word' id='word_1_375' title='bbox 990 4060 1289 4122; x_wconf 87' lang='lat' dir='ltr'><strong>arbitrium,</strong></span> <span class='ocrx_word' id='word_1_376' title='bbox 1336 4058 1419 4113; x_wconf 90' lang='lat' dir='ltr'><strong>cui</strong></span> <span class='ocrx_word' id='word_1_377' title='bbox 1446 4056 1761 4112; x_wconf 88' lang='lat' dir='ltr'><strong>delectatio-</strong></span> 
     </span>
    </p>
   </div>
   <div class='ocr_carea' id='block_1_44' title="bbox 180 4148 1761 4231">
    <p class='ocr_par' dir='ltr' id='par_1_44' title="bbox 180 4148 1761 4231">
     <span class='ocr_line' id='line_1_44' title="bbox 180 4148 1761 4231; baseline -0.007 -18"><span class='ocrx_word' id='word_1_378' title='bbox 180 4174 292 4213; x_wconf 84' lang='lat' dir='ltr'><strong>nem</strong></span> <span class='ocrx_word' id='word_1_379' title='bbox 318 4157 538 4213; x_wconf 59' lang='lat' dir='ltr'><strong>malitia</strong></span> <span class='ocrx_word' id='word_1_380' title='bbox 563 4155 649 4231; x_wconf 77' lang='lat' dir='ltr'><strong>vel</strong></span> <span class='ocrx_word' id='word_1_381' title='bbox 676 4154 915 4209; x_wconf 80' lang='lat' dir='ltr'><strong>occultus</strong></span> <span class='ocrx_word' id='word_1_382' title='bbox 939 4152 1022 4207; x_wconf 89' lang='lat' dir='ltr'><strong>vel</strong></span> <span class='ocrx_word' id='word_1_383' title='bbox 1063 4150 1372 4207; x_wconf 77' lang='lat' dir='ltr'><strong>manifestus</strong></span> <span class='ocrx_word' id='word_1_384' title='bbox 1396 4149 1653 4229; x_wconf 75' lang='lat' dir='ltr'><strong>deceptor</strong></span> <span class='ocrx_word' id='word_1_385' title='bbox 1676 4148 1761 4202; x_wconf 83' lang='lat' dir='ltr'><strong>in-</strong></span> 
     </span>
    </p>
   </div>
   <div class='ocr_carea' id='block_1_45' title="bbox 179 4246 1065 4318">
    <p class='ocr_par' dir='ltr' id='par_1_45' title="bbox 179 4246 1065 4318">
     <span class='ocr_line' id='line_1_45' title="bbox 179 4246 1065 4318; baseline -0.007 -13"><span class='ocrx_word' id='word_1_386' title='bbox 179 4250 304 4305; x_wconf 71' lang='lat' dir='ltr'><strong>serit</strong></span> <span class='ocrx_word' id='word_1_387' title='bbox 330 4250 371 4316; x_wconf 76' lang='lat'><strong>&#39;,</strong></span> <span class='ocrx_word' id='word_1_388' title='bbox 401 4248 487 4303; x_wconf 80' lang='lat' dir='ltr'><strong>vel</strong></span> <span class='ocrx_word' id='word_1_389' title='bbox 513 4247 615 4302; x_wconf 82' lang='lat' dir='ltr'><strong>sibi</strong></span> <span class='ocrx_word' id='word_1_390' title='bbox 644 4248 761 4318; x_wconf 88' lang='lat' dir='ltr'><strong>ipse</strong></span> <span class='ocrx_word' id='word_1_391' title='bbox 786 4246 1065 4316; x_wconf 82' lang='lat' dir='ltr'><strong>persuasit.</strong></span> 
     </span>
    </p>
   </div>
   <div class='ocr_carea' id='block_1_46' title="bbox 243 4331 1763 4410">
    <p class='ocr_par' dir='ltr' id='par_1_46' title="bbox 243 4331 1763 4410">
     <span class='ocr_line' id='line_1_46' title="bbox 243 4331 1763 4410; baseline -0.007 -14"><span class='ocrx_word' id='word_1_392' title='bbox 243 4341 295 4395; x_wconf 88' lang='grc'><strong>7.</strong></span> <span class='ocrx_word' id='word_1_393' title='bbox 333 4340 452 4396; x_wconf 86' lang='lat' dir='ltr'><strong>Non</strong></span> <span class='ocrx_word' id='word_1_394' title='bbox 480 4341 685 4410; x_wconf 86' lang='lat' dir='ltr'><strong>itaque,</strong></span> <span class='ocrx_word' id='word_1_395' title='bbox 729 4339 868 4393; x_wconf 88' lang='lat' dir='ltr'><strong>sicut</strong></span> <span class='ocrx_word' id='word_1_396' title='bbox 891 4337 1075 4392; x_wconf 86' lang='lat' dir='ltr'><strong>dicunt</strong></span> <span class='ocrx_word' id='word_1_397' title='bbox 1096 4332 1433 4405; x_wconf 84' lang='lat' dir='ltr'><strong>nosquidam</strong></span> <span class='ocrx_word' id='word_1_398' title='bbox 1464 4331 1666 4399; x_wconf 86' lang='lat' dir='ltr'><strong>dicere,</strong></span> <span class='ocrx_word' id='word_1_399' title='bbox 1707 4340 1763 4387; x_wconf 88' lang='lat' dir='ltr'><strong>et</strong></span> 
     </span>
    </p>
   </div>
   <div class='ocr_carea' id='block_1_47' title="bbox 179 4421 1762 4499">
    <p class='ocr_par' dir='ltr' id='par_1_47' title="bbox 179 4421 1762 4499">
     <span class='ocr_line' id='line_1_47' title="bbox 179 4421 1762 4499; baseline -0.005 -15"><span class='ocrx_word' id='word_1_400' title='bbox 179 4430 271 4487; x_wconf 84' lang='lat' dir='ltr'><strong>iste</strong></span> <span class='ocrx_word' id='word_1_401' title='bbox 294 4432 457 4487; x_wconf 87' lang='lat' dir='ltr'><strong>audet</strong></span> <span class='ocrx_word' id='word_1_402' title='bbox 500 4431 722 4499; x_wconf 88' lang='lat' dir='ltr'><strong>insuper</strong></span> <span class='ocrx_word' id='word_1_403' title='bbox 748 4428 1003 4491; x_wconf 87' lang='lat' dir='ltr'><strong>scribere.</strong></span> <span class='ocrx_word' id='word_1_404' title='bbox 1031 4442 1203 4480; x_wconf 85' lang='lat' dir='ltr'><strong>omnes</strong></span> <span class='ocrx_word' id='word_1_405' title='bbox 1228 4426 1279 4479; x_wconf 87' lang='lat' dir='ltr'><strong>in</strong></span> <span class='ocrx_word' id='word_1_406' title='bbox 1307 4432 1585 4495; x_wconf 86' lang='lat' dir='ltr'><strong>peccatum,</strong></span> <span class='ocrx_word' id='word_1_407' title='bbox 1617 4421 1762 4477; x_wconf 89' lang='lat' dir='ltr'><strong>velut</strong></span> 
     </span>
    </p>
   </div>
   <div class='ocr_carea' id='block_1_48' title="bbox 178 4512 1759 4584">
    <p class='ocr_par' dir='ltr' id='par_1_48' title="bbox 178 4512 1759 4584">
     <span class='ocr_line' id='line_1_48' title="bbox 178 4512 1759 4584; baseline -0.006 -9"><span class='ocrx_word' id='word_1_408' title='bbox 178 4521 341 4584; x_wconf 80' lang='lat' dir='ltr'><strong>inviti,</strong></span> <span class='ocrx_word' id='word_1_409' title='bbox 370 4522 543 4576; x_wconf 84' lang='lat' dir='ltr'><strong>carnis</strong></span> <span class='ocrx_word' id='word_1_410' title='bbox 567 4535 678 4574; x_wconf 68' lang='lat' dir='ltr'><strong>sum</strong></span> <span class='ocrx_word' id='word_1_411' title='bbox 714 4519 1004 4573; x_wconf 83' lang='lat' dir='ltr'><strong>necessitate</strong></span> <span class='ocrx_word' id='word_1_412' title='bbox 1037 4524 1284 4584; x_wconf 86' lang='lat' dir='ltr'><strong>coguntur</strong></span> <span class='ocrx_word' id='word_1_413' title='bbox 1312 4530 1332 4568; x_wconf 90' lang='lat'><strong><em>:</em></strong></span> <span class='ocrx_word' id='word_1_414' title='bbox 1361 4514 1453 4568; x_wconf 89' lang='lat' dir='ltr'><strong>sed</strong></span> <span class='ocrx_word' id='word_1_415' title='bbox 1481 4512 1526 4567; x_wconf 89' lang='lat' dir='ltr'><strong>si</strong></span> <span class='ocrx_word' id='word_1_416' title='bbox 1566 4514 1676 4581; x_wconf 88' lang='lat' dir='ltr'><strong>jam</strong></span> <span class='ocrx_word' id='word_1_417' title='bbox 1708 4512 1759 4566; x_wconf 90' lang='lat' dir='ltr'><strong>in</strong></span> 
     </span>
    </p>
   </div>
   <div class='ocr_carea' id='block_1_49' title="bbox 178 4603 1762 4681">
    <p class='ocr_par' dir='ltr' id='par_1_49' title="bbox 178 4603 1762 4681">
     <span class='ocr_line' id='line_1_49' title="bbox 178 4603 1762 4681; baseline -0.006 -15"><span class='ocrx_word' id='word_1_418' title='bbox 178 4628 238 4666; x_wconf 86' lang='lat' dir='ltr'><strong>ea</strong></span> <span class='ocrx_word' id='word_1_419' title='bbox 260 4623 412 4668; x_wconf 76' lang='lat' dir='ltr'><strong>:rtate</strong></span> <span class='ocrx_word' id='word_1_420' title='bbox 442 4620 589 4671; x_wconf 88' lang='lat' dir='ltr'><strong>sunt.</strong></span> <span class='ocrx_word' id='word_1_421' title='bbox 622 4619 681 4665; x_wconf 91' lang='lat' dir='ltr'><strong>ut</strong></span> <span class='ocrx_word' id='word_1_422' title='bbox 706 4610 933 4681; x_wconf 65' lang='lat' dir='ltr'><strong>pr0priae</strong></span> <span class='ocrx_word' id='word_1_423' title='bbox 972 4607 1164 4662; x_wconf 86' lang='lat' dir='ltr'><strong>mentis</strong></span> <span class='ocrx_word' id='word_1_424' title='bbox 1191 4613 1409 4660; x_wconf 87' lang='lat' dir='ltr'><strong>utantur</strong></span> <span class='ocrx_word' id='word_1_425' title='bbox 1436 4603 1677 4664; x_wconf 86' lang='lat' dir='ltr'><strong>arbitrio.</strong></span> <span class='ocrx_word' id='word_1_426' title='bbox 1708 4609 1762 4657; x_wconf 92' lang='lat' dir='ltr'><strong>et</strong></span> 
     </span>
    </p>
   </div>
   <div class='ocr_carea' id='block_1_50' title="bbox 179 4693 1760 4774">
    <p class='ocr_par' dir='ltr' id='par_1_50' title="bbox 179 4693 1760 4774">
     <span class='ocr_line' id='line_1_50' title="bbox 179 4693 1760 4774; baseline -0.005 -18"><span class='ocrx_word' id='word_1_427' title='bbox 179 4703 228 4757; x_wconf 84' lang='lat' dir='ltr'><strong>in</strong></span> <span class='ocrx_word' id='word_1_428' title='bbox 252 4715 477 4774; x_wconf 86' lang='lat' dir='ltr'><strong>peccato</strong></span> <span class='ocrx_word' id='word_1_429' title='bbox 520 4718 620 4757; x_wconf 88' lang='lat' dir='ltr'><strong>sua</strong></span> <span class='ocrx_word' id='word_1_430' title='bbox 664 4704 934 4755; x_wconf 84' lang='lat' dir='ltr'><strong>voluntate</strong></span> <span class='ocrx_word' id='word_1_431' title='bbox 977 4699 1293 4764; x_wconf 88' lang='lat' dir='ltr'><strong>retinentur,</strong></span> <span class='ocrx_word' id='word_1_432' title='bbox 1323 4706 1429 4753; x_wconf 88' lang='lat' dir='ltr'><strong>eta</strong></span> <span class='ocrx_word' id='word_1_433' title='bbox 1462 4703 1679 4764; x_wconf 87' lang='lat' dir='ltr'><strong>peccato</strong></span> <span class='ocrx_word' id='word_1_434' title='bbox 1706 4693 1760 4749; x_wconf 90' lang='lat' dir='ltr'><strong>in</strong></span> 
     </span>
    </p>
   </div>
   <div class='ocr_carea' id='block_1_51' title="bbox 183 4783 1760 4862">
    <p class='ocr_par' dir='ltr' id='par_1_51' title="bbox 183 4783 1760 4862">
     <span class='ocr_line' id='line_1_51' title="bbox 183 4783 1760 4862; baseline -0.006 -11"><span class='ocrx_word' id='word_1_435' title='bbox 183 4807 449 4861; x_wconf 67' lang='lat' dir='ltr'><strong>necatum</strong></span> <span class='ocrx_word' id='word_1_436' title='bbox 478 4812 577 4850; x_wconf 87' lang='lat' dir='ltr'><strong>sua</strong></span> <span class='ocrx_word' id='word_1_437' title='bbox 628 4794 902 4849; x_wconf 87' lang='lat' dir='ltr'><strong>voluntate</strong></span> <span class='ocrx_word' id='word_1_438' title='bbox 931 4783 1346 4862; x_wconf 76' lang='lat' dir='ltr'><strong>prmcipitaiitur.</strong></span> <span class='ocrx_word' id='word_1_439' title='bbox 1394 4787 1577 4858; x_wconf 86' lang='lat' dir='ltr'><strong>Neque</strong></span> <span class='ocrx_word' id='word_1_440' title='bbox 1618 4788 1760 4841; x_wconf 88' lang='lat' dir='ltr'><strong>enim</strong></span> 
     </span>
    </p>
   </div>
   <div class='ocr_carea' id='block_1_52' title="bbox 181 4881 1760 4958">
    <p class='ocr_par' dir='ltr' id='par_1_52' title="bbox 181 4881 1760 4958">
     <span class='ocr_line' id='line_1_52' title="bbox 181 4881 1760 4958; baseline -0.003 -20"><span class='ocrx_word' id='word_1_441' title='bbox 181 4888 275 4956; x_wconf 74' lang='lat' dir='ltr'><strong>agit</strong></span> <span class='ocrx_word' id='word_1_442' title='bbox 299 4888 354 4942; x_wconf 89' lang='lat' dir='ltr'><strong>in</strong></span> <span class='ocrx_word' id='word_1_443' title='bbox 383 4890 465 4943; x_wconf 89' lang='lat' dir='ltr'><strong>eis</strong></span> <span class='ocrx_word' id='word_1_444' title='bbox 493 4888 658 4943; x_wconf 92' lang='lat' dir='ltr'><strong>etiam</strong></span> <span class='ocrx_word' id='word_1_445' title='bbox 697 4886 786 4958; x_wconf 89' lang='lat' dir='ltr'><strong>qui</strong></span> <span class='ocrx_word' id='word_1_446' title='bbox 815 4885 1006 4942; x_wconf 86' lang='lat' dir='ltr'><strong>suadet</strong></span> <span class='ocrx_word' id='word_1_447' title='bbox 1029 4894 1084 4939; x_wconf 92' lang='lat' dir='ltr'><strong>et</strong></span> <span class='ocrx_word' id='word_1_448' title='bbox 1107 4883 1321 4953; x_wconf 88' lang='lat' dir='ltr'><strong>decipit,</strong></span> <span class='ocrx_word' id='word_1_449' title='bbox 1352 4881 1452 4936; x_wconf 89' lang='lat' dir='ltr'><strong>nisi</strong></span> <span class='ocrx_word' id='word_1_450' title='bbox 1485 4891 1542 4935; x_wconf 92' lang='lat' dir='ltr'><strong>ut</strong></span> <span class='ocrx_word' id='word_1_451' title='bbox 1570 4895 1760 4950; x_wconf 85' lang='lat' dir='ltr'><strong>pecca-</strong></span> 
     </span>
    </p>
   </div>
   <div class='ocr_carea' id='block_1_53' title="bbox 181 4972 1757 5044">
    <p class='ocr_par' dir='ltr' id='par_1_53' title="bbox 181 4972 1757 5044">
     <span class='ocr_line' id='line_1_53' title="bbox 181 4972 1757 5044; baseline -0.004 -14"><span class='ocrx_word' id='word_1_452' title='bbox 181 4986 282 5032; x_wconf 83' lang='lat' dir='ltr'><strong>tum</strong></span> <span class='ocrx_word' id='word_1_453' title='bbox 310 4980 588 5034; x_wconf 74' lang='lat' dir='ltr'><strong>voluntate</strong></span> <span class='ocrx_word' id='word_1_454' title='bbox 627 4977 983 5039; x_wconf 83' lang='lat' dir='ltr'><strong>committant,</strong></span> <span class='ocrx_word' id='word_1_455' title='bbox 1030 4974 1112 5028; x_wconf 85' lang='lat' dir='ltr'><strong>vel</strong></span> <span class='ocrx_word' id='word_1_456' title='bbox 1160 4973 1452 5044; x_wconf 77' lang='lat' dir='ltr'><strong>ignorantia</strong></span> <span class='ocrx_word' id='word_1_457' title='bbox 1481 4972 1717 5026; x_wconf 77' lang='lat' dir='ltr'><strong>veritatis</strong></span> <span class='ocrx_word' id='word_1_458' title='bbox 1741 5011 1757 5037; x_wconf 95' lang='lat'><strong>,</strong></span> 
     </span>
    </p>
   </div>
   <div class='ocr_carea' id='block_1_54' title="bbox 183 5063 1760 5137">
    <p class='ocr_par' dir='ltr' id='par_1_54' title="bbox 183 5063 1760 5137">
     <span class='ocr_line' id='line_1_54' title="bbox 183 5063 1760 5137; baseline -0.005 -14"><span class='ocrx_word' id='word_1_459' title='bbox 183 5069 257 5123; x_wconf 68' lang='lat' dir='ltr'><strong>vel</strong></span> <span class='ocrx_word' id='word_1_460' title='bbox 281 5070 638 5125; x_wconf 85' lang='lat' dir='ltr'><strong>delectatione</strong></span> <span class='ocrx_word' id='word_1_461' title='bbox 663 5066 973 5137; x_wconf 79' lang='lat' dir='ltr'><strong>iniquitatis,</strong></span> <span class='ocrx_word' id='word_1_462' title='bbox 1011 5064 1095 5120; x_wconf 88' lang='lat' dir='ltr'><strong>vel</strong></span> <span class='ocrx_word' id='word_1_463' title='bbox 1139 5073 1365 5134; x_wconf 84' lang='lat' dir='ltr'><strong>utroque</strong></span> <span class='ocrx_word' id='word_1_464' title='bbox 1407 5063 1545 5117; x_wconf 87' lang='lat' dir='ltr'><strong>malo</strong></span> <span class='ocrx_word' id='word_1_465' title='bbox 1574 5070 1627 5116; x_wconf 90' lang='lat' dir='ltr'><strong>et</strong></span> <span class='ocrx_word' id='word_1_466' title='bbox 1653 5076 1760 5116; x_wconf 71' lang='grc' dir='ltr'>ειε-</span> 
     </span>
    </p>
   </div>
   <div class='ocr_carea' id='block_1_55' title="bbox 183 5154 1759 5224">
    <p class='ocr_par' dir='ltr' id='par_1_55' title="bbox 183 5154 1759 5224">
     <span class='ocr_line' id='line_1_55' title="bbox 183 5154 1759 5224; baseline -0.003 -13"><span class='ocrx_word' id='word_1_467' title='bbox 183 5159 350 5215; x_wconf 84' lang='lat' dir='ltr'><strong>citatis</strong></span> <span class='ocrx_word' id='word_1_468' title='bbox 374 5171 430 5217; x_wconf 90' lang='lat' dir='ltr'><strong>et</strong></span> <span class='ocrx_word' id='word_1_469' title='bbox 458 5159 803 5215; x_wconf 78' lang='lat' dir='ltr'><strong>inﬁrmitatis.</strong></span> <span class='ocrx_word' id='word_1_470' title='bbox 840 5157 949 5214; x_wconf 87' lang='lat' dir='ltr'><strong>Sed</strong></span> <span class='ocrx_word' id='word_1_471' title='bbox 995 5156 1109 5212; x_wconf 64' lang='lat' dir='ltr'><strong>haec</strong></span> <span class='ocrx_word' id='word_1_472' title='bbox 1152 5157 1396 5211; x_wconf 86' lang='lat' dir='ltr'><strong>voluntas</strong></span> <span class='ocrx_word' id='word_1_473' title='bbox 1439 5169 1557 5224; x_wconf 74' lang='lat' dir='ltr'><strong>qua:</strong></span> <span class='ocrx_word' id='word_1_474' title='bbox 1594 5154 1759 5209; x_wconf 87' lang='lat' dir='ltr'><strong>libera</strong></span> 
     </span>
    </p>
   </div>
   <div class='ocr_carea' id='block_1_56' title="bbox 185 5245 1759 5321">
    <p class='ocr_par' dir='ltr' id='par_1_56' title="bbox 185 5245 1759 5321">
     <span class='ocr_line' id='line_1_56' title="bbox 185 5245 1759 5321; baseline -0.002 -20"><span class='ocrx_word' id='word_1_475' title='bbox 185 5261 263 5305; x_wconf 74' lang='lat' dir='ltr'><strong>est</strong></span> <span class='ocrx_word' id='word_1_476' title='bbox 286 5252 336 5306; x_wconf 88' lang='lat' dir='ltr'><strong>in</strong></span> <span class='ocrx_word' id='word_1_477' title='bbox 364 5254 535 5315; x_wconf 87' lang='lat' dir='ltr'><strong>malis,</strong></span> <span class='ocrx_word' id='word_1_478' title='bbox 573 5251 695 5321; x_wconf 85' lang='lat' dir='ltr'><strong>quia</strong></span> <span class='ocrx_word' id='word_1_479' title='bbox 726 5250 1021 5305; x_wconf 84' lang='lat' dir='ltr'><strong>delectatur</strong></span> <span class='ocrx_word' id='word_1_480' title='bbox 1043 5247 1219 5314; x_wconf 83' lang='lat' dir='ltr'><strong>malis,</strong></span> <span class='ocrx_word' id='word_1_481' title='bbox 1247 5245 1366 5301; x_wconf 90' lang='lat' dir='ltr'><strong>ideo</strong></span> <span class='ocrx_word' id='word_1_482' title='bbox 1393 5246 1553 5299; x_wconf 87' lang='lat' dir='ltr'><strong>libera</strong></span> <span class='ocrx_word' id='word_1_483' title='bbox 1586 5246 1636 5298; x_wconf 90' lang='lat' dir='ltr'><strong>in</strong></span> <span class='ocrx_word' id='word_1_484' title='bbox 1662 5245 1759 5298; x_wconf 84' lang='lat' dir='ltr'><strong>ho-</strong></span> 
     </span>
    </p>
   </div>
   <div class='ocr_carea' id='block_1_57' title="bbox 188 5336 1762 5412">
    <p class='ocr_par' dir='ltr' id='par_1_57' title="bbox 188 5336 1762 5412">
     <span class='ocr_line' id='line_1_57' title="bbox 188 5336 1762 5412; baseline -0.001 -19"><span class='ocrx_word' id='word_1_485' title='bbox 188 5342 265 5394; x_wconf 88' lang='lat' dir='ltr'><strong>nis</strong></span> <span class='ocrx_word' id='word_1_486' title='bbox 289 5360 388 5399; x_wconf 82' lang='lat' dir='ltr'><strong>non</strong></span> <span class='ocrx_word' id='word_1_487' title='bbox 418 5351 522 5409; x_wconf 82' lang='lat' dir='ltr'><strong>est,</strong></span> <span class='ocrx_word' id='word_1_488' title='bbox 561 5341 687 5412; x_wconf 87' lang='lat' dir='ltr'><strong>quia</strong></span> <span class='ocrx_word' id='word_1_489' title='bbox 731 5341 948 5396; x_wconf 85' lang='lat' dir='ltr'><strong>liberata</strong></span> <span class='ocrx_word' id='word_1_490' title='bbox 982 5355 1088 5394; x_wconf 91' lang='lat' dir='ltr'><strong>non</strong></span> <span class='ocrx_word' id='word_1_491' title='bbox 1129 5348 1231 5394; x_wconf 88' lang='lat' dir='ltr'><strong>est.</strong></span> <span class='ocrx_word' id='word_1_492' title='bbox 1268 5336 1378 5393; x_wconf 75' lang='lat' dir='ltr'><strong>Nec</strong></span> <span class='ocrx_word' id='word_1_493' title='bbox 1406 5348 1576 5407; x_wconf 83' lang='lat' dir='ltr'><strong>poteSt</strong></span> <span class='ocrx_word' id='word_1_494' title='bbox 1602 5336 1762 5391; x_wconf 87' lang='lat' dir='ltr'><strong>homo</strong></span> 
     </span>
    </p>
   </div>
   <div class='ocr_carea' id='block_1_58' title="bbox 191 5428 1759 5504">
    <p class='ocr_par' dir='ltr' id='par_1_58' title="bbox 191 5428 1759 5504">
     <span class='ocr_line' id='line_1_58' title="bbox 191 5428 1759 5504; baseline -0.003 -20"><span class='ocrx_word' id='word_1_495' title='bbox 191 5431 306 5486; x_wconf 85' lang='lat' dir='ltr'><strong>boui</strong></span> <span class='ocrx_word' id='word_1_496' title='bbox 350 5433 543 5504; x_wconf 84' lang='lat' dir='ltr'><strong>aliquid</strong></span> <span class='ocrx_word' id='word_1_497' title='bbox 585 5432 741 5496; x_wconf 87' lang='lat' dir='ltr'><strong>velle,</strong></span> <span class='ocrx_word' id='word_1_498' title='bbox 773 5431 875 5485; x_wconf 89' lang='lat' dir='ltr'><strong>nisi</strong></span> <span class='ocrx_word' id='word_1_499' title='bbox 918 5429 1198 5500; x_wconf 83' lang='lat' dir='ltr'><strong>adjuvetur</strong></span> <span class='ocrx_word' id='word_1_500' title='bbox 1237 5429 1304 5484; x_wconf 88' lang='lat' dir='ltr'><strong>ab</strong></span> <span class='ocrx_word' id='word_1_501' title='bbox 1333 5444 1399 5484; x_wconf 86' lang='lat' dir='ltr'><strong>eo</strong></span> <span class='ocrx_word' id='word_1_502' title='bbox 1442 5429 1533 5499; x_wconf 86' lang='lat' dir='ltr'><strong>qui</strong></span> <span class='ocrx_word' id='word_1_503' title='bbox 1564 5428 1759 5484; x_wconf 87' lang='lat' dir='ltr'><strong>malum</strong></span> 
     </span>
    </p>
   </div>
   <div class='ocr_carea' id='block_1_59' title="bbox 191 5519 1759 5593">
    <p class='ocr_par' dir='ltr' id='par_1_59' title="bbox 191 5519 1759 5593">
     <span class='ocr_line' id='line_1_59' title="bbox 191 5519 1759 5593; baseline -0.002 -16"><span class='ocrx_word' id='word_1_504' title='bbox 191 5538 288 5577; x_wconf 75' lang='lat' dir='ltr'><strong>non</strong></span> <span class='ocrx_word' id='word_1_505' title='bbox 315 5534 484 5593; x_wconf 80' lang='lat' dir='ltr'><strong>potest</strong></span> <span class='ocrx_word' id='word_1_506' title='bbox 510 5525 670 5588; x_wconf 88' lang='lat' dir='ltr'><strong>velle,</strong></span> <span class='ocrx_word' id='word_1_507' title='bbox 697 5523 801 5584; x_wconf 88' lang='lat' dir='ltr'><strong>hoc</strong></span> <span class='ocrx_word' id='word_1_508' title='bbox 825 5531 928 5589; x_wconf 83' lang='lat' dir='ltr'><strong>est,</strong></span> <span class='ocrx_word' id='word_1_509' title='bbox 956 5520 1125 5593; x_wconf 88' lang='lat' dir='ltr'><strong>gratia</strong></span> <span class='ocrx_word' id='word_1_510' title='bbox 1153 5520 1245 5577; x_wconf 88' lang='lat' dir='ltr'><strong>Dei</strong></span> <span class='ocrx_word' id='word_1_511' title='bbox 1277 5538 1369 5592; x_wconf 89' lang='lat' dir='ltr'><strong>per</strong></span> <span class='ocrx_word' id='word_1_512' title='bbox 1393 5522 1574 5578; x_wconf 80' lang='lat' dir='ltr'><strong>Jesum</strong></span> <span class='ocrx_word' id='word_1_513' title='bbox 1599 5519 1759 5576; x_wconf 83' lang='lat' dir='ltr'><strong>Chri-</strong></span> 
     </span>
    </p>
   </div>
   <div class='ocr_carea' id='block_1_60' title="bbox 250 5694 1106 5757">
    <p class='ocr_par' dir='ltr' id='par_1_60' title="bbox 250 5694 1106 5757">
     <span class='ocr_line' id='line_1_60' title="bbox 250 5694 1106 5757; baseline 0 -9"><span class='ocrx_word' id='word_1_514' title='bbox 250 5703 264 5731; x_wconf 88' lang='grc'><strong>·</strong></span> <span class='ocrx_word' id='word_1_515' title='bbox 298 5701 431 5757; x_wconf 73' lang='lat' dir='ltr'><strong>min,</strong></span> <span class='ocrx_word' id='word_1_516' title='bbox 454 5696 672 5750; x_wconf 67' lang='lat' dir='ltr'><strong>visentis.</strong></span> <span class='ocrx_word' id='word_1_517' title='bbox 702 5703 757 5746; x_wconf 82' lang='lat' dir='ltr'><strong>At</strong></span> <span class='ocrx_word' id='word_1_518' title='bbox 779 5704 902 5752; x_wconf 72' lang='lat' dir='ltr'><strong>Mss...</strong></span> <span class='ocrx_word' id='word_1_519' title='bbox 925 5694 1106 5748; x_wconf 69' lang='lat' dir='ltr'><strong>inserit.</strong></span> 
     </span>
    </p>
   </div>
   <div class='ocr_carea' id='block_1_61' title="bbox 419 5780 1083 5849">
    <p class='ocr_par' dir='ltr' id='par_1_61' title="bbox 419 5780 1083 5849">
     <span class='ocr_line' id='line_1_61' title="bbox 419 5780 1083 5849; baseline -0.005 -2"><span class='ocrx_word' id='word_1_520' title='bbox 419 5786 652 5849; x_wconf 67' lang='lat' dir='ltr'><strong>Sastrr.</strong></span> <span class='ocrx_word' id='word_1_521' title='bbox 690 5789 939 5844; x_wconf 78' lang='lat' dir='ltr'><strong>Aususr</strong></span> <span class='ocrx_word' id='word_1_522' title='bbox 1001 5780 1083 5844; x_wconf 74' lang='grc' dir='ltr'><strong>Χ.</strong></span> 
     </span>
    </p>
   </div>
   <div class='ocr_carea' id='block_1_62' title="bbox 3324 296 3433 353">
    <p class='ocr_par' dir='ltr' id='par_1_62' title="bbox 3324 296 3433 353">
     <span class='ocr_line' id='line_1_62' title="bbox 3324 296 3433 353; baseline 0.028 -3"><span class='ocrx_word' id='word_1_523' title='bbox 3324 296 3433 353; x_wconf 69' lang='grc'><strong>554</strong></span> 
     </span>
    </p>
   </div>
   <div class='ocr_carea' id='block_1_63' title="bbox 1853 398 3434 477">
    <p class='ocr_par' dir='ltr' id='par_1_63' title="bbox 1853 398 3434 477">
     <span class='ocr_line' id='line_1_63' title="bbox 1853 398 3434 477; baseline 0.011 -27"><span class='ocrx_word' id='word_1_524' title='bbox 1853 406 1993 452; x_wconf 88' lang='lat' dir='ltr'><strong>stum</strong></span> <span class='ocrx_word' id='word_1_525' title='bbox 2039 398 2314 456; x_wconf 86' lang='lat' dir='ltr'><strong>Dominum</strong></span> <span class='ocrx_word' id='word_1_526' title='bbox 2360 410 2618 460; x_wconf 68' lang='lat' dir='ltr'><strong>nosirum.</strong></span> <span class='ocrx_word' id='word_1_527' title='bbox 2658 403 2828 461; x_wconf 87' lang='lat' dir='ltr'><strong>Omne</strong></span> <span class='ocrx_word' id='word_1_528' title='bbox 2857 406 2996 461; x_wconf 89' lang='lat' dir='ltr'><strong>enim</strong></span> <span class='ocrx_word' id='word_1_529' title='bbox 3036 408 3177 477; x_wconf 89' lang='lat' dir='ltr'><strong>quod</strong></span> <span class='ocrx_word' id='word_1_530' title='bbox 3220 422 3434 468; x_wconf 85' lang='lat' dir='ltr'><strong>nonest</strong></span> 
     </span>
    </p>
   </div>
   <div class='ocr_carea' id='block_1_64' title="bbox 1852 489 3435 569">
    <p class='ocr_par' dir='ltr' id='par_1_64' title="bbox 1852 489 3435 569">
     <span class='ocr_line' id='line_1_64' title="bbox 1852 489 3435 569; baseline 0.009 -25"><span class='ocrx_word' id='word_1_531' title='bbox 1852 504 1919 544; x_wconf 73' lang='lat' dir='ltr'><strong>ex</strong></span> <span class='ocrx_word' id='word_1_532' title='bbox 1963 489 2084 557; x_wconf 77' lang='lat' dir='ltr'><strong>fide,</strong></span> <span class='ocrx_word' id='word_1_533' title='bbox 2118 503 2387 560; x_wconf 73' lang='lat' dir='ltr'><strong>peceatum</strong></span> <span class='ocrx_word' id='word_1_534' title='bbox 2432 504 2515 549; x_wconf 91' lang='lat' dir='ltr'><strong>est</strong></span> <span class='ocrx_word' id='word_1_535' title='bbox 2556 493 2575 559; x_wconf 69' lang='grc' dir='ltr'><strong><em>ζ</em></strong></span> <span class='ocrx_word' id='word_1_536' title='bbox 2597 494 2748 550; x_wconf 83' lang='lat' dir='ltr'><strong>Rom.</strong></span> <span class='ocrx_word' id='word_1_537' title='bbox 2781 512 2890 560; x_wconf 75' lang='lat' dir='ltr'><strong>xiv,</strong></span> <span class='ocrx_word' id='word_1_538' title='bbox 2933 497 3062 568; x_wconf 74' lang='grc'><strong>25).</strong></span> <span class='ocrx_word' id='word_1_539' title='bbox 3102 502 3180 555; x_wconf 88' lang='lat' dir='ltr'><strong>Ae</strong></span> <span class='ocrx_word' id='word_1_540' title='bbox 3218 516 3313 569; x_wconf 87' lang='lat' dir='ltr'><strong>per</strong></span> <span class='ocrx_word' id='word_1_541' title='bbox 3337 502 3435 559; x_wconf 82' lang='lat' dir='ltr'><strong>hoc</strong></span> 
     </span>
    </p>
   </div>
   <div class='ocr_carea' id='block_1_65' title="bbox 1853 580 3432 660">
    <p class='ocr_par' dir='ltr' id='par_1_65' title="bbox 1853 580 3432 660">
     <span class='ocr_line' id='line_1_65' title="bbox 1853 580 3432 660; baseline 0.009 -25"><span class='ocrx_word' id='word_1_542' title='bbox 1853 580 1991 635; x_wconf 89' lang='lat' dir='ltr'><strong>bona</strong></span> <span class='ocrx_word' id='word_1_543' title='bbox 2018 583 2263 639; x_wconf 83' lang='lat' dir='ltr'><strong>voluntas</strong></span> <span class='ocrx_word' id='word_1_544' title='bbox 2287 600 2404 655; x_wconf 65' lang='lat' dir='ltr'><strong>quin</strong></span> <span class='ocrx_word' id='word_1_545' title='bbox 2424 601 2484 642; x_wconf 87' lang='lat' dir='ltr'><strong>se</strong></span> <span class='ocrx_word' id='word_1_546' title='bbox 2509 587 2769 645; x_wconf 85' lang='lat' dir='ltr'><strong>abstrahit</strong></span> <span class='ocrx_word' id='word_1_547' title='bbox 2794 604 2824 642; x_wconf 88' lang='lat' dir='ltr'><strong>a</strong></span> <span class='ocrx_word' id='word_1_548' title='bbox 2851 600 3091 660; x_wconf 88' lang='lat' dir='ltr'><strong>peccato,</strong></span> <span class='ocrx_word' id='word_1_549' title='bbox 3127 591 3294 647; x_wconf 78' lang='lat' dir='ltr'><strong>[idolis</strong></span> <span class='ocrx_word' id='word_1_550' title='bbox 3320 602 3432 660; x_wconf 86' lang='lat' dir='ltr'><strong>est;</strong></span> 
     </span>
    </p>
   </div>
   <div class='ocr_carea' id='block_1_66' title="bbox 1852 672 3440 751">
    <p class='ocr_par' dir='ltr' id='par_1_66' title="bbox 1852 672 3440 751">
     <span class='ocr_line' id='line_1_66' title="bbox 1852 672 3440 751; baseline 0.009 -26"><span class='ocrx_word' id='word_1_551' title='bbox 1852 673 1974 742; x_wconf 85' lang='lat' dir='ltr'><strong>quia</strong></span> <span class='ocrx_word' id='word_1_552' title='bbox 1998 672 2173 743; x_wconf 87' lang='lat' dir='ltr'><strong>justus</strong></span> <span class='ocrx_word' id='word_1_553' title='bbox 2198 690 2261 730; x_wconf 79' lang='lat' dir='ltr'><strong>ex</strong></span> <span class='ocrx_word' id='word_1_554' title='bbox 2292 675 2394 730; x_wconf 83' lang='lat' dir='ltr'><strong>ﬁde</strong></span> <span class='ocrx_word' id='word_1_555' title='bbox 2430 676 2556 731; x_wconf 86' lang='lat' dir='ltr'><strong>vivit</strong></span> <span class='ocrx_word' id='word_1_556' title='bbox 2589 677 2807 749; x_wconf 83' lang='lat' dir='ltr'><strong>(Habac.</strong></span> <span class='ocrx_word' id='word_1_557' title='bbox 2839 696 2896 744; x_wconf 87' lang='grc' dir='ltr'>ιι,</span> <span class='ocrx_word' id='word_1_558' title='bbox 2929 681 3006 751; x_wconf 74' lang='grc'><strong>4).</strong></span> <span class='ocrx_word' id='word_1_559' title='bbox 3047 682 3126 736; x_wconf 88' lang='lat' dir='ltr'><strong>Ad</strong></span> <span class='ocrx_word' id='word_1_560' title='bbox 3157 684 3312 738; x_wconf 81' lang='lat' dir='ltr'><strong>[idem</strong></span> <span class='ocrx_word' id='word_1_561' title='bbox 3340 700 3440 739; x_wconf 88' lang='lat' dir='ltr'><strong>au-</strong></span> 
     </span>
    </p>
   </div>
   <div class='ocr_carea' id='block_1_67' title="bbox 1855 766 3436 845">
    <p class='ocr_par' dir='ltr' id='par_1_67' title="bbox 1855 766 3436 845">
     <span class='ocr_line' id='line_1_67' title="bbox 1855 766 3436 845; baseline 0.007 -25"><span class='ocrx_word' id='word_1_562' title='bbox 1855 772 1959 820; x_wconf 88' lang='lat' dir='ltr'><strong>tem</strong></span> <span class='ocrx_word' id='word_1_563' title='bbox 2010 767 2237 835; x_wconf 87' lang='lat' dir='ltr'><strong>pertinet</strong></span> <span class='ocrx_word' id='word_1_564' title='bbox 2277 766 2498 823; x_wconf 87' lang='lat' dir='ltr'><strong>credere</strong></span> <span class='ocrx_word' id='word_1_565' title='bbox 2543 769 2595 822; x_wconf 92' lang='lat' dir='ltr'><strong>in</strong></span> <span class='ocrx_word' id='word_1_566' title='bbox 2639 770 2930 826; x_wconf 86' lang='lat' dir='ltr'><strong>Christum.</strong></span> <span class='ocrx_word' id='word_1_567' title='bbox 2973 773 3039 827; x_wconf 82' lang='lat' dir='ltr'><strong>Et</strong></span> <span class='ocrx_word' id='word_1_568' title='bbox 3067 789 3222 829; x_wconf 90' lang='lat' dir='ltr'><strong>nemo</strong></span> <span class='ocrx_word' id='word_1_569' title='bbox 3259 784 3436 845; x_wconf 85' lang='lat' dir='ltr'><strong>potest</strong></span> 
     </span>
    </p>
   </div>
   <div class='ocr_carea' id='block_1_68' title="bbox 1852 855 3436 927">
    <p class='ocr_par' dir='ltr' id='par_1_68' title="bbox 1852 855 3436 927">
     <span class='ocr_line' id='line_1_68' title="bbox 1852 855 3436 927; baseline 0.008 -18"><span class='ocrx_word' id='word_1_570' title='bbox 1852 855 2071 912; x_wconf 89' lang='lat' dir='ltr'><strong>credere</strong></span> <span class='ocrx_word' id='word_1_571' title='bbox 2098 857 2148 910; x_wconf 89' lang='lat' dir='ltr'><strong>in</strong></span> <span class='ocrx_word' id='word_1_572' title='bbox 2178 872 2320 921; x_wconf 84' lang='lat' dir='ltr'><strong>eum.</strong></span> <span class='ocrx_word' id='word_1_573' title='bbox 2353 857 2458 913; x_wconf 89' lang='lat' dir='ltr'><strong>hoc</strong></span> <span class='ocrx_word' id='word_1_574' title='bbox 2480 868 2563 914; x_wconf 90' lang='lat' dir='ltr'><strong>est</strong></span> <span class='ocrx_word' id='word_1_575' title='bbox 2588 862 2628 924; x_wconf 75' lang='grc' dir='ltr'><strong>ί,</strong></span> <span class='ocrx_word' id='word_1_576' title='bbox 2656 861 2838 915; x_wconf 87' lang='lat' dir='ltr'><strong>venire</strong></span> <span class='ocrx_word' id='word_1_577' title='bbox 2867 861 2932 915; x_wconf 91' lang='lat' dir='ltr'><strong>ad</strong></span> <span class='ocrx_word' id='word_1_578' title='bbox 2960 878 3103 927; x_wconf 91' lang='lat' dir='ltr'><strong>eum,</strong></span> <span class='ocrx_word' id='word_1_579' title='bbox 3132 865 3230 919; x_wconf 89' lang='lat' dir='ltr'><strong>nisi</strong></span> <span class='ocrx_word' id='word_1_580' title='bbox 3272 864 3436 922; x_wconf 82' lang='lat' dir='ltr'><strong>fuerit</strong></span> 
     </span>
    </p>
   </div>
   <div class='ocr_carea' id='block_1_69' title="bbox 1854 942 3439 1020">
    <p class='ocr_par' dir='ltr' id='par_1_69' title="bbox 1854 942 3439 1020">
     <span class='ocr_line' id='line_1_69' title="bbox 1854 942 3439 1020; baseline 0.004 -20"><span class='ocrx_word' id='word_1_581' title='bbox 1854 946 1927 1001; x_wconf 90' lang='lat' dir='ltr'><strong>illi</strong></span> <span class='ocrx_word' id='word_1_582' title='bbox 1974 942 2176 1002; x_wconf 83' lang='lat' dir='ltr'><strong>datum.</strong></span> <span class='ocrx_word' id='word_1_583' title='bbox 2229 947 2394 1003; x_wconf 87' lang='lat' dir='ltr'><strong>Nemo</strong></span> <span class='ocrx_word' id='word_1_584' title='bbox 2440 949 2598 1019; x_wconf 79' lang='lat' dir='ltr'><strong>igitur</strong></span> <span class='ocrx_word' id='word_1_585' title='bbox 2640 960 2814 1020; x_wconf 85' lang='lat' dir='ltr'><strong>potest</strong></span> <span class='ocrx_word' id='word_1_586' title='bbox 2862 952 3059 1008; x_wconf 88' lang='lat' dir='ltr'><strong>habere</strong></span> <span class='ocrx_word' id='word_1_587' title='bbox 3110 954 3439 1011; x_wconf 76' lang='lat' dir='ltr'><strong>voluntatem</strong></span> 
     </span>
    </p>
   </div>
   <div class='ocr_carea' id='block_1_70' title="bbox 1848 1034 3439 1115">
    <p class='ocr_par' dir='ltr' id='par_1_70' title="bbox 1848 1034 3439 1115">
     <span class='ocr_line' id='line_1_70' title="bbox 1848 1034 3439 1115; baseline 0.005 -25"><span class='ocrx_word' id='word_1_588' title='bbox 1848 1034 2067 1105; x_wconf 81' lang='lat' dir='ltr'><strong>justam,</strong></span> <span class='ocrx_word' id='word_1_589' title='bbox 2115 1037 2213 1091; x_wconf 92' lang='lat' dir='ltr'><strong>nisi</strong></span> <span class='ocrx_word' id='word_1_590' title='bbox 2259 1038 2416 1093; x_wconf 83' lang='lat' dir='ltr'><strong>nullis</strong></span> <span class='ocrx_word' id='word_1_591' title='bbox 2461 1040 2876 1106; x_wconf 68' lang='lat' dir='ltr'><strong>praecedentibus</strong></span> <span class='ocrx_word' id='word_1_592' title='bbox 2924 1042 3125 1097; x_wconf 89' lang='lat' dir='ltr'><strong>meritis</strong></span> <span class='ocrx_word' id='word_1_593' title='bbox 3170 1044 3439 1115; x_wconf 85' lang='lat' dir='ltr'><strong>acceperit</strong></span> 
     </span>
    </p>
   </div>
   <div class='ocr_carea' id='block_1_71' title="bbox 1854 1126 3139 1200">
    <p class='ocr_par' dir='ltr' id='par_1_71' title="bbox 1854 1126 3139 1200">
     <span class='ocr_line' id='line_1_71' title="bbox 1854 1126 3139 1200; baseline 0.004 -20"><span class='ocrx_word' id='word_1_594' title='bbox 1854 1142 2055 1193; x_wconf 89' lang='lat' dir='ltr'><strong>veram,</strong></span> <span class='ocrx_word' id='word_1_595' title='bbox 2084 1126 2185 1182; x_wconf 88' lang='lat' dir='ltr'><strong>hoc</strong></span> <span class='ocrx_word' id='word_1_596' title='bbox 2208 1137 2308 1194; x_wconf 91' lang='lat' dir='ltr'><strong>est,</strong></span> <span class='ocrx_word' id='word_1_597' title='bbox 2340 1130 2619 1199; x_wconf 75' lang='lat' dir='ltr'><strong>gratuitam</strong></span> <span class='ocrx_word' id='word_1_598' title='bbox 2644 1129 2874 1200; x_wconf 88' lang='lat' dir='ltr'><strong>desuper</strong></span> <span class='ocrx_word' id='word_1_599' title='bbox 2895 1131 3139 1200; x_wconf 76' lang='lat' dir='ltr'><strong>gratiam.</strong></span> 
     </span>
    </p>
   </div>
   <div class='ocr_carea' id='block_1_72' title="bbox 1922 1218 3439 1293">
    <p class='ocr_par' dir='ltr' id='par_1_72' title="bbox 1922 1218 3439 1293">
     <span class='ocr_line' id='line_1_72' title="bbox 1922 1218 3439 1293; baseline 0.005 -22"><span class='ocrx_word' id='word_1_600' title='bbox 1922 1218 2147 1275; x_wconf 76' lang='lat' dir='ltr'><strong>CAPUT</strong></span> <span class='ocrx_word' id='word_1_601' title='bbox 2187 1218 2273 1274; x_wconf 84' lang='lat' dir='ltr'><strong>IV.</strong></span> <span class='ocrx_word' id='word_1_602' title='bbox 2313 1248 2387 1262; x_wconf 86' lang='lat'><strong>-—</strong></span> <span class='ocrx_word' id='word_1_603' title='bbox 2427 1221 2481 1277; x_wconf 87' lang='lat'><strong>8.</strong></span> <span class='ocrx_word' id='word_1_604' title='bbox 2539 1220 2806 1292; x_wconf 82' lang='lat' dir='ltr'><strong>Pelagiani</strong></span> <span class='ocrx_word' id='word_1_605' title='bbox 2854 1223 3250 1293; x_wconf 63' lang='lat' dir='ltr'><strong>preeipitatores</strong></span> <span class='ocrx_word' id='word_1_606' title='bbox 3295 1224 3439 1279; x_wconf 82' lang='lat' dir='ltr'><strong>liberi</strong></span> 
     </span>
    </p>
   </div>
   <div class='ocr_carea' id='block_1_73' title="bbox 1854 1309 3435 1384">
    <p class='ocr_par' dir='ltr' id='par_1_73' title="bbox 1854 1309 3435 1384">
     <span class='ocr_line' id='line_1_73' title="bbox 1854 1309 3435 1384; baseline 0.006 -22"><span class='ocrx_word' id='word_1_607' title='bbox 1854 1309 2069 1363; x_wconf 83' lang='lat' dir='ltr'><strong>arbitrii.</strong></span> <span class='ocrx_word' id='word_1_608' title='bbox 2111 1310 2222 1365; x_wconf 87' lang='lat' dir='ltr'><strong>Hoc</strong></span> <span class='ocrx_word' id='word_1_609' title='bbox 2266 1311 2351 1366; x_wconf 88' lang='lat' dir='ltr'><strong>isti</strong></span> <span class='ocrx_word' id='word_1_610' title='bbox 2399 1311 2587 1366; x_wconf 86' lang='lat' dir='ltr'><strong>nolunt</strong></span> <span class='ocrx_word' id='word_1_611' title='bbox 2615 1313 2739 1368; x_wconf 89' lang='lat' dir='ltr'><strong>elati</strong></span> <span class='ocrx_word' id='word_1_612' title='bbox 2782 1323 2837 1368; x_wconf 91' lang='lat' dir='ltr'><strong>et</strong></span> <span class='ocrx_word' id='word_1_613' title='bbox 2876 1314 3110 1383; x_wconf 86' lang='lat' dir='ltr'><strong>superbi,</strong></span> <span class='ocrx_word' id='word_1_614' title='bbox 3161 1330 3262 1370; x_wconf 90' lang='lat' dir='ltr'><strong>nec</strong></span> <span class='ocrx_word' id='word_1_615' title='bbox 3307 1330 3435 1384; x_wconf 83' lang='lat' dir='ltr'><strong>pur—</strong></span> 
     </span>
    </p>
   </div>
   <div class='ocr_carea' id='block_1_74' title="bbox 1853 1399 3439 1474">
    <p class='ocr_par' dir='ltr' id='par_1_74' title="bbox 1853 1399 3439 1474">
     <span class='ocr_line' id='line_1_74' title="bbox 1853 1399 3439 1474; baseline 0.005 -21"><span class='ocrx_word' id='word_1_616' title='bbox 1853 1400 2029 1470; x_wconf 86' lang='lat' dir='ltr'><strong>gando</strong></span> <span class='ocrx_word' id='word_1_617' title='bbox 2055 1399 2386 1467; x_wconf 80' lang='lat' dir='ltr'><strong>defensores,</strong></span> <span class='ocrx_word' id='word_1_618' title='bbox 2406 1402 2498 1457; x_wconf 85' lang='lat' dir='ltr'><strong>sed</strong></span> <span class='ocrx_word' id='word_1_619' title='bbox 2519 1402 2826 1459; x_wconf 78' lang='lat' dir='ltr'><strong>extollendo</strong></span> <span class='ocrx_word' id='word_1_620' title='bbox 2848 1403 3263 1474; x_wconf 64' lang='lat' dir='ltr'><strong>praecipitatores</strong></span> <span class='ocrx_word' id='word_1_621' title='bbox 3276 1405 3439 1467; x_wconf 78' lang='lat' dir='ltr'><strong>liberi</strong></span> 
     </span>
    </p>
   </div>
   <div class='ocr_carea' id='block_1_75' title="bbox 1855 1485 3438 1559">
    <p class='ocr_par' dir='ltr' id='par_1_75' title="bbox 1855 1485 3438 1559">
     <span class='ocr_line' id='line_1_75' title="bbox 1855 1485 3438 1559; baseline 0.004 -13"><span class='ocrx_word' id='word_1_622' title='bbox 1855 1492 2078 1547; x_wconf 87' lang='lat' dir='ltr'><strong>arbitrii.</strong></span> <span class='ocrx_word' id='word_1_623' title='bbox 2116 1494 2214 1559; x_wconf 81' lang='lat' dir='ltr'><strong>Qui</strong></span> <span class='ocrx_word' id='word_1_624' title='bbox 2247 1511 2351 1549; x_wconf 91' lang='lat' dir='ltr'><strong>non</strong></span> <span class='ocrx_word' id='word_1_625' title='bbox 2383 1496 2451 1550; x_wconf 89' lang='lat' dir='ltr'><strong>ob</strong></span> <span class='ocrx_word' id='word_1_626' title='bbox 2475 1495 2618 1552; x_wconf 89' lang='lat' dir='ltr'><strong>aliud</strong></span> <span class='ocrx_word' id='word_1_627' title='bbox 2650 1496 2802 1552; x_wconf 86' lang='lat' dir='ltr'><strong>nobis</strong></span> <span class='ocrx_word' id='word_1_628' title='bbox 2826 1485 2947 1552; x_wconf 68' lang='grc' dir='ltr'>Ἰιωε</span> <span class='ocrx_word' id='word_1_629' title='bbox 2974 1496 3275 1553; x_wconf 85' lang='lat' dir='ltr'><strong>dicentibus</strong></span> <span class='ocrx_word' id='word_1_630' title='bbox 3300 1497 3438 1553; x_wconf 87' lang='lat' dir='ltr'><strong>indi-</strong></span> 
     </span>
    </p>
   </div>
   <div class='ocr_carea' id='block_1_76' title="bbox 1855 1586 3436 1660">
    <p class='ocr_par' dir='ltr' id='par_1_76' title="bbox 1855 1586 3436 1660">
     <span class='ocr_line' id='line_1_76' title="bbox 1855 1586 3436 1660; baseline 0.004 -23"><span class='ocrx_word' id='word_1_631' title='bbox 1855 1597 2102 1655; x_wconf 88' lang='lat' dir='ltr'><strong>gnantur,</strong></span> <span class='ocrx_word' id='word_1_632' title='bbox 2148 1586 2250 1640; x_wconf 90' lang='lat' dir='ltr'><strong>nisi</strong></span> <span class='ocrx_word' id='word_1_633' title='bbox 2291 1586 2413 1656; x_wconf 83' lang='lat' dir='ltr'><strong>quia</strong></span> <span class='ocrx_word' id='word_1_634' title='bbox 2452 1587 2666 1657; x_wconf 81' lang='lat' dir='ltr'><strong>gloriari</strong></span> <span class='ocrx_word' id='word_1_635' title='bbox 2705 1589 2758 1642; x_wconf 91' lang='lat' dir='ltr'><strong>in</strong></span> <span class='ocrx_word' id='word_1_636' title='bbox 2799 1588 3026 1643; x_wconf 91' lang='lat' dir='ltr'><strong>Domino</strong></span> <span class='ocrx_word' id='word_1_637' title='bbox 3067 1588 3436 1660; x_wconf 75' lang='lat' dir='ltr'><strong>dedignantur.</strong></span> 
     </span>
    </p>
   </div>
   <div class='ocr_carea' id='block_1_77' title="bbox 1856 1675 3440 1749">
    <p class='ocr_par' dir='ltr' id='par_1_77' title="bbox 1856 1675 3440 1749">
     <span class='ocr_line' id='line_1_77' title="bbox 1856 1675 3440 1749; baseline 0.005 -19"><span class='ocrx_word' id='word_1_638' title='bbox 1856 1675 2055 1731; x_wconf 89' lang='lat' dir='ltr'><strong>Timuit</strong></span> <span class='ocrx_word' id='word_1_639' title='bbox 2083 1687 2257 1732; x_wconf 88' lang='lat' dir='ltr'><strong>tamen</strong></span> <span class='ocrx_word' id='word_1_640' title='bbox 2297 1677 2538 1748; x_wconf 88' lang='lat' dir='ltr'><strong>Pelagius</strong></span> <span class='ocrx_word' id='word_1_641' title='bbox 2564 1678 2866 1748; x_wconf 87' lang='lat' dir='ltr'><strong>episcopale</strong></span> <span class='ocrx_word' id='word_1_642' title='bbox 2906 1679 3164 1749; x_wconf 87' lang='lat' dir='ltr'><strong>judicium</strong></span> <span class='ocrx_word' id='word_1_643' title='bbox 3197 1680 3440 1737; x_wconf 62' lang='lat' dir='ltr'><strong>Palmativ</strong></span> 
     </span>
    </p>
   </div>
   <div class='ocr_carea' id='block_1_78' title="bbox 1857 1770 3436 1844">
    <p class='ocr_par' dir='ltr' id='par_1_78' title="bbox 1857 1770 3436 1844">
     <span class='ocr_line' id='line_1_78' title="bbox 1857 1770 3436 1844; baseline 0.004 -22"><span class='ocrx_word' id='word_1_644' title='bbox 1857 1784 1982 1823; x_wconf 89' lang='lat' dir='ltr'><strong>num</strong></span> <span class='ocrx_word' id='word_1_645' title='bbox 2015 1788 2031 1824; x_wconf 89' lang='lat'><strong>:</strong></span> <span class='ocrx_word' id='word_1_646' title='bbox 2063 1778 2118 1825; x_wconf 87' lang='lat' dir='ltr'><strong>et</strong></span> <span class='ocrx_word' id='word_1_647' title='bbox 2144 1785 2263 1826; x_wconf 91' lang='lat' dir='ltr'><strong>cum</strong></span> <span class='ocrx_word' id='word_1_648' title='bbox 2293 1772 2342 1827; x_wconf 85' lang='lat' dir='ltr'><strong>ei</strong></span> <span class='ocrx_word' id='word_1_649' title='bbox 2370 1770 2558 1827; x_wconf 84' lang='lat' dir='ltr'><strong>luisset</strong></span> <span class='ocrx_word' id='word_1_650' title='bbox 2583 1772 2872 1841; x_wconf 74' lang='lat' dir='ltr'><strong>obiectum,</strong></span> <span class='ocrx_word' id='word_1_651' title='bbox 2918 1772 3061 1843; x_wconf 87' lang='lat' dir='ltr'><strong>quod</strong></span> <span class='ocrx_word' id='word_1_652' title='bbox 3091 1773 3292 1829; x_wconf 83' lang='lat' dir='ltr'><strong>diceret</strong></span> <span class='ocrx_word' id='word_1_653' title='bbox 3313 1790 3436 1844; x_wconf 82' lang='lat' dir='ltr'><strong>gra-</strong></span> 
     </span>
    </p>
   </div>
   <div class='ocr_carea' id='block_1_79' title="bbox 1858 1859 3443 1935">
    <p class='ocr_par' dir='ltr' id='par_1_79' title="bbox 1858 1859 3443 1935">
     <span class='ocr_line' id='line_1_79' title="bbox 1858 1859 3443 1935; baseline 0.003 -20"><span class='ocrx_word' id='word_1_654' title='bbox 1858 1859 1984 1915; x_wconf 87' lang='lat' dir='ltr'><strong>tiam</strong></span> <span class='ocrx_word' id='word_1_655' title='bbox 2025 1860 2121 1917; x_wconf 86' lang='lat' dir='ltr'><strong>Dei</strong></span> <span class='ocrx_word' id='word_1_656' title='bbox 2171 1861 2464 1918; x_wconf 88' lang='lat' dir='ltr'><strong>secuudum</strong></span> <span class='ocrx_word' id='word_1_657' title='bbox 2505 1862 2695 1919; x_wconf 89' lang='lat' dir='ltr'><strong>merita</strong></span> <span class='ocrx_word' id='word_1_658' title='bbox 2736 1872 2921 1919; x_wconf 89' lang='lat' dir='ltr'><strong>nostra</strong></span> <span class='ocrx_word' id='word_1_659' title='bbox 2947 1863 3100 1929; x_wconf 86' lang='lat' dir='ltr'><strong>dari;</strong></span> <span class='ocrx_word' id='word_1_660' title='bbox 3144 1865 3357 1935; x_wconf 83' lang='lat' dir='ltr'><strong>negavit</strong></span> <span class='ocrx_word' id='word_1_661' title='bbox 3381 1880 3443 1922; x_wconf 86' lang='lat' dir='ltr'><strong>se</strong></span> 
     </span>
    </p>
   </div>
   <div class='ocr_carea' id='block_1_80' title="bbox 1856 1949 3441 2023">
    <p class='ocr_par' dir='ltr' id='par_1_80' title="bbox 1856 1949 3441 2023">
     <span class='ocr_line' id='line_1_80' title="bbox 1856 1949 3441 2023; baseline 0.002 -18"><span class='ocrx_word' id='word_1_662' title='bbox 1856 1949 2054 2015; x_wconf 89' lang='lat' dir='ltr'><strong>dicere,</strong></span> <span class='ocrx_word' id='word_1_663' title='bbox 2105 1957 2162 2006; x_wconf 88' lang='lat' dir='ltr'><strong>et</strong></span> <span class='ocrx_word' id='word_1_664' title='bbox 2203 1966 2300 2007; x_wconf 87' lang='lat' dir='ltr'><strong>eos</strong></span> <span class='ocrx_word' id='word_1_665' title='bbox 2343 1952 2433 2023; x_wconf 91' lang='lat' dir='ltr'><strong>qui</strong></span> <span class='ocrx_word' id='word_1_666' title='bbox 2492 1951 2593 2008; x_wconf 90' lang='lat' dir='ltr'><strong>hoc</strong></span> <span class='ocrx_word' id='word_1_667' title='bbox 2643 1951 2901 2018; x_wconf 88' lang='lat' dir='ltr'><strong>dicerent,</strong></span> <span class='ocrx_word' id='word_1_668' title='bbox 2946 1953 3441 2010; x_wconf 79' lang='lat' dir='ltr'><strong>anathematizando</strong></span> 
     </span>
    </p>
   </div>
   <div class='ocr_carea' id='block_1_81' title="bbox 1856 2040 3443 2113">
    <p class='ocr_par' dir='ltr' id='par_1_81' title="bbox 1856 2040 3443 2113">
     <span class='ocr_line' id='line_1_81' title="bbox 1856 2040 3443 2113; baseline 0.004 -18"><span class='ocrx_word' id='word_1_669' title='bbox 1856 2040 2129 2097; x_wconf 85' lang='lat' dir='ltr'><strong>damnavit</strong></span> <span class='ocrx_word' id='word_1_670' title='bbox 2169 2041 2265 2113; x_wconf 89' lang='lat' dir='ltr'><strong>(a).</strong></span> <span class='ocrx_word' id='word_1_671' title='bbox 2306 2042 2415 2098; x_wconf 87' lang='lat' dir='ltr'><strong>Nec</strong></span> <span class='ocrx_word' id='word_1_672' title='bbox 2455 2043 2595 2098; x_wconf 91' lang='lat' dir='ltr'><strong>aliud</strong></span> <span class='ocrx_word' id='word_1_673' title='bbox 2645 2052 2819 2097; x_wconf 86' lang='lat' dir='ltr'><strong>tamen</strong></span> <span class='ocrx_word' id='word_1_674' title='bbox 2860 2043 3147 2099; x_wconf 79' lang='lat' dir='ltr'><strong>defendere</strong></span> <span class='ocrx_word' id='word_1_675' title='bbox 3175 2045 3443 2101; x_wconf 89' lang='lat' dir='ltr'><strong>invenitur</strong></span> 
     </span>
    </p>
   </div>
   <div class='ocr_carea' id='block_1_82' title="bbox 1857 2130 3444 2205">
    <p class='ocr_par' dir='ltr' id='par_1_82' title="bbox 1857 2130 3444 2205">
     <span class='ocr_line' id='line_1_82' title="bbox 1857 2130 3444 2205; baseline 0.003 -19"><span class='ocrx_word' id='word_1_676' title='bbox 1857 2130 1914 2186; x_wconf 88' lang='lat' dir='ltr'><strong>in</strong></span> <span class='ocrx_word' id='word_1_677' title='bbox 1941 2131 2110 2197; x_wconf 88' lang='lat' dir='ltr'><strong>libris,</strong></span> <span class='ocrx_word' id='word_1_678' title='bbox 2126 2149 2259 2203; x_wconf 88' lang='lat' dir='ltr'><strong>quos</strong></span> <span class='ocrx_word' id='word_1_679' title='bbox 2282 2133 2614 2203; x_wconf 88' lang='lat' dir='ltr'><strong>postmodum</strong></span> <span class='ocrx_word' id='word_1_680' title='bbox 2633 2134 2876 2204; x_wconf 82' lang='lat' dir='ltr'><strong>scripsit;</strong></span> <span class='ocrx_word' id='word_1_681' title='bbox 2908 2132 3145 2188; x_wconf 70' lang='lat' dir='ltr'><strong>fraudem</strong></span> <span class='ocrx_word' id='word_1_682' title='bbox 3167 2149 3226 2189; x_wconf 90' lang='lat' dir='ltr'><strong>se</strong></span> <span class='ocrx_word' id='word_1_683' title='bbox 3252 2145 3444 2205; x_wconf 85' lang='lat' dir='ltr'><strong>putans</strong></span> 
     </span>
    </p>
   </div>
   <div class='ocr_carea' id='block_1_83' title="bbox 1861 2223 3444 2296">
    <p class='ocr_par' dir='ltr' id='par_1_83' title="bbox 1861 2223 3444 2296">
     <span class='ocr_line' id='line_1_83' title="bbox 1861 2223 3444 2296; baseline 0.003 -17"><span class='ocrx_word' id='word_1_684' title='bbox 1861 2223 2161 2281; x_wconf 84' lang='lat' dir='ltr'><strong>hominibus</strong></span> <span class='ocrx_word' id='word_1_685' title='bbox 2178 2225 2536 2296; x_wconf 71' lang='lat' dir='ltr'><strong>iudicantibus</strong></span> <span class='ocrx_word' id='word_1_686' title='bbox 2556 2229 2576 2259; x_wconf 78' lang='grc'>⁸</span> <span class='ocrx_word' id='word_1_687' title='bbox 2594 2226 2785 2283; x_wconf 77' lang='lat' dir='ltr'><strong>iecisse</strong></span> <span class='ocrx_word' id='word_1_688' title='bbox 2808 2228 3134 2294; x_wconf 89' lang='lat' dir='ltr'><strong>mentiendo,</strong></span> <span class='ocrx_word' id='word_1_689' title='bbox 3154 2237 3247 2283; x_wconf 91' lang='lat' dir='ltr'><strong>aut</strong></span> <span class='ocrx_word' id='word_1_690' title='bbox 3262 2227 3444 2283; x_wconf 85' lang='lat' dir='ltr'><strong>nescio</strong></span> 
     </span>
    </p>
   </div>
   <div class='ocr_carea' id='block_1_84' title="bbox 1858 2316 3442 2390">
    <p class='ocr_par' dir='ltr' id='par_1_84' title="bbox 1858 2316 3442 2390">
     <span class='ocr_line' id='line_1_84' title="bbox 1858 2316 3442 2390; baseline 0.003 -21"><span class='ocrx_word' id='word_1_691' title='bbox 1858 2316 2126 2387; x_wconf 89' lang='lat' dir='ltr'><strong>quomodo</strong></span> <span class='ocrx_word' id='word_1_692' title='bbox 2157 2332 2313 2373; x_wconf 90' lang='lat' dir='ltr'><strong>suum</strong></span> <span class='ocrx_word' id='word_1_693' title='bbox 2353 2333 2567 2375; x_wconf 89' lang='lat' dir='ltr'><strong>sensum</strong></span> <span class='ocrx_word' id='word_1_694' title='bbox 2608 2319 2788 2374; x_wconf 87' lang='lat' dir='ltr'><strong>verbis</strong></span> <span class='ocrx_word' id='word_1_695' title='bbox 2817 2319 3080 2390; x_wconf 86' lang='lat' dir='ltr'><strong>ambiguis</strong></span> <span class='ocrx_word' id='word_1_696' title='bbox 3120 2320 3442 2390; x_wconf 85' lang='lat' dir='ltr'><strong>obtegendo.</strong></span> 
     </span>
    </p>
   </div>
   <div class='ocr_carea' id='block_1_85' title="bbox 1929 2406 3446 2481">
    <p class='ocr_par' dir='ltr' id='par_1_85' title="bbox 1929 2406 3446 2481">
     <span class='ocr_line' id='line_1_85' title="bbox 1929 2406 3446 2481; baseline 0.001 -17"><span class='ocrx_word' id='word_1_697' title='bbox 1929 2406 2155 2466; x_wconf 81' lang='lat' dir='ltr'><strong>CAPUT</strong></span> <span class='ocrx_word' id='word_1_698' title='bbox 2195 2409 2260 2464; x_wconf 73' lang='grc' dir='ltr'><strong>ν.</strong></span> <span class='ocrx_word' id='word_1_699' title='bbox 2285 2440 2358 2450; x_wconf 92' lang='grc'><strong>-</strong></span> <span class='ocrx_word' id='word_1_700' title='bbox 2381 2410 2435 2466; x_wconf 88' lang='lat'><strong>9.</strong></span> <span class='ocrx_word' id='word_1_701' title='bbox 2477 2411 2648 2466; x_wconf 81' lang='lat' dir='ltr'><strong>Altera</strong></span> <span class='ocrx_word' id='word_1_702' title='bbox 2681 2409 2881 2466; x_wconf 70' lang='lat' dir='ltr'><strong>Iuliani</strong></span> <span class='ocrx_word' id='word_1_703' title='bbox 2907 2412 3183 2477; x_wconf 82' lang='lat' dir='ltr'><strong>calumnia,</strong></span> <span class='ocrx_word' id='word_1_704' title='bbox 3218 2409 3446 2481; x_wconf 77' lang='lat' dir='ltr'><strong>Nuptias</strong></span> 
     </span>
    </p>
   </div>
   <div class='ocr_carea' id='block_1_86' title="bbox 1860 2500 3448 2570">
    <p class='ocr_par' dir='ltr' id='par_1_86' title="bbox 1860 2500 3448 2570">
     <span class='ocr_line' id='line_1_86' title="bbox 1860 2500 3448 2570; baseline 0.001 -15"><span class='ocrx_word' id='word_1_705' title='bbox 1860 2516 1961 2556; x_wconf 86' lang='lat' dir='ltr'><strong>non</strong></span> <span class='ocrx_word' id='word_1_706' title='bbox 2001 2518 2034 2555; x_wconf 89' lang='lat' dir='ltr'><strong>a</strong></span> <span class='ocrx_word' id='word_1_707' title='bbox 2073 2500 2182 2556; x_wconf 90' lang='lat' dir='ltr'><strong>Deo</strong></span> <span class='ocrx_word' id='word_1_708' title='bbox 2218 2502 2471 2558; x_wconf 76' lang='lat' dir='ltr'><strong>institutas</strong></span> <span class='ocrx_word' id='word_1_709' title='bbox 2507 2502 2628 2557; x_wconf 85' lang='lat' dir='ltr'><strong>dici.</strong></span> <span class='ocrx_word' id='word_1_710' title='bbox 2677 2502 2849 2557; x_wconf 83' lang='lat' dir='ltr'><strong>Tertia</strong></span> <span class='ocrx_word' id='word_1_711' title='bbox 2891 2502 3166 2570; x_wconf 81' lang='lat' dir='ltr'><strong>calumnia,</strong></span> <span class='ocrx_word' id='word_1_712' title='bbox 3198 2502 3448 2556; x_wconf 80' lang='lat' dir='ltr'><strong>Damnari</strong></span> 
     </span>
    </p>
   </div>
   <div class='ocr_carea' id='block_1_87' title="bbox 1858 2594 3446 2668">
    <p class='ocr_par' dir='ltr' id='par_1_87' title="bbox 1858 2594 3446 2668">
     <span class='ocr_line' id='line_1_87' title="bbox 1858 2594 3446 2668; baseline 0.003 -21"><span class='ocrx_word' id='word_1_713' title='bbox 1858 2594 2176 2666; x_wconf 82' lang='lat' dir='ltr'><strong>eonjugalem</strong></span> <span class='ocrx_word' id='word_1_714' title='bbox 2213 2612 2550 2667; x_wconf 84' lang='lat' dir='ltr'><strong>congressum.</strong></span> <span class='ocrx_word' id='word_1_715' title='bbox 2592 2596 2697 2652; x_wconf 89' lang='lat' dir='ltr'><strong>Sed</strong></span> <span class='ocrx_word' id='word_1_716' title='bbox 2737 2596 2847 2666; x_wconf 87' lang='lat' dir='ltr'><strong>jam</strong></span> <span class='ocrx_word' id='word_1_717' title='bbox 2870 2596 3149 2654; x_wconf 75' lang='lat' dir='ltr'><strong>videamus</strong></span> <span class='ocrx_word' id='word_1_718' title='bbox 3187 2598 3328 2668; x_wconf 91' lang='lat' dir='ltr'><strong>quod</strong></span> <span class='ocrx_word' id='word_1_719' title='bbox 3358 2612 3446 2652; x_wconf 82' lang='lat' dir='ltr'><strong>se-</strong></span> 
     </span>
    </p>
   </div>
   <div class='ocr_carea' id='block_1_88' title="bbox 1859 2687 3444 2760">
    <p class='ocr_par' dir='ltr' id='par_1_88' title="bbox 1859 2687 3444 2760">
     <span class='ocr_line' id='line_1_88' title="bbox 1859 2687 3444 2760; baseline 0 -20"><span class='ocrx_word' id='word_1_720' title='bbox 1859 2688 2061 2757; x_wconf 87' lang='lat' dir='ltr'><strong>quitur.</strong></span> <span class='ocrx_word' id='word_1_721' title='bbox 2089 2704 2109 2738; x_wconf 77' lang='grc' dir='ltr'><strong>ι</strong></span> <span class='ocrx_word' id='word_1_722' title='bbox 2150 2687 2339 2743; x_wconf 87' lang='lat' dir='ltr'><strong>Dicunt</strong></span> <span class='ocrx_word' id='word_1_723' title='bbox 2383 2687 2567 2755; x_wconf 90' lang='lat' dir='ltr'><strong>etiam,</strong></span> <span class='ocrx_word' id='word_1_724' title='bbox 2598 2706 2618 2741; x_wconf 76' lang='grc' dir='ltr'><strong>ι</strong></span> <span class='ocrx_word' id='word_1_725' title='bbox 2659 2687 2846 2760; x_wconf 86' lang='lat' dir='ltr'><strong>inquit,</strong></span> <span class='ocrx_word' id='word_1_726' title='bbox 2885 2706 2907 2742; x_wconf 71' lang='grc' dir='ltr'><strong>ι</strong></span> <span class='ocrx_word' id='word_1_727' title='bbox 2951 2688 3080 2742; x_wconf 89' lang='lat' dir='ltr'><strong>istas</strong></span> <span class='ocrx_word' id='word_1_728' title='bbox 3119 2702 3239 2758; x_wconf 66' lang='lat' dir='ltr'><strong>quae</strong></span> <span class='ocrx_word' id='word_1_729' title='bbox 3280 2687 3444 2742; x_wconf 88' lang='lat' dir='ltr'><strong>modo</strong></span> 
     </span>
    </p>
   </div>
   <div class='ocr_carea' id='block_1_89' title="bbox 1860 2777 3444 2847">
    <p class='ocr_par' dir='ltr' id='par_1_89' title="bbox 1860 2777 3444 2847">
     <span class='ocr_line' id='line_1_89' title="bbox 1860 2777 3444 2847; baseline 0.001 -17"><span class='ocrx_word' id='word_1_730' title='bbox 1860 2786 2085 2846; x_wconf 85' lang='lat' dir='ltr'><strong>aguntur</strong></span> <span class='ocrx_word' id='word_1_731' title='bbox 2110 2777 2320 2847; x_wconf 87' lang='lat' dir='ltr'><strong>nuptias</strong></span> <span class='ocrx_word' id='word_1_732' title='bbox 2345 2793 2374 2831; x_wconf 89' lang='lat' dir='ltr'><strong>a</strong></span> <span class='ocrx_word' id='word_1_733' title='bbox 2408 2778 2517 2834; x_wconf 89' lang='lat' dir='ltr'><strong>Deo</strong></span> <span class='ocrx_word' id='word_1_734' title='bbox 2543 2778 2807 2832; x_wconf 88' lang='lat' dir='ltr'><strong>institutas</strong></span> <span class='ocrx_word' id='word_1_735' title='bbox 2835 2794 2940 2832; x_wconf 90' lang='lat' dir='ltr'><strong>non</strong></span> <span class='ocrx_word' id='word_1_736' title='bbox 2970 2777 3136 2833; x_wconf 82' lang='lat' dir='ltr'><strong>fuisse</strong></span> <span class='ocrx_word' id='word_1_737' title='bbox 3163 2794 3177 2832; x_wconf 91' lang='lat'><strong>:</strong></span> <span class='ocrx_word' id='word_1_738' title='bbox 3211 2777 3350 2847; x_wconf 92' lang='lat' dir='ltr'><strong>quod</strong></span> <span class='ocrx_word' id='word_1_739' title='bbox 3390 2778 3444 2832; x_wconf 63' lang='lat' dir='ltr'><strong>in</strong></span> 
     </span>
    </p>
   </div>
   <div class='ocr_carea' id='block_1_90' title="bbox 1861 2866 3447 2941">
    <p class='ocr_par' dir='ltr' id='par_1_90' title="bbox 1861 2866 3447 2941">
     <span class='ocr_line' id='line_1_90' title="bbox 1861 2866 3447 2941; baseline 0.001 -19"><span class='ocrx_word' id='word_1_740' title='bbox 1861 2866 1998 2922; x_wconf 90' lang='lat' dir='ltr'><strong>libro</strong></span> <span class='ocrx_word' id='word_1_741' title='bbox 2033 2866 2311 2939; x_wconf 75' lang='lat' dir='ltr'><strong>Augustini</strong></span> <span class='ocrx_word' id='word_1_742' title='bbox 2353 2868 2545 2938; x_wconf 78' lang='lat' dir='ltr'><strong>legitur</strong></span> <span class='ocrx_word' id='word_1_743' title='bbox 2590 2869 2685 2941; x_wconf 73' lang='grc' dir='ltr'><strong>(ὁ),</strong></span> <span class='ocrx_word' id='word_1_744' title='bbox 2731 2878 2914 2924; x_wconf 89' lang='lat' dir='ltr'><strong>c0utra</strong></span> <span class='ocrx_word' id='word_1_745' title='bbox 2944 2883 3103 2939; x_wconf 80' lang='lat' dir='ltr'><strong>quem</strong></span> <span class='ocrx_word' id='word_1_746' title='bbox 3141 2882 3242 2937; x_wconf 88' lang='lat' dir='ltr'><strong>ego</strong></span> <span class='ocrx_word' id='word_1_747' title='bbox 3284 2868 3447 2923; x_wconf 84' lang='lat' dir='ltr'><strong>modo</strong></span> 
     </span>
    </p>
   </div>
   <div class='ocr_carea' id='block_1_91' title="bbox 1860 2960 3446 3032">
    <p class='ocr_par' dir='ltr' id='par_1_91' title="bbox 1860 2960 3446 3032">
     <span class='ocr_line' id='line_1_91' title="bbox 1860 2960 3446 3032; baseline 0.001 -18"><span class='ocrx_word' id='word_1_748' title='bbox 1860 2971 2088 3032; x_wconf 90' lang='lat' dir='ltr'><strong>quatuor</strong></span> <span class='ocrx_word' id='word_1_749' title='bbox 2116 2961 2310 3016; x_wconf 88' lang='lat' dir='ltr'><strong>libellis</strong></span> <span class='ocrx_word' id='word_1_750' title='bbox 2352 2961 2620 3030; x_wconf 89' lang='lat' dir='ltr'><strong>respondi.</strong></span> <span class='ocrx_word' id='word_1_751' title='bbox 2661 2961 2827 3030; x_wconf 91' lang='lat' dir='ltr'><strong>Cujus</strong></span> <span class='ocrx_word' id='word_1_752' title='bbox 2869 2961 3145 3031; x_wconf 81' lang='lat' dir='ltr'><strong>Augustini</strong></span> <span class='ocrx_word' id='word_1_753' title='bbox 3175 2960 3318 3016; x_wconf 89' lang='lat' dir='ltr'><strong>dicta</strong></span> <span class='ocrx_word' id='word_1_754' title='bbox 3344 2961 3446 3015; x_wconf 85' lang='lat' dir='ltr'><strong>ini-</strong></span> 
     </span>
    </p>
   </div>
   <div class='ocr_carea' id='block_1_92' title="bbox 1861 3040 3446 3122">
    <p class='ocr_par' dir='ltr' id='par_1_92' title="bbox 1861 3040 3446 3122">
     <span class='ocr_line' id='line_1_92' title="bbox 1861 3040 3446 3122; baseline -0.003 -14"><span class='ocrx_word' id='word_1_755' title='bbox 1861 3052 1986 3108; x_wconf 92' lang='lat' dir='ltr'><strong>mici</strong></span> <span class='ocrx_word' id='word_1_756' title='bbox 2012 3052 2176 3109; x_wconf 86' lang='lat' dir='ltr'><strong>nostri</strong></span> <span class='ocrx_word' id='word_1_757' title='bbox 2204 3053 2256 3107; x_wconf 89' lang='lat' dir='ltr'><strong>in</strong></span> <span class='ocrx_word' id='word_1_758' title='bbox 2284 3052 2518 3107; x_wconf 84' lang='lat' dir='ltr'><strong>veritatis</strong></span> <span class='ocrx_word' id='word_1_759' title='bbox 2543 3053 2722 3107; x_wconf 89' lang='lat' dir='ltr'><strong>odium</strong></span> <span class='ocrx_word' id='word_1_760' title='bbox 2745 3040 3113 3121; x_wconf 80' lang='lat' dir='ltr'><strong>susceperunt.</strong></span> <span class='ocrx_word' id='word_1_761' title='bbox 3152 3071 3171 3106; x_wconf 78' lang='grc' dir='ltr'><strong>ι</strong></span> <span class='ocrx_word' id='word_1_762' title='bbox 3217 3051 3309 3107; x_wconf 87' lang='lat' dir='ltr'><strong>llis</strong></span> <span class='ocrx_word' id='word_1_763' title='bbox 3328 3051 3446 3122; x_wconf 86' lang='lat' dir='ltr'><strong>ejus</strong></span> 
     </span>
    </p>
   </div>
   <div class='ocr_carea' id='block_1_93' title="bbox 1860 3141 3444 3213">
    <p class='ocr_par' dir='ltr' id='par_1_93' title="bbox 1860 3141 3444 3213">
     <span class='ocr_line' id='line_1_93' title="bbox 1860 3141 3444 3213; baseline -0.003 -13"><span class='ocrx_word' id='word_1_764' title='bbox 1860 3144 2353 3200; x_wconf 85' lang='lat' dir='ltr'><strong>calumniosissimis</strong></span> <span class='ocrx_word' id='word_1_765' title='bbox 2364 3144 2539 3199; x_wconf 89' lang='lat' dir='ltr'><strong>verbis</strong></span> <span class='ocrx_word' id='word_1_766' title='bbox 2563 3143 2793 3199; x_wconf 89' lang='lat' dir='ltr'><strong>breviter</strong></span> <span class='ocrx_word' id='word_1_767' title='bbox 2806 3141 2962 3199; x_wconf 86' lang='lat' dir='ltr'><strong>video</strong></span> <span class='ocrx_word' id='word_1_768' title='bbox 2985 3142 3444 3213; x_wconf 84' lang='lat' dir='ltr'><strong>respondendum:</strong></span> 
     </span>
    </p>
   </div>
   <div class='ocr_carea' id='block_1_94' title="bbox 1861 3234 3449 3308">
    <p class='ocr_par' dir='ltr' id='par_1_94' title="bbox 1861 3234 3449 3308">
     <span class='ocr_line' id='line_1_94' title="bbox 1861 3234 3449 3308; baseline -0.002 -16"><span class='ocrx_word' id='word_1_769' title='bbox 1861 3237 1983 3308; x_wconf 88' lang='lat' dir='ltr'><strong>quia</strong></span> <span class='ocrx_word' id='word_1_770' title='bbox 2011 3236 2207 3307; x_wconf 88' lang='lat' dir='ltr'><strong>repetit</strong></span> <span class='ocrx_word' id='word_1_771' title='bbox 2249 3251 2311 3291; x_wconf 87' lang='lat' dir='ltr'><strong>ea</strong></span> <span class='ocrx_word' id='word_1_772' title='bbox 2342 3246 2544 3306; x_wconf 86' lang='lat' dir='ltr'><strong>postea,</strong></span> <span class='ocrx_word' id='word_1_773' title='bbox 2575 3236 2663 3290; x_wconf 91' lang='lat' dir='ltr'><strong>ubi</strong></span> <span class='ocrx_word' id='word_1_774' title='bbox 2703 3235 2817 3290; x_wconf 89' lang='lat' dir='ltr'><strong>vult</strong></span> <span class='ocrx_word' id='word_1_775' title='bbox 2845 3236 2959 3304; x_wconf 89' lang='lat' dir='ltr'><strong>ipse</strong></span> <span class='ocrx_word' id='word_1_776' title='bbox 2999 3235 3271 3290; x_wconf 85' lang='lat' dir='ltr'><strong>insinuare</strong></span> <span class='ocrx_word' id='word_1_777' title='bbox 3297 3234 3449 3305; x_wconf 84' lang='lat' dir='ltr'><strong>quasi</strong></span> 
     </span>
    </p>
   </div>
   <div class='ocr_carea' id='block_1_95' title="bbox 1859 3325 3451 3398">
    <p class='ocr_par' dir='ltr' id='par_1_95' title="bbox 1859 3325 3451 3398">
     <span class='ocr_line' id='line_1_95' title="bbox 1859 3325 3451 3398; baseline -0.003 -14"><span class='ocrx_word' id='word_1_778' title='bbox 1859 3338 2045 3384; x_wconf 90' lang='lat' dir='ltr'><strong>contra</strong></span> <span class='ocrx_word' id='word_1_779' title='bbox 2086 3336 2264 3383; x_wconf 86' lang='lat' dir='ltr'><strong>nostra</strong></span> <span class='ocrx_word' id='word_1_780' title='bbox 2297 3328 2385 3382; x_wconf 91' lang='lat' dir='ltr'><strong>isti</strong></span> <span class='ocrx_word' id='word_1_781' title='bbox 2422 3327 2548 3398; x_wconf 86' lang='lat' dir='ltr'><strong>quid</strong></span> <span class='ocrx_word' id='word_1_782' title='bbox 2579 3327 2797 3392; x_wconf 87' lang='lat' dir='ltr'><strong>dicant;</strong></span> <span class='ocrx_word' id='word_1_783' title='bbox 2845 3327 2917 3381; x_wconf 82' lang='lat' dir='ltr'><strong>ibi</strong></span> <span class='ocrx_word' id='word_1_784' title='bbox 2941 3342 3061 3382; x_wconf 90' lang='lat' dir='ltr'><strong>cum</strong></span> <span class='ocrx_word' id='word_1_785' title='bbox 3092 3326 3185 3382; x_wconf 92' lang='lat' dir='ltr'><strong>illo</strong></span> <span class='ocrx_word' id='word_1_786' title='bbox 3213 3325 3257 3394; x_wconf 86' lang='grc'><strong>⁸,</strong></span> <span class='ocrx_word' id='word_1_787' title='bbox 3281 3341 3451 3397; x_wconf 86' lang='lat' dir='ltr'><strong>quan-</strong></span> 
     </span>
    </p>
   </div>
   <div class='ocr_carea' id='block_1_96' title="bbox 1862 3416 3449 3488">
    <p class='ocr_par' dir='ltr' id='par_1_96' title="bbox 1862 3416 3449 3488">
     <span class='ocr_line' id='line_1_96' title="bbox 1862 3416 3449 3488; baseline -0.001 -15"><span class='ocrx_word' id='word_1_788' title='bbox 1862 3428 1974 3474; x_wconf 91' lang='lat' dir='ltr'><strong>tum</strong></span> <span class='ocrx_word' id='word_1_789' title='bbox 2002 3432 2089 3474; x_wconf 89' lang='lat' dir='ltr'><strong>res</strong></span> <span class='ocrx_word' id='word_1_790' title='bbox 2130 3419 2397 3488; x_wconf 89' lang='lat' dir='ltr'><strong>postulare</strong></span> <span class='ocrx_word' id='word_1_791' title='bbox 2427 3416 2710 3484; x_wconf 89' lang='lat' dir='ltr'><strong>videbitur,</strong></span> <span class='ocrx_word' id='word_1_792' title='bbox 2745 3416 2972 3475; x_wconf 83' lang='lat' dir='ltr'><strong>Domino</strong></span> <span class='ocrx_word' id='word_1_793' title='bbox 2999 3416 3287 3485; x_wconf 89' lang='lat' dir='ltr'><strong>adjuvante</strong></span> <span class='ocrx_word' id='word_1_794' title='bbox 3327 3432 3449 3472; x_wconf 88' lang='lat' dir='ltr'><strong>eer-</strong></span> 
     </span>
    </p>
   </div>
   <div class='ocr_carea' id='block_1_97' title="bbox 1864 3501 3451 3572">
    <p class='ocr_par' dir='ltr' id='par_1_97' title="bbox 1864 3501 3451 3572">
     <span class='ocr_line' id='line_1_97' title="bbox 1864 3501 3451 3572; baseline -0.001 -15"><span class='ocrx_word' id='word_1_795' title='bbox 1864 3503 2080 3558; x_wconf 88' lang='lat' dir='ltr'><strong>tandum</strong></span> <span class='ocrx_word' id='word_1_796' title='bbox 2128 3511 2229 3558; x_wconf 86' lang='lat' dir='ltr'><strong>est.</strong></span> <span class='ocrx_word' id='word_1_797' title='bbox 2268 3501 2421 3556; x_wconf 88' lang='lat' dir='ltr'><strong>Nunc</strong></span> <span class='ocrx_word' id='word_1_798' title='bbox 2461 3516 2591 3571; x_wconf 84' lang='lat' dir='ltr'><strong>ergo</strong></span> <span class='ocrx_word' id='word_1_799' title='bbox 2637 3502 2960 3571; x_wconf 77' lang='lat' dir='ltr'><strong>respondeo,</strong></span> <span class='ocrx_word' id='word_1_800' title='bbox 3004 3516 3034 3555; x_wconf 89' lang='lat' dir='ltr'><strong>a</strong></span> <span class='ocrx_word' id='word_1_801' title='bbox 3081 3503 3191 3556; x_wconf 87' lang='lat' dir='ltr'><strong>Deo</strong></span> <span class='ocrx_word' id='word_1_802' title='bbox 3239 3502 3451 3572; x_wconf 87' lang='lat' dir='ltr'><strong>nuptias</strong></span> 
     </span>
    </p>
   </div>
   <div class='ocr_carea' id='block_1_98' title="bbox 1864 3589 3454 3661">
    <p class='ocr_par' dir='ltr' id='par_1_98' title="bbox 1864 3589 3454 3661">
     <span class='ocr_line' id='line_1_98' title="bbox 1864 3589 3454 3661; baseline -0.002 -13"><span class='ocrx_word' id='word_1_803' title='bbox 1864 3593 2163 3661; x_wconf 83' lang='lat' dir='ltr'><strong>institutas,</strong></span> <span class='ocrx_word' id='word_1_804' title='bbox 2205 3600 2257 3647; x_wconf 91' lang='lat' dir='ltr'><strong>et</strong></span> <span class='ocrx_word' id='word_1_805' title='bbox 2303 3601 2450 3657; x_wconf 91' lang='lat' dir='ltr'><strong>tunc,</strong></span> <span class='ocrx_word' id='word_1_806' title='bbox 2497 3591 2710 3661; x_wconf 89' lang='lat' dir='ltr'><strong>quando</strong></span> <span class='ocrx_word' id='word_1_807' title='bbox 2756 3591 2952 3645; x_wconf 89' lang='lat' dir='ltr'><strong>dictum</strong></span> <span class='ocrx_word' id='word_1_808' title='bbox 3004 3601 3121 3657; x_wconf 88' lang='lat' dir='ltr'><strong>est,</strong></span> <span class='ocrx_word' id='word_1_809' title='bbox 3173 3589 3454 3661; x_wconf 85' lang='lat' dir='ltr'><strong>Propterea</strong></span> 
     </span>
    </p>
   </div>
   <div class='ocr_carea' id='block_1_99' title="bbox 1861 3685 3449 3755">
    <p class='ocr_par' dir='ltr' id='par_1_99' title="bbox 1861 3685 3449 3755">
     <span class='ocr_line' id='line_1_99' title="bbox 1861 3685 3449 3755; baseline -0.001 -15"><span class='ocrx_word' id='word_1_810' title='bbox 1861 3686 2102 3755; x_wconf 84' lang='lat' dir='ltr'><strong>relinquet</strong></span> <span class='ocrx_word' id='word_1_811' title='bbox 2126 3685 2276 3738; x_wconf 82' lang='lat' dir='ltr'><strong>homo</strong></span> <span class='ocrx_word' id='word_1_812' title='bbox 2300 3694 2492 3752; x_wconf 87' lang='lat' dir='ltr'><strong>patrem</strong></span> <span class='ocrx_word' id='word_1_813' title='bbox 2519 3700 2668 3737; x_wconf 85' lang='lat' dir='ltr'><strong>suum</strong></span> <span class='ocrx_word' id='word_1_814' title='bbox 2692 3693 2738 3737; x_wconf 88' lang='lat' dir='ltr'><strong>et</strong></span> <span class='ocrx_word' id='word_1_815' title='bbox 2761 3694 2971 3737; x_wconf 87' lang='lat' dir='ltr'><strong>matrem</strong></span> <span class='ocrx_word' id='word_1_816' title='bbox 2999 3700 3165 3750; x_wconf 68' lang='lat' dir='ltr'><strong>nam,</strong></span> <span class='ocrx_word' id='word_1_817' title='bbox 3201 3694 3248 3738; x_wconf 86' lang='lat' dir='ltr'><strong>et</strong></span> <span class='ocrx_word' id='word_1_818' title='bbox 3268 3685 3449 3739; x_wconf 67' lang='lat' dir='ltr'><strong>adita-</strong></span> 
     </span>
    </p>
   </div>
   <div class='ocr_carea' id='block_1_100' title="bbox 1862 3774 3447 3846">
    <p class='ocr_par' dir='ltr' id='par_1_100' title="bbox 1862 3774 3447 3846">
     <span class='ocr_line' id='line_1_100' title="bbox 1862 3774 3447 3846; baseline 0 -15"><span class='ocrx_word' id='word_1_819' title='bbox 1862 3777 1987 3832; x_wconf 86' lang='lat' dir='ltr'><strong>rebit</strong></span> <span class='ocrx_word' id='word_1_820' title='bbox 2026 3776 2176 3830; x_wconf 70' lang='lat' dir='ltr'><strong>uxori</strong></span> <span class='ocrx_word' id='word_1_821' title='bbox 2198 3791 2337 3840; x_wconf 68' lang='lat' dir='ltr'><strong>sum;</strong></span> <span class='ocrx_word' id='word_1_822' title='bbox 2377 3784 2423 3830; x_wconf 89' lang='lat' dir='ltr'><strong>et</strong></span> <span class='ocrx_word' id='word_1_823' title='bbox 2449 3785 2595 3829; x_wconf 86' lang='lat' dir='ltr'><strong>erunt</strong></span> <span class='ocrx_word' id='word_1_824' title='bbox 2629 3774 2730 3829; x_wconf 89' lang='lat' dir='ltr'><strong>duo</strong></span> <span class='ocrx_word' id='word_1_825' title='bbox 2756 3776 2806 3828; x_wconf 87' lang='lat' dir='ltr'><strong>iu</strong></span> <span class='ocrx_word' id='word_1_826' title='bbox 2850 3792 3001 3829; x_wconf 86' lang='lat' dir='ltr'><strong>carne</strong></span> <span class='ocrx_word' id='word_1_827' title='bbox 3038 3792 3142 3830; x_wconf 86' lang='lat' dir='ltr'><strong>una</strong></span> <span class='ocrx_word' id='word_1_828' title='bbox 3190 3774 3342 3846; x_wconf 79' lang='lat' dir='ltr'><strong>(Gen.</strong></span> <span class='ocrx_word' id='word_1_829' title='bbox 3369 3791 3406 3831; x_wconf 89' lang='grc' dir='ltr'><strong>ιι</strong></span> <span class='ocrx_word' id='word_1_830' title='bbox 3429 3817 3447 3841; x_wconf 82' lang='grc'>,</span> 
     </span>
    </p>
   </div>
   <div class='ocr_carea' id='block_1_101' title="bbox 1862 3867 3447 3937">
    <p class='ocr_par' dir='ltr' id='par_1_101' title="bbox 1862 3867 3447 3937">
     <span class='ocr_line' id='line_1_101' title="bbox 1862 3867 3447 3937; baseline 0.002 -16"><span class='ocrx_word' id='word_1_831' title='bbox 1862 3867 1954 3937; x_wconf 73' lang='grc'><strong>24)</strong></span> <span class='ocrx_word' id='word_1_832' title='bbox 1988 3884 2000 3920; x_wconf 91' lang='lat'>:</span> <span class='ocrx_word' id='word_1_833' title='bbox 2032 3875 2089 3922; x_wconf 90' lang='lat' dir='ltr'><strong>et</strong></span> <span class='ocrx_word' id='word_1_834' title='bbox 2117 3882 2276 3931; x_wconf 90' lang='lat' dir='ltr'><strong>nunc,</strong></span> <span class='ocrx_word' id='word_1_835' title='bbox 2320 3878 2538 3937; x_wconf 88' lang='lat' dir='ltr'><strong>propter</strong></span> <span class='ocrx_word' id='word_1_836' title='bbox 2560 3867 2701 3936; x_wconf 88' lang='lat' dir='ltr'><strong>quod</strong></span> <span class='ocrx_word' id='word_1_837' title='bbox 2741 3867 2996 3936; x_wconf 87' lang='lat' dir='ltr'><strong>scriptum</strong></span> <span class='ocrx_word' id='word_1_838' title='bbox 3022 3877 3126 3934; x_wconf 88' lang='lat' dir='ltr'><strong>est,</strong></span> <span class='ocrx_word' id='word_1_839' title='bbox 3160 3868 3202 3922; x_wconf 82' lang='lat' dir='ltr'><strong>A</strong></span> <span class='ocrx_word' id='word_1_840' title='bbox 3232 3869 3447 3924; x_wconf 87' lang='lat' dir='ltr'><strong>Domino</strong></span> 
     </span>
    </p>
   </div>
   <div class='ocr_carea' id='block_1_102' title="bbox 1854 3955 3451 4030">
    <p class='ocr_par' dir='ltr' id='par_1_102' title="bbox 1854 3955 3451 4030">
     <span class='ocr_line' id='line_1_102' title="bbox 1854 3955 3451 4030; baseline 0.004 -21"><span class='ocrx_word' id='word_1_841' title='bbox 1854 3956 2093 4028; x_wconf 84' lang='lat' dir='ltr'><strong>jungitur</strong></span> <span class='ocrx_word' id='word_1_842' title='bbox 2133 3957 2238 4011; x_wconf 76' lang='lat' dir='ltr'><strong>uiro</strong></span> <span class='ocrx_word' id='word_1_843' title='bbox 2276 3958 2459 4011; x_wconf 77' lang='lat' dir='ltr'><strong>mulier</strong></span> <span class='ocrx_word' id='word_1_844' title='bbox 2499 3955 2696 4027; x_wconf 68' lang='lat' dir='ltr'><strong>(Prov.</strong></span> <span class='ocrx_word' id='word_1_845' title='bbox 2743 3974 2856 4025; x_wconf 82' lang='lat' dir='ltr'><strong>xtx,</strong></span> <span class='ocrx_word' id='word_1_846' title='bbox 2909 3955 3037 4030; x_wconf 70' lang='grc'><strong>14).</strong></span> <span class='ocrx_word' id='word_1_847' title='bbox 3078 3958 3262 4029; x_wconf 87' lang='lat' dir='ltr'><strong>Neque</strong></span> <span class='ocrx_word' id='word_1_848' title='bbox 3303 3960 3451 4016; x_wconf 89' lang='lat' dir='ltr'><strong>enim</strong></span> 
     </span>
    </p>
   </div>
   <div class='ocr_carea' id='block_1_103' title="bbox 1864 4047 3448 4119">
    <p class='ocr_par' dir='ltr' id='par_1_103' title="bbox 1864 4047 3448 4119">
     <span class='ocr_line' id='line_1_103' title="bbox 1864 4047 3448 4119; baseline 0.001 -17"><span class='ocrx_word' id='word_1_849' title='bbox 1864 4047 2005 4102; x_wconf 88' lang='lat' dir='ltr'><strong>aliud</strong></span> <span class='ocrx_word' id='word_1_850' title='bbox 2037 4047 2097 4102; x_wconf 78' lang='grc' dir='ltr'><strong>ιιι</strong></span> <span class='ocrx_word' id='word_1_851' title='bbox 2127 4048 2286 4103; x_wconf 81' lang='lat' dir='ltr'><strong>etiam</strong></span> <span class='ocrx_word' id='word_1_852' title='bbox 2316 4061 2456 4103; x_wconf 89' lang='lat' dir='ltr'><strong>nunc</strong></span> <span class='ocrx_word' id='word_1_853' title='bbox 2494 4063 2654 4119; x_wconf 89' lang='lat' dir='ltr'><strong>quam</strong></span> <span class='ocrx_word' id='word_1_854' title='bbox 2694 4047 2844 4113; x_wconf 89' lang='lat' dir='ltr'><strong>illud,</strong></span> <span class='ocrx_word' id='word_1_855' title='bbox 2891 4058 2949 4104; x_wconf 92' lang='lat' dir='ltr'><strong>ut</strong></span> <span class='ocrx_word' id='word_1_856' title='bbox 2984 4048 3258 4106; x_wconf 76' lang='lat' dir='ltr'><strong>adhmreat</strong></span> <span class='ocrx_word' id='word_1_857' title='bbox 3287 4050 3448 4105; x_wconf 91' lang='lat' dir='ltr'><strong>homo</strong></span> 
     </span>
    </p>
   </div>
   <div class='ocr_carea' id='block_1_104' title="bbox 1866 4139 3451 4213">
    <p class='ocr_par' dir='ltr' id='par_1_104' title="bbox 1866 4139 3451 4213">
     <span class='ocr_line' id='line_1_104' title="bbox 1866 4139 3451 4213; baseline 0.001 -19"><span class='ocrx_word' id='word_1_858' title='bbox 1866 4140 2015 4194; x_wconf 86' lang='lat' dir='ltr'><strong>uxori</strong></span> <span class='ocrx_word' id='word_1_859' title='bbox 2055 4153 2186 4201; x_wconf 74' lang='lat' dir='ltr'><strong>sure.</strong></span> <span class='ocrx_word' id='word_1_860' title='bbox 2212 4148 2266 4194; x_wconf 91' lang='lat' dir='ltr'><strong>et</strong></span> <span class='ocrx_word' id='word_1_861' title='bbox 2287 4140 2395 4195; x_wconf 90' lang='lat' dir='ltr'><strong>sint</strong></span> <span class='ocrx_word' id='word_1_862' title='bbox 2422 4139 2529 4195; x_wconf 88' lang='lat' dir='ltr'><strong>duo</strong></span> <span class='ocrx_word' id='word_1_863' title='bbox 2558 4140 2610 4194; x_wconf 92' lang='lat' dir='ltr'><strong>in</strong></span> <span class='ocrx_word' id='word_1_864' title='bbox 2640 4155 2803 4196; x_wconf 87' lang='lat' dir='ltr'><strong>carne</strong></span> <span class='ocrx_word' id='word_1_865' title='bbox 2832 4156 2956 4195; x_wconf 89' lang='lat' dir='ltr'><strong>una.</strong></span> <span class='ocrx_word' id='word_1_866' title='bbox 3003 4142 3078 4197; x_wconf 89' lang='lat' dir='ltr'><strong>De</strong></span> <span class='ocrx_word' id='word_1_867' title='bbox 3104 4143 3231 4211; x_wconf 86' lang='lat' dir='ltr'><strong>ipsis</strong></span> <span class='ocrx_word' id='word_1_868' title='bbox 3254 4143 3451 4213; x_wconf 85' lang='lat' dir='ltr'><strong>quippe</strong></span> 
     </span>
    </p>
   </div>
   <div class='ocr_carea' id='block_1_105' title="bbox 1863 4230 3451 4302">
    <p class='ocr_par' dir='ltr' id='par_1_105' title="bbox 1863 4230 3451 4302">
     <span class='ocr_line' id='line_1_105' title="bbox 1863 4230 3451 4302; baseline 0.003 -16"><span class='ocrx_word' id='word_1_869' title='bbox 1863 4232 2081 4301; x_wconf 86' lang='lat' dir='ltr'><strong>nuptiis,</strong></span> <span class='ocrx_word' id='word_1_870' title='bbox 2110 4247 2227 4302; x_wconf 83' lang='lat' dir='ltr'><strong>quae</strong></span> <span class='ocrx_word' id='word_1_871' title='bbox 2257 4247 2399 4286; x_wconf 90' lang='lat' dir='ltr'><strong>nunc</strong></span> <span class='ocrx_word' id='word_1_872' title='bbox 2441 4230 2465 4264; x_wconf 70' lang='grc'>⁴</span> <span class='ocrx_word' id='word_1_873' title='bbox 2495 4231 2646 4297; x_wconf 79' lang='lat' dir='ltr'><strong>lium,</strong></span> <span class='ocrx_word' id='word_1_874' title='bbox 2693 4234 2968 4289; x_wconf 90' lang='lat' dir='ltr'><strong>consultus</strong></span> <span class='ocrx_word' id='word_1_875' title='bbox 3009 4245 3092 4290; x_wconf 87' lang='lat' dir='ltr'><strong>est</strong></span> <span class='ocrx_word' id='word_1_876' title='bbox 3138 4235 3395 4293; x_wconf 87' lang='lat' dir='ltr'><strong>Dominus</strong></span> <span class='ocrx_word' id='word_1_877' title='bbox 3419 4251 3451 4291; x_wconf 89' lang='lat' dir='ltr'><strong>a</strong></span> 
     </span>
    </p>
   </div>
   <div class='ocr_carea' id='block_1_106' title="bbox 1863 4322 3453 4396">
    <p class='ocr_par' dir='ltr' id='par_1_106' title="bbox 1863 4322 3453 4396">
     <span class='ocr_line' id='line_1_106' title="bbox 1863 4322 3453 4396; baseline 0.003 -18"><span class='ocrx_word' id='word_1_878' title='bbox 1863 4322 2081 4390; x_wconf 69' lang='lat' dir='ltr'><strong>JUd:0lS,</strong></span> <span class='ocrx_word' id='word_1_879' title='bbox 2131 4330 2309 4377; x_wconf 89' lang='lat' dir='ltr'><strong>utrum</strong></span> <span class='ocrx_word' id='word_1_880' title='bbox 2366 4323 2550 4378; x_wconf 88' lang='lat' dir='ltr'><strong>liceret</strong></span> <span class='ocrx_word' id='word_1_881' title='bbox 2602 4339 2936 4396; x_wconf 90' lang='lat' dir='ltr'><strong>quacumque</strong></span> <span class='ocrx_word' id='word_1_882' title='bbox 2981 4340 3138 4381; x_wconf 89' lang='lat' dir='ltr'><strong>causa</strong></span> <span class='ocrx_word' id='word_1_883' title='bbox 3182 4325 3453 4383; x_wconf 87' lang='lat' dir='ltr'><strong>dimittere</strong></span> 
     </span>
    </p>
   </div>
   <div class='ocr_carea' id='block_1_107' title="bbox 1864 4417 3451 4491">
    <p class='ocr_par' dir='ltr' id='par_1_107' title="bbox 1864 4417 3451 4491">
     <span class='ocr_line' id='line_1_107' title="bbox 1864 4417 3451 4491; baseline 0.004 -20"><span class='ocrx_word' id='word_1_884' title='bbox 1864 4432 2104 4471; x_wconf 90' lang='lat' dir='ltr'><strong>uxorem.</strong></span> <span class='ocrx_word' id='word_1_885' title='bbox 2158 4417 2225 4471; x_wconf 85' lang='lat' dir='ltr'><strong>Et</strong></span> <span class='ocrx_word' id='word_1_886' title='bbox 2267 4417 2370 4472; x_wconf 92' lang='lat' dir='ltr'><strong>isto</strong></span> <span class='ocrx_word' id='word_1_887' title='bbox 2395 4429 2814 4473; x_wconf 88' lang='lat' dir='ltr'><strong>commemorato</strong></span> <span class='ocrx_word' id='word_1_888' title='bbox 2846 4420 3152 4475; x_wconf 90' lang='lat' dir='ltr'><strong>testimonio</strong></span> <span class='ocrx_word' id='word_1_889' title='bbox 3194 4421 3325 4491; x_wconf 85' lang='lat' dir='ltr'><strong>legis</strong></span> <span class='ocrx_word' id='word_1_890' title='bbox 3352 4421 3451 4477; x_wconf 85' lang='lat' dir='ltr'><strong>ad-</strong></span> 
     </span>
    </p>
   </div>
   <div class='ocr_carea' id='block_1_108' title="bbox 1859 4506 3454 4582">
    <p class='ocr_par' dir='ltr' id='par_1_108' title="bbox 1859 4506 3454 4582">
     <span class='ocr_line' id='line_1_108' title="bbox 1859 4506 3454 4582; baseline 0.004 -21"><span class='ocrx_word' id='word_1_891' title='bbox 1859 4507 2054 4579; x_wconf 88' lang='lat' dir='ltr'><strong>junxit,</strong></span> <span class='ocrx_word' id='word_1_892' title='bbox 2109 4507 2261 4573; x_wconf 83' lang='lat' dir='ltr'><strong>Quod</strong></span> <span class='ocrx_word' id='word_1_893' title='bbox 2301 4524 2417 4579; x_wconf 85' lang='lat' dir='ltr'><strong>ergo</strong></span> <span class='ocrx_word' id='word_1_894' title='bbox 2445 4506 2584 4561; x_wconf 87' lang='lat' dir='ltr'><strong>Deus</strong></span> <span class='ocrx_word' id='word_1_895' title='bbox 2603 4509 2885 4576; x_wconf 66' lang='lat' dir='ltr'><strong>conjunxit,</strong></span> <span class='ocrx_word' id='word_1_896' title='bbox 2917 4512 3066 4564; x_wconf 80' lang='lat' dir='ltr'><strong>homo</strong></span> <span class='ocrx_word' id='word_1_897' title='bbox 3112 4527 3212 4565; x_wconf 89' lang='lat' dir='ltr'><strong>non</strong></span> <span class='ocrx_word' id='word_1_898' title='bbox 3255 4522 3454 4582; x_wconf 80' lang='lat' dir='ltr'><strong>separet</strong></span> 
     </span>
    </p>
   </div>
   <div class='ocr_carea' id='block_1_109' title="bbox 1865 4598 3454 4672">
    <p class='ocr_par' dir='ltr' id='par_1_109' title="bbox 1865 4598 3454 4672">
     <span class='ocr_line' id='line_1_109' title="bbox 1865 4598 3454 4672; baseline 0.004 -19"><span class='ocrx_word' id='word_1_899' title='bbox 1865 4599 2079 4671; x_wconf 70' lang='lat' dir='ltr'><strong>(Matth.</strong></span> <span class='ocrx_word' id='word_1_900' title='bbox 2131 4616 2238 4663; x_wconf 73' lang='lat' dir='ltr'><strong>xix,</strong></span> <span class='ocrx_word' id='word_1_901' title='bbox 2283 4598 2420 4669; x_wconf 78' lang='grc'><strong>5-6).</strong></span> <span class='ocrx_word' id='word_1_902' title='bbox 2465 4598 2575 4653; x_wconf 83' lang='lat' dir='ltr'><strong>Hoc</strong></span> <span class='ocrx_word' id='word_1_903' title='bbox 2620 4600 2980 4655; x_wconf 87' lang='lat' dir='ltr'><strong>testimonium</strong></span> <span class='ocrx_word' id='word_1_904' title='bbox 3025 4598 3158 4672; x_wconf 84' lang='lat' dir='ltr'><strong>legis</strong></span> <span class='ocrx_word' id='word_1_905' title='bbox 3208 4602 3454 4660; x_wconf 85' lang='lat' dir='ltr'><strong>adhibuit</strong></span> 
     </span>
    </p>
   </div>
   <div class='ocr_carea' id='block_1_110' title="bbox 1862 4691 3450 4761">
    <p class='ocr_par' dir='ltr' id='par_1_110' title="bbox 1862 4691 3450 4761">
     <span class='ocr_line' id='line_1_110' title="bbox 1862 4691 3450 4761; baseline 0.002 -13"><span class='ocrx_word' id='word_1_906' title='bbox 1862 4694 2023 4748; x_wconf 87' lang='lat' dir='ltr'><strong>etiam</strong></span> <span class='ocrx_word' id='word_1_907' title='bbox 2074 4691 2362 4761; x_wconf 84' lang='lat' dir='ltr'><strong>Apostolus</strong></span> <span class='ocrx_word' id='word_1_908' title='bbox 2411 4691 2628 4756; x_wconf 84' lang='lat' dir='ltr'><strong>Paulus,</strong></span> <span class='ocrx_word' id='word_1_909' title='bbox 2669 4705 2789 4746; x_wconf 90' lang='lat' dir='ltr'><strong>cum</strong></span> <span class='ocrx_word' id='word_1_910' title='bbox 2839 4693 2983 4748; x_wconf 88' lang='lat' dir='ltr'><strong>viros</strong></span> <span class='ocrx_word' id='word_1_911' title='bbox 3026 4704 3268 4750; x_wconf 89' lang='lat' dir='ltr'><strong>moneret</strong></span> <span class='ocrx_word' id='word_1_912' title='bbox 3297 4704 3355 4750; x_wconf 93' lang='lat' dir='ltr'><strong>ut</strong></span> <span class='ocrx_word' id='word_1_913' title='bbox 3381 4697 3450 4751; x_wconf 87' lang='lat' dir='ltr'><strong>ab</strong></span> 
     </span>
    </p>
   </div>
   <div class='ocr_carea' id='block_1_111' title="bbox 1863 4782 3452 4858">
    <p class='ocr_par' dir='ltr' id='par_1_111' title="bbox 1863 4782 3452 4858">
     <span class='ocr_line' id='line_1_111' title="bbox 1863 4782 3452 4858; baseline 0.003 -17"><span class='ocrx_word' id='word_1_914' title='bbox 1863 4787 1944 4842; x_wconf 90' lang='lat' dir='ltr'><strong>eis</strong></span> <span class='ocrx_word' id='word_1_915' title='bbox 1984 4785 2331 4854; x_wconf 88' lang='lat' dir='ltr'><strong>diligerentur</strong></span> <span class='ocrx_word' id='word_1_916' title='bbox 2379 4798 2572 4838; x_wconf 80' lang='lat' dir='ltr'><strong>uxores</strong></span> <span class='ocrx_word' id='word_1_917' title='bbox 2626 4782 2852 4855; x_wconf 74' lang='lat' dir='ltr'><strong>(Ephes.</strong></span> <span class='ocrx_word' id='word_1_918' title='bbox 2899 4799 2956 4852; x_wconf 78' lang='grc' dir='ltr'><strong>ν,</strong></span> <span class='ocrx_word' id='word_1_919' title='bbox 3003 4786 3097 4854; x_wconf 77' lang='lat'><strong>25,</strong></span> <span class='ocrx_word' id='word_1_920' title='bbox 3127 4786 3255 4858; x_wconf 72' lang='lat'><strong>5|).</strong></span> <span class='ocrx_word' id='word_1_921' title='bbox 3297 4787 3452 4845; x_wconf 83' lang='lat' dir='ltr'><strong>Absit</strong></span> 
     </span>
    </p>
   </div>
   <div class='ocr_carea' id='block_1_112' title="bbox 1865 4875 3448 4948">
    <p class='ocr_par' dir='ltr' id='par_1_112' title="bbox 1865 4875 3448 4948">
     <span class='ocr_line' id='line_1_112' title="bbox 1865 4875 3448 4948; baseline 0.004 -17"><span class='ocrx_word' id='word_1_922' title='bbox 1865 4893 2015 4948; x_wconf 83' lang='lat' dir='ltr'><strong>ergo,</strong></span> <span class='ocrx_word' id='word_1_923' title='bbox 2062 4884 2119 4930; x_wconf 91' lang='lat' dir='ltr'><strong>ut</strong></span> <span class='ocrx_word' id='word_1_924' title='bbox 2158 4877 2210 4929; x_wconf 88' lang='lat' dir='ltr'><strong>in</strong></span> <span class='ocrx_word' id='word_1_925' title='bbox 2243 4875 2377 4930; x_wconf 90' lang='lat' dir='ltr'><strong>libro</strong></span> <span class='ocrx_word' id='word_1_926' title='bbox 2414 4890 2536 4930; x_wconf 90' lang='lat' dir='ltr'><strong>meo</strong></span> <span class='ocrx_word' id='word_1_927' title='bbox 2564 4886 2746 4930; x_wconf 76' lang='lat' dir='ltr'><strong>contra</strong></span> <span class='ocrx_word' id='word_1_928' title='bbox 2790 4876 2904 4931; x_wconf 71' lang='lat' dir='ltr'><strong>haec</strong></span> <span class='ocrx_word' id='word_1_929' title='bbox 2943 4877 3243 4934; x_wconf 85' lang='lat' dir='ltr'><strong>testimonia</strong></span> <span class='ocrx_word' id='word_1_930' title='bbox 3270 4880 3448 4937; x_wconf 81' lang='lat' dir='ltr'><strong>divina</strong></span> 
     </span>
    </p>
   </div>
   <div class='ocr_carea' id='block_1_113' title="bbox 1866 4967 3451 5043">
    <p class='ocr_par' dir='ltr' id='par_1_113' title="bbox 1866 4967 3451 5043">
     <span class='ocr_line' id='line_1_113' title="bbox 1866 4967 3451 5043; baseline 0.002 -17"><span class='ocrx_word' id='word_1_931' title='bbox 1866 4972 1965 5026; x_wconf 86' lang='lat' dir='ltr'><strong>iste</strong></span> <span class='ocrx_word' id='word_1_932' title='bbox 2007 4967 2204 5040; x_wconf 89' lang='lat' dir='ltr'><strong>aliquid</strong></span> <span class='ocrx_word' id='word_1_933' title='bbox 2254 4968 2461 5038; x_wconf 89' lang='lat' dir='ltr'><strong>legerit.</strong></span> <span class='ocrx_word' id='word_1_934' title='bbox 2504 4967 2611 5024; x_wconf 91' lang='lat' dir='ltr'><strong>Sed</strong></span> <span class='ocrx_word' id='word_1_935' title='bbox 2663 4969 2747 5024; x_wconf 88' lang='lat' dir='ltr'><strong>vel</strong></span> <span class='ocrx_word' id='word_1_936' title='bbox 2795 4984 2900 5023; x_wconf 87' lang='lat' dir='ltr'><strong>non</strong></span> <span class='ocrx_word' id='word_1_937' title='bbox 2952 4971 3316 5043; x_wconf 88' lang='lat' dir='ltr'><strong>intelligendo,</strong></span> <span class='ocrx_word' id='word_1_938' title='bbox 3363 4975 3451 5029; x_wconf 84' lang='lat' dir='ltr'><strong>vel</strong></span> 
     </span>
    </p>
   </div>
   <div class='ocr_carea' id='block_1_114' title="bbox 1865 5062 3451 5134">
    <p class='ocr_par' dir='ltr' id='par_1_114' title="bbox 1865 5062 3451 5134">
     <span class='ocr_line' id='line_1_114' title="bbox 1865 5062 3451 5134; baseline 0.003 -15"><span class='ocrx_word' id='word_1_939' title='bbox 1865 5063 2034 5134; x_wconf 82' lang='lat' dir='ltr'><strong>magis</strong></span> <span class='ocrx_word' id='word_1_940' title='bbox 2067 5062 2461 5129; x_wconf 89' lang='lat' dir='ltr'><strong>calumniando,</strong></span> <span class='ocrx_word' id='word_1_941' title='bbox 2496 5062 2546 5116; x_wconf 92' lang='lat' dir='ltr'><strong>in</strong></span> <span class='ocrx_word' id='word_1_942' title='bbox 2576 5062 2738 5117; x_wconf 85' lang='lat' dir='ltr'><strong>alium</strong></span> <span class='ocrx_word' id='word_1_943' title='bbox 2776 5077 2992 5119; x_wconf 88' lang='lat' dir='ltr'><strong>sensum</strong></span> <span class='ocrx_word' id='word_1_944' title='bbox 3022 5075 3245 5122; x_wconf 89' lang='lat' dir='ltr'><strong>conatur</strong></span> <span class='ocrx_word' id='word_1_945' title='bbox 3270 5068 3451 5124; x_wconf 83' lang='lat' dir='ltr'><strong>detor-</strong></span> 
     </span>
    </p>
   </div>
   <div class='ocr_carea' id='block_1_115' title="bbox 1930 5195 2891 5259">
    <p class='ocr_par' dir='ltr' id='par_1_115' title="bbox 1930 5195 2891 5259">
     <span class='ocr_line' id='line_1_115' title="bbox 1930 5195 2891 5259; baseline 0.004 -14"><span class='ocrx_word' id='word_1_946' title='bbox 1930 5201 1947 5232; x_wconf 79' lang='grc' dir='ltr'><strong>ι</strong></span> <span class='ocrx_word' id='word_1_947' title='bbox 1982 5199 2187 5248; x_wconf 82' lang='lat' dir='ltr'><strong>vaticaui</strong></span> <span class='ocrx_word' id='word_1_948' title='bbox 2212 5206 2339 5259; x_wconf 69' lang='lat' dir='ltr'><strong>Mss,</strong></span> <span class='ocrx_word' id='word_1_949' title='bbox 2371 5197 2460 5249; x_wconf 85' lang='lat' dir='ltr'><strong>hoc</strong></span> <span class='ocrx_word' id='word_1_950' title='bbox 2476 5202 2545 5249; x_wconf 83' lang='lat' dir='ltr'><strong>est</strong></span> <span class='ocrx_word' id='word_1_951' title='bbox 2567 5195 2694 5259; x_wconf 83' lang='lat' dir='ltr'><strong>enim</strong></span> <span class='ocrx_word' id='word_1_952' title='bbox 2714 5196 2891 5250; x_wconf 78' lang='lat' dir='ltr'><strong>venire.</strong></span> 
     </span>
    </p>
   </div>
   <div class='ocr_carea' id='block_1_116' title="bbox 1927 5258 3450 5325">
    <p class='ocr_par' dir='ltr' id='par_1_116' title="bbox 1927 5258 3450 5325">
     <span class='ocr_line' id='line_1_116' title="bbox 1927 5258 3450 5325; baseline 0.002 -17"><span class='ocrx_word' id='word_1_953' title='bbox 1927 5262 1949 5293; x_wconf 72' lang='grc'><em>³</em></span> <span class='ocrx_word' id='word_1_954' title='bbox 1979 5260 2202 5312; x_wconf 84' lang='lat' dir='ltr'><strong>Gallicani</strong></span> <span class='ocrx_word' id='word_1_955' title='bbox 2240 5261 2448 5323; x_wconf 86' lang='lat' dir='ltr'><strong>codices,</strong></span> <span class='ocrx_word' id='word_1_956' title='bbox 2475 5258 2739 5312; x_wconf 80' lang='lat' dir='ltr'><strong>hominibus</strong></span> <span class='ocrx_word' id='word_1_957' title='bbox 2762 5260 2970 5325; x_wconf 82' lang='lat' dir='ltr'><strong>fecisse;</strong></span> <span class='ocrx_word' id='word_1_958' title='bbox 2998 5262 3191 5321; x_wconf 85' lang='lat' dir='ltr'><strong>omisso,</strong></span> <span class='ocrx_word' id='word_1_959' title='bbox 3214 5259 3450 5323; x_wconf 74' lang='lat' dir='ltr'><strong>judican—</strong></span> 
     </span>
    </p>
   </div>
   <div class='ocr_carea' id='block_1_117' title="bbox 1862 5321 3448 5451">
    <p class='ocr_par' dir='ltr' id='par_1_117' title="bbox 1862 5321 3448 5451">
     <span class='ocr_line' id='line_1_117' title="bbox 1862 5321 3448 5451; baseline 0.001 -19"><span class='ocrx_word' id='word_1_960' title='bbox 1862 5321 2056 5451; x_wconf 38' lang='grc' dir='ltr'><strong>’ἰῳὲ-Ιε</strong></span> <span class='ocrx_word' id='word_1_961' title='bbox 2093 5392 2197 5434; x_wconf 72' lang='lat' dir='ltr'><strong>Mss.</strong></span> <span class='ocrx_word' id='word_1_962' title='bbox 2222 5389 2278 5434; x_wconf 83' lang='lat' dir='ltr'><strong>At</strong></span> <span class='ocrx_word' id='word_1_963' title='bbox 2301 5382 2436 5445; x_wconf 84' lang='lat' dir='ltr'><strong>editi,</strong></span> <span class='ocrx_word' id='word_1_964' title='bbox 2460 5387 2625 5436; x_wconf 83' lang='lat' dir='ltr'><strong>contra</strong></span> <span class='ocrx_word' id='word_1_965' title='bbox 2660 5389 2822 5434; x_wconf 85' lang='lat' dir='ltr'><strong>nostra</strong></span> <span class='ocrx_word' id='word_1_966' title='bbox 2862 5383 2956 5435; x_wconf 77' lang='lat' dir='ltr'><strong>ista</strong></span> <span class='ocrx_word' id='word_1_967' title='bbox 2989 5382 3107 5448; x_wconf 87' lang='lat' dir='ltr'><strong>quid</strong></span> <span class='ocrx_word' id='word_1_968' title='bbox 3147 5381 3330 5445; x_wconf 83' lang='lat' dir='ltr'><strong>dicant,</strong></span> <span class='ocrx_word' id='word_1_969' title='bbox 3361 5383 3448 5434; x_wconf 79' lang='lat' dir='ltr'><strong>t&#39;bi</strong></span> 
     </span>
    </p>
   </div>
   <div class='ocr_carea' id='block_1_118' title="bbox 1865 5445 3453 5581">
    <p class='ocr_par' dir='ltr' id='par_1_118' title="bbox 1865 5445 3453 5581">
     <span class='ocr_line' id='line_1_118' title="bbox 1865 5445 3453 5581; baseline 0.001 -26"><span class='ocrx_word' id='word_1_970' title='bbox 1865 5445 2118 5581; x_wconf 52' lang='grc' dir='ltr'><strong>εηίηιξξιᾝῇ.</strong></span> <span class='ocrx_word' id='word_1_971' title='bbox 2142 5518 2271 5557; x_wconf 76' lang='lat' dir='ltr'><strong>me</strong></span> <span class='ocrx_word' id='word_1_972' title='bbox 2302 5517 2505 5571; x_wconf 86' lang='lat' dir='ltr'><strong>quoque.</strong></span> <span class='ocrx_word' id='word_1_973' title='bbox 2540 5506 2704 5565; x_wconf 80' lang='lat' dir='ltr'><strong>Abest,</strong></span> <span class='ocrx_word' id='word_1_974' title='bbox 2732 5516 2948 5570; x_wconf 84' lang='lat' dir='ltr'><strong>quoque,</strong></span> <span class='ocrx_word' id='word_1_975' title='bbox 2982 5517 3012 5557; x_wconf 87' lang='lat' dir='ltr'><strong>a</strong></span> <span class='ocrx_word' id='word_1_976' title='bbox 3054 5503 3305 5568; x_wconf 78' lang='lat' dir='ltr'><strong>plerisque</strong></span> <span class='ocrx_word' id='word_1_977' title='bbox 3347 5519 3453 5556; x_wconf 53' lang='grc' dir='ltr'><strong>ειη.</strong></span> 
     </span>
    </p>
   </div>
   <div class='ocr_carea' id='block_1_119' title="bbox 1867 5575 3392 5755">
    <p class='ocr_par' dir='ltr' id='par_1_119' title="bbox 1867 5575 3392 5755">
     <span class='ocr_line' id='line_1_119' title="bbox 1867 5575 3201 5755; baseline -0.002 -76"><span class='ocrx_word' id='word_1_978' title='bbox 1867 5575 2154 5755; x_wconf 34' lang='lat' dir='ltr'><strong>“aliis</strong></span> <span class='ocrx_word' id='word_1_979' title='bbox 2175 5641 2320 5692; x_wconf 87' lang='lat' dir='ltr'><strong>supra</strong></span> <span class='ocrx_word' id='word_1_980' title='bbox 2336 5663 2353 5686; x_wconf 85' lang='lat'><strong>,</strong></span> <span class='ocrx_word' id='word_1_981' title='bbox 2377 5626 2554 5678; x_wconf 81' lang='lat' dir='ltr'><strong>librum</strong></span> <span class='ocrx_word' id='word_1_982' title='bbox 2576 5626 2640 5677; x_wconf 89' lang='lat' dir='ltr'><strong>de</strong></span> <span class='ocrx_word' id='word_1_983' title='bbox 2655 5626 2811 5677; x_wconf 84' lang='lat' dir='ltr'><strong>Gestis</strong></span> <span class='ocrx_word' id='word_1_984' title='bbox 2826 5626 3025 5690; x_wconf 77' lang='lat' dir='ltr'><strong>Pelagii,</strong></span> <span class='ocrx_word' id='word_1_985' title='bbox 3048 5640 3099 5677; x_wconf 86' lang='grc' dir='ltr'>ιι.</span> <span class='ocrx_word' id='word_1_986' title='bbox 3123 5627 3201 5678; x_wconf 77' lang='grc'><strong>50.</strong></span> 
     </span>
     <span class='ocr_line' id='line_1_120' title="bbox 1938 5688 3392 5754; baseline 0 -13"><span class='ocrx_word' id='word_1_987' title='bbox 1938 5691 1987 5753; x_wconf 89' lang='lat' dir='ltr'><strong>(b</strong></span> <span class='ocrx_word' id='word_1_988' title='bbox 2040 5692 2264 5754; x_wconf 88' lang='lat' dir='ltr'><strong>Loquitur</strong></span> <span class='ocrx_word' id='word_1_989' title='bbox 2284 5691 2349 5742; x_wconf 88' lang='lat' dir='ltr'><strong>de</strong></span> <span class='ocrx_word' id='word_1_990' title='bbox 2368 5690 2489 5740; x_wconf 88' lang='lat' dir='ltr'><strong>llbro</strong></span> <span class='ocrx_word' id='word_1_991' title='bbox 2513 5690 2664 5752; x_wconf 88' lang='lat' dir='ltr'><strong>primo</strong></span> <span class='ocrx_word' id='word_1_992' title='bbox 2684 5688 2748 5737; x_wconf 89' lang='lat' dir='ltr'><strong>de</strong></span> <span class='ocrx_word' id='word_1_993' title='bbox 2772 5689 2954 5751; x_wconf 68' lang='lat' dir='ltr'><strong>Nuptiis</strong></span> <span class='ocrx_word' id='word_1_994' title='bbox 2970 5695 3021 5739; x_wconf 87' lang='lat' dir='ltr'><strong>et</strong></span> <span class='ocrx_word' id='word_1_995' title='bbox 3039 5694 3216 5753; x_wconf 79' lang='lat' dir='ltr'><strong>C0thll[</strong></span> <span class='ocrx_word' id='word_1_996' title='bbox 3230 5688 3392 5741; x_wconf 72' lang='lat' dir='ltr'><strong>iacenti</strong></span> 
     </span>
    </p>
   </div>
   <div class='ocr_carea' id='block_1_120' title="bbox 1938 5688 3447 5754">
    <p class='ocr_par' dir='ltr' id='par_1_120' title="bbox 1938 5688 3447 5754">
     <span class='ocr_line' id='line_1_121' title="bbox 1938 5688 3447 5754; baseline 0 -13"><span class='ocrx_word' id='word_1_997' title='bbox 1938 5688 2008 5754; x_wconf 83' lang='lat' dir='ltr'><strong>(b)</strong></span> <span class='ocrx_word' id='word_1_998' title='bbox 2040 5688 2264 5754; x_wconf 78' lang='lat' dir='ltr'><strong>Loquitur</strong></span> <span class='ocrx_word' id='word_1_999' title='bbox 2284 5691 2349 5742; x_wconf 89' lang='lat' dir='ltr'><strong>de</strong></span> <span class='ocrx_word' id='word_1_1000' title='bbox 2368 5690 2489 5740; x_wconf 85' lang='lat' dir='ltr'><strong>llbro</strong></span> <span class='ocrx_word' id='word_1_1001' title='bbox 2513 5690 2664 5752; x_wconf 88' lang='lat' dir='ltr'><strong>primo</strong></span> <span class='ocrx_word' id='word_1_1002' title='bbox 2684 5688 2748 5737; x_wconf 89' lang='lat' dir='ltr'><strong>de</strong></span> <span class='ocrx_word' id='word_1_1003' title='bbox 2772 5688 2958 5751; x_wconf 68' lang='lat' dir='ltr'><strong>Nuptiis</strong></span> <span class='ocrx_word' id='word_1_1004' title='bbox 2970 5695 3021 5739; x_wconf 89' lang='lat' dir='ltr'><strong>et</strong></span> <span class='ocrx_word' id='word_1_1005' title='bbox 3039 5694 3216 5753; x_wconf 80' lang='lat' dir='ltr'><strong>C0thll[</strong></span> <span class='ocrx_word' id='word_1_1006' title='bbox 3230 5688 3447 5741; x_wconf 72' lang='lat' dir='ltr'><strong>iscentil.</strong></span> 
     </span>
    </p>
   </div>
   <div class='ocr_carea' id='block_1_121' title="bbox 2727 5767 3139 5848">
    <p class='ocr_par' dir='ltr' id='par_1_121' title="bbox 2727 5767 3139 5848">
     <span class='ocr_line' id='line_1_122' title="bbox 2727 5767 3139 5848; baseline 0.005 -18"><span class='ocrx_word' id='word_1_1007' title='bbox 2727 5780 2758 5847; x_wconf 87' lang='lat'><em>(</em></span> <span class='ocrx_word' id='word_1_1008' title='bbox 2768 5767 3139 5848; x_wconf 65' lang='lat' dir='ltr'><strong>Dim-ltuit.)</strong></span> 
     </span>
    </p>
   </div>
  </div>
