4072 6554
519 347 624 402 555

517 474 682 530 quere
709 453 848 528 quod
875 453 1017 524 legit.
1059 449 1272 504 Librum
1301 455 1474 500 autem
1501 457 1701 502 meum,
1724 449 1904 494 contra
1932 447 2092 505 quem

519 565 578 606 se
623 547 848 618 «(uatum
893 542 1084 596 Iihellis
1123 535 1468 605 respondisse
1509 535 1926 591 commemorat,
1975 530 2097 618 post

519 613 907 693 (humationem
953 629 1150 700 Pelagii
1197 625 1542 694 leestiique
1589 618 1901 689 conscripsi.
1941 613 2095 685 Quod

521 731 642 786 ideo
661 724 940 782 dicendum
971 719 1171 791 putavi,
1196 715 1448 788 quoniam
1474 715 1574 769 iste
1597 712 1746 778 dicit,
1773 709 1842 764 ab
1867 705 2096 762 inimicis

519 820 630 874 suis
651 819 700 870 in
729 815 910 870 odium
952 810 1188 865 veritatis
1211 808 1347 862 dicta
1371 821 1485 860 mea
1503 804 1664 858 fuisse
1705 809 1948 868 suscepta
1983 815 1997 852 :
2029 809 2100 851 ne

519 909 640 964 ideo
663 905 940 976 quisquam
967 899 1254 964 existimet,
1286 905 1502 967 propter
1525 894 1668 950 hunc
1693 892 1886 948 librum
1917 901 2096 943 meum

517 997 764 1052 inimicos
787 992 970 1065 gratia:
987 989 1188 1046 Christi
1211 1001 1380 1044 novos
1397 986 1678 1042 haereticos
1699 983 1721 1037 Ι·
1721 984 1860 1037 uisse
1877 980 2102 1035 damna-

521 1100 622 1145 tos.
663 1088 718 1142 lu
751 1104 816 1142 co
841 1094 1018 1141 autem
1063 1083 1200 1138 libro
1225 1079 1474 1138 defensio
1496 1085 1578 1134 est
1603 1077 1793 1148 potius,
1828 1085 1984 1144 quam
2009 1085 2102 1125 re-

521 1179 804 1252 prehensio
832 1177 1158 1244 nuptiarum.

592 1271 681 1328 ιο.
727 1288 748 1324 ι
787 1269 976 1325 Dicunt
999 1267 1181 1332 etiam,
1215 1281 1235 1316 ι
1271 1262 1460 1332 inquit,
1510 1277 1530 1312 ι
1566 1268 1767 1313 motum
1795 1252 2100 1325 genitalium

522 1373 578 1419 et
597 1361 1032 1418 commixtionem
1073 1356 1380 1426 coniugum,
1410 1367 1440 1408 a
1471 1351 1683 1406 diabolo
1713 1349 1875 1403 fuisse
1919 1359 2107 1414 reper-

523 1463 632 1508 tam
661 1469 679 1509 :
710 1460 766 1508 et
801 1460 1078 1521 prepterea
1117 1461 1212 1503 eos
1254 1445 1344 1516 qui
1377 1450 1670 1498 nascuntur
1697 1439 2011 1493 innocentes
2041 1437 2058 1470 ί
2083 1477 2100 1504 ,

523 1559 646 1598 reos
673 1557 792 1598 esse
813 1558 830 1604 ;
855 1549 910 1594 et
933 1555 962 1592 a
991 1536 1202 1593 diabolo
1231 1535 1364 1598 ﬁeri,
1401 1547 1504 1586 non
1531 1546 1560 1583 a
1601 1531 1730 1592 Deo,
1759 1529 1880 1597 quia
1907 1525 1976 1580 de
2003 1525 2106 1582 hac

523 1631 781 1688 diabolica
827 1626 1206 1685 commixtione
1255 1629 1562 1676 nascuntur.
1611 1617 1724 1672 l-loe
1765 1624 1942 1670 autem
1987 1614 2106 1669 sine

521 1722 698 1792 aliqua
722 1714 1451 1786 ambiguitateManichteum
1475 1720 1575 1766 est.
1611 1729 1631 1762 ι
1676 1709 1787 1763 lmo
1810 1709 1946 1762 sicut
1967 1705 2104 1761 dici-

523 1829 644 1870 mus
667 1829 698 1869 a
729 1815 836 1868 Deo
879 1810 1086 1880 nuptias
1115 1807 1386 1864 institutas
1425 1811 1646 1874 pr0pter
1670 1799 1972 1856 ordinatam
2009 1813 2109 1868 ge-

523 1905 858 1960 nerationem
889 1901 1156 1962 ﬁliorum;
1189 1897 1258 1950 ita
1287 1895 1518 1950 dicimus
1559 1891 1786 1946 ﬁliorum
1816 1888 2108 1960 gignendo-

533 2009 654 2050 rum
675 1991 1080 2048 seminationem
1101 1989 1216 2044 sine
1229 1995 1379 2041 motu
1397 1983 1702 2056 genitalium
1731 1990 1786 2037 et
1813 1981 1930 2036 sine
1969 1993 2110 2036 com-

525 2087 782 2140 mixtione
821 2082 1105 2153 coujugum
1151 2092 1252 2134 nec
1299 2078 1352 2131 in
1397 2073 1675 2144 paradiso,
1705 2073 1749 2128 si
1781 2071 1872 2126 ﬁlii
1922 2069 2110 2142 gigne—

527 2187 745 2240 rentur,
775 2189 898 2232 esse
939 2173 1192 2244 potuisse.
1228 2167 1332 2223 Sed
1377 2176 1552 2220 utrum
1571 2163 1696 2218 talis
1723 2177 1906 2218 eorum
1933 2169 2114 2216 motus

525 2279 685 2338 atque
711 2264 1020 2322 commixtio
1045 2262 1250 2321 fuisset.
1294 2259 1338 2313 si
1380 2271 1538 2312 nemo
1589 2261 1896 2326 peccasset,
1940 2251 2113 2321 qualis

525 2374 668 2414 nunc
689 2369 772 2414 est
792 2372 912 2410 cum
945 2352 1186 2424 pudenda
1213 2350 1449 2414 libidine,
1483 2347 1606 2401 hinc
1633 2352 1716 2400 est
1742 2341 1968 2414 quiestio
2001 2360 2016 2397 :
2043 2341 2113 2398 de

525 2466 630 2522 qua
655 2449 959 2519 diligentius
980 2451 1188 2518 postea,
1205 2445 1250 2498 si
1273 2441 1415 2496 Deus
1444 2437 1684 2500 voluerit,
1705 2435 2110 2506 disputabimus.

595 2540 821 2598 CAPUT
857 2539 948 2594 Vl.
978 2567 1050 2579 -—
1075 2537 1162 2591 Η.
1205 2531 1602 2604 Pelagianorum
1630 2529 1896 2584 consilium
1919 2528 1974 2580 in
2003 2527 2116 2582 lau-

525 2631 698 2686 danda
729 2628 1013 2700 conjugalis
1037 2622 1406 2680 commixtionis
1434 2618 1738 2674 innocentia.
1779 2616 1915 2684 Quid
1937 2625 2114 2670 tamen

528 2723 618 2776 isti
641 2720 828 2784 velint,
873 2717 998 2789 quid
1027 2713 1324 2778 intendant,
1370 2727 1476 2781 quo
1505 2725 1618 2765 rem
1665 2708 1957 2778 perducere
1997 2721 2116 2764 mo-

525 2791 740 2876 liantur,
767 2808 1013 2880 adjuncta
1059 2806 1211 2860 istius
1239 2803 1400 2858 verba
1431 2801 1727 2866 declarant,
1773 2798 1864 2852 ubi
1901 2798 1976 2851 ait
2016 2812 2116 2852 nos

527 2903 730 2968 dicere,
776 2919 797 2954 ι
833 2907 1114 2969 propterea
1159 2908 1254 2950 eos
1294 2892 1383 2964 qni
1429 2891 1740 2946 innocentes
1785 2895 2116 2953 nascuntur,

527 3007 654 3050 reos
677 3005 834 3056 esse;
871 2995 976 3044 eta
1005 2985 1217 3040 diabolo
1247 2983 1382 3048 ﬁeri,
1411 2997 1516 3034 non
1543 2996 1574 3033 a
1601 2980 1732 3046 Deo,
1768 2979 1890 3048 quia
1917 2977 1986 3033 de
2015 2976 2116 3032 hac

527 3082 786 3139 diabolica
811 3069 1192 3136 commixiione
1231 3081 1540 3130 nascuntur.
1565 3089 1595 3124 ιι
1635 3071 1769 3126 Cum
1798 3071 1977 3139 itaque
2015 3084 2117 3126 nos

529 3188 634 3230 nec
673 3170 991 3226 diabolicam
1035 3167 1274 3223 dicamus
1305 3163 1600 3234 coniugum
1640 3162 2074 3218 commixtionem
2098 3203 2115 3228 ,

519 3263 762 3322 maxime
792 3259 1048 3324 ﬁdelium,
1093 3272 1211 3328 quae
1242 3255 1299 3310 ﬁt
1343 3268 1504 3310 causa
1553 3252 1986 3322 generandorum
2029 3251 2118 3321 qui

531 3363 718 3424 postea
745 3348 1092 3422 regenerandi
1121 3354 1268 3414 sunt,
1299 3345 1528 3400 ﬁliorum
1555 3362 1568 3398 :
1599 3359 1698 3398 nec
1721 3343 1962 3397 homines
1983 3342 2120 3398 ullos

533 3462 564 3501 ιι
587 3443 802 3500 diabolo
827 3443 966 3508 ﬁeri,
994 3439 1090 3497 sed
1119 3455 1148 3493 a
1179 3440 1288 3508 Deo
1317 3439 1372 3492 in
1401 3447 1656 3507 quantum
1685 3434 1932 3490 homines
1957 3443 2120 3491 sunt:

533 3545 590 3592 et
617 3544 795 3590 tamen
835 3532 996 3588 etiam
1041 3530 1112 3586 de
1159 3528 1472 3600 coniugibus
1503 3527 1746 3583 ﬁdelibus
1788 3540 1914 3582 reos
1952 3525 2118 3591 nasci,

535 3639 786 3698 tanquam
815 3641 882 3682 es
906 3623 1048 3680 oliva
1076 3623 1388 3685 oleastrum,
1416 3629 1632 3690 propter
1652 3619 1908 3690 originale
1933 3633 2124 3690 pecca-

535 3727 686 3781 tum;
725 3725 780 3771 et
802 3723 1017 3786 propter
1045 3713 1150 3768 hoc
1173 3727 1293 3767 esse
1317 3712 1419 3767 sub
1442 3699 1678 3777 diabolo,
1716 3710 1820 3764 nisi
1845 3723 2124 3764 renascan-

537 3820 624 3866 tur
647 3810 702 3865 iu
725 3807 938 3866 Christo
961 3823 977 3874 ;
1004 3805 1254 3878 quoniam
1295 3803 1540 3860 diabolus
1565 3803 1738 3873 culpa:
1778 3810 1964 3857 auctor
1998 3811 2120 3868 est,

535 3917 646 3958 non
691 3911 894 3956 natura:
927 3917 942 3954 :
972 3907 1155 3954 contra
1209 3895 1286 3952 illi
1329 3895 1579 3966 parvulos
1623 3893 1863 3949 dicentes
1918 3891 2121 3946 nullum

543 3994 756 4048 trahere
773 3991 1030 4062 originale
1055 3997 1351 4059 peceatum,
1377 3995 1433 4041 et
1455 3987 1575 4040 ideo
1601 3998 1706 4039 non
1735 3997 1855 4039 esse
1885 3983 1984 4038 sub
2011 3982 2128 4036 dia-

541 4084 710 4149 bolo;
747 4081 874 4154 quid
901 4081 1116 4137 efﬁcere
1143 4079 1404 4143 laborant,
1437 4077 1540 4131 nisi
1589 4084 1647 4130 ut
1685 4077 1775 4130 illa
1820 4076 1914 4130 Dei
1956 4075 2124 4146 gratia

539 4184 829 4230 evacuetur
855 4173 910 4227 in
940 4169 1190 4241 parvulis,
1217 4183 1324 4238 qua
1349 4167 1477 4221 eruit
1511 4183 1626 4232 nos,
1655 4166 1794 4222 sicut
1831 4165 1958 4221 dicit
1984 4167 2128 4233 Apo-

543 4266 734 4331 stolus,
767 4263 830 4318 de
861 4269 1104 4336 potestate
1127 4257 1461 4314 tenebrarum.
1483 4267 1529 4313 et
1551 4257 1808 4312 transtulit
1839 4258 1894 4311 in
1915 4273 2127 4328 regnum

543 4357 640 4427 ﬁlii
659 4355 918 4410 cltaritatis
940 4366 1046 4406 suat
1065 4349 1282 4424 (Coloss.
1303 4365 1345 4413 t,
1369 4350 1458 4420 15)
1479 4348 1504 4402 i
1542 4347 1982 4418 Quandoquidem
2007 4363 2129 4417 par-

545 4451 699 4504 vulos
719 4455 914 4517 negant
931 4459 1050 4502 esse
1075 4443 1128 4499 in
1155 4450 1419 4514 potestate
1441 4442 1804 4506 tenebrarum,
1823 4441 1981 4495 etiam
2005 4449 2128 4495 ante

547 4540 756 4596 Domini
806 4536 1103 4594 liberatoris
1149 4533 1445 4599 auxilium;
1497 4535 1566 4586 ita
1621 4531 1676 4586 in
1727 4533 1806 4586 eis
1853 4529 2130 4586 laudantes

547 4647 681 4700 opus
709 4628 996 4693 Creatoris,
1041 4634 1100 4680 ut
1125 4625 1546 4680 misericordiam
1589 4624 1870 4678 destruant
1895 4622 2128 4677 Redem-

550 4722 736 4790 ptoris.
775 4719 942 4786 Quam
969 4733 1070 4772 nos
1092 4718 1342 4787 quoniam
1369 4725 1424 4772 et
1453 4716 1503 4769 in
1531 4714 1822 4785 majoribus
1846 4721 1901 4768 et
1927 4714 1978 4768 in
2005 4729 2131 4783 par-
2157 4709 2160 4712 ’

551 4815 685 4868 vulis
705 4813 1068 4876 contitemur,s
1103 4808 1235 4864 hoc»
1263 4809 1391 4862 dicit
1411 4825 1430 4861 ι
1449 4808 1566 4864 sine
1589 4809 1760 4878 aliqua
1789 4807 2132 4876 ambiguitate

551 4920 672 4960 esse
683 4903 1032 4960 Hanichmum
1054 4919 1067 4955 :
1083 4920 1102 4954 ι
1123 4916 1244 4956 cum
1261 4901 1334 4954 sit
1345 4899 1770 4969 antiquissimum
1785 4897 2127 4965 catholicum,

555 4995 698 5050 unde
739 5009 932 5048 novum
980 4992 1202 5046 istorum
1253 4989 1448 5060 dogma
1491 4997 1760 5042 evertatur
1803 4989 2130 5043 bmreticum.

619 5081 844 5140 CAPUT
884 5081 994 5138 VII.
1014 5109 1090 5122 —
1113 5080 1200 5136 i2.
1243 5078 1438 5144 Quarta
1461 5077 1736 5139 calumnia,
1761 5077 1980 5132 Sanctos
2005 5087 2134 5132 uete-

553 5176 623 5230 ris
661 5174 959 5228 Testamenti
986 5188 1087 5226 non
1112 5187 1144 5224 a
1179 5168 1396 5240 peccatis
1417 5168 1596 5222 liberos
1619 5167 1741 5221 diri.
1785 5186 1808 5220 ‹
1847 5167 2040 5222 Dicunt
2067 5208 2082 5232 ,
2107 5184 2126 5218 ι

555 5266 742 5338 inquit,
779 5281 797 5316 ι
831 5273 1045 5319 sanctos
1081 5262 1136 5318 in
1165 5269 1346 5317 vetere
1383 5259 1727 5314 Testamento
1766 5273 1870 5314 non
1899 5257 2135 5312 caruisse

555 5355 804 5426 peccatis,
833 5353 887 5410 id
913 5362 1014 5420 est,
1046 5367 1148 5409 nec
1184 5367 1280 5424 per
1303 5349 1729 5406 emendationem
1768 5365 1797 5403 a
1823 5348 2135 5404 criminibus

557 5447 718 5504 fuisse
745 5447 960 5512 liberos,
991 5444 1085 5502 sed
1113 5445 1167 5501 in
1197 5452 1346 5500 reatu
1373 5458 1406 5498 a
1435 5451 1608 5498 morte
1643 5441 1809 5497 fuiSse
1837 5441 2158 5510 deprehen-‘

555 5551 666 5594 sos.
701 5557 722 5591 ι
765 5539 878 5593 lmo
897 5537 1128 5592 dicimus
1149 5535 1242 5592 vel
1275 5543 1400 5590 ante
1435 5532 1632 5605 Legem
1667 5535 1753 5588 vel
1779 5543 2016 5603 tempore
2039 5547 2136 5586 ve-

557 5673 642 5780 m1,
643 5669 888 5779 “galba-ani
913 5678 1018 5722 uss.
1057 5671 1136 5722 hic
1159 5676 1210 5722 et
1231 5683 1280 5721 ιι.
1309 5671 1385 5732 tl,
1418 5667 1556 5730 infra,
1589 5665 1674 5733 qui
1713 5673 1973 5720 nascuntur
2003 5665 2140 5720 inno-

1113 332 1384 390 CONTRA
1425 327 1602 385 ουλε
1640 319 2014 380 EPISTOI..AS
2052 313 2611 378 PELAGIANORUM,
2649 313 2705 368 S.
2747 309 3108 370 AUGUSTIN!

3663 307 3778 364 διε

2200 427 2326 483 teris
2373 427 2694 483 Testamenti
2743 441 2772 480 a
2817 425 3048 494 peccatis
3101 425 3260 479 fuisse
3309 422 3566 482 liberatos
3591 463 3606 490 ,
3666 437 3780 476 non

2199 523 2392 577 virtute
2419 521 2625 591 propria
2650 537 2665 586 ;
2697 521 2817 589 quia
2843 518 3136 574 maledictus
3159 519 3320 570 omnis
3343 517 3428 586 qui
3449 532 3592 584 spem
3622 531 3781 568 suam

2202 605 2340 676 ponit
2368 605 2420 657 in
2445 605 2644 658 homine
2673 602 2882 674 (Jerem.
2908 616 3036 664 xvu,
3063 599 3117 668 5)
3141 617 3156 662 ;
3183 609 3236 652 ct
3263 601 3314 653 in
3343 600 3444 653 hoc
3467 601 3586 653 sine
3613 598 3786 652 dubio

2199 693 2482 750 maledicto
2510 693 2526 724 ¹
2565 701 2708 758 sunt,
2731 707 2866 761 quos
2891 692 3046 746 etiam
3075 689 3314 746 Psalmus
3337 690 3546 744 divinus
3587 697 3737 742 notat
3763 729 3784 753 ,

2203 783 2300 851 Qui
2328 784 2588 853 conﬁdunt
2614 785 2667 837 in
2697 784 2874 837 virtute
2894 799 2986 836 sua
3014 782 3182 853 (Psal.
3213 797 3394 846 sunt,
3422 781 3476 849 '7)
3510 799 3522 833 :
3553 795 3652 835 nec
3679 795 3786 832 ve-

2203 885 2314 930 tere
2339 874 2702 938 Testamento,
2731 874 2873 942 quod
2903 874 2956 928 in
2983 873 3288 928 servitutem
3319 879 3538 941 general.
3565 869 3784 942 (Galat.

2201 981 2276 1033 tv,
2301 966 2415 1037 25),
2441 966 2683 1035 quamvis
2709 977 2872 1020 cerne
2897 964 3304 1034 dispensationis
3329 964 3492 1032 gratia
3523 964 3782 1018 divinitus

2202 1058 2383 1114 datum
2433 1058 2503 1111 sit
2533 1075 2546 1110 :
2577 1071 2678 1112 nec
2706 1058 2726 1088 '
2758 1057 2868 1124 ipsa
2916 1057 3030 1124 lege
3082 1063 3260 1109 sancta
3287 1067 3342 1109 ct
3375 1055 3516 1123 justa
3547 1063 3602 1108 et
3641 1054 3785 1108 bona

2203 1149 2378 1220 (liam.
2411 1164 2511 1211 vn,
2567 1147 2678 1215 12),
2723 1146 2813 1200 ubi
2859 1146 3110 1215 scriptum
3157 1155 3259 1210 est,
3295 1143 3415 1197 Non
3461 1146 3792 1214 concupisces

2207 1238 2398 1311 (Exod.
2442 1253 2536 1304 xx,
2567 1237 2658 1307 i7)
2684 1252 2700 1302 ;
2731 1237 2978 1308 quoniam
3009 1251 3114 1290 non
3155 1243 3238 1289 est
3275 1234 3398 1288 data
3441 1250 3560 1304 qua:
3605 1245 3796 1304 posset

2199 1329 2492 1392 viviticare,
2537 1327 2630 1382 sed
2651 1325 3110 1396 praevaricationis
3135 1327 3306 1395 gratia
3338 1326 3506 1394 posita
3543 1335 3646 1391 est,
3687 1325 3798 1378 do—

2205 1434 2306 1474 nec
2333 1420 2536 1474 veniret
2565 1433 2747 1474 semen
2777 1419 2860 1473 cui
2887 1419 3208 1490 promissum
3233 1426 3316 1472 est
3358 1415 3556 1488 (Colat.
3589 1431 3664 1482 ιιι,
3687 1417 3792 1482 2|,

2207 1507 2296 1579 t9)
2327 1525 2341 1563 :
2367 1508 2462 1563 sed
2501 1507 2750 1563 liberatos
2777 1521 2894 1562 esse
2913 1521 3017 1579 per
3041 1507 3348 1576 sanguinem
3375 1506 3540 1575 ipsius
3569 1505 3792 1560 redem-

2206 1595 2395 1670 ptoris,
2433 1599 2520 1670 qui
2547 1607 2629 1654 est
2657 1615 2790 1654 unus
2825 1599 3086 1654 mediator
3109 1600 3200 1652 Dei
3229 1609 3286 1653 et
3325 1599 3600 1653 hominum
3627 1598 3798 1654 homo

2197 1690 2447 1747 Christus
2473 1691 2630 1748 Jesu-s
2675 1691 2744 1764 (Ι
2773 1691 2904 1746 Tim.
2933 1708 2990 1755 ιι,
3037 1693 3132 1762 5).
3193 1691 3290 1746 Isti
3353 1701 3532 1746 autem
3583 1692 3794 1746 inimici

2207 1787 2389 1856 gratia:
2409 1787 2524 1852 Dei,
2551 1801 2669 1857 quam
2694 1785 2814 1840 data
2837 1793 2922 1842 est
2949 1786 3152 1855 pusillis
3177 1793 3233 1840 ct
3259 1786 3464 1855 magnis
3490 1801 3585 1855 per
3603 1785 3793 1840 Jesum

2207 1877 2476 1935 Christum
2521 1880 2798 1934 Dominum
2847 1887 3105 1944 nostrum,
3153 1879 3275 1934 ideo
3315 1879 3500 1933 dicunt
3545 1881 3802 1950 antiquos

2211 1969 2454 2026 homines
2483 1970 2578 2024 Dei
2619 1969 2870 2040 perfecta:
2911 1969 3074 2024 fuisse
3115 1969 3353 2038 justitice,
3385 1985 3454 2024 ne
3481 1969 3678 2023 Christi
3707 1971 3800 2024 in-

2209 2061 2534 2128 carnatione,
2575 2062 2843 2132 passione,
2885 2061 3294 2126 resurrectione,
3335 2059 3487 2130 cujus
3516 2061 3621 2116 ﬁde
3659 2060 3802 2116 salvi

2211 2151 2336 2208 facti
2373 2159 2519 2216 sunt,
2543 2151 2830 2206 credantur
2855 2152 3088 2222 eguisse.

2282 2240 2507 2298 CAPUT
2545 2239 2682 2296 Vill.
2717 2270 2794 2282 —
2827 2242 2914 2296 15.
2958 2240 3149 2308 Quinta
3182 2239 3458 2306 calumnia,
3493 2237 3719 2293 Paulum
3751 2251 3804 2293 et

2213 2343 2418 2387 caeteros
2445 2331 2712 2404 Apostolos
2735 2331 2944 2385 libidine
2956 2331 3176 2402 pollutos
3193 2335 3220 2401 f
3218 2333 3348 2385 uisse
3362 2331 3481 2386 dici.
3495 2330 3804 2401 -—Aposto-

2215 2423 2320 2477 lum
2365 2422 2515 2478 etiam
2557 2421 2800 2489 Paulum,
2831 2421 3017 2492 inquit,
3041 2423 3118 2476 vel
3149 2439 3319 2476 omnes
3354 2423 3606 2492 apostolos
3621 2423 3804 2477 dicunt

2213 2532 2410 2586 semper
2425 2515 2755 2570 immoderata
2783 2515 2988 2568 libidine
3004 2515 3162 2583 fuisse
3179 2513 3418 2585 pollutos.
3449 2513 3574 2582 Quis
3591 2513 3692 2568 hoc
3705 2513 3798 2568 vel

2218 2605 2470 2676 profanus
2483 2604 2673 2660 audeat
2691 2606 2868 2660 dicere
2887 2605 2910 2658 ’ἐ
2929 2605 3032 2660 Sed
3049 2605 3298 2659 nimirum
3317 2605 3416 2660 iste
3431 2613 3708 2676 propterea
3722 2603 3810 2660 sic

2215 2695 2752 2769 calumniatur',q.uia
2773 2696 3100 2752 contendunt
3117 2697 3170 2750 id
3193 2695 3334 2765 quod
3351 2696 3806 2766 dixitApostolus,

2219 2787 2341 2843 Scio
2359 2789 2478 2862 quia
2505 2805 2606 2842 non
2635 2789 2825 2842 habitat
2853 2789 2908 2842 in
2933 2805 3032 2854 me,
3061 2790 3155 2841 hoc
3179 2797 3254 2841 est
3291 2789 3344 2840 in
3373 2803 3522 2840 carne
3549 2803 3680 2854 mea,
3715 2785 3814 2841 bo-

2215 2894 2375 2944 num;
2422 2878 2548 2934 velle
2575 2881 2710 2934 enim
2748 2879 2946 2950 adjacet
2975 2879 3122 2946 mihi,
3150 2879 3390 2948 perﬁcere
3415 2889 3584 2934 autem
3619 2878 3813 2932 bonum

2218 2987 2320 3028 non
2353 2972 2553 3027 invenio
2585 2971 2761 3042 (Rom.
2789 2988 2885 3038 vn,
2913 2971 3034 3044 18);
3081 2983 3136 3027 et
3157 2982 3349 3026 cmtera
3378 2971 3522 3038 talia,
3549 2986 3659 3025 non
3683 2985 3812 3026 eum

2219 3065 2416 3120 dixisse
2439 3063 2507 3120 de
2533 3079 2592 3118 se
2621 3065 2756 3133 ipso,
2785 3064 2880 3119 sed
2928 3065 3110 3118 nescio
3135 3063 3292 3134 cujus
3315 3065 3552 3129 alterius,
3579 3063 3672 3132 qui
3719 3063 3810 3116 illa

2217 3165 2512 3226 pateretur,
2545 3155 2815 3210 induxisse
2853 3169 3134 3223 personam
3169 3172 3182 3208 :
3219 3163 3433 3224 propter
3469 3152 3612 3223 quod
3655 3153 3810 3208 locus

2221 3247 2338 3318 ipse
2379 3246 2432 3300 in
2471 3246 2591 3316 ejus
2631 3245 2871 3316 Epistola
2897 3246 3180 3315 diligenter
3203 3245 3620 3300 considerandus
3644 3253 3726 3300 est
3750 3253 3810 3300 et

2221 3338 2562 3400 scrutandus,
2595 3352 2662 3392 ne
2705 3338 2758 3391 in
2787 3337 2904 3406 ejus
2947 3337 3122 3407 aliqua
3169 3337 3492 3392 obscuritate
3533 3337 3814 3392 delitescat

2221 3446 2374 3485 error
2413 3430 2660 3484 istorum.
2693 3427 2948 3497 Quamvis
2975 3444 3103 3499 ergo
3148 3429 3328 3483 latius'
3352 3429 3476 3483 hinc
3523 3429 3810 3497 Apostolus

2223 3521 2474 3591 disputet,
2498 3532 2553 3578 et
2581 3535 2775 3591 magno
2806 3519 3164 3590 diuturnoque
3191 3520 3436 3576 conﬂictu
3461 3521 3684 3592 gratiam
3711 3519 3813 3576 de-

2225 3613 2448 3670 tendens
2473 3614 2730 3670 adversus
2755 3627 2849 3669 eos
2869 3617 2958 3684 qui
2981 3613 3341 3685 gloriabantur
3366 3615 3418 3669 in
3448 3615 3598 3684 lege;
3632 3623 3814 3669 tamen

2223 3705 2291 3760 ad
2331 3720 2445 3760 rem
2472 3705 2788 3777 pertinentia
2818 3719 2980 3773 pauca
3019 3705 3394 3776 contingimus.
3421 3703 3572 3762 Unde
3601 3704 3674 3777 (a)
3697 3706 3814 3761 ait:

2229 3797 2365 3865 Quia
2393 3815 2496 3852 non
2519 3797 2888 3868 justi/imbitur
2925 3813 2988 3852 ea:
3012 3797 3119 3868 lege
3159 3798 3324 3854 omnis
3345 3815 3464 3852 caro
3486 3815 3658 3853 coram
3699 3798 3814 3852 illo.

2229 3890 2333 3946 Per
2353 3891 2510 3963 legem
2535 3891 2667 3944 enim
2693 3891 2912 3962 cognitio
2941 3892 3148 3960 peccati.
3181 3889 3340 3944 Nunc
3365 3902 3531 3945 autem
3573 3891 3680 3944 sine
3705 3891 3818 3961 lege

2221 3983 2426 4054 justitia
2461 3981 2556 4035 Dei
2595 3982 2916 4052 manifestata
2953 3991 3046 4046 est,
3087 3983 3354 4051 testiﬁcata
3405 3999 3494 4050 per
3537 3979 3724 4054 Legem
3765 3991 3818 4036 et

2232 4072 2518 4142 Prophetas
2546 4088 2564 4126 :
2590 4073 2793 4142 jnstitio
2819 4082 2986 4126 autem
3011 4072 3106 4126 Dei
3142 4090 3228 4144 per
3256 4073 3408 4137 ﬁdem
3443 4073 3568 4128 Jesu
3601 4073 3814 4139 Christi,

2217 4164 2284 4218 εἰη
2307 4179 2479 4218 omnes
2505 4164 2590 4233 qui
2625 4163 2860 4217 credunt.
2895 4163 3017 4217 Non
3052 4173 3126 4218 est
3155 4165 3288 4218 enim
3320 4163 3590 4218 distinctio.
3625 4163 3818 4219 Omnes

2231 4255 2364 4308 enim
2391 4264 2739 4325 peccaverunt,
2769 4265 2813 4308 et
2841 4265 2982 4325 egent
3008 4255 3170 4326 gloria
3194 4255 3326 4324 Dei;
3354 4256 3624 4326 justiﬁcati
3653 4259 3818 4328 gratis

2231 4362 2323 4415 per
2346 4345 2560 4415 gratiam
2588 4344 2768 4414 ipsius,
2791 4361 2879 4412 per
2901 4345 3292 4414 redemptionem
3311 4362 3424 4416 qua?
3447 4356 3519 4400 est
3537 4347 3591 4400 in
3615 4346 3820 4400 Christo

2231 4433 2376 4490 Jesu.
2407 4435 2475 4490 Et
2503 4435 2692 4490 iterum
2720 4452 2733 4488 :
2773 4434 2870 4490 Ubi
2895 4445 2966 4489 est
2993 4435 3297 4505 gloriatio“?
3337 4434 3566 4490 Exclusa
3586 4446 3678 4490 est.
3713 4435 3810 4490 Per

2231 4543 2383 4596 quam
2413 4525 2608 4596 legem?
2629 4515 2921 4596 factorum?
2947 4525 3088 4590 Non,
3117 4526 3209 4580 sed
3238 4543 3327 4596 per
3353 4525 3510 4597 legem
3536 4527 3676 4596 fidei.
3711 4527 3804 4580 Ar-

2236 4619 2481 4671 bitrantur
2501 4619 2630 4672 enim
2651 4618 2926 4686 justiﬁcari
2955 4618 3205 4671 hominem
3249 4635 3337 4687 per
3373 4619 3526 4688 ﬁdem
3559 4620 3670 4673 sine
3697 4634 3822 4690 ope-

2233 4709 2372 4763 ribus
2421 4707 2547 4780 legis
2587 4707 2695 4780 (Id.
2743 4725 2834 4774 ut,
2888 4707 3104 4780 20-28).
3151 4709 3218 4763 Et
3265 4710 3454 4764 iterum
3486 4727 3500 4763 :
3533 4708 3656 4764 Non
3683 4710 3820 4764 enim

2237 4817 2326 4871 per
2345 4802 2502 4872 legent
2527 4799 2792 4870 promissio
2819 4801 3038 4854 Abi-alia:
3063 4810 3148 4853 aut
3177 4801 3356 4854 semini
3379 4803 3488 4871 ejus
3502 4802 3547 4868 ⁵,
3567 4810 3626 4854 ut
3659 4801 3822 4854 horres

2235 4903 2360 4946 esset
2395 4892 2588 4950 mundi.
2623 4891 2713 4945 sed
2753 4907 2842 4962 per
2865 4892 3120 4961 justitiam
3153 4892 3292 4960 fidei.
3337 4891 3398 4948 Si
3433 4893 3570 4946 enim
3605 4891 3690 4960 qui
3728 4907 3824 4962 per

2237 4985 2418 5053 legem,
2453 4982 2678 5037 ltazredes
2721 4991 2838 5036 sunt
2861 4998 2880 5047 ;
2907 4983 3168 5037 exinanita
3205 4993 3278 5037 est
3307 4983 3456 5052 ﬁdes,
3495 4993 3542 5037 et
3577 4993 3823 5037 ecaeuata

2299 5117 2318 5149 ⁸
2351 5119 2404 5164 ιιι
2442 5114 2587 5166 editis
2627 5123 2830 5176 tantum,
2847 5113 3094 5167 maledicti
3119 5127 3138 5168 :
3175 5118 3334 5166 minus
3361 5117 3510 5167 bene.

2300 5179 2324 5250 ξ
2355 5178 2485 5250 apud
2509 5185 2662 5250 Eruet
2694 5185 2803 5250 ng.
2827 5191 3085 5250 pertieram
3107 5179 3185 5228 hic
3205 5180 3362 5249 addita
3372 5177 3632 5250 particula,
3655 5177 3725 5250 in.

2303 5240 2325 5272 ³
2354 5241 2428 5288 Sic
2444 5245 2638 5302 MsstAt
2654 5239 2806 5302 editi,
2829 5239 3196 5302 isti'propterea
3216 5239 3286 5292 sic
3305 5239 3678 5290 calumniarum.
3719 5247 3825 5292 llos

2239 5299 2288 5350 in
2305 5301 2534 5366 omnibus
2553 5299 2692 5350 libris
2711 5299 2952 5363 sequitur,
2975 5299 3089 5366 quia
3101 5302 3398 5366 contendunt
3415 5314 3435 5362 ,'
3455 5301 3586 5366 quod
3621 5302 3732 5366 jam,
3763 5303 3826 5352 ad

2239 5361 2536 5427 Pelagianos,
2560 5375 2772 5427 quorum
2790 5361 2998 5427 causam
3039 5363 3256 5427 Julianus
3273 5361 3603 5427 minnipihndo
3624 5361 3826 5427 agebat,

2239 5422 2668 5495 retgfeudumest:
2697 5422 2873 5495 Pelagii
2885 5425 2956 5495 _de
2973 5423 3070 5495 hac
3075 5437 3134 5474 re
3157 5426 3306 5475 verba
3323 5423 3508 5488 profert
3527 5422 3830 5488 augustiuus

2239 5487 2291 5534 in
2317 5484 2438 5534 libro
2459 5486 2522 5534 de
2543 5487 2696 5534 Gratia
2726 5484 2914 5541 Christi,
2939 5497 2989 5534 n.
3008 5486 3086 5534 45.

2305 5547 2328 5578 δ
2359 5553 2408 5594 ιιι
2429 5547 2622 5596 excusis
2642 5546 2845 5604 additur,
2870 5552 2968 5595 tua.
2993 5549 3142 5598 abut
3173 5558 3201 5596 a
3232 5545 3466 5598 Vaticanis
3485 5545 3834 5610 manuscrtptis

2245 5613 2543 5669 etagraeoq.

2306 5669 2333 5732 li
2360 5665 2440 5732 {lic
2461 5667 2548 5718 soli
2574 5667 2742 5732 excusi
2763 5665 2960 5730 addunt,
2979 5667 3109 5732 facta
3129 5677 3216 5722 est.

2313 5729 2386 5792 (a)
2411 5735 2567 5792 Forte,
2587 5727 2720 5781 inde.
