3984 6546
255 312 458 371 557-

251 439 326 484 est
345 425 626 498 promissio.
659 423 769 480 Lex
787 425 921 480 enim
951 426 1076 478 iram
1091 434 1344 495 operatur.
1367 423 1412 480 Π
1417 426 1466 487 bi
1479 425 1608 478 enim
1636 433 1824 478 nonest

249 525 346 584 ια,
362 536 453 574 nec
467 518 813 590 praearicatio
835 517 1011 586 (Rom.
1031 533 1101 584 tv,
1117 517 1326 587 15-15).
1349 517 1415 572 Et
1437 516 1542 570 alio
1555 517 1670 571 loco
1690 533 1702 568 :
1721 514 1828 568 Lex

242 623 409 665 autem
429 609 745 675 subintravit,
758 617 813 662 ut
825 609 1100 663 abundaret
1114 607 1349 662 delictum
1367 625 1381 662 :
1399 608 1483 663 ubi
1498 618 1662 662 autem
1677 605 1828 661 abun-

241 703 373 754 dat-it
389 701 650 764 delictum,
676 699 1102 768 superabundavit
1120 699 1282 770 gratia
1301 697 1411 772 (1d.
1454 715 1508 762 v,
1540 699 1656 768 ‘20).
1693 697 1823 752 Item

244 792 342 844 alio
384 790 544 844 luco:
579 788 848 843 Peccatum
870 791 1002 844 enim
1042 788 1178 843 vobis
1210 805 1312 842 non
1334 788 1696 854 dominabitur,
1720 805 1824 842 non

241 883 364 936 enim
409 881 533 934 estis
559 879 652 934 sub
677 881 805 951 lege,
821 879 913 934 sed
938 878 1028 934 sub
1057 880 1222 950 gratia
1250 877 1437 948 (Id.vt,
1458 879 1568 946 ib).
1590 877 1824 946 Itemque

237 973 335 1025 alio
354 972 480 1025 loco
497 988 512 1023 :
528 973 607 1024 An
622 971 886 1041 ignoratis,
904 972 1104 1040 fratres,
1120 969 1413 1040 (scientibus
1429 969 1559 1022 enim
1576 966 1734 1038 legem
1748 967 1826 1021 lo-

233 1063 530 1131 quar),an
543 1064 628 1118 lea:
639 1063 930 1116 dominatur
948 1062 1140 1116 homini
1149 1064 1201 1115 in
1215 1071 1456 1132 quantum
1468 1069 1660 1132 tempus
1680 1060 1824 1114 uiuit?

236 1153 420 1206 Mulier
451 1155 592 1206 enim
626 1153 717 1207 sub
744 1154 872 1215 viro,
911 1153 1021 1206 rivo
1062 1153 1243 1205 marito
1260 1152 1444 1222 juncta
1480 1160 1553 1204 est
1597 1149 1737 1220 legi:
1775 1151 1821 1204 si

231 1255 392 1297 autem
438 1254 676 1297 mortuus
700 1244 850 1314 fuerit
877 1244 952 1298 air
985 1243 1117 1313 ejus,
1156 1252 1392 1296 evacuate
1415 1251 1486 1295 est
1511 1258 1543 1295 a
1572 1240 1678 1312 lege
1702 1242 1816 1298 viri.

235 1337 293 1391 Et
315 1335 487 1404 paulo
525 1343 645 1404 post
675 1353 688 1388 :
718 1333 922 1404 Itaque,
953 1333 1134 1402 fratres
1159 1333 1276 1398 mei,
1303 1342 1350 1386 et
1374 1348 1460 1386 vos
1485 1331 1668 1385 mortui
1701 1331 1818 1385 estis

229 1425 320 1496 legi
339 1440 436 1492 per
461 1440 653 1494 corpus
677 1423 884 1490 Christi,
917 1433 969 1477 ut
987 1425 1096 1478 sitis
1131 1424 1360 1490 alterius,
1384 1423 1472 1494 qui
1511 1439 1574 1478 ea:
1608 1423 1817 1476 mortuis

226 1519 528 1580 resurrexit,
551 1525 609 1570 ut
632 1517 999 1590 fructiﬁcemus
1040 1514 1170 1570 Deo.
1198 1513 1326 1570 Cum
1359 1515 1490 1570 enim
1518 1530 1735 1570 essemus
1762 1514 1817 1569 in

225 1626 393 1674 carne,
425 1610 697 1678 passiones
721 1618 1060 1679 peccatorum,
1090 1623 1204 1678 qua:
1239 1623 1329 1678 per
1355 1606 1512 1678 legem
1539 1614 1678 1670 sunt,
1694 1620 1817 1675 ope-

225 1701 477 1754 rabantur
499 1700 556 1753 in
589 1699 824 1753 membris
855 1698 1056 1760 nostris,
1079 1705 1136 1751 ut
1161 1701 1381 1770 fructum
1415 1698 1604 1766 ferrent
1626 1695 1813 1750 morti:

225 1805 355 1843 nunc
376 1805 505 1842 vero
528 1789 758 1842 eaacuati
781 1803 956 1842 sumus
980 1804 1013 1840 a
1049 1785 1160 1856 lege
1191 1786 1384 1852 mortis,
1415 1786 1468 1840 in
1495 1801 1596 1855 qua
1621 1783 1813 1838 detine-

224 1882 424 1946 bantur,
458 1881 544 1936 ita,
572 1889 628 1933 ut
654 1881 929 1935 serviamus
960 1880 1014 1932 in
1039 1879 1253 1932 nouitate
1287 1878 1514 1947 spiritus,
1543 1887 1590 1933 et
1615 1894 1717 1931 non
1757 1877 1810 1930 in

225 1983 472 2028 uetustate
515 1973 722 2027 litteris.
769 1972 862 2026 His
888 1980 1042 2040 atque
1087 1969 1384 2039 hujusmodi
1412 1968 1812 2025 contestationi-

227 2063 322 2119 bus
361 2063 565 2118 Doctor
591 2061 681 2116 ille
713 2061 961 2117 Gentium
989 2060 1118 2116 satis
1151 2060 1424 2116 evidenter
1450 2059 1706 2126 ostendit,
1735 2061 1812 2118 le-

226 2168 340 2222 gem
367 2167 476 2204 non
504 2151 749 2219 potuisse
772 2149 1003 2214 auferre,
1029 2149 1122 2204 sed
1163 2151 1334 2218 potius
1368 2150 1586 2205 auxisse
1615 2165 1808 2220 pecca-

228 2242 521 2313 tum,quod
550 2242 788 2297 auferat‘
822 2243 1022 2312 gratia:
1047 2241 1293 2310 quoniam
1321 2241 1403 2296 lex
1425 2241 1616 2311 jubere
1638 2242 1804 2308 novit,

224 2333 311 2386 cui
340 2332 645 2386 succumbit
687 2331 998 2398 infirmitas;
1040 2332 1206 2402 gratia
1245 2331 1452 2401 iuvare,
1496 2348 1597 2402 qua
1630 2332 1808 2387 infun-

229 2422 368 2476 ditur
391 2421 649 2476 eharitas.
681 2421 760 2476 Ne
798 2422 915 2492 quis
941 2422 1082 2477 enim
1113 2430 1328 2491 propter
1356 2421 1472 2477 haec
1505 2422 1807 2478 testimonia

230 2514 489 2584 vituperet
516 2514 715 2584 legem,
741 2523 798 2569 et
822 2513 1012 2568 malam
1038 2527 1156 2568 esse
1180 2513 1487 2579 contendat,
1509 2513 1638 2568 vidit
1664 2514 1807 2583 Apo-

231 2608 392 2662 stolus
419 2609 562 2662 male
599 2606 1016 2677 intelligentibus
1044 2604 1168 2676 quid
1210 2614 1391 2676 posset
1424 2619 1725 2672 occurrere,
1752 2613 1806 2661 et

232 2701 466 2754 eamdem
507 2699 612 2754 sibi
643 2701 758 2768 ipse
785 2701 1060 2769 proposuit
1095 2701 1442 2770 qutestionem
1477 2715 1490 2754 :
1527 2697 1664 2767 Quid
1688 2715 1805 2769 ergo

235 2792 470 2854 dicemus,
501 2791 714 2861 inquit?
768 2790 878 2844 Lex
915 2801 1169 2860 peccatum
1197 2791 1309 2844 est?
1355 2790 1540 2844 Absit:
1570 2789 1658 2844 sed
1686 2805 1806 2861 pec-

239 2893 398 2936 catum
424 2899 526 2935 non
553 2882 764 2952 cognovi
807 2882 904 2935 nisi
948 2898 1036 2952 per
1073 2881 1250 2951 legem.
1279 2881 1388 2934 Hoc
1409 2881 1516 2948 jam
1562 2880 1805 2950 superius

246 2974 463 3037 dixerat,
494 2972 592 3026 Per
618 2974 777 3043 legem
815 2973 950 3026 enim
994 2973 1210 3043 cognitio
1258 2973 1468 3043 peccati.
1513 2971 1631 3026 Non
1673 2987 1802 3042 ergo

253 3065 496 3129 ablatio',
524 3064 612 3118 sed
637 3064 889 3134 cognitio.

311 3157 397 3210 Η.
435 3155 720 3225 Apostolum
741 3172 812 3211 es:
839 3172 932 3208 sua
978 3165 1026 3210 et
1064 3156 1280 3209 aliorum
1321 3155 1410 3226 qui
1458 3155 1548 3210 sub
1602 3157 1800 3226 gratia,

238 3262 329 3298 non
384 3247 478 3299 sub
522 3247 630 3316 lege
673 3245 842 3298 adhuc
900 3255 1015 3300 sunt
1041 3287 1059 3313 ,
1119 3261 1334 3316 persona
1386 3244 1606 3299 locutum
1673 3262 1799 3300 esse.

242 3337 359 3392 llinc
413 3348 594 3391 autem
646 3338 757 3406 jam
824 3338 1048 3407 incipit,
1096 3347 1317 3410 propter
1352 3339 1491 3408 quod
1541 3339 1638 3393 ista
1675 3354 1805 3394 eon-

236 3426 500 3482 sidcranda
544 3430 899 3498 suscepimus,
924 3428 1263 3484 introducere
1302 3445 1580 3500 personam
1621 3446 1795 3497 suam,

233 3531 281 3573 et
305 3529 553 3590 unquam
582 3520 653 3576 de
694 3535 756 3577 se
798 3522 914 3591 ipso
959 3521 1101 3591 loqui
1131 3539 1143 3574 :
1172 3521 1262 3577 ubi
1308 3522 1493 3576 nolunt
1535 3521 1799 3590 Pelagiani

233 3611 390 3677 ipsum
436 3612 752 3680 Apostolum
805 3611 1061 3682 intelligi;
1109 3611 1204 3666 sed
1249 3611 1389 3682 quod
1429 3611 1482 3666 in
1529 3627 1588 3667 se
1636 3613 1799 3666 alium

231 3701 700 3770 transfiguraverit,
751 3701 804 3756 id
851 3709 953 3768 est,
1007 3702 1275 3758 hominem
1326 3703 1426 3758 sub
1468 3705 1583 3773 lege
1627 3704 1800 3758 adhuc

230 3796 470 3864 positum,
495 3795 734 3850 nondum
757 3811 856 3867 per
877 3797 1097 3866 gratiam
1131 3797 1428 3850 liberatum.
1460 3794 1560 3852 Ubi
1585 3797 1797 3866 quidem

225 3886 324 3954 jam
349 3885 552 3940 debent
580 3885 896 3952 concedere,
923 3887 1061 3956 quod
1092 3887 1144 3939 in
1172 3887 1278 3956 lege
1303 3902 1446 3939 nemo
1463 3887 1795 3956 justi/icatur,

228 3978 357 4031 sicut
379 3977 506 4031 alibi
550 3976 691 4030 idem
729 3978 1000 4046 apostolus
1029 3977 1156 4032 dicit
1201 3975 1392 4049 (Galat.
1425 3993 1500 4043 ιιι,
1532 3974 1658 4046 ii);
1702 3977 1797 4032 sed

227 4068 287 4122 ad
326 4069 686 4137 cognitionem
735 4070 956 4138 peccati,
989 4077 1042 4123 et
1068 4069 1133 4122 ad
1164 4070 1330 4138 ipsius
1370 4069 1501 4138 legis
1543 4068 1800 4138 μανίη-ἰ-

227 4161 479 4215 catiooem
506 4159 688 4214 valere
719 4159 911 4229 legem,
937 4168 1014 4225 ut,
1035 4161 1245 4230 cognito
1271 4168 1531 4230 auctaque
1558 4168 1792 4228 peccato,

231 4263 318 4316 per
341 4248 499 4303 iidem
539 4249 707 4318 gratia
736 4240 1057 4318 requiratur.
1107 4248 1219 4303 Non
1249 4257 1426 4302 autem
1471 4249 1658 4302 timent
1698 4249 1794 4302 ista

233 4340 292 4394 de
325 4341 582 4408 Apostolo
625 4338 884 4408 intelligi,
929 4355 1045 4409 quae
1092 4348 1270 4408 posset
1311 4347 1366 4394 et
1406 4339 1473 4393 de
1515 4339 1796 4408 prtetcritis

235 4432 330 4484 suis
346 4432 546 4498 dicere,
571 4431 666 4485 sed
700 4444 765 4486 ea
793 4446 912 4501 qum
940 4439 1232 4499 sequuntur
1259 4431 1463 4484 timent.
1494 4429 1588 4485 llic
1615 4429 1754 4482 enim
1777 4446 1791 4480 :

235 4518 712 4590 Concupiscentiam,
755 4520 943 4589 inquit,
987 4521 1283 4586 nesciebam,
1329 4520 1426 4575 nisi
1468 4520 1552 4574 lea:
1588 4519 1791 4584 diceret,

239 4609 342 4664 Non
369 4611 715 4683 concupisces.
747 4609 1022 4666 Occasione
1061 4621 1227 4665 autem
1267 4620 1493 4680 accepta,
1539 4623 1793 4680 peccatum

236 4719 313 4770 per
329 4705 620 4756 mandatum
642 4715 904 4772 operatum
929 4713 998 4756 est
1018 4703 1070 4756 in
1095 4719 1173 4756 me
1209 4719 1403 4756 omnem
1431 4703 1792 4773 concupiscen-

235 4794 358 4847 tiam.
388 4793 514 4848 Sine
539 4795 650 4864 lege
675 4794 807 4846 enim
838 4803 1093 4861 peccatum
1133 4803 1384 4847 mortuum
1425 4803 1494 4849 est
1520 4809 1541 4850 :
1576 4810 1672 4866 ego.
1694 4809 1791 4846 au-

233 4893 316 4936 tum
357 4886 574 4938 vivebam
618 4884 894 4953 aliquando
936 4885 1043 4938 sine
1093 4885 1199 4956 lege
1229 4899 1250 4938 :
1295 4885 1582 4938 adveniente
1625 4895 1790 4937 autem

235 4973 456 5029 mandato
503 4986 764 5046 peccatum
808 4975 1019 5040 reuixit;
1048 4993 1139 5046 ego
1183 4986 1349 5029 autent
1393 4987 1616 5029 mortuus
1654 4993 1785 5030 sum.

235 5060 293 5113 Et
335 5064 586 5117 inventum
628 5074 702 5119 est
736 5065 860 5118 milii
899 5067 1211 5129 mandatum,
1241 5067 1376 5138 quod
1401 5076 1508 5122 erat
1536 5068 1587 5120 in
1615 5069 1785 5129 vitam,

236 5151 317 5204 bac
338 5169 441 5208 esse
475 5155 528 5207 in
559 5163 787 5209 mortem.
825 5153 1095 5209 Peccatum
1121 5156 1273 5220 enim,
1300 5166 1505 5225 accepta
1532 5157 1791 5210 occasione

237 5259 312 5311 per
332 5244 646 5309 mandatum,
675 5243 855 5314 fefellit
888 5261 985 5308 me,
1020 5256 1067 5300 et
1094 5262 1182 5316 per
1214 5246 1340 5299 illud
1367 5246 1565 5299 occidit.
1609 5246 1788 5316 Itaque

237 5332 306 5385 les
327 5335 523 5402 quidem
567 5347 765 5402 sancta,
795 5347 843 5390 et
872 5337 1163 5391 mandatum
1189 5348 1417 5392 sanctum
1443 5348 1489 5391 et
1515 5339 1704 5404 iustum
1741 5345 1788 5391 et

241 5421 418 5478 bonum.
450 5425 601 5494 Qucd
635 5443 752 5498 ergo
792 5425 976 5480 bonum
1002 5437 1091 5492 est,
1123 5428 1246 5482 mihi
1287 5432 1475 5498 factum
1512 5437 1584 5481 est
1612 5428 1788 5482 mors?

239 5514 377 5569 Absit.
405 5516 511 5571 Sed
536 5529 794 5587 peccatum
827 5528 880 5571 ut
903 5528 1144 5587 appareat
1183 5530 1456 5591 peccatum,
1490 5537 1578 5590 per
1605 5521 1785 5573 bonum

237 5606 344 5657 mihi
368 5618 629 5677 operatum
667 5618 740 5662 est
766 5618 992 5672 mortem,
1015 5620 1069 5663 ut
1112 5611 1200 5679 ﬁat
1225 5627 1378 5682 supra
1424 5612 1625 5664 modum
1672 5627 1786 5680 pec-

290 5697 306 5764 ξ
337 5703 407 5764 ειν.
430 5706 482 5749 et
501 5706 632 5758 Ima,
655 5701 829 5764 aufert.

287 5756 309 5791 ⁸
333 5759 403 5811 Sic
421 5773 590 5812 clunes
609 5756 796 5812 ἡδείῃ
817 5761 949 5824 editi,
974 5761 1175 5815 abolitio.

1614 306 1816 361 LIBER
1856 305 2014 362 Plini
2029 307 2127 364 US.

3395 329 3501 387 558

1928 435 2070 479 cator
2095 435 2182 481 aut
2215 432 2497 496 peccatum‘
2541 447 2629 504 per
2656 435 2950 490 mandatum
2990 437 3163 508 (Rom.
3196 455 3286 509 vu,
3319 445 3499 515 1-13).

1931 517 2057 572 llaec
2092 521 2290 588 omnia,
2331 522 2469 577 sicut
2508 525 2636 590 dixi,
2686 535 2859 596 potest
2897 529 3063 586 videri
3105 533 3391 602 Apostolus
3430 538 3503 596 de

1930 621 2026 662 sua
2047 609 2150 662 vita
2177 625 2619 670 commemorasse
2658 620 2920 685 praeterita
2947 638 2960 673 :
2991 631 3048 676 ut
3075 621 3202 677 illud
3228 626 3368 694 quod
3400 627 3499 694 ait,

1930 696 2043 768 Ego
2068 709 2233 753 autem
2264 703 2480 756 vivebam
2504 706 2776 775 aliquando
2804 711 2912 764 sine
2942 711 3084 782 lege;
3113 724 3322 771 atatem
3347 732 3497 774 suam

1930 788 2152 857 primam
2177 791 2244 844 ab
2269 789 2488 848 infantia
2514 804 2637 850 ante
2660 799 2946 855 rationales
2974 818 3141 858 annos
3166 806 3391 862 voluerit
3418 808 3502 863 in-

1926 880 2091 951 telligi
2115 897 2129 935 :
2157 883 2295 952 quod
2319 893 2493 939 autem
2522 885 2788 956 adjunxit,
2830 891 3134 950 Adveniente
3157 907 3322 952 autem
3355 916 3502 954 man-

1924 971 2044 1025 dato
2069 982 2326 1042 peccatum
2355 975 2539 1030 reuixit
2555 991 2576 1041 ;
2616 994 2706 1048 ego
2730 989 2900 1034 autem
2941 995 3168 1039 mortuus
3195 1004 3349 1055 sum;
3385 990 3498 1060 jam

1923 1074 1984 1115 se
2012 1064 2258 1133 praecepti
2279 1078 2551 1134 capacem,
2572 1068 2666 1122 sed
2695 1084 2800 1124 non
2823 1070 3114 1142 emcacem,
3138 1085 3192 1131 et
3215 1077 3336 1135 ideo
3359 1095 3498 1151 pras-

1922 1151 2270 1207 varicatorem
2307 1152 2439 1224 legis
2461 1156 2787 1213 ostenderet.

1991 1240 2215 1298 CAPUT
2253 1241 2433 1296 lX.—-
2457 1245 2543 1299 15.
2567 1242 2834 1301 Voluntate
2857 1260 3043 1319 peccat,
3077 1253 3164 1323 qui
3180 1255 3288 1309 solo
3318 1257 3496 1316 timore

1919 1346 2021 1386 non
2043 1342 2234 1400 peccat.
2251 1332 2359 1388 Nec
2385 1344 2594 1391 moveat
2619 1336 2757 1408 quod
2778 1339 2842 1392 ad
2867 1339 3234 1412 Pliilippenses
3260 1347 3493 1417 scripsit,

1920 1419 2208 1475 Secundum
2239 1423 2492 1491 justitiam
2517 1440 2630 1495 quis
2663 1426 2718 1480 in
2757 1427 2864 1496 lege
2901 1439 2992 1494 est,
3020 1432 3107 1502 qui
3142 1433 3359 1501 fuerim'
3385 1438 3496 1494 sine

1916 1509 2121 1579 querela
2166 1511 2424 1585 (Philipp.
2455 1529 2532 1579 ιιι,
2565 1515 2640 1586 6).
2689 1516 2866 1572 Potuit
2905 1519 3046 1574 enim
3088 1535 3208 1577 esse
3253 1524 3395 1581 intus
3438 1527 3495 1584 in

1917 1599 2282 1657 affectionibus
2307 1603 2483 1674 pravis
2511 1607 2889 1676 przevarieator
2907 1608 3059 1681 legis,
3083 1622 3136 1668 et
3161 1623 3337 1671 tamen
3362 1632 3495 1675 con-

1915 1693 2096 1761 Spicua
2124 1707 2287 1762 Opera
2317 1693 2448 1766 legis
2473 1695 2712 1766 implere,
2745 1698 2827 1753 vel
2855 1699 3044 1757 timore
3081 1701 3379 1775 hominum,
3406 1710 3493 1766 vel

1914 1781 2080 1852 ipsius
2116 1783 2239 1850 Dei;
2285 1785 2379 1841 sed
2423 1799 2594 1856 ptume
2635 1786 2941 1857 formidine,
2970 1807 3073 1846 non
3117 1793 3402 1854 dilectione
3436 1809 3493 1855 et

1912 1873 2301 1931 delectatione'
2325 1876 2567 1947 iustitiae.
2589 1879 2746 1936 Aliud
2766 1889 2848 1936 est
2870 1882 3012 1938 enim
3037 1885 3306 1942 voluntate
3330 1889 3491 1946 bene-

1912 1963 2136 2024 faciendi
2166 1967 2498 2038 benefacere,
2528 1971 2672 2026 aliud
2719 1981 2895 2028 autem
2937 1974 3004 2030 ad
3051 1977 3490 2038 malefaciendum

1911 2057 1992 2114 sic
2017 2059 2283 2114 voluntate
2305 2061 2567 2129 inclinari,
2605 2070 2664 2117 ut
2688 2064 2847 2118 etiam
2875 2063 3077 2122 faceret
3103 2067 3148 2122 si
3180 2068 3279 2124 boc
3312 2084 3492 2142 posset

1911 2149 2126 2219 impune
2167 2152 2419 2221 permitti.
2459 2153 2591 2208 Nam
2616 2154 2694 2209 sic
2717 2155 2958 2226 profecto
3000 2159 3050 2213 in
3081 2160 3194 2230 ipsa
3221 2163 3363 2219 intus
3391 2181 3489 2222 vo-

1910 2239 2111 2296 luntate
2156 2253 2359 2312 peccat,
2384 2244 2473 2314 qui
2517 2260 2624 2300 non
2665 2247 2962 2316 voluntate,
3006 2251 3101 2306 sed
3147 2253 3337 2312 timore
3379 2271 3488 2314 non

1910 2340 2112 2400 peccat.
2144 2332 2199 2386 ln
2229 2335 2421 2404 quibus
2465 2335 2809 2393 interioribus
2854 2339 2966 2394 suis
3012 2341 3172 2398 talem
3219 2358 3277 2399 se
3319 2345 3485 2404 fuisse

1908 2422 2081 2478 sciens
2097 2424 2379 2492 Apostolus
2393 2433 2517 2481 ante
2536 2428 2755 2495 gratiam
2777 2428 2894 2496 Dei,
2908 2446 3026 2500 qua:
3037 2446 3133 2502 per
3143 2432 3320 2489 Jesum
3334 2436 3489 2493 Chri-

1909 2519 2049 2566 stum
2099 2512 2376 2568 Dominum
2426 2523 2664 2570 nostrum
2709 2527 2810 2581 est,
2839 2517 2967 2574 alibi
2997 2519 3100 2576 hoc
3153 2524 3488 2593 apertissime

1904 2599 2202 2656 confitetur.
2227 2601 2474 2658 Scribcns
2489 2605 2683 2675 quippe
2693 2607 2760 2660 ad
2776 2607 3061 2676 Ephesios:
3084 2609 3153 2664 Et
3173 2627 3279 2678 vos,
3296 2613 3485 2686 inquit,
3537 2606 3544 2613 ’

1908 2706 2022 2744 cum
2047 2692 2215 2746 essetis
2244 2693 2429 2747 mortui
2455 2693 2651 2749 delictis
2686 2705 2733 2750 et
2761 2701 2979 2768 peccatis
3005 2702 3198 2768 uestris,
3225 2704 3279 2758 in
3303 2705 3484 2775 quibus

1909 2782 2182 2852 aliquando
2214 2785 2508 2840 ambulastis
2537 2789 2810 2843 secundum
2838 2791 3080 2846 steculum
3105 2795 3278 2850 mundi
3305 2797 3483 2870 hujus,

1905 2875 2177 2930 secundum
2206 2877 2485 2948 principem
2515 2881 2770 2948 potestatis
2811 2883 2960 2950 aeris,
2997 2885 3206 2956 spiritus
3228 2889 3358 2961 ejus,
3398 2891 3485 2961 qui

1908 2984 2041 3022 nunc
2070 2979 2306 3039 operatur
2329 2969 2381 3024 in
2426 2970 2545 3040 ﬁliis
2574 2971 2864 3044 diffidentia
2891 2975 2944 3029 in
2967 2976 3145 3046 quibus
3170 2989 3219 3032 et
3245 2996 3339 3034 nos
3365 2998 3480 3036 om-

1907 3074 1994 3113 nes
2022 3059 2293 3128 aliquando
2314 3063 2590 3116 conversati
2613 3079 2785 3118 sumus
2811 3065 2864 3119 in
2902 3065 3160 3122 desideriis
3184 3072 3352 3125 carnis
3386 3088 3486 3127 no-

1905 3160 2041 3224 strw,
2079 3153 2315 3220 facientes
2337 3152 2639 3207 uoluntatem
2659 3156 2824 3210 carnis
2852 3165 2899 3210 et
2923 3156 3264 3228 a/I‘ectionum,
3294 3170 3344 3216 et
3364 3179 3483 3218 era-

1904 3259 2016 3296 mus
2045 3243 2340 3297 naturaliter
2377 3244 2475 3314 [illi
2518 3245 2626 3311 irte,
2655 3247 2784 3300 sicut
2820 3256 2867 3303 et
2904 3250 3071 3304 caueri
3091 3266 3112 3305 :
3148 3250 3285 3307 Deus
3311 3264 3481 3310 autem

1903 3335 1989 3403 qui
2015 3333 2150 3388 dives
2177 3344 2250 3388 est
2291 3335 2345 3387 in
2387 3335 2750 3404 misericordia,
2779 3347 2984 3409 prapter
3013 3340 3224 3395 multam
3252 3342 3482 3400 dilectio-

1904 3441 2014 3478 nem
2044 3443 2143 3490 qua
2181 3427 2356 3480 dilexit
2393 3444 2502 3491 nos,
2527 3436 2574 3482 et
2615 3444 2730 3483 cum
2768 3445 2987 3485 essemus
3025 3434 3212 3486 mortui
3241 3437 3479 3504 peccatis,

1904 3517 2264 3585 convivi/ienuit
2299 3534 2388 3571 nos
2410 3516 2627 3584 Christo,
2645 3519 2790 3585 cujus
2807 3521 2973 3588 gratia
2995 3537 3172 3577 sumus
3198 3525 3327 3578 salui
3355 3525 3481 3597 facti

1905 3606 2114 3677 (Ep/tes.
2159 3623 2216 3670 ll,
2261 3608 2399 3677 l-S).
2432 3608 2632 3663 Rursus
2673 3610 2740 3664 ad
2773 3609 2987 3665 Titum:
3030 3611 3244 3670 Fuimus
3272 3616 3402 3669 enim
3431 3626 3481 3670 et

1903 3714 2013 3760 nos,
2044 3698 2230 3768 inquit,
2262 3699 2400 3752 stulti
2438 3700 2710 3770 aliquando
2738 3710 2785 3754 et
2812 3702 3076 3767 increduli,
3103 3715 3345 3773 errantes,
3368 3723 3478 3761 ser-

1901 3789 2083 3842 vientes
2127 3788 2383 3843 desideriis
2430 3797 2477 3842 et
2517 3791 2856 3858 voluptatibus
2899 3793 3069 3857 uariis,
3102 3794 3155 3848 in
3199 3797 3392 3851 malitia
3429 3807 3478 3852 et

1901 3881 2088 3934 invidia
2125 3891 2348 3950 agentes,
2396 3880 2782 3947 abominabiles,
2816 3883 3027 3937 invicem
3064 3886 3182 3938 odio
3221 3886 3474 3943 habentes.

1901 3971 2042 4024 Talis
2069 3971 2255 4025 Saulus
2279 3970 2394 4036 fuit,
2423 3971 2635 4042 quando
2662 3972 2951 4028 secundum
2976 3974 3236 4043 justitiam
3263 3993 3381 4046 quas
3419 3981 3473 4034 in

1900 4063 2016 4133 lege
2043 4072 2143 4128 est,
2172 4064 2287 4118 sine
2320 4066 2532 4134 querela
2578 4064 2738 4120 fuisse
2776 4081 2834 4121 se
2862 4065 3007 4121 dicit.
3046 4067 3176 4122 Nam
3215 4070 3337 4140 quia
3367 4086 3473 4126 non

1901 4166 2016 4225 post
2048 4155 2183 4209 hanc
2230 4155 2635 4210 abominabilem
2680 4157 2862 4221 vitam,
2896 4165 2952 4211 ut
2995 4166 3140 4214 esset
3182 4159 3299 4214 sine
3335 4177 3472 4231 que-

1898 4245 2030 4312 rela,
2059 4245 2111 4298 in
2156 4246 2269 4316 lege
2311 4245 2626 4314 profecerat,
2671 4261 2953 4316 moresque
2994 4258 3321 4316 mutaverat,
3355 4253 3472 4306 evi-

1897 4335 2087 4390 denter
2129 4335 2182 4390 in
2218 4335 2332 4390 bis‘
2359 4352 2475 4405 qua:
2503 4347 2796 4406 sequuntur
2841 4338 3107 4404 ostendit;
3136 4341 3470 4412 quandoqui-

1895 4423 2017 4478 dem
2059 4434 2314 4478 mutatum
2359 4440 2418 4480 se
2461 4441 2565 4480 non
2609 4425 2736 4481 dicit
2763 4426 2829 4481 ab
2881 4426 2965 4481 his
3005 4427 3181 4491 malis,
3227 4429 3327 4483 nisi
3377 4445 3470 4499 per

1896 4517 2118 4584 gratiam
2143 4515 2452 4569 Salvatoris.
2482 4515 2790 4584 Adjungcns
2814 4515 2954 4570 enim
2985 4516 3085 4571 hoc
3115 4519 3284 4586 ipsum
3309 4519 3466 4573 etiam

1898 4605 2002 4672 hic,
2043 4607 2179 4659 sicut
2202 4605 2268 4659 ad
2298 4605 2612 4674 Epltesios',
2645 4607 2716 4659 ait
2740 4623 2754 4662 :
2783 4605 2912 4669 Cum
2939 4617 3102 4660 autem
3124 4607 3402 4678 benignitas
3421 4618 3469 4663 et

1897 4696 2181 4748 humanitas
2209 4697 2372 4750 illuxit
2400 4697 2680 4752 Saluatoris
2704 4698 2863 4750 nostri
2883 4686 3000 4764 Dei,
3025 4715 3124 4752 non
3148 4716 3212 4754 ea:
3236 4702 3466 4772 operibus

1885 4788 2119 4858 justitite,
2141 4803 2255 4856 quae
2292 4803 2382 4841 nos
2411 4789 2655 4859 fecimus;
2693 4787 2782 4843 sed
2807 4790 3078 4842 secundum
3101 4807 3244 4843 suam
3271 4793 3467 4845 miseri-

1894 4880 2115 4933 cordiam
2143 4880 2307 4933 salvos
2343 4895 2434 4932 nos
2459 4879 2572 4950 fecit
2604 4896 2693 4948 per
2724 4880 2982 4934 lauacrum
3007 4881 3394 4950 regenerationis
3417 4893 3464 4937 et

1893 4971 2227 5026 renovationis
2259 4970 2482 5039 Spiritus
2510 4970 2688 5035 sancti,
2717 4986 2864 5041 quem
2897 4971 3140 5026 ditissima
3169 4972 3347 5040 effudit
3373 4991 3463 5028 su-

1895 5079 1981 5132 per
2007 5079 2115 5125 nos,
2149 5078 2238 5132 per
2261 5061 2436 5116 Iesum
2465 5061 2718 5115 Christum
2764 5060 3081 5117 Salvatorem
3108 5073 3369 5129 nostrum;
3405 5074 3461 5117 ut

1881 5153 2149 5224 justiﬁcati
2189 5152 2356 5223 gratia
2388 5150 2576 5221 ipsius,
2615 5150 2840 5205 hteredes
2877 5151 3148 5223 eﬁciamur
3186 5153 3461 5207 secundum

1890 5261 2029 5314 spem
2051 5244 2164 5298 eius
2181 5251 2380 5297 ceterum
2406 5241 2534 5312 (Tit.
2574 5258 2652 5309 ιιι,
2691 5241 2831 5316 5-7).

1954 5394 1972 5428 ι
2004 5393 2140 5452 editi,
2164 5404 2366 5455 peccans
2382 5396 2645 5459 peccatum.
2659 5399 2838 5459 Qtnnes
2864 5399 2994 5459 stu,
3008 5397 3228 5459 peccator
3246 5398 3328 5444 aut
3349 5404 3458 5456 peo-

1887 5461 2062 5507 catum.
2083 5451 2245 5504 Graece
2269 5462 2342 5504 est
2356 5491 2370 5513 ,
2384 5451 2652 5513 'amartblos
2667 5453 2695 5504 ἀ
2716 5451 2940 5504 martia.

1950 5520 1971 5584 ξ
2003 5519 2200 5584 Sic_Mss_.
2227 5512 2718 5584 ulit_i,’quodﬁarrit.‘
2763 5573 2774 5584 .
2810 5572 2822 5584 .
2882 5578 2892 5584 _
2931 5571 2962 5584 Α,

1950 5578 1972 5610 ⁸
1996 5577 2201 5628 vaticani
2231 5572 2650 5633 codim'omitiunt,
2673 5579 2718 5625 et
2741 5572 3064 5625 delectatione.

1949 5638 1972 5669 ⁸
2003 5639 2076 5708 sic
2096 5647 2196 5708 Am.
2221 5643 2294 5708 llr.
2322 5644 2373 5708 et
2522 5631 2670 5685 Fditio
2693 5631 3145 5708 leva-evidenterln
3160 5631 3234 5682 his
3250 5646 3357 5697 qua’
3378 5646 3454 5684 se-

1890 5707 2112 5764 quuntur.
2139 5696 2400 5758 [euidenter
2425 5696 2498 5745 Itis
2515 5709 2624 5756 qua:
2640 5698 2937 5758 sequuntur.]
3264 5696 3270 5697 “

1953 5763 1974 5795 ⁸
2005 5760 2137 5821 aliti,
2163 5757 2282 5810 sicut
2304 5759 2367 5808 ad
2397 5759 2559 5807 'Iitum.
2587 5758 2899 5806 [isnendautur
2919 5770 2981 5806 ex
3005 5759 3350 5821 manusa'iptis.
