3984 6534
461 296 562 352 .559

530 410 618 466 16.
637 409 786 477 Quod
814 419 987 465 autem
1016 411 1088 463 ait
1115 411 1168 463 in
1193 409 1294 464 hoc
1321 408 1568 476 Epistohe
1597 408 1716 462 loro
1744 406 1808 460 ad
1833 406 2029 459 Roma-

461 516 581 569 nos,
613 502 882 557 Peccatum
910 513 962 556 ut
985 510 1227 570 appareat
1266 511 1546 568 peccatum,
1578 517 1665 569 per
1690 505 1872 554 bonum
1907 498 2031 550 mihi

463 589 718 664 apemtum
747 606 817 647 est
843 603 1085 655 mortem;
1113 592 1354 662 congruit
1379 591 1744 660 superioribus
1766 590 1850 643 ubi
1879 589 2029 644 dixit.

466 685 572 739 Sed
598 694 850 753 peccatum
876 698 974 734 non
1018 681 1244 750 cognovi,
1277 680 1374 734 nisi
1403 697 1490 750 per
1527 679 1730 752 'legem;
1760 696 1875 731 nam
1913 693 2036 729 con-

463 776 816 845 cupiscentiam
862 773 1157 837 nesciebam,
1201 771 1298 826 nisi
1349 772 1430 825 lea:
1465 771 1668 832 diceret,
1703 769 1823 823 Non
1854 785 2036 821 concu-

466 867 645 935 pisces.
689 865 753 918 Et
784 863 1049 932 superius,
1093 860 1195 916 Per
1217 862 1373 932 legem
1403 863 1617 932 cognitio
1655 862 1886 931 peccati:
1935 861 2035 913 hoc

466 955 607 1009 enim
634 962 686 1008 et
715 952 799 1008 hic
821 953 971 1017 dixit,
997 961 1048 1005 ut
1071 961 1314 1024 appareat
1329 963 1595 1022 peccatum
1613 959 1646 1003 ι’
1668 961 1720 1004 ιιι
1747 951 1867 1004 illud
1895 949 2033 1020 quod

463 1045 689 1107 dixerat,
720 1043 844 1098 Sine
873 1041 978 1113 lege
1004 1043 1137 1098 enim
1171 1053 1426 1114 peccatum
1476 1051 1724 1094 mortuum
1772 1051 1883 1105 cst,-
1931 1055 2032 1092 non

464 1137 822 1208 intelligamus
861 1135 959 1189 nisi
991 1143 1237 1204 tanquam
1279 1149 1382 1187 non
1413 1134 1498 1198 sit,
1533 1132 1704 1196 Latet,
1734 1147 1841 1185 non
1876 1147 2033 1200 appa-

467 1237 576 1290 ret,
631 1227 840 1297 penitus
893 1225 1182 1296 ignoratur,
1225 1235 1469 1294 tanquam
1514 1223 1564 1277 in
1618 1223 1796 1276 nescio
1847 1222 2037 1291 quibus

465 1320 778 1390 ignorantia
810 1319 1040 1373 tenebris
1080 1318 1150 1372 sit
1185 1318 1469 1386 sepultum.
1497 1315 1566 1369 Et
1591 1313 1728 1383 quod
1772 1313 1874 1378 ait,
1927 1312 2037 1382 Ego

466 1423 633 1465 autem
663 1411 880 1465 vivebam
909 1410 1180 1480 aliquando
1199 1410 1305 1463 sine
1331 1410 1475 1478 lege;
1522 1406 1645 1476 quid
1674 1409 1766 1468 ait,
1791 1406 1912 1466 nisi.
1941 1406 2035 1460 Vi-

466 1517 592 1556 vere
647 1501 774 1556 tnihi
823 1500 1076 1555 videbar?
1122 1499 1188 1554 Et
1229 1498 1368 1569 quod
1413 1497 1685 1567 adjunxit,
1736 1496 2039 1550 Adveniente

469 1603 635 1646 autem
663 1595 899 1646 mandato
921 1591 1171 1661 peccatum
1192 1591 1398 1656 revixit;
1429 1589 1551 1658 qui‘d
1573 1598 1654 1643 est
1672 1587 1832 1654 aliud,
1857 1603 2035 1658 quam,

467 1681 731 1736 Eminuit‘
777 1689 834 1736 et
874 1679 1152 1750 apparuit?
1195 1677 1303 1734 Nec
1352 1689 1524 1733 tamen
1567 1679 1668 1744 ait,
1699 1677 1871 1743 1Vixit;
1922 1677 2036 1744 sed,

471 1771 668 1826 revixit.
705 1770 916 1824 Vixerat
957 1770 1098 1823 enim
1129 1767 1411 1838 aliquando
1457 1769 1506 1821 in
1539 1767 1802 1837 paradiso,
1829 1766 2039 1836 quando

468 1871 650 1915 contra
675 1859 853 1914 datum
881 1865 1203 1931 praeceptum
1243 1859 1370 1912 satis
1399 1858 1685 1927 apparebat
1713 1857 2000 1911 admissum
2023 1873 2036 1909 :

469 1967 590 2006 cum
615 1960 788 2004 autem
816 1965 843 2002 a
875 1947 1211 2003 nascentibus
1233 1947 1478 2012 trahitur,
1503 1955 1752 2016 tanquam
1773 1955 2038 2001 mortuttm

469 2043 539 2096 sit
565 2043 712 2105 latet,
740 2041 909 2094 donec
935 2049 1234 2109 repugnans
1259 2038 1478 2107 iustitiae
1501 2040 1694 2091 malum
1722 2039 1833 2104 ejus
1863 2037 2044 2106 probi-

468 2131 666 2185 bitlonc
693 2129 966 2193 sentiatur,
987 2144 1105 2182 cum
1129 2127 1270 2181 aliud
1289 2128 1506 2196 jubetur
1521 2137 1677 2196 atque
1695 2129 2037 2195 approbatur,

467 2218 608 2272 aliud
638 2218 865 2271 delectat
903 2217 1389 2286 atque-dormitator
1412 2237 1426 2270 :
1449 2226 1592 2271 tunc
1621 2225 1888 2285 peccatum
1909 2231 2043 2286 quo-

468 2309 588 2364 dam
611 2309 768 2363 modo
817 2309 868 2362 in
909 2307 1222 2362 notitia‘nati
1251 2307 1480 2361 hominis
1493 2308 1788 2373 revivisci't,
1819 2307 1958 2376 quod
1989 2307 2042 2361 in

469 2399 650 2453 notitia
679 2397 1080 2468 primum’lacti
1120 2399 1348 2452 hominis
1380 2399 1659 2468 aliquando
1683 2398 1792 2468 jam
1817 2399 2039 2452 vixerat.

537 2489 762 2544 CAPUT
799 2488 868 2544 Χ.
911 2519 984 2530 -—
1027 2489 1115 2544 i7.
1161 2490 1397 2557 Sequitur
1421 2494 1482 2543 de
1520 2491 1689 2545 eodem
1729 2501 2040 2560 argumento.

469 2578 572 2635 Sed
599 2579 739 2650 quod
767 2579 1032 2649 sequitur,
1060 2595 1163 2634 non
1203 2582 1270 2634 ita
1298 2583 1600 2650 expeditum
1631 2590 1711 2636 est
1733 2623 1746 2647 ,
1779 2583 2044 2652 quomodo

466 2669 534 2724 de
554 2669 718 2724 Paulo
743 2669 907 2738 possit
931 2669 1171 2740 intelligi.
1197 2670 1400 2725 'Scimus
1425 2672 1574 2738 enim,
1609 2673 1796 2740 inquit,
1826 2673 1942 2741 quia
1963 2671 2044 2726 lea:

465 2759 744 2832 spiritualis
770 2770 875 2824 est;
903 2777 991 2832 ego
1025 2771 1190 2814 autem
1213 2764 1430 2814 carnalis
1457 2779 1568 2814 smn
1601 2761 1771 2833 (Rom.
1791 2777 1894 2827 vn,
1926 2763 2038 2834 Η).

467 2851 579 2906 Non
616 2851 725 2916 ait,
755 2851 849 2907 Fui
878 2871 890 2907 :
921 2853 1014 2908 sed
1040 2895 1054 2918 ,
1085 2870 1216 2908 sum.
1263 2853 1526 2923 Numquid
1567 2869 1692 2924 ergo
1718 2855 2001 2923 Apostolus
2023 2897 2040 2923 ,

465 2961 584 3000 cum
617 2946 726 2999 hcce
757 2948 1014 3020 scriberet
1039 2989 1052 3012 ,
1080 2949 1310 3002 carnalis
1335 2949 1474 3003 fuit?
1504 2951 1898 3004 Att-secundum
1925 2965 2045 3006 cor-

467 3054 564 3106 pus
586 3039 682 3094 hoc
704 3040 853 3095 dicit?
867 3041 1051 3096 Adhuc
1070 3044 1208 3096 enim
1233 3029 1346 3095 erat
1365 3042 1414 3095 in
1433 3057 1654 3110 corpore
1676 3043 1862 3096 mortis
1885 3042 2043 3110 hujus

467 3129 654 3198 (Ibid,
676 3127 790 3199 24),
821 3130 1053 3186 nondum
1083 3131 1219 3186 facto
1239 3132 1260 3163 ³
1281 3131 1418 3202 quod
1441 3132 1729 3198 alibi'dicit,
1755 3134 2044 3187 S‘eminatnr

468 3237 652 3290 corpus
684 3221 929 3286 animale,
967 3231 1134 3291 surget
1153 3220 1175 3252 ⁸
1203 3237 1384 3291 corpus
1409 3222 1667 3289 spirituale
1701 3221 1752 3294 (Ι
1780 3219 1897 3277 Cor.
1938 3239 2005 3277 xv
2025 3263 2040 3284 ,

466 3312 577 3382 44).
597 3311 758 3366 Tunc
802 3311 940 3365 enim
973 3327 1036 3364 ex
1069 3321 1178 3364 toto
1209 3328 1267 3366 sc
1293 3355 1305 3376 ,
1336 3312 1384 3366 id
1411 3321 1525 3378 est,
1557 3329 1620 3366 ex
1652 3323 1870 3382 utraque
1897 3323 2044 3382 parte

466 3416 568 3471 qua
599 3409 840 3466 constat,
869 3400 1157 3470 spiritualis
1188 3403 1345 3456 homo
1371 3403 1504 3469 erit,
1537 3404 1746 3472 quando
1773 3405 2043 3474 spiritualc

465 3493 624 3547 etiam
666 3507 859 3562 corpus
887 3493 1007 3547 erit.
1035 3493 1217 3564 Neque
1247 3495 1390 3549 enim
1435 3495 1719 3548 absurdum
1750 3507 1866 3563 est,
1896 3506 1950 3549 ιιι
1977 3497 2044 3552 sit

466 3583 518 3638 in
543 3583 628 3638 illa
657 3583 762 3637 vita
783 3583 942 3638 etiam
969 3599 1092 3638 caro
1112 3585 1430 3655 spiritualis;
1455 3586 1498 3638 si
1529 3587 1695 3654 potuit
1719 3601 1836 3640 esse
1866 3586 1918 3640 itt
1949 3587 2045 3642 hac

465 3675 591 3738 vita,
616 3675 666 3729 in
695 3675 776 3728 bis
805 3674 892 3745 qui
918 3675 1090 3729 adhuc
1115 3675 1344 3729 carnalia
1373 3675 1615 3745 sapiunt,
1639 3678 1797 3731 etiam
1829 3679 2044 3748 spiritus

465 3767 576 3835 ipse
601 3766 846 3820 carnalis.
879 3765 968 3818 Sic
993 3779 1120 3835 ergo
1151 3765 1268 3820 ideo
1298 3766 1459 3833 dixit,
1497 3767 1602 3838 Ego
1634 3777 1799 3822 autem
1825 3770 2046 3824 carnalis

465 3871 614 3920 sum;
641 3857 761 3924 quia
794 3855 1028 3910 nondum
1057 3856 1329 3924 Spiritttale
1354 3873 1546 3926 corpus
1576 3860 1800 3913 habebat
1821 3861 2046 3929 Aposto-

466 3949 572 4024 lus.
621 3949 769 4002 Sicut
798 3957 976 4017 posset
1023 3947 1215 4012 dicere,
1256 3949 1364 4019 Ego
1397 3959 1572 4004 autem
1616 3953 1853 4006 mortalis
1879 3967 1994 4005 sunt
2027 3969 2041 4006 :

468 4039 608 4108 quod
633 4039 811 4109 utique
837 4055 941 4093 non
987 4039 1088 4093 nisi
1118 4041 1406 4094 secundum
1444 4055 1637 4110 corpus
1664 4041 2046 4112 intelligeretur

468 4127 695 4193 dixisse,
723 4129 864 4198 quod
888 4127 1121 4184 nondum
1156 4127 1326 4183 fuerat
1353 4130 1749 4186 immortalitate
1775 4133 2040 4186 vestitum.

469 4223 598 4277 Item
624 4223 763 4291 quod
792 4223 1027 4292 adjunxit
1045 4266 1060 4290 ,
1093 4223 1421 4278 Venundalus
1445 4224 1534 4278 sub
1559 4235 1758 4296 peccato
1777 4241 1796 4280 :
1813 4240 1878 4280 ne
1903 4229 2046 4295 quis-

465 4327 622 4382 quam
650 4313 1029 4367 eum-nondum
1057 4315 1390 4382 redemptum
1414 4311 1608 4368 Christi
1637 4317 1893 4386 sanguine
1923 4318 2040 4370 exi-

464 4405 676 4468 stimet,
720 4404 878 4458 etiam
931 4403 1032 4458 hoc
1078 4405 1365 4458 secundum
1415 4405 1542 4459 illud
1587 4415 1760 4474 potest
1789 4407 2038 4476 intelligi,

463 4493 605 4563 quod
649 4493 752 4560 ait,
785 4491 850 4546 Et
877 4511 968 4548 nos
999 4493 1246 4564 primitias
1274 4493 1505 4549 habentes
1528 4495 1734 4564 spiritus
1755 4538 1769 4560 ,
1803 4505 1850 4550 et
1869 4497 1963 4566 ipsi
1987 4499 2041 4551 in

463 4586 826 4656 nobismetipsis
860 4585 1257 4657 ingemiscimus,
1299 4585 1618 4655 adoptionem
1664 4597 1998 4656 exspectantes
2022 4628 2038 4654 ,

465 4677 852 4744 redemptionem
876 4679 1100 4747 corporis
1123 4679 1278 4732 nostri
1307 4677 1478 4749 (Rom.
1501 4693 1592 4732 vn!
1610 4719 1625 4744 ,
1657 4677 1768 4747 23').
1817 4678 1870 4734 Si
1895 4679 2037 4734 enim

466 4767 752 4819 secundum
776 4765 877 4822 hoc
897 4783 953 4820 se
973 4767 1100 4822 dicit
1123 4767 1473 4822 venmtdatum
1504 4767 1603 4821 sub
1633 4777 1868 4838 peccato,
1899 4769 2038 4840 quod

465 4855 638 4910 adlntc
663 4871 766 4909 non
795 4865 874 4909 est
901 4855 1231 4926 redemptum
1256 4873 1286 4910 a
1312 4857 1647 4927 corruptione
1675 4873 1866 4928 corpus
1892 4861 2037 4928 ejus;

467 4949 549 5002 vel
573 4949 934 5024 venundatum
983 4949 1265 5020 aliquando
1310 4952 1361 5004 in
1407 4953 1574 5020 prima
1619 4955 2040 5023 transgressione

469 5025 717 5110 pneccpti
739 5081 752 5102 ,
779 5047 835 5092 ιιι
863 5037 1079 5095 haberet
1107 5054 1299 5110 corpus
1324 5041 1664 5110 cor'ruptibile
1689 5043 1825 5112 quod
1853 5059 2040 5114 aggra-

469 5141 556 5186 vat
581 5131 810 5184 animam
841 5129 993 5203 (Sap.
1017 5147 1106 5199 Ix,
1140 5132 1225 5202 i5)
1255 5145 1269 5184 :
1296 5131 1418 5201 quid
1449 5131 1690 5200 prohibet
1712 5133 1796 5187 hic
1821 5137 2040 5204 Aposto-

465 5222 574 5276 iunt
600 5221 814 5291 intelligi
835 5221 902 5276 de
920 5236 978 5277 se
996 5223 1111 5292 ipso
1136 5221 1332 5290 dicere,
1358 5221 1497 5292 quod
1521 5223 1587 5277 ita
1613 5221 1768 5290 dicit,
1799 5227 2035 5284 ‘utetiam

532 5373 549 5404 ι
585 5371 790 5422 t’aticani
813 5379 942 5432 Mss,
964 5371 1172 5425 emicuit.
1389 5419 1392 5424 .

527 5437 548 5465 '
581 5435 652 5528 sic
674 5435 978 5528 editi
993 5446 1092 5484 sm.
1111 5443 1163 5486 et
1181 5442 1256 5484 Er.
1273 5442 1402 5498 Lov.,
1419 5433 1580 5500 primi.
1605 5443 1656 5488 Et
1671 5437 1791 5490 intra
1805 5446 1914 5492 Lov.
1933 5447 2038 5494 tan-

463 5501 582 5554 tum,
597 5501 705 5555 jam
717 5501 908 5546 tuerit.

528 5558 550 5630 ξ
582 5561 758 5630 they.
784 5565 836 5606 ct
869 5563 975 5630 latr.
993 5557 1302 5630 addiderunt,
1322 5555 1576 5630 spirituali.

465 5615 566 5738 ωδ,
582 5617 695 5726 Et‘liti
717 5653 731 5676 ,
765 5618 932 5682 attigit.
993 5615 1530 5685 Mauus<:ripti,'snrgct
1558 5635 1574 5672 :
1606 5623 1742 5684 juxta
1779 5637 1988 5687 grzecum
2015 5664 2030 5690 ,

521 5689 546 5724 .'
569 5691 622 5728 re
639 5691 704 5726 at.

1062 296 1332 351 CONTRA
1377 293 1552 350 DUAS
1589 290 1959 348 EPISTOLAS
2001 287 2550 357 PEL:\G|.\N‘JRUM,
2592 296 2650 352 S.
2701 297 3072 357 AUGUSTINI

3602 301 3722 358 560

2141 404 2191 456 in
2220 406 2335 474 ipso
2361 409 2526 476 possit
2546 408 2563 440 ⁸
2582 408 2796 480 intelligi
2817 426 2833 474 ;
2851 407 3058 465 etiamsi
3080 411 3135 467 in
3159 425 3252 467 sua
3279 424 3498 481 persona
3517 429 3624 468 non
3649 429 3720 470 se

2139 497 2308 550 stilum
2327 540 2340 561 ,
2369 498 2460 552 sed
2492 515 2676 556 otnttcs
2721 501 2888 570 accipi
2919 503 3082 566 velit,
3109 504 3195 573 qui
3225 518 3284 558 se
3309 514 3570 560 noverunt
3595 507 3724 574 8ρί-

2139 587 2312 640 rituali
2345 587 2696 644 delectatione
2721 592 2741 621 ³
2773 605 2892 645 cum
2921 591 3097 646 carnis
3120 592 3398 648 affectione
3420 595 3538 650 sine
3575 611 3722 651 con-

2139 677 2386 731 sensione
2415 679 2740 748 conﬂigere?

2210 768 2296 822 18.
2325 770 2406 821 Au
2450 767 2586 823 forte
2623 770 2907 824 metuimus
2951 786 3011 825 ea
3038 786 3178 842 quae
3215 782 3528 842 sequuntur.
3553 774 3726 840 Quod

2140 857 2269 908 enim
2297 857 2493 925 aperor,
2522 859 2696 929 ignoro
2719 877 2738 914 :
2763 877 2864 913 non
2887 861 3020 913 enim
3047 863 3179 931 quod
3201 864 3330 926 volo,
3353 863 3446 916 hoc
3469 880 3565 934 ago
3585 880 3605 928 ;
3627 864 3724 917 sed

2139 946 2272 1015 quod
2297 947 2382 1000 odi
2403 991 2415 1010 ,
2441 948 2570 1001 illud
2599 951 2730 1018 facio
2751 967 2771 1005 :
2801 967 2868 1004 ne
2891 950 3030 1006 forte
3050 968 3114 1006 ex
3142 952 3223 1006 his
3251 954 3426 1007 verbis
3455 955 3722 1025 quispiam

2141 1037 2440 1091 consentire
2481 1040 2656 1092 carnis
2697 1041 3136 1109 cmncupiscentite
3163 1041 3230 1095 ad
3271 1058 3429 1110 opera
3463 1046 3597 1096 mala
3623 1059 3722 1098 su-

2141 1127 2373 1194 Spicelur
2410 1129 2720 1194 Apost-ollim
2742 1129 2799 1182 a?
2825 1129 2928 1184 Sed
2967 1131 3407 1185 considerandum
3450 1143 3534 1186 est
3575 1134 3722 1202 quod

2141 1215 2372 1284 adjungil
2399 1235 2412 1269 :
2439 1216 2500 1272 Si
2521 1229 2685 1272 autem
2709 1220 2841 1289 quod
2866 1221 2982 1274 nolo
3000 1261 3016 1287 ,
3049 1221 3141 1274 hoc
3163 1221 3316 1288 facio,
3344 1224 3598 1276 consentio
3619 1223 3726 1294 legi

2141 1307 2375 1373 quoniam
2399 1307 2527 1359 bona
2555 1319 2646 1362 est.
2672 1309 2832 1378 Magis
2861 1310 3002 1363 enim
3031 1325 3089 1364 se
3115 1309 3244 1365 dicit
3265 1312 3366 1380 legi
3391 1314 3722 1377 consentire,

2143 1411 2298 1462 quam
2335 1398 2509 1450 carnis
2535 1400 2999 1468 concupiscentiae.
3033 1401 3178 1454 lianc
3217 1402 3360 1456 enim
3391 1404 3590 1470 peccati
3619 1419 3726 1458 no-

2143 1487 2285 1540 mine
2325 1488 2575 1556 appellat.
2617 1487 2822 1544 Faccre
2849 1505 2975 1559 ergo
3001 1506 3061 1544 se
3087 1491 3221 1544 dixit
3249 1501 3303 1545 et
3343 1492 3584 1561 operari,
3615 1510 3724 1548 non

2142 1575 2332 1631 atiectu
2389 1578 2754 1632 consentiendi
2802 1590 2872 1634 et
2919 1581 3208 1649 implendi,
3259 1581 3354 1636 sed
3407 1583 3526 1652 ipso
3575 1591 3726 1638 motu

2143 1669 2577 1737 concupiscendi.
2606 1671 2742 1725 llinc
2775 1687 2901 1740 ergo
2925 1714 2940 1738 ,
2970 1673 3176 1742 inquit,
3201 1675 3579 1746 consentio-legi
3599 1693 3728 1745 quo-

2144 1757 2278 1811 niam
2304 1759 2432 1812 bona
2464 1769 2535 1812 est
2564 1779 2582 1815 :
2611 1763 2893 1828 consentio,
2935 1763 3052 1830 quia
3095 1763 3219 1816 nolo
3263 1764 3402 1832 quod
3446 1780 3550 1818 non
3591 1765 3724 1818 vult.

2147 1851 2344 1905 Deinde
2385 1852 2544 1914 dicit,
2575 1851 2728 1905 Nunc
2765 1863 2930 1906 autem
2949 1855 3063 1925 jam
3099 1871 3206 1907 non
3230 1871 3321 1925 ego
3343 1871 3523 1924 aperor
3548 1854 3682 1908 illud
3705 1896 3724 1922 ,

2144 1943 2233 1996 sed
2277 1943 2331 1996 id
2355 1945 2487 2013 quod
2531 1945 2720 1999 habitat
2749 1947 2799 1998 in
2839 1963 2917 1999 me
2951 1957 3232 2016 peccatum.
3263 1947 3399 2016 Quid
3425 1958 3538 2013 est,
3569 1948 3729 2004 Nunc

2145 2044 2332 2097 autem;
2360 2035 2457 2088 nisi
2481 2077 2495 2100 ,
2524 2035 2640 2089 Jam
2681 2051 2820 2090 nunc
2847 2037 2947 2090 sub
2985 2037 3147 2106 gratia
3171 2078 3184 2098 ,
3211 2055 3326 2107 qua:
3357 2039 3598 2094 liberavit
3625 2040 3728 2094 do-

2147 2122 2480 2178 lectationem
2511 2125 2794 2179 voluntatis
2821 2141 2850 2178 a
2881 2128 3232 2182 consensione
3254 2128 3582 2198 cupiditatis?
3605 2129 3728 2184 Non

2145 2215 2285 2268 enim
2317 2216 2508 2270 melius
2535 2215 2881 2285 intelligitur,
2917 2215 3037 2270 Non
3075 2233 3164 2288 ego
3195 2234 3407 2288 ὀρατ-ω’,
3455 2221 3552 2274 nisi
3600 2222 3728 2290 quin

2149 2318 2252 2356 non
2277 2306 2542 2360 consentit
2581 2307 2834 2362 exitibere
2861 2307 3096 2362 membra
3139 2324 3235 2363 sua
3263 2324 3407 2363 arma
3435 2311 3730 2380 iniquitatis

2147 2405 2364 2465 peccato
2416 2396 2590 2469 (Rom.
2643 2413 2734 2465 vt,
2787 2398 2897 2470 15).
2929 2398 3059 2453 Nam
3105 2401 3148 2453 si
3201 2409 3254 2454 et
3294 2404 3624 2472 concupiscit
3673 2413 3734 2460 et

2147 2489 2407 2542 consentit
2453 2497 2509 2544 et
2543 2492 2680 2560 agit:
2721 2491 2986 2560 quomodo
3014 2507 3116 2546 non
3141 2492 3254 2560 ipse
3281 2494 3406 2548 illud
3436 2505 3728 2564 operatur,

2147 2579 2350 2633 etiamsi
2371 2582 2657 2648 se~0perari
2675 2581 2872 2644 doleat,
2892 2593 2945 2636 et
2975 2584 3108 2638 vinci
3135 2584 3364 2652 graviter
3381 2586 3729 2655 ingemiscat-2

2219 2669 2305 2724 i9.
2331 2669 2446 2730 Jatn
2479 2671 2606 2726 illud
2629 2673 2768 2740 quod
2795 2674 3049 2742 sequitur,
3082 2691 3260 2728 nonne
3284 2677 3422 2730 unde
3450 2677 3726 2747 loquatur,

2147 2762 2476 2831 apertissime
2527 2763 2800 2818 ostendit?
2825 2763 3106 2819 Scioem‘m
3143 2769 3268 2836 quia
3299 2785 3400 2822 non
3441 2769 3634 2823 habitat
3673 2772 3732 2826 in

2147 2869 2247 2916 me,
2281 2853 2376 2906 hoc
2401 2864 2474 2908 est
2499 2855 2552 2908 in
2589 2871 2739 2910 carne
2777 2874 2886 2910 mea
2905 2899 2917 2920 ,
2947 2858 3150 2911 bonum.
3182 2857 3236 2914 Si
3263 2860 3404 2914 enim
3435 2877 3537 2914 non
3563 2876 3734 2932 expo-

2149 2951 2297 2998 neret
2321 2943 2675 3014 adjungendo,
2700 2945 2794 2999 hoc
2819 2957 2888 3000 cst
2913 2949 2964 3000 in
2991 2964 3141 3002 carne
3167 2966 3296 3014 mea,
3323 2951 3478 3005 aliter
3499 2949 3734 3008 fortasse

2148 3033 2474 3102 acciperetur
2501 3035 2640 3104 qttod
2667 3035 2794 3090 dixit
2820 3080 2833 3099 ,
2861 3038 2914 3090 in
2948 3055 3044 3091 me.
3071 3041 3148 3092 Ac
3169 3055 3263 3108 per
3293 3039 3393 3094 hoc
3417 3051 3598 3096 versat
3629 3041 3734 3096 hoc

2149 3125 2289 3180 idem
2317 3134 2584 3194 repetens,
2607 3136 2660 3182 et
2685 3128 2956 3185 inculcans
2981 3149 2993 3182 :
3035 3129 3172 3184 Velle
3203 3132 3334 3186 enim
3363 3132 3560 3202 adjaeet
3581 3135 3732 3199 milii,-

2151 3218 2389 3288 perﬁcere
2421 3229 2586 3272 autent
2611 3221 2794 3273 bonum
2815 3262 2830 3286 ,
2859 3238 2980 3276 non.
3009 3221 3119 3276 Hoc
3162 3231 3244 3277 cst
3289 3225 3430 3278 enim
3473 3225 3730 3294 perﬁcere

2151 3308 2342 3362 bonum
2368 3349 2382 3373 ,
2413 3317 2470 3362 ut
2509 3323 2608 3364 nec
2648 3311 2988 3380 concupiscat
3029 3311 3208 3366 homo.
3239 3312 3606 3380 Imperfectum
3645 3323 3732 3370 est

2148 3407 2326 3454 autem
2366 3395 2814 3470 bonum,-qttatulo
2855 3403 3210 3471 concupiscit,
3256 3405 3414 3458 etiam
3445 3405 3486 3458 si
3528 3419 3732 3459 concu-

2156 3489 2424 3558 piscentiae
2477 3504 2580 3543 non
2625 3492 2890 3546 consentit
2931 3492 2996 3546 ad
3028 3493 3244 3546 malum.
3280 3493 3400 3548 Non
3429 3495 3562 3548 enim
3591 3494 3734 3560 quod

2149 3576 2260 3632 volo
2306 3578 2438 3649 facio
2465 3577 2682 3645 bonum,
2706 3579 2907 3650 inquit;
2959 3581 3047 3634 sed
3077 3581 3211 3652 quod
3243 3583 3360 3636 nolo
3396 3583 3604 3647 malum,
3635 3585 3734 3637 hoc

2149 3685 2265 3740 ago.
2303 3669 2364 3724 Si
2381 3681 2552 3726 autem
2585 3671 2720 3742 quod
2757 3673 2874 3726 nolo
2907 3689 3017 3742 ego,
3049 3673 3143 3728 hoc
3177 3675 3346 3743 facio;
3366 3677 3478 3746 jam
3507 3693 3608 3730 non
3639 3693 3734 3748 ego

2149 3776 2329 3831 operor
2351 3762 2502 3826 illud,
2527 3762 2616 3816 sed
2641 3763 2774 3832 quod
2812 3764 3003 3818 habitat
3031 3767 3082 3818 in
3121 3783 3200 3820 me
3239 3779 3516 3836 peccatum.
3555 3769 3608 3822 Id
3639 3786 3733 3824 re-

2151 3849 2334 3919 petivit
2366 3849 2635 3906 inculcans
2657 3893 2672 3916 ,
2704 3862 2757 3906 et
2787 3862 3031 3924 tanquam
3066 3855 3397 3910 tardissimos
3423 3857 3490 3912 de
3539 3873 3732 3912 somno

2148 3945 2432 4000 excitans:
2463 3943 2672 4000 Invenio
2691 3963 2808 4016 ergo
2838 3947 3024 4016 legem,
3057 3948 3226 4018 inquit
3245 3991 3258 4011 ,
3287 3949 3410 4002 mihi
3439 3952 3624 4004 nolenti
3649 3955 3734 4022 fa-

2149 4054 2262 4091 cere
2287 4039 2468 4091 bonum
2491 4038 2770 4107 ,quoniam
2821 4038 2944 4091 mihi
2988 4038 3177 4092 malum
3223 4040 3440 4111 att-jacet.
3473 4042 3563 4095 llla
3600 4057 3733 4110 ergo

2150 4128 2346 4182 bonum
2389 4138 2470 4182 est
2509 4129 2701 4183 volenti
2731 4128 2906 4182 facere
2929 4171 2944 4194 ,
2975 4129 3176 4197 adiacet
3221 4141 3396 4183 autem
3439 4132 3634 4184 malum
3661 4148 3730 4186 ex

2149 4217 2607 4285 concupiscentia,
2633 4219 2716 4272 cui
2743 4232 2847 4272 non
2879 4221 3144 4274 consentit
3169 4220 3256 4290 qui
3283 4219 3413 4275 dicit
3436 4261 3452 4284 ,
3473 4219 3596 4274 Jam
3625 4239 3730 4276 non

2149 4323 2239 4377 ego
2265 4323 2446 4376 operor
2465 4307 2616 4361 illud.
3219 4359 3224 4363 .

2217 4397 2308 4452 20.
2339 4398 2584 4466 Apertins
2627 4406 2802 4452 autem
2833 4398 2974 4467 quod
3025 4400 3262 4470 sequitur
3308 4409 3592 4470 utrumque
3633 4401 3732 4454 de-

2148 4491 2314 4544 clarat
2341 4508 2354 4544 :
2389 4490 2714 4545 Condelector
2743 4493 2876 4546 enim
2896 4493 2994 4564 legi
3023 4493 3120 4548 Dei
3139 4494 3412 4548 secundum
3436 4496 3730 4550 interiorem

2148 4580 2432 4646 hominem;
2471 4581 2612 4634 video
2635 4593 2802 4634 autem
2835 4583 2988 4636 aliam
3015 4583 3172 4654 legem
3217 4586 3269 4638 in
3299 4584 3531 4639 membris
3559 4588 3684 4640 meis
3709 4629 3726 4650 ,

2147 4681 2504 4741 repugnantth
2531 4672 2626 4742 legi
2653 4673 2830 4725 mentis
2849 4688 2990 4737 mete,
3019 4681 3064 4725 et
3087 4674 3420 4743 captivantem
3447 4691 3524 4728 me
3543 4675 3594 4728 in
3619 4675 3732 4744 lege

2147 4761 2338 4830 peccati
2359 4759 2381 4791 ⁸
2403 4802 2419 4826 ,
2449 4777 2564 4831 qua:
2607 4771 2676 4815 est
2723 4762 2773 4815 in
2817 4763 3047 4818 membris
3087 4765 3226 4816 meis.
3264 4761 3366 4818 Sed
3393 4765 3530 4833 quod
3562 4765 3728 4828 dixit,

2147 4851 2477 4920 captivantem
2502 4869 2600 4914 me,
2626 4861 2798 4920 potest
2826 4867 3059 4915 movere,
3083 4855 3126 4907 si
3149 4854 3288 4908 nulla
3311 4857 3594 4910 consensio
3617 4863 3726 4910 est.

2147 4938 2296 4994 Unde
2323 4950 2534 5010 propter
2558 4942 2654 4994 tria
2683 4943 2801 5009 ista,
2821 4943 2926 4996 duo
2946 4944 3147 5000 scilicet
3170 4945 3236 5000 de
3259 4947 3450 5014 quibus
3466 4949 3576 5015 jam
3615 4947 3731 5000 dis-

2145 5031 2461 5096 putavimus,
2511 5031 2654 5099 qod
2683 5033 2784 5094 ait,
2818 5031 2930 5103 Ego
2955 5045 3123 5088 autem
3144 5035 3362 5090 carnalis
3385 5054 3522 5102 sum,
3543 5046 3618 5102 et,
3640 5053 3726 5092 ve—

2145 5119 2398 5172 nundatus
2423 5120 2513 5173 sub
2536 5134 2738 5190 peccato
2757 5165 2772 5189 ,
2801 5134 2854 5178 et
2883 5123 2984 5180 hoc
3010 5128 3218 5180 tertium
3239 5169 3254 5189 ,
3283 5130 3618 5196 captivantem
3643 5146 3728 5184 me

2143 5209 2197 5263 in
2229 5209 2335 5280 lege
2359 5213 2578 5281 peccati,
2607 5229 2719 5282 qua:
2750 5224 2820 5267 est
2840 5215 2894 5268 in
2922 5217 3152 5272 membris
3179 5219 3301 5273 meis
3321 5259 3337 5284 ,
3359 5229 3533 5290 potest
3553 5220 3726 5276 videri

2208 5323 2223 5355 ³
2257 5323 2329 5372 sic
2350 5329 2454 5372 Mss.
2481 5333 2535 5374 Αι
2557 5325 2694 5384 editi,
2719 5333 2889 5384 posset.

2207 5385 2228 5446 ξ
2259 5384 2476 5434 Gallicini
2499 5394 2621 5446 λιες»,
2650 5384 2916 5438 dilectione.

2205 5445 2226 5518 ξ
2239 5448 2438 5518 \‘aticani
2451 5453 2501 5518 tu,
2512 5445 2643 5518 s.,atl
2653 5447 2933 5518 aperamala
2943 5455 3160 5518 sanctum
3175 5449 3426 5518 lpostolum
3435 5461 3724 5518 suspicetur.

2203 5506 2452 5575 spadices
2491 5515 2614 5575 Mss,
2655 5506 2965 5569 captivantem
2991 5523 3066 5560 me
3106 5506 3208 5575 lege
3225 5515 3414 5575 peccati
3443 5527 3460 5564 :
3486 5506 3536 5564 ei
3577 5515 3722 5572 intra,

2140 5546 2453 5639 ωριιυαῇὶὲἦῖ
2473 5546 2578 5630 ιηὲῖ
2589 5546 3554 5639 ὴρὲ“ςε’ἑὶζξὲὃὶῑιὲἦ’ἱῦεᾶἷξῖ,”ι’ἑῇἔὶἱὲἓὲαὶῖς

2215 5637 2490 5738 apistanter
2511 5631 2756 5694 particula,
2781 5631 2848 5692 in,
2873 5647 2982 5696 quae
3009 5641 3058 5683 ct
3097 5648 3122 5684 a
3160 5631 3320 5698 gnsco
3340 5631 3482 5687 textu
3509 5631 3726 5701 apostoli
