3984 6480
220 401 296 459 581

217 506 464 582 aptandus
499 512 619 555 eum
656 491 960 550 describere
983 486 1070 582 qui
1096 484 1195 582 sub
1222 482 1338 582 lege
1369 480 1543 536 adhuc
1573 478 1705 582 .vivit
1731 517 1748 540 ,

219 571 416 661 nondum
441 590 540 648 sub
587 586 775 660 gratia.
807 582 911 638 Sed
958 580 1101 635 sicut
1135 576 1221 632 illa
1241 575 1347 630 duo
1368 571 1708 643 exposuimus
1730 606 1751 632 ,

221 699 402 766 propter
422 696 637 740 carnem
662 678 837 733 adhuc
859 669 1255 743 corruptibilem
1277 667 1445 766 diota;-
1457 664 1547 766 _sic
1571 670 1626 717 et
1648 661 1753 715 hoc

220 757 360 855 potest
396 770 652 843 intelligi,
679 780 738 823 ut
772 766 1105 838 captivantem
1139 776 1251 827 me,
1279 757 1473 813 dixerit
1493 766 1710 855 {carne
1732 791 1748 817 ,

219 844 300 930 non
323 874 519 931 mente;
547 861 784 917 motione
805 897 822 926 ,
867 872 971 911 non
1008 852 1359 909 consensione
1388 865 1403 901 :
1435 855 1489 901 et
1517 844 1637 900 ideo
1660 858 1751 896 ca-

220 965 450 1037 ptivantem
474 971 574 1021 me,
602 952 726 1022 quia
746 960 800 1004 et
826 950 878 1003 in
905 949 1017 1018 ipsa
1037 960 1197 999 carne
1222 956 1327 997 non
1356 946 1439 996 est
1462 938 1636 1037 aliena
1659 949 1756 1037 na-

219 1024 308 1109 iura
328 1090 342 1115 ,
373 1047 462 1103 sed
508 1054 715 1099 nostra.
746 1040 893 1097 Sicut
917 1051 1045 1108 ergo
1080 1032 1326 1104 exposuit
1364 1032 1477 1101 ipse
1513 1026 1639 1099 quid
1669 1024 1753 1080 di-

218 1144 323 1198 serit
338 1180 352 1205 ,
375 1138 489 1192 Scio
502 1134 639 1188 enim
658 1133 776 1201 quia
805 1147 903 1184 non
924 1128 1110 1182 habitat
1130 1126 1182 1178 in
1209 1138 1312 1188 me,
1331 1121 1424 1174 hoc
1443 1118 1584 1173 estin
1607 1131 1757 1170 came

218 1251 301 1288 mea
319 1274 332 1297 ,
357 1230 532 1284 bonum
555 1241 576 1280 :
607 1227 687 1281 sic
713 1223 823 1295 jam
844 1222 861 1253 ¹
889 1237 959 1276 ει
984 1219 1124 1273 illius
1151 1213 1480 1285 expositione
1508 1209 1648 1263 bunc
1674 1206 1756 1261 lo-

217 1341 309 1382 cum
340 1322 590 1376 debemus
639 1317 882 1385 accipere
901 1353 916 1379 ,
944 1321 1193 1381 tanquam
1241 1305 1471 1370 dixerit,
1501 1302 1761 1372 captivan-

219 1431 291 1471 teut
313 1431 398 1476 me,
420 1412 519 1466 hoc
548 1419 676 1476 est,
701 1420 919 1463 carnem
938 1418 1111 1459 meam
1130 1443 1145 1469 ,
1172 1400 1225 1454 in
1254 1398 1360 1470 lege
1388 1394 1615 1467 peccati,
1645 1405 1760 1463 quia

218 1518 270 1562 rst
287 1507 330 1559 in
352 1502 580 1556 membris
606 1500 752 1553 meis.

269 1600 343 1651 21.
374 1591 571 1648 Deinde
613 1587 886 1658 subjungit
915 1592 1125 1655 propter
1145 1578 1297 1651 quod
1319 1578 1455 1632 dicta
1482 1581 1611 1630 sunt
1646 1586 1762 1626 om-

221 1692 284 1745 nia
311 1706 323 1740 :
348 1684 497 1739 Miser
515 1699 618 1751 ego
640 1682 808 1743 homo,
833 1677 943 1742 quis
972 1691 1050 1728 me
1076 1670 1298 1727 liberabit
1325 1669 1386 1722 de
1407 1681 1614 1737 corpore
1628 1677 1763 1716 mor-

218 1785 268 1835 tis
293 1774 460 1847 hujus?
484 1771 676 1828 Gratia
727 1769 819 1823 Dei
846 1784 933 1840 per
968 1764 1143 1819 Iesum
1191 1759 1447 1815 Christum
1490 1754 1761 1809 Dominum

219 1882 421 1928 nostrum.
450 1868 638 1936 Atque
666 1862 789 1918 inde
817 1858 1113 1918 concludit,
1144 1854 1313 1927 Igitur
1348 1852 1456 1922 ipse
1484 1865 1574 1920 ego
1603 1854 1764 1948 mente

216 1965 342 2020 senio
386 1958 475 2030 legi
510 1957 650 2019 Dei,
678 1970 828 2009 carne
876 1960 1038 2005 autem
1086 1948 1183 2018 legi
1225 1942 1637 2016 peccati:carne
1661 1942 1766 2038 sci-.-

218 2055 313 2109 licet
334 2027 443 2120 legi-
461 2046 716 2120 peccati,
743 2039 1201 2111 concupiscendo;
1230 2044 1404 2089 mente
1453 2027 1763 2120 autenrlcgi

219 2144 322 2206 Dei.
348 2116 523 2196 cidein
564 2130 1006 2206 concupiscentia:
1033 2144 1136 2182 non
1167 2120 1567 2187 consentiendi).
1602 2116 1766 2171 Nulla

220 2250 313 2305 ergo
334 2228 685 2285 condemnatio
709 2235 780 2278 est
805 2238 934 2277 nunc
959 2220 1036 2274 his
1060 2218 1151 2289 qui
1172 2225 1287 2271 sunt
1319 2216 1371 2268 in
1403 2212 1598 2267 Christo
1615 2208 1763 2305 Iesu.

221 2299 313 2380 Non
345 2323 476 2377 enim
518 2319 834 2384 damnatur,
862 2313 963 2368 nisi
1006 2311 1095 2382 qui
1123 2304 1566 2377 concupiscentia:
1591 2299 1767 2354 carnis

220 2413 443 2471 consentit
487 2410 571 2464 ad"
588 2409 810 2463 malum.
836 2404 942 2459 Lex
969 2401 1099 2456 enim
1123 2398 1331 2471 spiritus
1356 2397 1468 2449 uiae
1491 2394 1544 2448 in
1573 2390 1769 2446 Christo

221 2507 323 2561 Iesu
340 2504 559 2558 liberavit
582 2510 633 2556 te
658 2518 690 2553 a
714 2499 823 2570 lege
845 2494 1036 2569 peccati
1061 2501 1108 2547 et
1146 2491 1320 2545 mortis
1349 2487 1524 2560 (Rom.
1551 2499 1651 2549 vn,
1677 2482 1771 2537 15-

223 2614 327 2662 vnu,
349 2597 402 2666 2)
423 2613 434 2647 :
454 2610 529 2650 ne
555 2592 757 2648 scilicet
784 2585 1189 2644 consensionem
1220 2591 1361 2635 tuam
1389 2574 1770 2666 Concupiscen-

226 2690 283 2742 tia
300 2663 395 2742 sibi
407 2685 641 2740 vindicet
665 2681 862 2738 carnis.
884 2679 948 2733 Et
968 2692 1030 2732 ea
1052 2691 1168 2745 quae.
1195 2678 1503 2743 sequuntur,
1523 2663 1769 2767 eumdem

228 2795 412 2835 sensum
434 2776 606 2846 magis
648 2773 919 2843 magisque
952 2768 1320 2823 demonstrant
1351 2778 1364 2816 :
1393 2758 1486 2815 sed
1516 2756 1771 2812 adhiben-

229 2870 317 2924 dus
338 2879 409 2923 est
427 2866 631 2922 modus.

297 2960 377 3013 2‘2.
400 2959 575 3012 Visum
600 2964 777 3010 autem
801 2948 1085 3022 aliquando
1110 2948 1268 3003 etiam
1296 2943 1427 3000 mibi
1454 2941 1643 3008 fuerat,
1674 2938 1772 2994 ho-

243 3053 413 3105 minem
433 3051 529 3104 sub
551 3050 692 3117 lege,
724 3046 830 3099 isto
853 3041 1094 3114 Apostoli
1129 3052 1378 3094 serunonc
1418 3031 1644 3090 describi
1672 3029 1770 3102 (a).

232 3141 329 3197 Sed
351 3143 443 3194 vim
485 3139 608 3193 mihi
631 3135 875 3192 fecerunt
924 3140 1102 3203 postea
1133 3131 1230 3185 ista
1256 3127 1415 3183 verba
1439 3166 1456 3191 ,
1484 3122 1624 3195 quod
1668 3120 1771 3188 ait,

232 3230 365 3286 Nunc
399 3238 562 3283 autem
593 3228 717 3298 jam
738 3223 841 3279 non
862 3239 955 3294 ego
978 3236 1160 3292 operor
1183 3218 1330 3272 illud.
1380 3214 1462 3270 Ad
1502 3212 1605 3268 hoc
1631 3210 1774 3266 enim

234 3320 581 3393 pertinctillud
606 3316 751 3389 quod
779 3317 853 3370 ait
881 3325 934 3370 et
960 3321 1176 3384 postea,
1209 3309 1374 3365 Nulla
1416 3324 1534 3379 ergo
1589 3306 1774 3360 condc-

230 3414 387 3468 mtio
402 3421 473 3467 est
502 3427 640 3465 nunc
660 3410 737 3463 his
753 3408 836 3478 qui
855 3416 970 3461 sunt
987 3406 1039 3459 in
1059 3402 1258 3460 Christo
1271 3401 1412 3457 Jesu.
1436 3402 1500 3455 Et
1523 3400 1643 3470 quia
1671 3415 1775 3453 non

230 3504 357 3560 rideo
381 3502 650 3574 quomodo
693 3500 898 3554 diceret
945 3498 1103 3550 homo
1141 3494 1240 3548 sub
1278 3493 1427 3563 lege,
1455 3488 1780 3545 Condelector

228 3600 306 3668 legi
334 3597 417 3650 Dei
451 3595 732 3650 secundum
758 3592 1041 3644 interiorem
1079 3586 1328 3640 hominem
1354 3600 1374 3638 :
1401 3599 1519 3639 cum
1547 3583 1658 3650 ipsa
1685 3581 1780 3636 dc-

227 3688 414 3742 lectatio
461 3687 623 3749 boni,
672 3698 777 3753 qua
821 3681 978 3736 etiam
1020 3694 1129 3733 non
1157 3676 1422 3731 consentit
1447 3674 1513 3727 ad
1542 3672 1775 3737 malmn,

227 3794 313 3832 non
340 3778 528 3831 timore
556 3790 727 3844 pinna:
747 3813 761 3835 ,
790 3770 883 3826 sed
913 3767 1326 3836 amorejustitia:
1356 3763 1493 3837 (hoc
1519 3770 1601 3817 est
1638 3761 1778 3817 enim

229 3867 583 3934 condelectari)
601 3907 614 3926 ,
640 3862 850 3917 nonnisi
875 3862 1056 3932 gratiae
1084 3855 1384 3927 deputanda
1409 3855 1496 3909 sit.

282 3958 494 4014 CAI’U'I'
522 3956 688 4012 XI.-—-
704 3952 1009 4010 23.1terum
1039 3951 1100 4004 de
1125 3949 1294 4004 eodem
1312 3955 1622 4019 argumento.
1647 3943 1779 3998 Nam

226 4063 269 4105 et
282 4053 361 4105 ubi
384 4051 478 4116 ait,
494 4049 622 4116 Quis
638 4063 717 4100 nte
733 4044 957 4099 liberabit
977 4044 1039 4096 dc
1052 4056 1259 4112 corpore
1275 4040 1448 4092 mortis
1462 4038 1632 4107 hujus;
1664 4037 1782 4106 quis

227 4151 363 4213 neget
402 4140 717 4211 Apostolum
766 4152 887 4191 cum
918 4138 1031 4188 tunc
1058 4132 1289 4197 diceret,
1337 4130 1512 4184 adhuc
1540 4130 1699 4184 fuisse
1730 4129 1780 4181 in

228 4248 430 4302 corpore
470 4231 661 4284 mortis
688 4226 883 4297 hujus?
910 4226 950 4280 A
996 4240 1102 4295 quo
1118 4214 1303 4293 ‘utique
1346 4220 1493 4290 impii
1523 4238 1625 4275 tton
1652 4221 1783 4275 libe-

231 4335 425 4391 rantur,
453 4325 646 4393 quibus
691 4315 879 4375 eadem
921 4333 1143 4388 corpora
1173 4316 1239 4370 ad
1280 4324 1538 4370 tormenta
1584 4326 1781 4369 teter-na

232 4415 517 4467 redduntur.
552 4411 792 4466 Liberari
819 4424 947 4478 ergo
972 4417 1054 4462 est
1076 4422 1116 4460 a~
1143 4421 1367 4475 corpore
1398 4405 1584 4459 mortis
1605 4404 1779 4475 hujus,

236 4506 358 4561 omni
381 4515 563 4560 sanato
591 4506 847 4573 languore
887 4497 1327 4568 CUﬂCIlpISCClllitl)
1352 4498 1555 4563 carnis,
1585 4514 1688 4551 non
1720 4497 1785 4551 ad

238 4613 421 4667 pinnam
451 4613 645 4667 corpus
693 4596 953 4664 recipere.
983 4592 1076 4647 sed
1115 4591 1182 4646 ad
1219 4591 1461 4662 gloriam.
1502 4590 1633 4644 lluic
1671 4590 1788 4643 loco

241 4698 286 4742 ct
318 4689 434 4744 illud
452 4690 595 4743 satis
622 4696 917 4742 consonat:
947 4683 1115 4737 Etiam
1154 4699 1244 4736 nos
1288 4682 1386 4753 ipsi
1424 4681 1668 4751 primitias
1698 4682 1790 4733 ha-

246 4782 383 4835 bentes
417 4782 654 4851 spiritus,
679 4788 725 4831 et
766 4776 865 4846 ipsi
893 4777 946 4829 in
985 4773 1348 4844 nobismetipsis
1385 4773 1787 4844 ingemiscimus,

246 4872 533 4940 adoptionem
556 4876 896 4939 exspectantes
913 4907 929 4933 ,
956 4865 1343 4935 redemptionem
1366 4864 1588 4934 corporis
1613 4865 1787 4916 nostri.

248 4962 474 5017 Nimirum
512 4964 652 5017 enim
682 4960 878 5032 gemitu
905 4959 1006 5013 isto
1040 4957 1467 5028 ingemiscimus,
1501 4956 1551 5010 in
1582 4971 1687 5026 quo
1714 4955 1794 5011 di-

252 5058 422 5119 cimus,
452 5054 605 5108 Miser
633 5070 722 5123 ego
770 5052 949 5116 homo,
978 5052 1087 5120 quis
1121 5066 1199 5103 me
1225 5048 1448 5102 Lberabit
1486 5048 1548 5102 dc
1584 5062 1794 5116 corpore

257 5147 398 5199 mortis
428 5146 615 5212 huius?
636 5141 767 5197 ltlnd
803 5142 960 5197 etiam
1002 5141 1088 5194 tibi
1114 5141 1220 5203 ait,
1252 5140 1404 5204 Quod.
1425 5140 1554 5205 enim
1579 5156 1801 5207 operor,

256 5237 437 5305 ignoro;
458 5236 592 5308 quid.
623 5246 705 5288 est
744 5234 880 5286 aliud
906 5273 921 5297 ,
944 5248 1130 5301 quam,
1176 5229 1337 5296 Nolo,
1381 5247 1483 5284 non
1521 5232 1757 5299 approbo
1778 5272 1792 5291 .

258 5343 343 5379 uua
377 5329 640 5382 consentio
665 5368 678 5387 ,
712 5342 815 5379 non
863 5323 1036 5376 iacio?
1076 5321 1321 5391 Alioquin
1351 5330 1673 5375 Ctlllll'al'llllll
1715 5331 1798 5375 est

259 5421 359 5485 his,
384 5436 494 5490 quat
515 5419 761 5488 superius
798 5415 962 5481 dixit,
991 5411 1092 5468 Per
1119 5413 1276 5484 legem
1316 5413 1533 5483 cognitio
1568 5411 1795 5481 peccati;

311 5571 327 5640 Ῠ
352 5570 560 5640 ΨΜ
583 5568 803 5640 mare}?
823 5567 984 5640 dim.“
1019 5635 1048 5640 _

307 5634 374 5701 (ᾳ)
400 5639 460 5681 tta
481 5636 634 5701 visum
673 5633 738 5701 illi
765 5632 922 5701 luerat
949 5632 997 5679 in
1019 5628 1321 5701 Elposilione
1343 5628 1654 5701 quarumdam
1689 5641 1799 5701 pro-

257 5691 515 5755 pteitionum
540 5695 757 5755 Epistolis:
777 5694 837 5741 ad
855 5694 1375 5801 Itonianusqiroimitt.
1403 5691 1462 5737 41
1485 5700 1536 5739 et
1560 5692 1636 5745 43,
1665 5700 1712 5739 ct
1756 5693 1800 5740 in

257 5756 482 5801 Epistolam
503 5758 560 5801 ad
578 5756 778 5801 Galatas.
803 5767 906 5801 can.
934 5754 979 5801 :‘i.
1006 5765 1052 5801 ιι.
1079 5753 1110 5800 4
1144 5784 1161 5801 .
1199 5760 1250 5801 et
1272 5750 1394 5801 libro
1424 5754 1440 5801 1
1468 5754 1529 5800 att
1551 5753 1800 5801 siturlicia-

503 5750 779 5806 adhalatas.
803 5767 906 5815 cap.
934 5754 979 5810 ὕ,
1006 5765 1052 5801 n.
1079 5750 1161 5813 47,
1199 5750 1250 5802 et
1272 5750 1394 5801 libro
1424 5754 1440 5801 1
1468 5754 1529 5800 ad
1551 5753 1802 5816 suntdicta-

259 5827 555 5881 nttat,qu:est.
586 5821 626 5876 l,
651 5831 733 5865 tm.
754 5816 785 5864 ’ἲ
812 5824 866 5864 ct
883 5817 932 5864 υ.

1516 366 1715 422 LIBER
1756 364 2023 420 PRIMUS.

3326 375 3428 429 5ΰῖ

1855 504 1942 562 et,
1973 493 2238 551 Peccatum
2260 514 2359 553 non
2372 507 2583 571 cognout
2608 507 2708 555 ntst
2720 515 2809 571 per
2830 501 3018 572 legem;
3046 511 3128 567 et,
3160 500 3433 579 Peccatum
3515 516 3524 525 '

1832 594 1909 668 _ut
1944 596 2188 657 appareat
2233 598 2523 657 peccatum,
2556 607 2646 659 per
2680 590 2860 645 bonum
2890 592 3015 645 mihi
3049 604 3312 673 operatum
3356 607 3431 650 est

1856 684 2081 729 mortem.
2127 675 2404 744 Quomodo
2434 681 2575 733 enim
2620 690 2891 750 peccatum
2918 698 3012 752 per
3037 683 3205 753 legem
3235 699 3430 756 cogno-

1855 764 1930 818 vit
1948 804 1974 831 ν
1994 764 2133 834 quod
2167 765 2408 835 ignorat?
2435 769 2701 837 quomodo
2725 781 2946 841 apparet
2969 783 3259 842 peccatum,
3289 776 3432 846 quod

1856 854 2165 926 ignoratur?
2189 856 2309 945 Sict
2323 873 2449 927 ergo
2487 857 2683 914 dictum
2709 872 2791 915 est
2813 902 2827 927 ,
2859 862 3034 934 ignoro
3055 903 3073 931 ,
3111 862 3227 920 Non
3259 864 3431 935 facio,

1857 946 1977 1016 quia
2016 946 2159 1002 nulla
2206 949 2556 1004 consensione
2590 950 2642 1004 id
2683 966 2783 1024 ego
2813 954 2925 1023 ipse
2960 958 3234 1012 committo
3261 975 3275 1014 :
3302 974 3436 1029 quo-

1858 1037 2017 1091 modo
2066 1036 2304 1092 dicturus
2337 1048 2420 1095 cst
2466 1039 2718 1097 Dominus
2768 1044 2973 1113 impiis,
3023 1043 3144 1099 Non
3192 1048 3305 1102 novi
3346 1065 3432 1104 vos

1861 1124 2071 1200 (Matth.
2097 1143 2165 1181 vn
2188 1169 2203 1194 ,
2233 1127 2323 1199 25)
2348 1145 2361 1194 ;
2402 1144 2558 1198 quem
2587 1133 2767 1202 procul
2808 1132 2966 1186 dubio
2989 1133 3154 1189 latere
3182 1137 3309 1190 nihil
3331 1154 3432 1208 po-

1860 1226 1965 1271 test
1995 1234 2009 1271 :
2038 1228 2092 1273 et
2134 1219 2270 1273 sicut
2297 1219 2496 1274 dictum
2523 1233 2606 1276 cst
2629 1263 2644 1289 ,
2677 1220 2810 1276 Eum
2838 1224 2924 1294 qui
2955 1240 3055 1278 non
3084 1236 3285 1279 noverat
3314 1244 3434 1298 pec-

1859 1318 2027 1363 catum
2068 1316 2086 1382 (
2112 1308 2152 1364 II
2175 1308 2290 1364 Cor.
2320 1328 2380 1378 ν,
2402 1311 2463 1365 21
2487 1311 2541 1384 );
2573 1313 2712 1384 quod
2734 1325 2847 1380 est,
2869 1313 2986 1371 Non
3006 1315 3203 1373 fecerat
3225 1334 3239 1373 :
3262 1334 3436 1389 neque

1860 1400 2003 1455 enim
2044 1416 2146 1453 non
2176 1412 2392 1455 noverat
2417 1402 2557 1472 quod
2583 1404 2856 1475 arguebat.

1932 1489 2022 1544 24.
2052 1489 2146 1543 llis
2166 1502 2323 1562 atque
2350 1492 2648 1563 ltujusmodi
2686 1496 2737 1549 in
2780 1496 2880 1551 ista
2906 1496 3193 1567 Scriptura:
3218 1488 3437 1571 aposto-

1861 1577 1977 1634 Iicze
2023 1579 2420 1637 circumstantia
2451 1584 2730 1655 diligenter
2763 1587 3146 1655 consideratis,
3175 1600 3319 1647 recte
3354 1593 3439 1647 in-

1865 1669 2126 1740 telligitur
2169 1673 2625 1741 Apostolus,non
2667 1678 2877 1748 quidem
2928 1692 2988 1733 se
3016 1680 3189 1735 soluat
3241 1682 3294 1736 in
3341 1698 3437 1739 sua

1866 1775 2122 1831 persona,
2150 1778 2333 1817 verum
2358 1765 2491 1818 alios
2519 1766 2676 1820 etiam
2698 1767 2799 1822 sub
2818 1760 2988 1838 gratia
3015 1771 3334 1826 constitutos
3358 1773 3437 1826 si-

1863 1851 2165 1921 gniﬁcasse,
2192 1854 2285 1908 sed
2319 1869 2497 1909 secum
2530 1857 2762 1911 nondum
2785 1860 2836 1913 in
2862 1860 2950 1914 illa
2979 1862 3293 1919 constitutos
3314 1877 3443 1933 pace

1866 1939 2117 2010 perfecta,
2139 1943 2188 1995 iu
2210 1958 2309 2012 qua
2331 1938 2699 2000 absorbebitur
2720 1964 2862 2002 mors
2882 1949 2933 2003 in
2962 1948 3231 2005 victoriam
3251 1951 3295 2024 (I
3316 1952 3436 2008 Cor.

1867 2046 1960 2098 xv,
1990 2031 2103 2102 54).
2134 2032 2209 2087 Dc
2238 2049 2337 2103 qua
2381 2046 2497 2103 post
2537 2036 2695 2102 dicit,
2723 2039 2782 2092 Si
2821 2050 2983 2093 autent
3018 2041 3244 2096 Christus
3273 2045 3324 2100 in
3357 2060 3444 2098 uo-

1869 2121 1960 2187 bis,
1989 2138 2170 2192 corpas
2195 2125 2393 2193 quidem
2415 2137 2659 2182 mortuum
2689 2139 2759 2183 est
2795 2142 2996 2201 propter
3024 2146 3312 2203 peccatum;
3333 2139 3442 2208 spi-

1867 2215 1995 2268 ritus
2018 2228 2181 2269 autem
2207 2218 2306 2270 vita
2342 2229 2413 2271 est
2441 2231 2642 2292 propter
2673 2223 2947 2292 justitiam.
2979 2222 3039 2278 Si
3080 2243 3195 2296 ergo
3221 2228 3445 2299 Spiritus

1872 2307 1979 2376 ejus
2018 2308 2105 2377 qui
2128 2309 2382 2362 suscitavit
2406 2308 2583 2363 Jesam
2620 2328 2683 2367 ea:
2710 2314 2948 2381 mortuis,
2982 2315 3171 2369 habitat
3190 2317 3243 2371 in
3268 2317 3443 2386 vobis;

1870 2399 1956 2467 qui
1997 2401 2252 2453 suscitavit
2279 2401 2531 2456 Christum
2556 2402 2733 2458 Jcsum
2761 2423 2791 2458 a
2834 2388 3041 2463 mortuis
3061 2449 3075 2472 ,
3106 2410 3373 2479 viui/icabit
3397 2422 3446 2467 et

1871 2491 2105 2544 mortalia
2129 2509 2338 2563 corpora
2375 2508 2535 2547 ucstra
2571 2512 2658 2565 per
2680 2496 3039 2552 inhabitantem
3066 2498 3315 2570 Spiritum
3335 2504 3447 2573 ejus

1871 2581 1926 2633 in
1950 2581 2084 2634 vobis
2117 2582 2287 2654 (Rom.
2317 2599 2438 2650 vui,
2477 2585 2574 2650 10,
2608 2585 2718 2657 ll).
2757 2586 3041 2643 Vivilicatis
3068 2590 3225 2659 igitur
3251 2604 3451 2647 morta-

1873 2669 2010 2725 libus
2038 2673 2349 2741 corporibus
2399 2676 2625 2742 nostris,
2663 2691 2766 2731 non
2807 2678 2976 2732 Solum
3014 2679 3091 2734 ad
3125 2683 3447 2750 peccandum

1873 2762 2156 2817 consensio
2193 2763 2334 2818 nulla
2360 2766 2485 2831 erit,
2517 2767 2611 2822 sed
2641 2784 2740 2824 nec
2780 2770 2890 2839 ipsa
2919 2772 3004 2827 cui
3040 2789 3144 2828 non
3178 2775 3193 2807 ⁸
3222 2791 3449 2831 consen-

1878 2853 2037 2908 tiatur
2060 2857 2235 2909 carnis
2269 2858 2692 2928 concupiscentia
2722 2863 3035 2918 remanebit.
3088 2865 3257 2932 Quam
3286 2868 3447 2938 spiri-

1876 2945 1949 2999 tui
1974 2948 2307 3002 resistentem
2334 2964 2438 3003 non
2462 2950 2661 3006 habere
2682 2951 2732 3005 in
2760 2967 2922 3008 carne
2940 2957 3187 3022 mortali,
3210 2956 3300 3012 ille
3330 2966 3450 3011 tan-

1876 3036 2150 3090 tummodo
2178 3035 2338 3092 homo
2362 3039 2533 3109 potuit
2554 3039 2687 3109 ,qui
2733 3056 2838 3098 non
2880 3059 2973 3112 per
2996 3044 3162 3113 ipsam
3185 3046 3251 3100 ad
3276 3046 3450 3103 homi-

1878 3139 1973 3181 nes
1991 3126 2155 3181 venit.
2186 3127 2255 3181 Et
2282 3126 2402 3183 ideo
2428 3130 2740 3199 Apostolos,
2764 3131 2887 3202 quia
2914 3132 3173 3189 homines
3186 3147 3337 3190 erant
3354 3178 3370 3200 ,
3395 3150 3452 3194 et

1876 3232 2068 3288 corpus
2093 3218 2233 3289 quod
2252 3222 2610 3292 corrumpitur
2643 3232 2695 3279 et
2715 3234 2963 3295 aggravat
3000 3227 3330 3295 animam,.in
3358 3231 3455 3286 ltu-

1872 3307 1960 3380 jus
1984 3311 2102 3364 vita:
2125 3311 2442 3368 mortalitate
2466 3314 2776 3383 portabant,
2799 3317 2936 3371 absit
2971 3328 3031 3378 ut.
3046 3318 3285 3375 dicamus
3302 3363 3319 3387 ,
3347 3324 3453 3379 sic-

1877 3412 1938 3457 ut
1983 3403 2082 3457 istc
2117 3403 2489 3473 calumniatur,
2518 3424 2537 3457 ‹
2567 3422 2782 3477 semper
2826 3408 3175 3467 immoderata
3237 3413 3457 3472 libidine

1880 3491 2040 3548 luisse
2084 3494 2348 3562 pollutos:
2385 3515 2405 3548 s
2431 3496 2523 3550 sed
2552 3496 2780 3553 dicimus
2814 3515 2844 3554 a
2887 3504 3240 3559 consensione
3264 3520 3456 3575 prava-

1880 3600 1997 3638 rum
2026 3585 2301 3642 libidinum
2333 3587 2528 3643 liberos
2545 3588 2656 3653 ,.de
2683 3593 3113 3662 ciincupiscentia
3140 3604 3317 3651 tamen
3341 3612 3461 3657 car-

1882 3676 1983 3741 nis,
2014 3692 2172 3747 quam
2205 3678 2531 3734 moderando
2554 3679 2863 3747 frenabant,
2897 3692 3042 3738 tanta
3082 3684 3383 3742 humilitate
3402 3697 3459 3744 et

1884 3767 2077 3837 pietate
2101 3770 2387 3839 gemuisse,
2415 3782 2471 3827 ut
2490 3781 2736 3843 optarent
2760 3788 2881 3830 eam
2901 3790 3007 3829 non
3032 3773 3231 3833 habere
3258 3778 3456 3847 potius,

1882 3874 2038 3927 quam
2064 3859 2303 3915 domare.

1953 3949 2180 4005 CAPUT
2208 3949 2322 4005 XII.
2340 3981 2412 3993 —
2434 3951 2524 4007 25.
2548 3951 2707 4009 Sexta
2730 3954 3002 4022 calumnia,
3025 3954 3136 4011 Nec
3160 3954 3460 4012 Christuma

1884 4042 2099 4110 peccatis
2146 4041 2356 4096 liberum
2399 4043 2571 4114 fuisse.
2629 4044 2859 4099 Proinde
2914 4046 3015 4102 iste
3069 4048 3213 4124 quod
3258 4042 3461 4105 addidit

1887 4146 1984 4185 nos
2024 4130 2223 4199 dicere,
2278 4151 2297 4183 s
2330 4130 2598 4189 Christum
2643 4143 2699 4190 et
2738 4150 2768 4189 a
2814 4138 3046 4205 peccatis
3102 4139 3325 4195 liberum
3354 4156 3458 4196 non

1887 4222 2085 4289 fuisse,
2139 4221 2233 4276 sed
2283 4224 2459 4277 carnis
2506 4226 2826 4281 necessitate
2870 4229 3187 4296 mentitum,
3243 4240 3298 4287 et
3342 4232 3461 4288 aliis

1888 4315 2206 4368 maculatum
2236 4313 2397 4371 fuisse
2420 4314 2628 4371 delictis
2658 4334 2672 4369 :
2710 4335 2730 4370 ι
2764 4318 2956 4375 viderit
3003 4336 3034 4375 a
3063 4323 3254 4390 quibus
3281 4325 3465 4380 audie—

1889 4407 1990 4470 rit,
2025 4405 2102 4461 vel
2129 4406 2178 4458 in
2207 4422 2429 4475 quorum
2474 4408 2664 4463 litteris
2691 4407 2916 4479 legerit;
2943 4411 3084 4481 quod
3108 4413 3323 4481 quidem
3357 4416 3463 4471 lor—

1892 4504 2029 4549 tasse
2052 4510 2155 4549 non
2186 4496 2461 4562 intellexit,
2490 4507 2544 4553 et
2581 4499 2635 4553 in
2671 4515 2860 4555 sensus
2887 4502 3242 4561 calunmiosos
3264 4505 3465 4561 malitia

1891 4583 2106 4639 fallente
2135 4586 2412 4641 convertit.

1962 4674 2184 4731 CAPUT
2223 4668 2359 4730 XIII.
2388 4676 2567 4733 ~26.
2601 4677 2831 4750 Septima
2858 4681 3142 4751 calumnia,
3174 4682 3242 4740 In
3278 4684 3463 4756 Bapti-

1892 4784 1999 4822 smo
2027 4784 2126 4821 non
2146 4768 2330 4821 remitti
2354 4781 2557 4839 peccata
2586 4773 2779 4826 omnia.
2820 4790 2839 4824 s
2878 4773 3067 4828 Dicunt
3095 4776 3276 4842 etiam,
3317 4797 3336 4831 ι
3386 4779 3468 4835 in-

1891 4859 2025 4928 quit,
2054 4877 2073 4910 t
2111 4857 2372 4928 Baptisma
2401 4876 2507 4914 non
2532 4859 2663 4917 dare
2689 4878 2904 4919 onmem
2932 4864 3315 4936 indulgentiam
3347 4884 3472 4939 pec-

1893 4960 2152 5017 calorum,
2181 4965 2280 5005 nec
2298 4951 2509 5007 auferre
2533 4952 2774 5017 crimina,
2800 4954 2894 5010 sed
2922 4955 3132 5024 radere,
3156 4965 3214 5013 ut
3230 4961 3466 5016 omnium

1898 5056 2230 5113 peccatorum
2260 5045 2466 5099 radices
2510 5046 2560 5099 in
2589 5050 2912 5103 malaearne
2953 5059 3251 5109 teneantur.
3286 5071 3305 5105 ι
3339 5055 3471 5120 Quis

1900 5134 2001 5188 hoc
2026 5135 2281 5189 adversus
2310 5135 2641 5206 Pelagianos,
2672 5140 2771 5194 nisi
2825 5140 3055 5196 inlidelis
3081 5142 3348 5200 afﬁrmet!
3375 5147 3469 5202 Di-

1898 5229 2066 5281 cimus
2115 5243 2243 5298 crgo
2294 5228 2558 5300 Baptisma
2612 5231 2740 5285 dare
2790 5234 3026 5287 omnium
3092 5234 3459 5304 indulgentiam

1900 5328 2271 5390 peccatorum,
2292 5330 2345 5375 et
2395 5322 2606 5378 auferre
2654 5325 2909 5391 crimina,
2965 5342 3069 5382 non
3118 5328 3333 5393 radere;
3373 5344 3475 5384 nec

1907 5425 1926 5460 ι
1958 5418 2017 5464 ut
2054 5410 2288 5464 omnium
2321 5422 2657 5481 peccatorum
2683 5414 2886 5470 radices
2939 5416 2990 5470 in
3036 5419 3170 5472 mala
3200 5432 3363 5475 carne
3399 5429 3478 5475 te-

1903 5509 2148 5562 neantur,
2182 5502 2333 5571 quasi
2373 5517 2614 5558 rasorum
2661 5504 2715 5558 in
2757 5505 2930 5575 capite
2958 5509 3291 5576 capitlormn,
3338 5510 3479 5565 unde

1902 5603 2147 5647 crescant
2174 5593 2363 5647 iterum
2412 5594 2695 5649 resecanda
2746 5605 2979 5662 peccata.
3016 5615 3035 5648 s
3082 5596 3214 5651 Nam
3243 5609 3297 5652 et
3325 5601 3478 5655 istam

1907 5682 2307 5737 similitudinem
2334 5687 2590 5754 comperi,
2619 5702 2730 5740 sua:
2756 5686 2875 5740 illos
2897 5688 3153 5745 adbibere
3179 5691 3477 5760 calutnnia',

1973 5818 1986 5848 ί
2025 5823 2123 5866 nuc
2139 5815 2417 5880 particulam
2442 5827 2701 5879 negantem
2739 5829 3019 5871 rcrocauus
3045 5836 3110 5871 ex
3132 5838 3483 5887 manuscrrpus.
