3984 6506
487 457 594 516 563

491 581 741 640 tanquam
771 565 872 620 hoc
893 577 1000 618 nos-
1017 559 1312 617 sentiamus
1336 569 1493 628 atque
1521 557 1778 612 dicamus.

561 661 653 715 27.
695 656 803 712 Sed
847 655 916 710 de
965 654 1062 708 ista
1113 650 1536 721 concupiscentia
1582 650 1757 707 carnis
1813 647 1920 702 falli
1969 661 2065 701 eos

492 751 674 816 credo,
699 747 779 802 vel
806 745 1027 811 fallere;
1055 759 1178 799 cum
1203 757 1304 814 qua
1333 756 1551 796 necesse
1574 751 1658 795 est
1695 750 1750 795 ιιι
1775 741 1934 795 etiam
1980 739 2065 794 ba-

501 843 750 912 ptizatus,
779 847 834 894 et
878 837 980 893 hoc
1003 839 1046 891 si
1068 835 1469 905 diligentissime
1495 833 1724 903 prolicit,
1771 839 1826 885 et
1867 831 2066 900 Spiritu

494 932 588 986 Dei
618 931 790 1000 agitur
819 928 995 998 (Rom.
1021 942 1132 990 vut,
1163 926 1274 996 14),
1307 925 1390 994 pia
1443 934 1634 978 menta
1665 924 1930 992 confligat.
1961 921 2068 977 Sed

497 1025 613 1076 lucc
641 1021 848 1076 etiamsi
881 1029 1097 1074 vocatur
1121 1028 1420 1088 peccatum,
1456 1033 1560 1071 non
1591 1017 1770 1086 utique
1797 1016 1917 1086 quia
1947 1029 2071 1085 pec-

492 1123 668 1168 catum
685 1123 787 1179 est,
810 1112 904 1167 sed
924 1111 1043 1182 quia
1064 1119 1280 1180 peccato
1305 1109 1440 1164 facta
1455 1118 1557 1176 est,
1575 1109 1651 1163 sic
1670 1119 1890 1162 vocatur
1907 1126 1918 1160 :
1934 1109 2071 1161 sicut

496 1205 757 1274 scriptura
771 1219 957 1258 manus
977 1202 1236 1272 cujusque
1249 1201 1462 1266 dicitur,
1486 1201 1625 1270 quod
1643 1217 1828 1254 manus
1849 1215 1968 1255 eam
1989 1199 2070 1253 fe-

496 1295 648 1348 cerit.
667 1293 890 1348 Peccata
907 1303 1080 1346 autem
1093 1301 1232 1354 sunt,
1249 1307 1366 1360 quae
1379 1290 1666 1344 secundum
1685 1289 1857 1344 carnis
1873 1304 2070 1344 concu-

497 1383 810 1453 piscentiam
828 1382 909 1438 vel
931 1383 1275 1452 ignorantiam
1295 1381 1476 1436 illicite
1499 1379 2072 1450 ﬁunt,dicuntur,cogi-

500 1481 680 1529 tantur
701 1491 716 1530 :
735 1490 851 1544 qua:
865 1481 1126 1529 transacta
1145 1473 1302 1528 etiam
1321 1487 1439 1526 reos
1469 1481 1671 1539 tenent,
1696 1472 1738 1526 si
1764 1487 1866 1526 non
1892 1473 2074 1526 remit-

505 1572 703 1618 tantur.
729 1564 796 1618 Et
813 1564 906 1616 ista
937 1565 1046 1633 ipsa
1069 1563 1246 1618 carnis
1273 1561 1700 1632 concupiscentia
1723 1562 1772 1615 in
1803 1561 2074 1631 Baptismo

503 1653 581 1706 sic
596 1653 895 1717 dimittitur,
923 1663 979 1707 ut
1006 1655 1242 1721 quamvis
1265 1659 1429 1706 tracta
1455 1654 1522 1707 sit
1548 1667 1577 1705 a
1609 1653 1965 1718 nascentibus,
1989 1653 2073 1707 ni-

507 1741 584 1796 hil
631 1751 822 1797 noceat
865 1743 1283 1797 renascentibus.
1311 1741 1390 1796 Ex
1419 1742 1608 1812 quibus
1637 1752 1834 1810 tamen,
1862 1743 1906 1796 si
1939 1743 2076 1797 ﬁlios

503 1832 790 1887 carnaliter
806 1833 1044 1903 gignunt,
1077 1848 1260 1887 rursus
1283 1833 1536 1900 trahitur;
1565 1849 1852 1904 rursusque
1881 1843 1963 1890 est
1983 1851 2078 1890 no-

507 1923 676 1978 citura
701 1925 1059 1990 nascentibus,
1077 1924 1178 1978 nisi
1193 1925 1376 1979 eadem
1395 1924 1560 1980 forma
1574 1929 1969 1982 renascentibus
1993 1943 2075 1984 re-

513 2014 774 2078 mittatur,
807 2023 860 2070 et
898 2014 1170 2070 insitnibil
1197 2015 1437 2070 obfutura
1464 2016 1586 2072 vita:
1602 2017 2078 2089 futur:e,quoniam

508 2112 692 2160 reatus
740 2104 854 2175 ejus
901 2107 1244 2175 generatione
1292 2115 1511 2175 tractus,
1557 2110 1957 2179 regeneratione
2002 2110 2083 2164 di-

508 2197 706 2252 missus
746 2206 866 2252 est:
897 2208 950 2254 et
976 2197 1095 2253 ideo
1136 2198 1245 2268 jam
1282 2215 1387 2253 non
1417 2201 1488 2254 sit
1530 2211 1828 2270 peccatum,
1859 2203 1955 2258 sed
1981 2201 2083 2258 hoc

504 2296 744 2354 vocetur,
771 2288 882 2342 sive
909 2289 1050 2358 quod
1079 2299 1295 2358 peccato
1339 2289 1474 2346 facta
1511 2291 1603 2357 sit,
1653 2293 1764 2348 sive
1795 2293 1933 2363 quod
1961 2309 2086 2364 pec-

507 2377 662 2432 candi
691 2377 1042 2434 delectatione
1085 2389 1378 2446 moveatur,
1412 2383 1511 2436 etsi
1566 2383 1614 2437 ei
1665 2385 1911 2439 vincente
1938 2384 2086 2440 dele-

509 2473 742 2527 ctatione
763 2471 1094 2542 justititenon
1117 2476 1495 2530 consentiatur.
1519 2475 1628 2531 Nec
1658 2478 2080 2548 proptcripsam,

515 2562 670 2630 cujus
695 2563 802 2630 jam
846 2572 1027 2618 reatus
1065 2563 1279 2618 lavacro
1331 2567 1746 2636 regenerationis
1774 2567 2086 2637 absumptus

511 2661 614 2717 est,
639 2651 821 2708 dicunt
869 2653 924 2707 in
953 2654 1195 2708 oratione
1223 2653 1494 2724 baptizati,
1525 2655 1732 2711 Dimitte
1756 2659 1896 2712 nobis
1919 2657 2086 2712 debita

515 2752 710 2807 nostra,
737 2744 866 2798 sicut
901 2753 946 2799 et
973 2761 1064 2799 nos
1092 2746 1386 2802 dimittimus
1411 2747 1714 2804 debitoribus
1739 2750 1922 2804 nostris
1948 2765 1969 2804 :
1993 2749 2088 2804 sed

512 2841 730 2903 propter
759 2843 972 2902 peccata
1001 2849 1122 2904 qua:
1147 2834 1296 2899 ﬁunt,
1329 2835 1442 2892 sive
1478 2838 1528 2890 in
1579 2837 1695 2907 ejus
1723 2838 2088 2894 consensioni-

514 2925 634 2988 bus,
663 2939 782 2979 cum
811 2925 878 2979 ab
900 2939 965 2980 eo
994 2925 1133 2996 quod
1155 2927 1286 2982 libet
1321 2927 1552 2982 vincitur
1577 2928 1722 2998 quod
1757 2929 1946 2999 placet,
1975 2929 2089 2986 sive

515 3029 637 3071 cum
685 3031 779 3086 per
819 3017 1170 3087 ignorantiam
1213 3019 1410 3084 malum
1459 3019 1609 3090 quasi
1658 3019 1856 3075 bonum
1893 3020 2084 3089 placet.

521 3107 683 3162 Fiunt
733 3115 944 3170 autem,
985 3108 1098 3164 sive
1141 3109 1432 3177 operando,
1481 3111 1592 3164 sive
1641 3109 1927 3179 loquendo,
1979 3112 2090 3164 sive

521 3199 663 3269 quod
693 3198 994 3254 facillimum
1023 3207 1181 3270 atque
1207 3200 1545 3254 celerrimum
1574 3209 1679 3266 est,
1710 3201 2007 3270 cogitando.
2042 3203 2084 3254 Δ

519 3289 710 3360 quibus
739 3290 982 3345 omnibus
999 3291 1116 3360 quis
1133 3290 1288 3345 etiam
1306 3289 1535 3344 ﬁdelium
1555 3291 1865 3361 gloriabitur
1886 3300 2088 3346 castum

525 3395 586 3436 se
612 3379 810 3436 habere
829 3395 941 3446 cor,
960 3390 1050 3436 aut
1074 3382 1191 3452 quis
1218 3382 1529 3452 gloriabitur
1557 3381 1808 3438 mundum
1836 3398 1894 3436 se
1919 3398 2038 3438 esse
2060 3397 2090 3437 a

517 3480 738 3542 peccato
767 3469 947 3544 (Prov.
997 3489 1086 3536 xx,
1117 3471 1216 3542 9)?
1259 3472 1390 3528 Illud
1419 3487 1549 3528 sane
1586 3473 1726 3543 quod
1776 3474 1828 3528 in
1855 3476 2092 3529 oratione

520 3561 779 3631 sequitur,
822 3570 1042 3634 propter
1079 3563 1245 3632 ipsam
1289 3563 1500 3628 dicitur,
1545 3563 1628 3618 Nc
1675 3581 1767 3618 nos
1811 3567 2001 3636 inferas
2039 3567 2092 3619 in

522 3649 864 3714 tentationem,
891 3651 980 3704 sed
1003 3651 1157 3706 libera
1177 3669 1266 3707 nos
1291 3669 1322 3705 a
1349 3652 1484 3708 malo
1515 3652 1725 3725 (Matth.
1757 3669 1832 3720 vr,
1861 3653 1945 3718 12,
1979 3655 2090 3726 i3).

529 3737 879 3810 Unusquisque
906 3742 1068 3807 enim,
1097 3741 1234 3797 sicut
1262 3743 1514 3812 scriptum
1540 3752 1639 3808 est,
1670 3753 1888 3798 tentatur
1910 3761 1942 3797 a
1966 3761 2092 3799 con—

522 3830 827 3900 cupiscentia
853 3847 945 3885 sua
972 3831 1256 3886 abstractus
1285 3841 1333 3886 et
1374 3832 1608 3898 illectus;
1632 3833 1812 3888 deinde
1846 3836 2060 3906 concupi
2075 3865 2093 3876 -

522 3922 709 3975 scentia
757 3937 871 3975 cum
923 3923 1234 3992 conceperit,
1288 3923 1421 3994 parit
1470 3933 1728 3996 peccatum
1773 3921 1994 3994 (Jacobi,
2051 3940 2090 3990 t,

523 4012 616 4078 tt,
648 4011 758 4079 ιδ).

597 4101 821 4158 CAPUT
857 4101 996 4156 XIV.
1030 4133 1103 4143 —
1133 4101 1223 4158 28.
1278 4101 1500 4156 Crimina
1548 4113 1594 4158 et
1629 4115 1828 4170 peccata
1862 4105 2092 4158 venialia.

523 4191 590 4246 lli
645 4206 832 4246 omnes
887 4193 1330 4262 concupiscentia:
1375 4203 1556 4263 partus
1583 4235 1598 4260 ,
1651 4203 1707 4249 et
1753 4195 1918 4265 ipsius
1969 4212 2099 4250 con-

529 4281 873 4351 cupiscentim
903 4291 1081 4337 reatus
1125 4284 1372 4354 antiquus
1396 4286 1436 4348 ¹,
1463 4285 1802 4355 Baptismatis
1830 4287 2097 4343 ablutioue

524 4372 726 4426 dimissi
749 4379 872 4427 sunt
899 4382 988 4429 :et
1008 4373 1260 4445 quidquid
1278 4375 1414 4445 parit
1437 4392 1576 4431 nunc
1597 4377 1692 4431 ista
1718 4381 2098 4449 concupiscen-

525 4463 620 4528 tia,
642 4464 686 4516 si
713 4467 816 4516 non
849 4461 957 4518 sint
999 4464 1076 4518 illi
1124 4473 1327 4534 partus,
1358 4467 1448 4536 qui
1494 4481 1600 4522 non
1644 4467 1816 4524 solum
1858 4478 2094 4538 peccata,

523 4566 708 4604 verum
751 4553 908 4606 etiam
959 4553 1180 4608 crimina
1207 4563 1600 4624 nuncupantur,
1629 4566 1784 4626 pacto
1806 4558 1894 4612 illo
1922 4559 2098 4628 quoti-

524 4640 696 4694 dianae
725 4642 978 4696 orationis
1007 4643 1098 4698 ubi
1126 4645 1370 4710 dicimus,
1405 4645 1610 4699 Dimitte
1631 4647 1772 4700 nobis
1801 4647 1966 4723 debita
2003 4665 2098 4702 no-

524 4739 649 4794 stra,
697 4732 822 4784 sicut
860 4733 1171 4796 dimittimus,
1204 4745 1260 4792 ct
1301 4737 1760 4808 eleemosynarum
1791 4739 2098 4796 sinceritate

525 4819 866 4876 mundantur.
897 4823 1078 4893 Neque
1107 4826 1246 4879 enim
1279 4827 1557 4896 quisquam
1585 4829 1662 4883 sic
1690 4828 1902 4898 desipit,
1933 4840 1986 4884 ut
2018 4831 2098 4885 di-

525 4919 614 4963 cat
669 4910 734 4964 ad
781 4911 1074 4980 baptizatos
1126 4915 1446 4971 dominicum
1497 4917 1626 4972 illud
1672 4934 1777 4973 non
1833 4921 2099 4990 pertinere

525 5011 877 5069 praeceptum,
925 4999 1194 5066 Dimittite,
1247 5016 1290 5058 et
1347 4997 1624 5060 dimittetur
1672 5006 1844 5067 vobis;
1885 5010 2025 5074 date,
2055 5023 2099 5065 et

526 5091 726 5146 dabitur
744 5093 878 5148 vobis
902 5093 1047 5168 (Luc.
1081 5111 1150 5160 vt,
1179 5097 1267 5161 57,
1296 5097 1408 5168 58).
1435 5098 1808 5154 Nullusautcm
1831 5101 1882 5154 in
1913 5101 2096 5157 Eccle-

525 5183 603 5237 sia
633 5192 776 5238 recte
803 5193 984 5253 posset
1001 5185 1232 5240 ordinari
1265 5189 1526 5254 minister,
1553 5191 1595 5243 si
1621 5189 1844 5246 dixisset
1869 5195 2096 5263 Aposto~

525 5275 630 5340 lus,
658 5275 712 5330 Si
742 5275 858 5346 quis
887 5279 1000 5332 sine
1025 5287 1275 5347 peccato;
1301 5280 1386 5334 ubi
1416 5281 1506 5342 ait,
1538 5280 1598 5336 Si
1617 5283 1730 5352 quis
1756 5284 1865 5338 sine
1892 5286 2099 5340 crimine

525 5377 598 5421 est
628 5365 750 5438 (Tit.
781 5383 819 5435 ι,
851 5368 904 5436 6)
937 5387 950 5423 :
982 5379 1072 5424 aut
1104 5370 1146 5424 si
1190 5371 1430 5436 dixisset,
1461 5371 1668 5428 Nullum
1699 5387 1970 5445 peccatum
2003 5377 2097 5431 lia-

525 5457 748 5524 hentes;
777 5460 866 5512 ubi
915 5461 1020 5527 ait,
1057 5459 1275 5515 Nullum
1303 5463 1491 5517 crimen
1525 5465 1758 5518 habentes
1782 5465 1825 5536 (Ι
1853 5465 1986 5520 Tim.
2017 5483 2094 5531 ιιι,

525 5547 636 5620 10).
669 5549 809 5602 Multi
840 5549 1033 5620 quippe
1061 5550 1308 5620 haptizati
1341 5551 1523 5608 ﬁdeles
1551 5565 1672 5608 sunt
1697 5557 1812 5610 sine
1840 5558 2094 5622 crimine;

525 5639 644 5692 sine
691 5649 906 5708 peccato
944 5649 1120 5695 autem
1169 5637 1218 5696 in
1247 5641 1348 5699 hac
1395 5645 1500 5699 vita
1545 5647 1807 5701 neminem
1838 5649 2095 5714 dixerim,

594 5811 620 5887 ξ
645 5809 798 5887 {liciti
819 5817 1146 5887 superioribus
1164 5819 1454 5871 cditionibus
1475 5821 1720 5885 superﬂuo
1741 5823 1972 5884 additum,
1997 5821 2098 5887 qui.

529 5875 624 5920 Ion
647 5879 752 5922 erat
772 5875 818 5922 tn
841 5875 947 5926 MSS.

1121 445 1391 503 CONTRA
1433 443 1612 501 DUAS
1650 441 2015 500 EPISTOLAS
2051 438 2606 508 PELAGIANORUM,
2644 439 2704 496 S.
2743 437 3112 497 AUGUSTINI

3629 438 3750 498 56‘

2172 553 2497 622 quantalibet
2527 553 2826 625 Pelagiani,
2867 553 2988 623 quia
3034 539 3148 608 hinc
3188 551 3431 619 dicimus,
3459 550 3754 608 adversum

2170 660 2267 700 nos
2297 644 2547 698 inﬂentur
2570 653 2624 700 et
2651 645 3049 712 disrumpantur
3076 643 3279 697 insania
3312 660 3326 696 :
3359 659 3462 697 non
3493 644 3616 713 quia
3643 643 3756 696 ali—

2170 733 2294 803 quid
2325 734 2524 803 peccati
2551 743 2808 796 remanet,
2835 733 2974 803 quod
3003 734 3054 786 in
3078 733 3399 800 Baptismate
3425 747 3532 786 non
3557 733 3754 786 remit-

2172 833 2342 891 tatur;
2371 825 2464 880 sed
2512 826 2634 896 quia
2689 840 2720 879 a
2763 826 2915 879 nobis
2945 827 2958 857 ³
2987 824 3038 880 in
3086 823 3244 894 hujus
3291 825 3413 879 vita:
3440 825 3756 880 inﬁrmitate

2172 917 2505 972 manentibus
2526 916 2762 987 quotidie
2789 915 2903 970 ﬁeri
2925 932 3028 969 non
3052 917 3351 986 quiescunt,
3378 931 3495 985 quae
3517 914 3755 970 ﬁdeliter

2173 1008 2444 1062 orantibus
2484 1017 2538 1063 et
2567 1007 2985 1062 misericorditer
3012 1007 3360 1074 Operantibus
3390 1005 3625 1075 quotidie
3657 1022 3754 1062 re-

2173 1098 2468 1152 mittantur.
2515 1095 2640 1150 Hmc
2680 1105 2762 1149 est
2815 1095 2935 1150 ﬁdei
2985 1095 3260 1150 catholica:
3303 1096 3535 1161 sanitas,
3593 1110 3757 1164 quam

2174 1194 2388 1242 sanctus
2414 1186 2607 1256 ubique
2633 1185 2860 1240 seminat
2897 1184 3150 1254 Spiritus,
3193 1199 3297 1240 non
3341 1183 3616 1255 pravitatis
3639 1185 3759 1238 hae-

2175 1279 2352 1332 retica:
2378 1277 2585 1330 vanitas
2613 1286 2666 1330 et
2693 1275 3043 1345 praesumptio
3063 1273 3302 1344 Spiritus.

2246 1365 2468 1422 CAPUT
2494 1365 2610 1422 XV.
2631 1395 2704 1406 —-
2722 1363 2814 1419 29.
2844 1363 3083 1418 Julianus
3127 1379 3333 1417 suorum
3375 1361 3528 1431 fidem
3575 1359 3764 1416 Catho-

2178 1457 2388 1512 licorum
2419 1457 2672 1511 sententiis
2713 1455 2942 1527 opponit.
2965 1455 3238 1509 Autithesis
3281 1455 3465 1522 prima,
3511 1455 3573 1507 de
3601 1453 3768 1507 libero

2178 1549 2401 1602 arbitrio.
2431 1547 2688 1614 Secunda,
2711 1549 2773 1600 de
2801 1548 3008 1618 nuptiis.
3039 1546 3227 1612 Tertia,
3244 1546 3306 1600 de
3330 1545 3586 1616 conjugali
3615 1561 3764 1598 com-

2179 1640 2437 1698 mixtione.
2461 1637 2578 1715 iam
2607 1639 2782 1707 itaque
2820 1638 2886 1692 de
2934 1647 3130 1693 caztero
3156 1637 3466 1702 videamus,
3497 1634 3768 1705 quemad-

2180 1730 2396 1784 modum
2423 1739 2765 1800 posteaquam
2819 1728 2972 1782 uobis
3015 1726 3346 1782 calumniose
3395 1724 3768 1795 putavitobji-

2180 1819 2368 1874 cienda
2387 1833 2503 1888 quae
2528 1818 2813 1880 credimus,
2837 1825 2891 1872 et
2907 1817 3150 1888 fingenda
3176 1833 3291 1886 qua:
3329 1831 3434 1870 non
3463 1813 3766 1880 credimus,

2181 1923 2330 1964 suam
2353 1909 2464 1979 ipse
2492 1910 2572 1963 vel
2596 1909 2996 1978 Pelagianorum
3027 1905 3184 1963 ﬁdem
3216 1907 3546 1977 proﬁteatur.
3578 1926 3597 1957 ι
3621 1907 3772 1960 Con-

2185 2009 2264 2054 tra
2295 1999 2423 2063 lucc,
2459 2018 2481 2052 ι
2511 1998 2699 2069 inquit,
2731 2017 2750 2050 ι
2787 2013 2884 2052 nos
2908 1998 3147 2068 quotidie
3169 1997 3525 2068 disputamus,
3557 2005 3612 2050 et
3637 1994 3768 2050 ideo

2183 2093 2430 2148 nolumus
2455 2091 2944 2162 pnevaricatoribus
2967 2090 3222 2164 adhibere
3248 2103 3568 2144 consensum
3589 2126 3606 2153 ,
3633 2087 3768 2158 quia

2185 2200 2282 2239 nos
2307 2184 2533 2240 dicimus
2572 2184 2796 2239 liberum
2825 2183 3101 2237 arbitrium
3140 2183 3192 2237 in
3229 2181 3474 2237 omnibus
3513 2195 3634 2235 esse
3661 2194 3768 2233 na-

2187 2275 2449 2341 turaliter,
2495 2291 2594 2329 nec
2644 2273 2774 2328 Adae
2827 2283 3044 2343 peccato
3085 2273 3260 2342 perire
3306 2271 3587 2342 potuisse:
3621 2267 3772 2340 quod

2188 2369 2576 2438 Scripturarum
2606 2367 2840 2422 omnium
2865 2367 3178 2422 auctoritate
3203 2365 3460 2420 lirntatur.
3495 2384 3515 2418 ι
3561 2365 3690 2420 llaec
3719 2363 3770 2419 si

2187 2459 2630 2530 quemadmodum
2669 2467 2910 2528 oportet,
2947 2473 3052 2512 non
3101 2467 3285 2512 contra
3315 2457 3405 2511 Dei
3428 2457 3654 2528 gratiam
3680 2455 3769 2510 di-

2190 2550 2413 2616 ceretis;
2459 2565 2564 2603 non
2592 2563 2909 2604 consensum
2941 2549 2962 2580 ¹
2998 2547 3492 2619 prmvaricatoribus
3542 2545 3771 2600 adhibe-

2189 2640 2354 2708 retis,
2384 2640 2478 2696 sed
2521 2649 2756 2694 vestrum
2783 2654 2998 2694 sensum
3039 2639 3395 2709 corrigeretis.
3423 2637 3559 2692 Hinc
3585 2629 3772 2690 autem

2191 2742 2444 2802 quantum
2473 2731 2761 2799 potuimus,
2785 2739 2840 2784 et
2879 2737 3135 2800 quantum
3178 2727 3425 2784 sufﬁcere
3451 2728 3622 2783 visum
3654 2733 3768 2792 est,

2191 2823 2434 2894 superius
2461 2821 2865 2891 disputavimus.

2263 2915 2353 2970 '50.
2387 2933 2406 2966 ι
2435 2915 2685 2980 Dicimus,
2726 2933 2745 2965 ι
2807 2913 2996 2984 inquit,
3033 2931 3055 2965 ε
3089 2912 3186 2967 has
3211 2927 3331 2982 qua:
3371 2925 3511 2965 nunc
3537 2916 3774 2980 aguntur

2195 3006 2246 3060 in
2272 3005 2401 3060 orbe
2427 3014 2709 3070 terrarum,
2736 3019 2768 3058 a
2799 3004 2910 3058 Deo
2938 3003 3145 3072 nuptias
3171 3002 3436 3056 institutas
3455 3041 3471 3067 ,
3505 3015 3605 3055 nec
3649 3015 3774 3054 reos

2194 3110 2312 3151 esse
2335 3093 2610 3164 conjuges,
2665 3094 2758 3148 sed
2793 3093 3142 3148 fornicatores
3188 3101 3242 3148 et
3277 3091 3548 3146 adulteros
3574 3089 3776 3145 conde-

2195 3185 2468 3242 mnandos.
2506 3205 2526 3238 ›
2555 3185 2665 3240 Hoc
2707 3201 2889 3239 verum
2927 3193 2977 3239 et
3013 3183 3332 3237 catholicum
3356 3191 3438 3236 est
3465 3200 3480 3236 :
3503 3181 3596 3236 sed
3625 3179 3775 3250 quod

2195 3296 2290 3336 vos
2318 3280 2440 3334 hinc
2463 3279 2620 3333 vultis
2647 3276 2892 3342 efficere,
2921 3285 2976 3330 ut
3021 3275 3088 3331 de
3129 3274 3510 3330 commixtione
3547 3271 3776 3328 masculi

2195 3377 2251 3425 et
2287 3369 2532 3435 feminae,
2564 3367 2693 3421 nihil
2734 3367 2934 3436 peccati
2969 3365 2990 3397 ³
3030 3374 3307 3421 nascentes
3349 3365 3580 3428 trahant,
3627 3362 3776 3432 quod

2195 3461 2406 3516 lavacro
2453 3459 2866 3530 regenerationis
2891 3460 3170 3530 expietur,
3221 3459 3323 3514 hoc
3370 3457 3561 3513 falsum
3607 3465 3694 3512 est
3717 3463 3776 3511 et

2197 3551 2524 3608 hanreticum.

2267 3646 2356 3701 5|.
2384 3663 2403 3695 ι
2441 3643 2660 3710 Motum,
2687 3663 2706 3695 ι
2737 3642 2925 3712 inquit,
2963 3663 2981 3696 ι
3013 3644 3345 3714 genitalium,
3379 3641 3429 3696 id
3457 3650 3571 3707 est,
3595 3640 3776 3711 ipsam

2197 3737 2499 3792 virilitatem
2543 3736 2659 3792 sine
2684 3751 2784 3806 qua
2829 3752 2934 3790 non
2981 3745 3158 3806 potest
3210 3751 3330 3790 esse
3363 3733 3712 3796 commixtio,
3747 3747 3782 3786 a

2200 3830 2308 3884 Deo
2334 3828 2556 3883 dicimus
2585 3827 2898 3881 institutam.
2928 3844 2950 3878 ι
2981 3825 3060 3880 Ad
3089 3825 3192 3880 hoc
3219 3823 3632 3894 respondemus,
3659 3836 3784 3876 mo-

2199 3929 2308 3974 tum
2343 3918 2680 3988 genitalium,
2708 3927 2784 3982 et,
2820 3926 2878 3970 ut
2916 3917 3080 3972 verbo
3124 3916 3240 3984 ejus
3269 3927 3408 3980 utar,
3447 3913 3782 3980 virilitatem,

2197 4010 2314 4066 sine
2339 4025 2439 4080 qua
2467 4025 2571 4064 non
2602 4018 2775 4078 potest
2807 4022 2928 4062 esse
2954 4007 3280 4070 commixtio,
3315 4007 3456 4060 Deus
3498 4005 3578 4059 sic
3622 4003 3788 4056 insti-

2199 4105 2316 4164 tuit.
2346 4111 2404 4156 ut
2431 4102 2558 4156 nihil
2600 4101 2819 4154 haberet
2869 4099 3192 4169 pudendum.
3237 4097 3352 4152 Non
3382 4096 3522 4152 enim
3555 4093 3636 4149 fas
3679 4093 3786 4148 fuit

2201 4203 2258 4250 ut
2279 4192 2395 4260 ejus
2423 4191 2766 4247 erubesceret
2793 4199 3034 4244 creatura
3062 4188 3130 4244 de
3159 4189 3239 4243 sui
3271 4203 3434 4254 opere
3464 4185 3782 4247 Creatoris;

2199 4284 2293 4340 sed
2333 4283 2684 4338 inobedientia
2725 4281 3082 4336 membrorum
3123 4280 3382 4350 supplicio
3413 4279 3556 4347 justo
3587 4277 3784 4348 primis

2200 4375 2500 4430 hominibus
2539 4373 2962 4428 inobedientilms
3003 4371 3205 4426 reddita
3242 4379 3356 4433 est,
3404 4369 3471 4424 de
3517 4385 3622 4439 qua
3649 4384 3784 4424 eru-

2198 4465 2461 4526 buerunt,
2487 4461 2696 4534 quando
2742 4460 2880 4515 foliis
2925 4461 3163 4516 ficulneis
3215 4458 3458 4530 pudenda
3487 4467 3778 4522 texerunt,

2199 4571 2317 4626 qua:
2339 4555 2483 4624 prius
2509 4552 2749 4621 pudenda
2777 4569 2880 4605 non
2902 4549 3138 4605 fuerunt.
3227 4593 3230 4596 .

2257 4637 2496 4702 (CAPUT
2517 4643 2822 4699 XVl.-52.
2859 4643 3174 4696 Perizomata
3187 4657 3301 4712 qua:
3313 4641 3404 4694 sibi
3421 4639 3588 4694 Adam
3602 4649 3650 4693 et
3667 4637 3783 4692 Eua

2201 4745 2519 4791 consuerunt.
2547 4735 2756 4799 Aper-tio
2782 4733 3042 4788 oculorum
3071 4732 3194 4786 Atia:
3232 4741 3278 4785 et
3305 4731 3444 4785 Iit-tu.
3473 4729 3658 4784 Pudor
3683 4746 3784 4782 nu-

2201 4827 2390 4880 ditatis.
2417 4824 2598 4893 Neque
2617 4825 2758 4879 enim
2789 4823 2886 4878 sibi
2917 4824 3138 4888 tunicas,
3171 4833 3229 4877 ut
3267 4832 3435 4877 totum
3464 4837 3665 4892 corpus
3695 4830 3782 4876 te-

2200 4926 2385 4984 gerent
2405 4925 2524 4985 post
2558 4922 2851 4984 peccatum,
2899 4913 2994 4968 sed
3041 4913 3393 4967 succinctoria
3447 4921 3784 4967 consuerunt

2205 5006 2354 5076 (Gen.
2387 5022 2464 5070 Ill,
2494 5004 2570 5076 7),
2609 5019 2729 5074 qua:
2759 5005 2991 5058 nonnulli
3033 5004 3353 5073 interpretes
3399 5004 3570 5056 nostri
3605 5003 3786 5057 minus

2201 5099 2476 5166 diligentes
2503 5095 2523 5127 ⁵
2552 5095 2778 5166 tegmina
2820 5097 3150 5166 interpretati
3203 5105 3350 5150 sunt.
3377 5095 3532 5162 Quod
3561 5095 3784 5164 quidem

2203 5203 2390 5243 verum
2419 5197 2500 5242 est
2529 5205 2542 5240 :
2572 5187 2664 5243 sed
2690 5189 2938 5258 generale
2970 5203 3160 5242 nomen
3184 5199 3266 5243 est
3298 5198 3531 5255 tegmen,
3565 5201 3680 5256 quo
3699 5187 3786 5239 iu-

2201 5278 2508 5333 dumenlnm
2545 5287 2598 5333 et.
2633 5280 3018 5348 operimentum
3045 5294 3202 5332 nume
3245 5278 3411 5348 possit
3437 5277 3690 5343 intelligi.
3723 5275 3792 5330 Et

2203 5370 2320 5426 idco
2362 5369 2543 5424 debuit
2580 5369 2897 5438 ambiguitas
2951 5369 3170 5432 evitari,
3227 5378 3284 5422 ut
3325 5365 3790 5436 quemadmodum

2266 5581 2282 5612 ι
2317 5579 2452 5642 Fditi,
2477 5578 2590 5642 quia
2609 5578 2660 5628 in
2680 5577 2826 5629 nobis.
2859 5577 3079 5627 Gallicini
3094 5583 3241 5642 _Mss.,
3267 5575 3380 5640 quia
3399 5589 3431 5627 a
3451 5573 3610 5626 nobis.
3649 5577 3791 5626 Vall-

2202 5642 2326 5692 cani.
2349 5640 2463 5704 quia
2479 5640 2638 5700 nobis;
2660 5643 2844 5704 absque
2867 5640 3220 5704 prmlmsitione.

2268 5705 2286 5733 ι
2323 5697 2455 5758 rzditi,
2477 5715 2564 5750 uec
2586 5697 2878 5751 Camertium:
2903 5697 3221 5749 Fariontlautnr
3261 5711 3288 5747 a
3327 5697 3690 5758 manuscriptis.

2267 5764 2288 5796 ³
2321 5762 2622 5832 f.tli§,__tu:ltis
2641 5761 2826 5832 efficere
2847 5763 2908 5812 de
2933 5761 3268 5832 commixtione
3281 5759 3480 5808 masculi
3501 5767 3546 5808 et
3565 5759 3796 5832 frangitur,

2205 5823 2330 5893 quod
2363 5823 2483 5872 nihil
2503 5823 2701 5893 peccati,
2744 5831 2837 5873 etc.
2865 5824 3180 5874 Eruendautur
3205 5824 3349 5872 etiam
3371 5833 3396 5870 a
3421 5823 3792 5884 ntauusu'iptis.

2269 5889 2289 5918 δ
2326 5895 2372 5935 ιιι
2398 5894 2518 5941 ἳδδη
2541 5885 2806 5942 diliqcutcr.
