3984 6536
259 485 454 546 gneus
480 479 803 543 περιζώματι
831 474 1026 545 posuit,
1070 471 1262 543 quibus
1308 485 1412 524 non
1453 478 1701 540 teguntur
1734 468 1835 522 nisi

264 561 512 639 pudendm
538 564 792 633 corporis
821 576 1028 635 partes,
1058 564 1137 618 sic
1165 571 1220 617 et
1260 560 1455 616 latinus
1474 602 1490 626 ,
1527 568 1617 614 aut
1661 559 1834 629 ipsum

261 669 480 729 mcum
504 663 761 723 poneret,
791 656 913 726 quia
951 664 1007 710 et
1041 654 1156 723 ipso
1174 652 1283 724 jam
1311 649 1635 705 consuetudo
1672 649 1836 704 utitur

262 762 352 818 pro
381 745 582 811 latino,
613 744 704 799 vel
750 745 892 800 sicut
928 743 1141 815 quidam
1170 742 1549 807 succinctoria,
1594 740 1677 793 vel
1702 738 1839 793 sicut

261 833 341 890 alii
365 833 562 889 melius
610 834 937 904 campestria
973 833 1333 888 nominarunt.
1384 832 1461 887 Ex
1504 830 1595 885 illo
1643 828 1838 900 quippe

260 927 357 981 hoc
382 938 579 979 nomen
601 930 718 990 est,
760 922 905 995 quod
934 921 1175 993 pudenda
1198 920 1424 993 juvenes
1460 918 1709 991 tegebant
1742 933 1839 972 an-

263 1018 401 1087 tiquo
429 1029 585 1070 more
611 1014 856 1070 Romano
884 1056 901 1081 ,
944 1013 1155 1085 quando
1198 1013 1323 1068 nudi
1365 1013 1751 1069 exercebantur
1779 1013 1832 1064 in

261 1122 445 1176 campo
472 1124 487 1160 :
512 1106 654 1161 unde
678 1106 1019 1176 campestrati
1045 1105 1378 1179 appellantur
1401 1102 1681 1172 hodieque,
1710 1101 1798 1172 qui
1818 1100 1835 1133 ί

263 1197 442 1253 eadem
484 1197 725 1251 membra
773 1194 1035 1268 cingeudo
1077 1194 1405 1265 cooperiunt.
1451 1191 1761 1262 Quanquam
1790 1189 1840 1246 si

262 1302 320 1342 ea
342 1286 537 1356 quibus
560 1293 835 1355 peccatum
864 1294 975 1352 est,
1010 1284 1231 1354 tegenda
1254 1283 1466 1339 fuerant
1493 1291 1613 1352 post
1642 1295 1833 1351 pecca-

265 1387 400 1441 tum;
435 1391 503 1431 ne
529 1374 727 1429 tunicis
752 1374 965 1445 quidem
987 1373 1130 1428 indui
1149 1373 1468 1437 debuerunt,
1500 1369 1595 1427 sed
1621 1385 1837 1424 manum

264 1477 315 1521 et
339 1480 399 1520 os
428 1475 646 1535 tegere,
682 1464 804 1536 quia
835 1462 1094 1519 sumendo
1120 1471 1177 1517 et
1222 1460 1487 1517 vescendo
1531 1467 1833 1530 peccarunt.

264 1557 393 1627 Quid
421 1557 523 1611 sibi
550 1572 681 1627 ergo
699 1557 841 1621 vult,
867 1555 1006 1627 quod
1030 1563 1249 1624 accepto
1272 1552 1540 1624 prohibito
1558 1552 1698 1616 cibo,
1717 1565 1838 1606 cum

263 1651 445 1705 fuisset
472 1648 729 1721 pnecepti
782 1647 917 1702 facta
958 1645 1339 1716 transgressio,
1386 1645 1438 1698 in
1469 1644 1556 1698 illa
1600 1644 1838 1699 membra

264 1750 506 1812 aspectus
535 1738 868 1794 intenditur?
894 1738 1020 1806 Qure
1046 1737 1117 1791 ibi
1145 1737 1354 1791 novitas
1383 1735 1561 1805 ignota
1589 1734 1837 1799 sentitur,

264 1842 315 1887 et
335 1847 393 1886 se
431 1831 709 1900 compellit
748 1828 991 1883 adverti?
1019 1827 1158 1895 quod
1188 1826 1461 1896 apertione
1505 1824 1841 1896 significatur

266 1924 565 1979 oculorum.
595 1921 779 1992 Neque
805 1921 947 1975 enim
969 1919 1051 1974 eis
1071 1919 1153 1973 vel
1173 1918 1384 1988 quando
1410 1917 1500 1972 ille
1520 1917 1729 1972 nomina
1749 1931 1840 1986 pe-

265 2014 471 2070 coribus
517 2021 577 2068 et
618 2011 929 2067 volucribus
963 2010 1264 2080 imponebat
1298 2006 1448 2080 (Gen.
1495 2024 1555 2074 u,
1604 2006 1841 2079 20),vel

266 2106 468 2177 quando
495 2106 589 2160 illa
630 2103 910 2174 pulchrum
955 2103 1152 2173 lignum
1180 2100 1311 2155 vidit
1347 2113 1401 2156 et
1429 2100 1648 2163 bonum,
1701 2098 1842 2153 oculi

266 2214 364 2252 non
388 2196 679 2267 patebant;
710 2193 808 2250 sed
835 2193 1034 2265 aperti,
1062 2193 1164 2249 hoc
1190 2202 1303 2258 est,
1331 2191 1518 2247 intenti
1539 2191 1604 2246 ad
1633 2190 1843 2245 intuen-

263 2289 381 2343 dum
429 2287 559 2341 facti
590 2294 717 2342 sunt
741 2283 855 2355 (1d.
886 2300 964 2351 ut,
996 2284 1051 2352 ϐ,
1079 2280 1135 2359 7)
1161 2300 1174 2336 :
1206 2282 1343 2338 sicut
1368 2283 1625 2351 scriptum
1664 2289 1746 2335 est
1775 2281 1843 2334 de

262 2381 399 2451 Agar
439 2379 642 2433 ancilla
691 2377 891 2443 Sarrae,
923 2374 1062 2446 quod
1119 2375 1329 2445 aperuit
1372 2374 1558 2429 oculos
1602 2386 1748 2437 suos,
1789 2382 1844 2426 et

261 2472 388 2526 vidit
413 2479 635 2541 puteum
665 2468 779 2540 (Id.
809 2484 923 2535 xxi,
956 2465 1078 2539 I9);
1116 2481 1255 2536 quos
1274 2466 1486 2520 clausos
1514 2464 1698 2533 utique
1737 2477 1841 2517 non

260 2560 511 2618 habebat.
544 2558 616 2617 Ut
640 2575 772 2630 ergo
800 2557 1053 2612 nuditatis
1081 2572 1212 2623 suae,
1250 2570 1411 2626 quam
1439 2553 1677 2626 quotidie
1719 2567 1845 2622 pro-

262 2650 397 2707 fecto
424 2651 798 2715 intuebantur,
824 2664 923 2704 nec
947 2645 1424 2708 confundebantur,
1451 2658 1544 2698 eos
1566 2642 1745 2697 subito
1769 2641 1847 2697 sic

262 2740 499 2813 puderet,
527 2750 587 2794 ut
609 2738 851 2795 membra
878 2738 964 2793 illa
989 2740 1097 2807 jam
1130 2736 1267 2791 nuda
1293 2735 1430 2790 ferre
1460 2750 1564 2788 non
1596 2739 1836 2804 possent,

265 2835 358 2892 sed
392 2834 575 2890 statim
622 2846 834 2902 cperire
860 2841 1137 2894 curarent;
1190 2842 1369 2883 nonne
1393 2836 1446 2881 et
1481 2827 1572 2881 ille
1600 2825 1653 2880 in
1695 2835 1843 2879 motu

270 2907 477 2994 aperto,
502 2933 559 2979 ct
582 2923 670 2977 illa
699 2923 753 2977 in
781 2921 1013 2988 occulto,
1042 2929 1225 2976 contra
1250 2935 1361 2974 sua:
1387 2917 1675 2973 voluntatis
1694 2916 1842 2972 arbi-

279 3016 439 3070 trium
475 3012 822 3069 inobedientia
865 3011 953 3066 illa
997 3010 1234 3065 membra
1280 3015 1596 3073 senserunt,
1652 3006 1844 3077 quibus

281 3106 465 3176 utique
488 3113 611 3158 nutu
632 3102 927 3158 voluntario
952 3101 1088 3157 sicut
1127 3101 1334 3155 crcteris
1357 3098 1617 3154 dominari
1644 3097 1845 3154 debue-

270 3198 435 3252 runt?
457 3195 604 3265 Quod
626 3195 819 3250 merito
847 3194 992 3265 passi
1029 3201 1152 3249 sunt
1176 3193 1299 3263 quia
1327 3200 1381 3247 et
1409 3191 1505 3262 ipsi
1530 3190 1844 3247 obedientes

266 3302 363 3343 suo
388 3286 613 3342 Domino
658 3301 765 3341 non
822 3284 1053 3340 fuerunt.
1096 3283 1434 3339 Erubuerunt
1471 3296 1631 3352 ergo,
1682 3281 1754 3336 ita
1782 3297 1843 3336 se

268 3377 500 3434 Creatori
545 3391 648 3432 suo
688 3392 796 3431 non
842 3375 1148 3431 exhibuisse
1193 3373 1505 3437 servitium,
1559 3380 1618 3427 ut
1671 3371 1724 3426 in
1767 3372 1846 3427 eis

270 3469 516 3526 membris
539 3471 562 3502 ’
588 3485 653 3525 ex
675 3469 870 3540 quibus
895 3478 1079 3524 essent
1101 3467 1190 3522 filii
1216 3465 1551 3538 procreandi,
1576 3479 1848 3521 mereren-

273 3571 349 3617 tur
373 3562 623 3616 amittere
642 3560 664 3593 ³
688 3560 1040 3615 dominatum.

335 3653 422 3710 53.
452 3654 568 3709 Hoc
595 3652 817 3724 pudoris
834 3666 1024 3721 genus,
1052 3648 1167 3704 haec
1186 3645 1532 3705 erubescendi
1554 3645 1847 3700 necessitas

272 3756 409 3802 certe
430 3760 555 3800 cum
599 3744 745 3800 omni
795 3742 1012 3797 homine
1044 3740 1300 3802 nascitur,
1332 3747 1387 3793 et
1426 3736 1557 3806 ipsis
1585 3734 1846 3806 quodam-

276 3840 424 3897 modo
450 3849 657 3896 naturze
691 3838 901 3909 legibus
928 3837 1239 3905 imperatur,
1269 3841 1327 3888 ut
1371 3832 1424 3887 in
1451 3830 1552 3885 hac
1598 3847 1659 3886 re
1685 3844 1844 3885 vere-

276 3931 565 3987 cundeutur
591 3929 752 3984 etiam
777 3928 890 3996 ipsa
917 3924 1104 3997 pudica
1125 3922 1369 3992 conjugia
1395 3937 1411 3988 ;
1441 3936 1541 3977 nec
1564 3921 1845 3991 quisquam

278 4033 375 4076 tam
400 4021 535 4076 male
549 4018 879 4089 turpiterque
899 4015 1158 4084 proficiat,
1186 4012 1382 4083 utquia
1404 4010 1651 4081 cognovit
1677 4010 1843 4064 Deum

276 4127 387 4167 esse
403 4109 734 4166 conditorem
748 4118 951 4163 natura:
964 4114 1341 4174 auctoremque
1365 4103 1688 4173 nuptiarum,
1716 4101 1839 4156 ideo

275 4202 425 4256 etiam
455 4198 759 4254 miscendus
798 4196 972 4263 uxori,
1003 4194 1048 4249 si
1090 4193 1209 4265 quis
1256 4207 1379 4249 eum
1418 4190 1616 4258 videat,
1638 4206 1743 4246 non
1774 4191 1844 4247 de

278 4292 355 4349 bis
379 4291 612 4347 motibus
638 4289 941 4350 erubescat,
973 4293 1281 4356 quaeratque
1303 4294 1592 4351 secretum,
1619 4283 1710 4339 ubi
1734 4298 1841 4338 non

275 4386 440 4440 solum
461 4384 756 4439 alienorum
771 4422 788 4447 ,
820 4394 1004 4435 verum
1030 4377 1191 4433 etiam
1211 4390 1431 4432 suorum
1454 4375 1690 4441 omnium
1723 4390 1847 4443 pos-

274 4478 339 4530 sit
359 4477 525 4531 vitare
550 4481 918 4543 conspectum.
945 4470 1125 4540 Itaque
1155 4484 1256 4523 sua.
1281 4467 1436 4538 culpa
1464 4465 1566 4521 sibi
1597 4465 1846 4521 accidens

277 4567 497 4631 malum,
539 4573 728 4620 natura
765 4563 994 4616 humana
1041 4559 1381 4631 permittatur
1404 4571 1733 4627 agnoscere;
1775 4572 1845 4612 ne

279 4669 506 4728 cogatur,
536 4663 628 4711 aut
652 4653 797 4726 quod
825 4660 909 4707 est
937 4649 1453 4721 impudentissimum
1471 4689 1488 4715 ,
1515 4647 1583 4703 de
1625 4648 1708 4703 his
1735 4648 1847 4704 suis

279 4750 499 4804 motibus
520 4761 627 4802 non
652 4745 990 4806 erubescere,
1013 4750 1103 4796 aut
1124 4740 1265 4811 quod
1292 4749 1373 4796 est
1392 4740 1805 4810 ingratissimum
1826 4778 1843 4806 ,

279 4838 343 4891 de
386 4839 466 4892 sui
508 4836 767 4893 creatoris
822 4832 1072 4904 operibus
1121 4831 1455 4887 erubescere.
1503 4829 1620 4898 Quo
1667 4836 1853 4885 tamen»

280 4932 445 4995 malo,
493 4938 712 5001 propter
738 4927 937 4983 bonum
981 4922 1338 4995 generationis
1382 4921 1613 4977 filiorum
1639 4962 1654 4987 ,
1679 4913 1845 4977 'bene

282 5031 492 5076 utuntur
528 5019 731 5091 pudica
782 5017 1048 5086 coniugia.
1076 5013 1255 5071 Solius
1294 5020 1473 5068 autem
1501 5011 1732 5068 carnalis
1753 5027 1852 5066 vo—

285 5113 485 5181 luptatis
534 5124 693 5167 causa
749 5108 953 5164 libidini
1008 5105 1344 5171 consentire,
1409 5112 1682 5174 peccatum
1732 5112 1846 5169 est;

289 5204 516 5272 quamvis
538 5199 839 5272 coniugatis
864 5197 1156 5255 secundum
1194 5197 1403 5250 veniam
1432 5195 1773 5251 concedatur.

348 5292 564 5349 CAPUT
607 5290 773 5347 XVII.
815 5319 889 5331 -—
932 5289 1021 5344 54.
1066 5289 1144 5342 An
1181 5287 1337 5342 libido
1366 5295 1482 5342 ante
1508 5296 1766 5357 peccatum
1793 5287 1859 5340 iu-

291 5386 510 5448 paradiso
535 5399 647 5437 esse
665 5381 899 5450 potuerit.
926 5378 1030 5435 Sed
1057 5377 1358 5434 constituite
1378 5418 1393 5442 ,
1423 5376 1709 5447 Pelagiani,
1731 5390 1848 5431 ser-

289 5485 392 5528 vata
437 5475 717 5529 honestate
756 5487 821 5526 ac
867 5470 1188 5526 fecunditate
1228 5470 1527 5540 nuptiarum
1601 5469 1646 5524 si
1693 5484 1851 5524 nemo

340 5671 353 5735 ξ
396 5669 511 5735 tpud
528 5677 666 5735 ιρι,
687 5664 854 5735 hodie,
867 5664 981 5731 qui;
1002 5666 1195 5727 omisso,
1219 5677 1325 5728 que.

336 5733 355 5764 ³
386 5728 539 5789 Forte,
563 5729 616 5780 in
635 5743 697 5779 ea
714 5728 939 5778 unwibfa.

338 5794 359 5825 ⁵
386 5792 521 5857 aditi,
540 5790 786 5855 accipere.
807 5792 1100 5854 Castigantur
1125 5803 1186 5839 ex
1211 5795 1315 5837 Mss.

1630 354 1838 410 LIBER
1876 354 2147 413 PRIMUS.

3414 365 3524 425 566

1942 476 2245 539 peccasset,
2289 472 2502 542 qualem
2540 472 2715 529 velitis
2755 473 2808 530 in
2837 473 3084 546 paradiso
3118 474 3280 533 vitam
3308 477 3523 537 illorum

1942 559 2215 616 hominum
2254 564 2520 634 cogitare,
2563 573 2618 620 et
2663 582 2824 622 unum
2866 564 2935 622 de
2980 567 3062 622 his
3103 577 3330 639 quatuor
3361 559 3523 628 rebus

1942 649 2139 721 eligite.
2166 651 2359 707 Procul
2387 651 2549 709 dubio
2574 656 2738 724 enim,
2765 666 2856 712 aut
2879 658 3312 731 quotiescumque
3333 661 3522 718 libuis-

1942 749 2062 808 set,
2110 742 2264 796 toties
2301 744 2750 810 concubuissent;
2794 756 2886 802 aut
2920 747 3188 805 frenarent
3215 750 3522 821 libidinem,

1942 830 2157 902 quando
2185 833 2497 889 concubitus
2526 837 2858 892 necessarius
2885 854 2990 892 non
3021 838 3246 896 fuisset:
3275 852 3364 896 aut
3394 851 3523 897 tunc

1941 921 2009 976 ad
2048 930 2232 977 nutum
2257 924 2544 980 voluntatis
2572 926 2733 982 libido
2761 941 3134 999 consurgeret,
3164 934 3376 1002 quando
3404 950 3524 991 esse

1941 1013 2276 1069 concubitum
2308 1018 2664 1072 necessarium
2689 1028 2830 1074 casta
2858 1021 3137 1091 prudentia
3162 1025 3178 1056 ί
3207 1029 3522 1094 pnusensis-

1942 1112 2024 1157 set
2052 1119 2067 1168 ;
2110 1113 2202 1158 aut
2243 1105 2385 1160 nulla
2415 1106 2486 1163 ibi
2514 1108 2731 1163 omnino
2758 1110 3019 1167 existente
3046 1111 3264 1169 libidine
3287 1156 3303 1182 ,
3336 1127 3389 1171 ut
3420 1133 3525 1174 ca:-

1944 1201 2054 1247 tera
2089 1194 2324 1250 membra
2352 1212 2573 1269 quaeque
2599 1197 2665 1253 ad
2689 1213 2850 1267 Opera
2880 1216 2975 1256 sua
2993 1242 3008 1266 ,
3039 1202 3117 1257 sic
3141 1204 3208 1293 ad
3238 1220 3371 1274 opus
3398 1224 3522 1277 pro-

1943 1283 2115 1352 prium
2157 1286 2313 1339 etiam
2345 1288 2589 1357 genitalia
2614 1288 2778 1358 jussis
2804 1291 3089 1345 volentium
3115 1283 3231 1348 sine
3256 1296 3359 1349 ulla
3385 1296 3524 1351 diffi-

1943 1371 2140 1427 cultate
2166 1376 2475 1431 servissent.
2504 1378 2705 1433 llorum
2729 1390 2955 1451 quatuor
2973 1380 3113 1452 quod
3141 1382 3300 1438 vultis
3324 1385 3521 1456 eligite.

1943 1460 2049 1517 Sed
2081 1472 2208 1533 puto
2231 1464 2371 1535 quod
2393 1465 2499 1521 duo
2518 1466 2693 1537 priora
2719 1470 2982 1538 respuetis
2999 1512 3014 1536 ,
3043 1470 3131 1525 ubi
3152 1472 3174 1504 ⁸
3200 1472 3402 1527 libidini
3431 1484 3526 1530 aut

1943 1552 2174 1608 servitur
2193 1595 2210 1622 ,
2251 1564 2343 1610 aut
2371 1566 2712 1627 repugnatur.
2743 1558 2981 1630 Namque
3011 1561 3135 1616 illud
3163 1564 3389 1633 primum
3419 1575 3523 1620 tam

1945 1644 2197 1713 pra-clara
2235 1646 2525 1715 honestas;
2555 1649 2656 1706 hoc
2682 1658 2857 1707 autem
2886 1654 3173 1708 secundum
3203 1652 3305 1709 ta'm
3335 1672 3525 1727 magna

1944 1733 2168 1791 felicitas
2211 1752 2316 1794 non
2346 1740 2475 1794 vult.
2520 1739 2673 1797 Absit
2698 1744 2841 1799 enim
2869 1753 2923 1799 ut
2949 1753 3105 1799 tanta:
3130 1746 3270 1801 illius
3297 1748 3523 1803 beatitu-

1943 1824 2083 1880 dinis
2115 1825 2277 1883 decus
2295 1869 2310 1893 ,
2341 1838 2429 1884 aut
2458 1832 2845 1901 prarccdcntem
2871 1845 3083 1906 semper
3108 1837 3376 1907 sequendo
3401 1838 3524 1894 libi-

1943 1913 2120 1970 dinem
2166 1925 2349 1988 ageret
2393 1922 2751 1991 turpissimam
2795 1926 3136 1993 servitutem,
3183 1937 3276 1983 aut
3309 1929 3359 1985 ei
3392 1933 3528 1986 resi-

1944 2004 2135 2059 stendo
2179 2021 2282 2062 non
2326 2007 2542 2066 haberet
2588 2013 2946 2081 plenissimam
2976 2030 3203 2086 pacem:
3233 2018 3407 2088 absit,
3440 2020 3526 2074 in-

1943 2112 2139 2166 quam,
2183 2106 2245 2153 ut
2278 2100 2453 2155 carnis
2491 2102 2969 2170 concupiscentiam
3009 2120 3114 2160 non
3140 2118 3433 2177 opportune
3459 2108 3527 2165 ad

1944 2183 2303 2255 generandum
2326 2228 2345 2255 ,
2371 2190 2464 2243 scd
2493 2190 2785 2245 inordinata
2812 2193 3165 2248 commotione
3192 2203 3525 2265 surgentem,

1944 2285 2037 2331 aut
2082 2277 2155 2331 illi
2203 2281 2367 2334 menti
2406 2281 2615 2351 placere
2661 2284 3043 2338 consentiendo
3075 2287 3305 2354 satiare,
3336 2298 3426 2345 aut
3451 2290 3527 2346 illi

1945 2368 2113 2437 quieti
2141 2384 2361 2426 necesse
2388 2380 2533 2428 esset
2551 2371 2909 2428 dissentiendo
2937 2374 3212 2432 cohibere.

2019 2461 2108 2516 55.
2144 2461 2375 2516 Duarum
2407 2478 2534 2519 vero
2559 2463 2879 2534 reliquarum
2905 2467 3193 2537 quamlibet
3221 2467 3485 2538 elegeritis
3506 2511 3524 2538 ,

1947 2569 2052 2608 non
2091 2563 2174 2609 est
2216 2553 2469 2610 adversus
2512 2570 2604 2610 vos
2649 2556 2751 2611 ulla
2782 2557 3127 2613 contentione
3161 2558 3530 2619 laborandum.

1947 2642 2060 2697 Etsi
2083 2644 2222 2698 enim
2253 2654 2493 2715 quartam
2522 2645 2798 2701 nolueritis
2821 2647 3041 2718 eligere,
3069 2647 3158 2703 ubi
3186 2657 3270 2704 est
3289 2650 3527 2707 omnium

1947 2733 2305 2790 obedientium
2347 2736 2707 2792 membrorum
2735 2736 2758 2769 ³
2795 2739 2912 2794 sine
2948 2739 3053 2795 ulla
3079 2739 3295 2795 libidine
3322 2756 3530 2798 summa

1948 2824 2290 2895 tanquillitas,
2332 2828 2579 2897 quoniam
2599 2829 2706 2897 jam
2744 2843 2840 2885 vos
2878 2829 2928 2885 ei
2958 2830 3081 2886 fecit
3101 2841 3395 2888 vestrarum
3419 2834 3530 2890 dis-

1949 2916 2277 2983 putationum
2316 2916 2545 2987 impetus
2588 2918 2828 2974 inimicos
2852 2938 2867 2975 :
2895 2919 3021 2975 illud
3043 2920 3191 2976 vobis
3211 2923 3398 2978 saltem
3418 2925 3532 2994 pla-

1946 3005 2124 3072 cebit,
2173 3007 2316 3078 quod
2362 3009 2517 3063 tertio
2555 3010 2676 3066 loco
2723 3010 3031 3080 posuimus,
3071 3020 3129 3067 ut
3168 3013 3257 3068 illa
3297 3016 3527 3070 carnalis

1945 3098 2373 3168 concupiscentia
2396 3142 2412 3167 ,
2462 3102 2614 3173 cujus
2664 3113 2842 3159 motus
2866 3103 2934 3158 ad
2966 3113 3288 3174 postremam
3315 3105 3339 3139 ⁵
3357 3149 3372 3175 ,
3398 3123 3520 3179 quae

1946 3187 2044 3244 vos
2070 3190 2289 3245 multum
2316 3190 2545 3247 delectat
2562 3234 2578 3260 ,
2607 3193 2851 3263 pervenit
2875 3193 3195 3263 voluptatem
3220 3237 3235 3262 ,
3260 3212 3529 3269 nunquam

1948 3277 2003 3333 in
2025 3279 2268 3349 paradiso
2291 3322 2305 3345 ,
2336 3281 2437 3336 nisi
2466 3297 2587 3336 cum
2616 3281 2682 3338 ad
2702 3283 3022 3354 gignendum
3044 3276 3187 3341 esSet
3208 3288 3527 3353 necessaria,

1948 3370 2016 3425 ad
2049 3371 2334 3426 voluntatis
2369 3383 2550 3428 nutum
2577 3384 2903 3444 exsurgeret.
2937 3375 3081 3430 llanc
3109 3376 3152 3430 si
3181 3376 3353 3445 placet
3377 3378 3530 3432 vobis

1949 3459 2004 3514 in
2047 3460 2297 3530 paradiso
2320 3462 2584 3517 collocare
2612 3504 2628 3528 ,
2657 3472 2710 3518 et
2736 3479 2834 3534 per
2864 3464 3019 3519 talem
3045 3465 3528 3536 concupiscentiam

1947 3552 2123 3608 carnis
2146 3593 2160 3615 ,
2203 3569 2323 3623 quae
2356 3568 2458 3609 nec
2482 3555 2802 3625 praeveniret
2830 3597 2845 3624 ,
2878 3571 2976 3611 nec
3006 3558 3273 3622 tardaret,
3306 3574 3402 3613 nec
3432 3574 3529 3614 ex-

1948 3641 2164 3698 cederet
2189 3644 2469 3714 imperium
2502 3646 2785 3701 voluntatis
2804 3688 2819 3711 ,
2850 3648 3001 3703 vobis
3026 3647 3234 3702 videtur
3262 3648 3313 3702 in
3341 3649 3425 3704 illa
3454 3648 3531 3703 fe-

1948 3733 2146 3789 licitate
2188 3734 2324 3790 filios
2363 3736 2596 3806 potuisse
2629 3739 2873 3808 generari
2901 3738 2956 3803 ',
3003 3754 3107 3794 non
3150 3755 3525 3810 repugnamus.

1948 3823 2031 3881 Ad
2074 3824 2176 3879 hoc
2207 3825 2349 3880 enim
2391 3826 2532 3896 quod
2570 3827 2774 3899 agimus
2795 3869 2811 3894 ,
2838 3826 3036 3883 sufficit
3064 3829 3216 3885 nobis
3243 3830 3363 3899 quia
3391 3847 3531 3887 nunc

1950 3916 2071 3973 talis
2093 3917 2144 3971 in
2168 3916 2471 3973 hominibus
2499 3933 2604 3974 non
2633 3930 2714 3974 est
2736 3961 2751 3985 ,
2783 3921 2993 3991 qualem
3021 3921 3072 3975 in
3102 3921 3241 3977 illius
3265 3922 3530 3979 felicitatis

1951 4008 2066 4062 loco
2089 4023 2210 4064 esse
2232 4009 2467 4079 potuisse
2490 4009 2798 4068 conceditis.
2826 4012 3009 4081 Qualis
3037 4013 3231 4084 quippe
3256 4030 3396 4070 nunc
3418 4017 3486 4070 sit
3509 4058 3526 4082 ,

1949 4100 2187 4168 profecto
2224 4101 2458 4156 omnium
2502 4116 2691 4157 sensus
2733 4103 3033 4159 mortalium
3055 4145 3070 4169 ,
3099 4106 3197 4159 etsi
3223 4120 3343 4161 cum
3372 4122 3529 4162 vere-

1950 4190 2175 4257 cundia,
2222 4192 2503 4247 conlitetur
2551 4211 2565 4247 :
2606 4194 2728 4264 quia
2770 4204 2825 4250 et
2863 4204 3038 4250 castos
3068 4194 3226 4251 etiam
3258 4198 3525 4261 nolentes,

1949 4295 2176 4352 eamque
2219 4283 2566 4353 temperantia
2608 4283 2929 4354 castigantcs
2953 4327 2969 4352 ,
3000 4286 3360 4357 inquietudine
3388 4287 3530 4343 inor-

1947 4369 2125 4426 dinata
2173 4373 2577 4444 importunaque
2618 4373 2905 4440 sollicitat,
2955 4385 3009 4429 et
3050 4376 3365 4448 plerumque
3407 4391 3529 4433 sese

1948 4460 2246 4517 volentibus
2289 4463 2592 4530 subtrahit,
2645 4464 2948 4519 uolentibus
2998 4466 3237 4537 ingerit;
3295 4477 3353 4521 ut
3399 4467 3530 4522 nihil

1950 4553 2090 4608 aliud
2119 4553 2470 4610 inobedientia
2500 4570 2593 4610 sua
2613 4596 2628 4620 ,
2660 4571 2817 4626 quam
2845 4556 2984 4611 illius
3010 4560 3194 4627 prisca:
3222 4559 3532 4616 inobedien-

1954 4643 2038 4698 tiae
2082 4659 2293 4716 pinnam
2329 4660 2388 4700 se
2427 4660 2545 4701 esse
2586 4655 2824 4703 testetur.
2862 4646 3017 4703 Unde
3053 4648 3243 4704 merito
3263 4649 3329 4703 de
3359 4649 3444 4704 illa
3475 4661 3531 4707 et

1952 4743 2079 4791 tunc
2122 4736 2276 4805 primi
2321 4737 2597 4804 homines,
2645 4738 2857 4809 quando
2898 4739 3137 4808 pudenda
3166 4752 3444 4810 texerunt,
3476 4755 3533 4799 et

1953 4842 2092 4881 nunc
2140 4827 2229 4896 qui
2277 4842 2336 4881 se
2382 4837 2666 4898 utcumque
2711 4827 2979 4884 hominem
3029 4845 3147 4885 esse
3193 4832 3527 4899 considerat,

1951 4917 2125 4973 Omnis
2157 4918 2361 4989 pudens
2401 4918 2786 4991 impudensque
2813 4920 3152 4977 confunditur
3172 4964 3188 4991 ,
3216 4924 3354 4979 absit
3383 4933 3438 4979 ut
3464 4925 3531 4981 de

1951 5023 2115 5078 opere
2161 5008 2293 5075 Dei,
2341 5011 2434 5065 sed
2476 5010 2543 5065 de
2589 5025 2743 5080 penna
2782 5013 2937 5083 primi
2982 5014 3280 5083 veterisque
3307 5016 3528 5085 peccati.

1955 5101 2150 5156 Verum
2192 5115 2290 5154 vos
2333 5117 2437 5155 non
2485 5117 2582 5172 pro
2621 5103 2865 5173 religiosa
2895 5094 3101 5160 ratione
3123 5148 3137 5170 ,
3170 5106 3263 5160 sed
3295 5121 3389 5176 pro
3414 5107 3531 5160 ani-

1956 5206 2103 5245 mosa
2133 5192 2473 5247 contentione
2495 5234 2512 5259 ,
2541 5208 2640 5248 nec
2666 5208 2760 5264 pro
2786 5195 3018 5249 lmmano
3048 5196 3247 5265 pudore
3266 5239 3279 5258 ,
3311 5197 3403 5251 sed
3433 5211 3531 5266 pro

1954 5294 2132 5337 vestro
2163 5283 2359 5348 furore,
2379 5298 2446 5337 ne
2474 5284 2556 5338 vel
2587 5285 2699 5354 ipsa
2724 5286 3144 5355 concupiscentia
3174 5287 3348 5341 carnis
3375 5286 3530 5340 vitia-

2018 5481 2036 5512 ⁸
2070 5479 2142 5529 sic
2162 5484 2269 5528 Mss.
2298 5484 2349 5542 At
2374 5477 2508 5537 editi,
2528 5477 2772 5542 patientia.

2018 5543 2039 5572 ²
2072 5541 2205 5592 Editi.
2231 5537 2417 5601 qrilms.
2445 5548 2494 5590 Al
2529 5537 2656 5601 uss,
2679 5538 2775 5590 ubi.

2020 5603 2041 5634 ³
2074 5602 2185 5649 [(Ιίιὶ
2206 5600 2313 5657 soli,
2330 5600 2593 5650 obcdicnlia
2614 5601 2946 5651 membrorum.

2020 5664 2040 5694 ⁸
2074 5664 2213 5719 Iiditi,
2259 5663 2323 5712 ad
2366 5677 2473 5713 eam
2506 5669 2805 5725 postremmu.
2847 5664 3145 5729 Manuscripti
3187 5676 3280 5715 non
3310 5663 3527 5728 nauem,

1958 5738 2209 5845 metvunt,
2232 5797 2479 5847 generare.
2513 5790 2567 5834 ΑΙ.
2590 5793 2712 5846 Mss,
2736 5783 2973 5849 generari.
