3984 6534
438 379 541 434 567

435 503 487 548 ιιι
533 491 778 548 credatur
799 536 811 558 ,
844 503 894 546 et
923 506 988 545 ex
1019 505 1081 544 ea
1112 489 1247 544 trahi
1287 489 1541 559 originale
1567 491 1884 558 peccatum;
1931 493 2014 538 ta-

436 586 542 642 lem
570 600 788 654 prorsus
811 583 981 654 qualis
1007 599 1145 638 nunc
1168 593 1288 647 est,
1323 584 1373 636 in
1398 583 1699 652 paradisum
1725 578 2012 636 conamini‘

437 675 756 745 disputando
779 688 1028 728 revocare
1051 713 1067 738 ,
1093 689 1316 742 eamque
1343 672 1452 726 illic
1477 687 1595 728 esse
1621 673 1856 741 potuisse
1884 686 2016 724 con-

436 768 696 828 tendere,
745 779 902 834 quam
959 763 1041 818 vel
1103 779 1314 831 semper
1363 773 1672 833 sequeretur
1740 762 2016 815 inhonesta

435 856 822 918 consensio,vcl
840 854 1120 925 aliquando
1135 864 1408 910 coerceret
1426 852 1719 908 miseranda
1733 852 2017 906 dissensio.

435 950 544 1004 Nos
569 959 745 1004 autem
778 964 882 1002 non
913 948 1135 1002 multum
1164 962 1411 1002 curamus
1435 947 1559 1016 quid
1581 961 1674 998 vos
1694 945 1759 999 de
1785 945 1872 998 illa
1897 959 2020 998 sen-

436 1043 538 1096 tire
563 1041 810 1096 delectet.
841 1040 1106 1109 Quidquid
1135 1049 1310 1095 tamen
1337 1039 1604 1093 hominum
1634 1053 1726 1107 per
1753 1038 1893 1091 illam
1921 1053 2018 1090 na-

433 1135 600 1188 scitur
625 1174 640 1200 ,
686 1133 730 1188 si
777 1151 880 1187 non
922 1143 1262 1196 renascatur,
1308 1133 1422 1186 sine
1451 1130 1778 1185 dubitatione
1804 1129 2023 1184 damna-

437 1235 523 1277 tur
545 1266 560 1290 ,
602 1233 656 1278 et
697 1239 915 1278 necesse
944 1233 1028 1278 est
1052 1239 1170 1280 esse
1199 1224 1298 1278 sub
1325 1221 1536 1276 diabolo
1555 1263 1568 1287 ,
1601 1220 1646 1274 si
1676 1236 1780 1274 non
1810 1219 1932 1274 inde
1957 1219 2023 1273 li-

435 1315 652 1370 beretur
676 1333 702 1368 a
731 1315 963 1372 Christo.

508 1407 733 1464 CAPUT
777 1407 960 1462 XVI".
1003 1439 1075 1449 —
1117 1407 1204 1462 56.
1256 1407 1450 1475 Quarta
1493 1403 1693 1459 Iuliani
1721 1405 2019 1469 antithesis,

437 1499 573 1568 quod
602 1499 750 1552 homo
779 1500 842 1552 sit
868 1499 958 1552 Dei
982 1515 1234 1569 opus,nec
1261 1515 1321 1551 ea:
1349 1499 1486 1550 illius
1513 1497 1732 1567 potentia
1754 1497 1829 1549 vel
1843 1501 1892 1549 in
1915 1513 2023 1548 ma-

439 1591 545 1642 lum
567 1589 644 1644 vel
666 1591 718 1643 in
747 1590 930 1644 bonum
957 1599 1185 1660 cogatur.
1217 1609 1235 1641 ι
1271 1589 1524 1642 llontines
1547 1630 1560 1652 ,
1601 1607 1619 1640 ι
1653 1588 1847 1657 inquit,
1882 1606 1900 1638 ι
1931 1587 2020 1643 Dei

437 1697 572 1752 opus
615 1695 733 1736 esse
777 1680 1107 1735 defendimus
1150 1699 1161 1733 :
1205 1695 1302 1734 nec
1341 1695 1402 1734 ex
1435 1679 1572 1732 illius
1600 1679 1832 1748 potentia
1860 1679 1941 1733 vel
1969 1678 2022 1733 in

440 1772 634 1825 malum
671 1771 754 1826 vel
798 1771 849 1825 in
876 1771 1070 1826 bonum
1099 1771 1316 1825 invitum
1341 1771 1570 1840 aliquem
1598 1771 1747 1840 cogi;
1778 1769 1868 1824 sed
1899 1785 2020 1839 pro-

437 1863 552 1933 prin
598 1862 898 1929 voluntate,
939 1871 1030 1916 aut
1072 1863 1267 1917 bonum
1317 1861 1520 1926 facere,
1565 1870 1656 1914 aut
1701 1861 1938 1914 malum:
1970 1861 2020 1914 in

435 1939 581 2009 bono
623 1969 750 2008 vero
788 1969 950 2024 Opere
995 1968 1026 2007 a
1071 1953 1164 2006 Dei
1210 1953 1374 2022 gratia
1421 1967 1632 2022 semper
1666 1951 1940 2022 adjuvari,
1971 1952 2022 2006 in

436 2047 636 2100 malum
661 2060 790 2100 vero
817 2045 1012 2098 diaboli
1039 2043 1462 2114 suggestionibus
1493 2042 1717 2097 incitari.
1751 2063 1768 2094 ι
1805 2043 1884 2098 Ad
1913 2044 2026 2098 lucc

435 2136 857 2206 respondemus,
911 2135 1161 2189 llomines
1207 2151 1324 2189 esse
1367 2135 1662 2203 OpusDei,
1691 2135 1742 2188 in
1769 2143 2022 2203 quantum

437 2225 685 2280 homines
711 2235 838 2300 sunt
859 2245 873 2292 ;
903 2225 994 2279 sed
1022 2226 1118 2280 sub
1143 2225 1354 2280 diabolo
1381 2240 1522 2290 esse,
1550 2225 1602 2278 in
1625 2237 1876 2293 quantum
1902 2240 2025 2292 pec-

438 2327 648 2372 catores
694 2327 854 2381 sunt,
901 2317 1002 2372 nisi
1032 2326 1286 2370 eruantur
1330 2316 1450 2370 inde
1491 2331 1582 2386 per
1609 2331 1730 2369 cum
1754 2357 1767 2378 ,
1800 2315 1886 2384 qui
1919 2332 2022 2368 non

442 2410 512 2463 ob
537 2409 678 2463 aliud
712 2409 884 2462 factus
905 2419 984 2462 est
1017 2409 1154 2462 inter
1181 2408 1344 2462 Deum
1373 2416 1425 2462 et
1455 2407 1696 2461 homines
1726 2408 1984 2461 mediator
2007 2449 2022 2472 ,

439 2500 541 2556 nisi
570 2501 690 2570 quia
721 2517 786 2555 ex
813 2501 1116 2554 hominibus
1147 2516 1252 2553 non
1283 2500 1450 2568 potuit
1478 2515 1596 2555 esse
1627 2510 1888 2569 peceator.
1918 2499 2028 2555 Nec

437 2607 504 2662 ex
554 2591 646 2646 Dei
689 2592 916 2660 potentia
943 2591 1026 2644 vel
1067 2591 1122 2644 in
1153 2591 1346 2644 malum
1375 2590 1454 2645 vel
1485 2592 1538 2644 in
1578 2591 1772 2644 bonum
1803 2591 2024 2644 invitum

438 2684 667 2753 aliquem
695 2685 850 2754 cogi;
891 2683 981 2738 sed
1017 2684 1121 2738 Deo
1159 2683 1440 2738 deserente
1485 2699 1581 2752 pro
1622 2684 1823 2738 meritis
1854 2683 1930 2738 ire
1973 2683 2025 2736 in

439 2775 638 2829 malum
668 2815 684 2842 ,
734 2785 787 2830 ct
827 2776 941 2831 Deo
981 2777 1262 2846 adjuvante
1304 2775 1419 2830 sine
1459 2776 1660 2830 meritis
1700 2777 1936 2832 converti
1961 2777 2028 2831 ad

439 2866 787 2921 honum.Non
803 2868 944 2922 enim
964 2877 1048 2923 est
1078 2869 1236 2922 homo
1267 2869 1435 2922 bonus
1459 2868 1502 2922 si
1534 2868 1700 2934 nolit;
1739 2869 1832 2923 sed
1860 2871 2026 2940 gratia

439 2959 534 3013 Dei
587 2959 744 3014 etiam
771 2960 838 3014 ad
877 2961 979 3016 hoc
1003 2961 1283 3030 atljuvatnr
1322 2970 1376 3016 ut
1415 2961 1542 3016 velit
1574 2978 1588 3016 :
1619 2963 1867 3031 quoniam
1919 2979 2026 3018 non

439 3050 669 3106 inaniter
706 3052 961 3121 scriptum
1002 3062 1118 3119 est,
1163 3053 1300 3106 Deus
1337 3063 1409 3107 est
1437 3054 1570 3106 enim
1592 3055 1679 3127 qui
1716 3065 1952 3124 operatur
1977 3057 2030 3110 in

440 3141 578 3195 vobis
597 3142 616 3171 ¹
635 3151 680 3194 et
715 3142 838 3194 velle
861 3150 908 3196 et
933 3143 1154 3213 operari,
1183 3159 1276 3214 pro
1302 3144 1432 3196 bona
1473 3143 1730 3198 voluntate
1766 3144 2027 3217 (Philipp.

441 3247 513 3296 ιι,
547 3233 638 3300 15)
661 3251 674 3296 ;
701 3241 775 3296 et,
801 3232 1128 3304 Praeparatur
1148 3234 1378 3288 voluntas
1406 3251 1439 3288 a
1459 3233 1677 3289 Domino
1700 3233 1884 3304 (Prov.
1915 3252 2026 3303 vnt,

441 3341 539 3378 sec.
569 3325 760 3396 LXX).

513 3415 741 3473 CAPUT
803 3416 947 3474 XIX.
978 3449 1048 3457 —
1089 3417 1178 3472 57.
1248 3415 1462 3472 Initium
1524 3418 1670 3474 bonte
1716 3420 2027 3489 voluntatis,

445 3507 637 3560 donum
664 3509 860 3577 gratite.
915 3505 1090 3561 Venire
1127 3506 1196 3560 ad
1230 3505 1484 3563 Christum
1537 3519 1612 3564 est
1662 3510 1887 3566 credere.
1945 3509 2030 3566 Vis

441 3597 643 3666 gratiae.
693 3596 800 3652 Vos
826 3607 1002 3652 autem
1045 3598 1098 3654 in
1139 3598 1280 3653 bono
1325 3615 1486 3668 opere
1523 3603 1602 3654 sic
1637 3602 1832 3670 putatis
1879 3601 2031 3672 adju-

443 3687 558 3742 vari
611 3689 874 3743 hominem
915 3689 1079 3760 gratia
1131 3690 1252 3756 Dei,
1301 3699 1356 3744 ut
1401 3691 1453 3744 in
1503 3693 1779 3746 excitanda
1818 3691 1932 3763 ejus
1961 3693 2027 3748 ad

443 3779 618 3847 ipsum
643 3779 835 3834 lmuum
863 3796 994 3848 opus
1025 3780 1322 3840 voluntate:
1353 3781 1483 3836 nihil
1511 3797 1627 3836 eam
1652 3783 1882 3838 credatis
1902 3799 2028 3853 ope-

442 3871 570 3925 rari.
617 3871 767 3940 Quod
809 3873 934 3926 satis
978 3873 1087 3940 ipsa
1135 3881 1220 3926 tua
1255 3874 1413 3928 verba
1441 3874 1729 3930 declarant.
1755 3876 1862 3932 Cur
1887 3879 2026 3932 enim

442 3977 550 4016 non
572 3962 746 4018 dixisti
771 4005 786 4030 ,
814 3963 1084 4018 hominem
1115 3965 1202 4018 Dei
1228 3965 1394 4032 gratia
1427 3965 1478 4019 in
1506 3966 1702 4021 bonum
1733 3983 1867 4037 opus
1886 3970 2032 4024 exci-

441 4055 542 4108 tari
569 4097 584 4118 ,
608 4040 742 4108 Sicut
771 4055 986 4120 dixisti,
1023 4076 1042 4108 ι
1077 4057 1130 4112 ιη
1159 4059 1354 4112 malum
1379 4058 1570 4113 diaboli
1601 4063 2028 4132 suggestionihus

441 4145 686 4210 incitari;
727 4165 744 4196 ι
787 4146 880 4200 sed
924 4147 1076 4212 aisti,
1112 4165 1130 4199 ι
1179 4148 1230 4202 in
1275 4147 1415 4202 bono
1459 4164 1622 4220 Opere
1660 4166 1689 4203 a
1733 4152 1824 4206 Dei
1851 4154 2028 4224 'gratia

443 4254 656 4307 semper
700 4238 988 4307 adjuvari?
1037 4257 1058 4292 ι
1107 4251 1353 4310 tanquam
1399 4256 1492 4296 sua
1537 4243 1836 4311 voluntate,
1886 4247 2028 4301 nulla

445 4329 538 4382 Dei
569 4329 735 4398 gratia
765 4329 960 4383 bonum
991 4345 1126 4399 opus
1149 4346 1461 4400 aggressus,
1497 4333 1548 4386 in
1580 4334 1696 4402 ipso
1719 4335 1830 4404 jam
1867 4351 2030 4405 opere

375 4451 378 4455 -
445 4421 698 4476 divinitus
735 4421 1047 4491 adjuvetur,
1095 4437 1190 4488 pro
1233 4423 1438 4477 meritis
1477 4425 1720 4480 videlicet
1743 4427 2030 4484 voluntatis

445 4511 599 4567 bona:
623 4531 638 4580 ;
684 4521 742 4566 ut
782 4513 1036 4568 reddatur
1059 4514 1234 4569 debita
1265 4516 1430 4585 gratia
1455 4557 1470 4582 ,
1499 4533 1604 4572 non
1632 4517 1860 4574 donetur
1881 4519 2032 4576 inde-

445 4603 554 4658 bita
587 4619 600 4657 :
643 4619 706 4658 ac
747 4604 823 4657 sic
851 4607 1016 4674 gratia
1043 4605 1152 4674 jam
1184 4623 1288 4659 non
1319 4606 1387 4660 sit
1413 4610 1580 4676 gratia
1609 4608 1781 4677 (Rom.
1817 4627 1899 4674 xt,
1931 4613 2027 4682 6);

445 4694 539 4748 sed
584 4695 652 4747 sit
687 4694 816 4748 illud
849 4696 986 4763 qttod
1019 4697 1260 4766 Pelagius
1289 4695 1340 4750 in
1364 4697 1562 4768 judicio
1591 4699 1874 4756 Palaestino
1905 4701 2030 4756 lieto

445 4785 608 4840 corde
637 4786 905 4842 damnavit
927 4829 941 4852 ,
971 4789 1190 4857 gratiam
1217 4789 1307 4842 Dei
1329 4789 1618 4844 secundum
1641 4794 1826 4846 merita
1852 4803 2028 4848 nostra

446 4875 560 4930 dari
593 4877 687 4949 (a).
731 4877 823 4930 Dic
847 4878 974 4932 mihi
995 4920 1009 4940 .
1039 4879 1262 4934 obsecro
1286 4921 1300 4944 ,
1329 4881 1454 4950 quid
1487 4882 1610 4936 boni
1639 4883 1831 4936 Paulus
1855 4883 2030 4938 adlmc

445 4969 642 5024 Saulus
665 5011 679 5033 ,
708 4970 951 5036 volebat,
979 4985 1041 5025 ac
1069 4989 1170 5024 non
1204 4973 1376 5041 potius
1406 4988 1594 5042 magna
1626 4975 1759 5028 mala
1782 5017 1793 5036 ,
1818 4976 2031 5043 quando

445 5061 654 5129 spirans
680 5059 882 5114 czedent
910 5061 1164 5130 pergebat
1187 5061 1252 5116 ad
1281 5063 1564 5118 vastandos
1593 5063 1856 5120 horrenda
1883 5083 2033 5119 men-

447 5157 516 5209 tis
564 5153 802 5208 caecitate
843 5169 904 5209 ac
949 5153 1126 5210 furore
1172 5155 1545 5210 Christianos?
1581 5157 1783 5226 Quibus
1827 5161 2030 5215 meritis

447 5246 602 5300 bona:
627 5244 912 5300 voluntatis
939 5245 1078 5300 Dens
1103 5245 1251 5300 illum
1283 5245 1350 5300 ab
1377 5245 1460 5300 his
1483 5249 1632 5302 malis
1652 5249 1718 5302 ad
1743 5250 1902 5313 bona,
1933 5251 2032 5305 nii-

446 5335 597 5389 rabili
620 5344 676 5391 et
699 5337 972 5405 repentina
1003 5337 1279 5391 vocatione
1300 5340 1560 5392 convertit
1589 5338 1722 5410 (Act.
1751 5341 1829 5412 Ix)
1851 5341 1874 5395 ?
1893 5341 2028 5410 Quid

445 5442 544 5496 ego
573 5427 746 5482 dicam
767 5469 780 5492 ,
809 5428 1000 5496 quibus
1022 5429 1223 5482 meritis
1245 5471 1260 5494 ,
1289 5444 1408 5483 cum
1434 5431 1544 5499 ipse
1564 5431 1787 5494 clamet,
1823 5432 1943 5486 Non
1968 5450 2030 5488 eo:

443 5519 676 5581 operibus
707 5521 922 5588 iustitia:
953 5535 1066 5590 quw
1089 5537 1179 5574 nos
1213 5521 1420 5591 ferimus
1441 5563 1454 5586 ,
1481 5524 1570 5575 sed
1593 5525 1864 5576 secundum
1887 5541 2028 5577 suam

445 5614 839 5668 misericordiam
872 5615 1036 5668 salvos
1075 5630 1166 5667 nos
1195 5613 1311 5683 fecit
1339 5611 1463 5684 (Tit.
1497 5630 1551 5669 ιιι
1577 5657 1590 5681 ,
1620 5615 1712 5684 5)?
1739 5615 1874 5684 Quid
1903 5615 2028 5671 illud

511 5714 525 5780 ξ
561 5716 634 5764 sic
653 5721 761 5780 Mss.
787 5718 1008 5780 Atedii],
1031 5715 1082 5766 in
1105 5713 1332 5780 paradiso
1355 5715 1656 5768 conabinu‘ui.

507 5775 526 5804 ²
562 5781 687 5832 Mss...
711 5777 760 5826 in
783 5779 929 5829 nobis.

507 5835 577 5898 (α)
609 5845 784 5900 Supra,
813 5839 894 5889 lib.
919 5842 982 5891 de
1003 5843 1158 5892 Gestis
1183 5839 1378 5904 Pelagii,
1399 5855 1446 5890 ιι.
1471 5841 1548 5890 50.

1035 373 1306 432 CONTRA
1351 374 1528 430 DUAS
1569 369 1940 432 El‘lS'l'OL.\S
1977 367 2534 434 PLL.\GlAt\'OliU.\l,
2575 367 2632 421 S.
2677 366 3038 423 AUGUSTINI

3599 368 3721 425 568

2127 482 2271 555 quod
2292 481 2400 552 jam
2431 483 2838 538 commemoravi
2865 483 3062 537 dixisse
3084 483 3392 545 Dominum.
3426 484 3592 538 Nemo
3615 504 3722 553 po-

2124 585 2214 630 test
2260 576 2426 630 venire
2459 579 2528 630 ad
2555 593 2665 642 me,
2697 575 2835 646 quod
2865 577 3172 645 intelligitur
3191 618 3207 644 ,
3233 576 3465 632 Credere
3489 577 3542 630 in
3575 594 3666 631 mc
3697 593 3716 642 ;

2124 668 2220 721 nisi
2242 667 2287 720 ei
2311 667 2485 719 datum
2514 667 2668 738 fuerit
2693 683 2725 718 α
2755 665 2909 719 Patre
2934 683 3042 720 meo
3063 665 3240 739 (Joan.
3267 683 3341 732 vt,
3371 667 3488 738 66)?
3515 666 3715 722 Utrum

2120 757 2230 827 jatu
2295 757 2490 812 volenti
2555 757 2775 812 credere
2815 772 2911 827 pro
2967 757 3169 812 meritis
3223 757 3380 811 boum.-
3419 758 3720 811 voluntatis

2124 852 2228 908 hoc
2265 853 2422 908 datur
2455 871 2467 905 :
2505 871 2570 908 an
2600 855 2772 924 potius
2798 865 2850 908 ut
2880 855 3059 909 credat
3079 898 3092 918 .
3125 855 3238 926 ipsa
3269 855 3546 922 voluntas,
3571 858 3720 910 sicut

2124 942 2302 1010 Sauli,
2341 944 2570 1014 desuper
2605 945 2863 999 excitatur
2884 985 2900 1012 ,
2944 946 3101 1000 etiam
3135 947 3179 1000 si
3209 955 3314 1000 tam
3341 947 3410 1001 sit
3432 963 3654 1002 aversus
3681 961 3715 1000 a

2128 1033 2232 1089 lide
2254 1077 2269 1102 ,
2316 1045 2373 1090 ut
2410 1036 2690 1091 credentes
2724 1039 2880 1092 etiam
2925 1040 3318 1109 persequatur?
3343 1040 3536 1110 thuid
3563 1043 3712 1096 enim

2128 1125 2282 1182 nobis
2321 1127 2576 1181 Dominus
2617 1128 2901 1197 pra-cepit,
2933 1137 2992 1182 ut
3019 1144 3232 1184 oremus
3259 1145 3354 1200 pro
3380 1131 3459 1186 eis
3493 1133 3582 1202 qui
3611 1147 3716 1186 nos

2128 1229 2516 1290 persequuntur
2543 1219 2751 1291 (Matth.
2781 1237 2816 1273 v
2839 1262 2852 1285 ,
2880 1222 2969 1291 44)
2989 1223 3016 1275 ?
3035 1221 3304 1292 Numquid
3329 1221 3430 1277 hoc
3453 1239 3670 1278 oramus
3695 1265 3714 1289 ,

2127 1318 2186 1364 ιιι
2225 1312 2302 1366 eis
2339 1327 2434 1380 pro
2464 1311 2598 1365 bona
2625 1327 2808 1366 eorum
2835 1313 3104 1368 voluntate
3127 1314 3294 1382 gratia
3327 1315 3418 1369 Dei
3451 1315 3718 1370 retribua-

2127 1412 2213 1456 tttr
2234 1445 2249 1468 ,
2293 1418 2357 1458 ac
2396 1417 2500 1456 non
2527 1403 2702 1472 potius
2729 1411 2784 1457 ttt
2812 1404 2946 1457 mala
2979 1404 3030 1458 in
3058 1405 3252 1458 bonum
3281 1407 3526 1460 voluntas
3551 1406 3666 1476 ipsa
3693 1407 3714 1438 ¹

2128 1493 2403 1548 mutetur?
2441 1492 2589 1548 Sicut
2627 1495 2894 1549 credimus
2918 1537 2931 1558 ,
2973 1504 3099 1551 tunc
3135 1512 3163 1548 a
3193 1499 3398 1552 sanctis
3427 1515 3561 1568 quos
3595 1515 3720 1568 per-

2127 1583 2467 1653 Sequehatur,
2499 1599 2606 1637 non
2635 1586 2862 1638 inaniter
2886 1594 3094 1639 oratum
3121 1601 3240 1640 esse
3265 1603 3359 1656 pro
3387 1589 3547 1642 Saulo
3572 1589 3713 1660 (Act.

2130 1689 2237 1736 vn,
2277 1675 2401 1743 59),
2441 1683 2501 1728 ut
2537 1675 2604 1729 ad
2639 1675 2794 1729 ﬁdem
2824 1691 2981 1746 quam
3011 1677 3290 1744 vastabat,
3321 1679 3566 1733 voluntas
3597 1681 3720 1750 ejus

2129 1777 2548 1822 converteretur.
2595 1768 2664 1822 Et
2711 1769 2850 1822 illius
2892 1769 3104 1839 quidem
3155 1771 3434 1825 conversio
3482 1773 3721 1842 desuper

2129 1857 2286 1922 facta,
2321 1858 2604 1912 manifesto
2631 1860 2789 1913 etiam
2818 1859 3074 1913 miraculo
3095 1862 3358 1930 apparuit.
3389 1861 3554 1930 Quam
3579 1863 3720 1916 mul-

2131 1948 2168 2000 ti
2210 1947 2407 2002 inimici
2450 1946 2646 2003 Christi
2681 1949 2916 2018 quotidie
2954 1951 3129 2022 subito
3167 1951 3262 2006 Dei
3309 1954 3513 2007 occulta
3544 1958 3720 2024 gratia

2129 2039 2409 2092 trahuntur
2459 2039 2525 2092 ad
2579 2038 2895 2094 Christum?
2947 2041 3098 2109 Quod
3145 2043 3364 2098 verbum
3413 2045 3454 2098 si
3505 2060 3610 2097 non
3651 2061 3720 2099 ex

2128 2129 2418 2198 Evangelio
2459 2131 2752 2200 posuissem
2773 2173 2788 2198 ,
2816 2140 3010 2202 quanta
3051 2131 3118 2187 de
3149 2148 3232 2187 me
3257 2143 3474 2203 propter
3495 2133 3596 2189 hoc
3620 2135 3724 2189 iste

2127 2222 2346 2277 dixisset
2372 2239 2386 2290 ;
2430 2240 2548 2278 cum
2595 2224 2753 2280 etiam
2797 2241 2940 2282 nunc
2963 2228 3258 2282 obluctetur
3286 2245 3390 2283 nou
3422 2231 3547 2285 mihi
3573 2272 3591 2296 ,
3623 2233 3724 2285 sed

2131 2314 2201 2366 illi
2227 2316 2314 2384 qui
2337 2317 2530 2370 clamat
2552 2358 2566 2382 ,
2596 2315 2760 2370 Nemo
2791 2328 2949 2386 potest
2977 2321 3144 2373 venire
3169 2320 3238 2372 ad
3264 2337 3378 2386 me,
3401 2324 3498 2376 nisi
3530 2321 3724 2388 Pater,

2128 2405 2214 2472 qui
2255 2405 2388 2458 misit
2433 2423 2540 2471 me,
2577 2409 2784 2461 traxerit
2809 2425 2922 2462 eum
2951 2409 3125 2481 (Joan.
3156 2426 3246 2476 v1,
3271 2411 3363 2480 44)
3385 2411 3408 2464 ?
3432 2412 3545 2466 Non
3575 2413 3721 2468 enim

2130 2496 2236 2561 ait,
2287 2496 2542 2563 Duxerit,
2573 2507 2628 2553 ut
2667 2499 2772 2553 illic
2802 2499 2980 2569 aliquo
3013 2501 3170 2556 modo
3199 2503 3552 2573 intelligamus
3585 2521 3725 2574 pric-

2131 2587 2324 2643 ct:dere
2352 2589 2696 2646 voluntatem.
2727 2589 2856 2658 Quis
2884 2591 3140 2660 trahitur,
3172 2595 3213 2646 si
3237 2593 3346 2663 jam
3371 2595 3626 2650 volebat?
3655 2597 3724 2650 Et

2134 2687 2310 2732 tamen
2359 2695 2517 2734 nemo
2565 2681 2746 2746 venit,
2797 2682 2895 2735 nisi
2941 2681 3087 2737 velit.
3129 2683 3382 2738 Trahitur
3411 2699 3538 2756 ergo
3569 2687 3725 2740 miris

2135 2767 2304 2822 modis
2341 2778 2396 2822 ut
2433 2769 2598 2836 velit,
2639 2770 2706 2825 ab
2736 2771 2826 2825 illo
2851 2773 2938 2842 qui
2969 2774 3115 2827 novit
3141 2775 3286 2827 intus
3309 2775 3359 2828 iu
3389 2775 3520 2845 ipsis
3547 2777 3726 2830 [tomi-

2133 2877 2258 2914 num
2303 2863 2554 2918 cordibus
2592 2865 2800 2934 0perari
2823 2905 2836 2927 ,
2885 2881 2990 2920 non
3029 2874 3088 2920 ut
3117 2865 3360 2922 homines
3384 2910 3398 2935 ,
3431 2869 3572 2938 quod
3605 2867 3724 2923 ﬁeri

2133 2967 2238 3006 non
2271 2963 2475 3022 potest,
2505 2955 2749 3011 nolentes
2778 2955 2998 3011 credant
3018 2998 3034 3024 ,
3062 2957 3154 3013 sed
3179 2968 3234 3012 ut
3261 2959 3498 3014 volentes
3527 2976 3594 3015 ex
3627 2976 3726 3016 uo-

2134 3045 2364 3100 lentibus
2393 3047 2537 3102 liant.

2205 3137 2429 3192 CAPUT
2474 3137 2592 3192 XX.
2638 3169 2707 3179 —
2751 3139 2839 3195 58.
2885 3138 3075 3194 Gratia:
3106 3139 3199 3194 Dei
3229 3141 3298 3194 vis
3325 3141 3722 3196 demonstratur.

2135 3227 2248 3283 Hoc
2275 3243 2456 3282 verum
2479 3243 2600 3283 esse
2621 3243 2728 3282 non
2756 3231 3059 3298 conjectura
3087 3233 3422 3300 suSpicamttr
3451 3231 3678 3285 lnnnaua
3699 3272 3724 3298 ,

2133 3320 2225 3376 sed
2249 3320 2644 3375 evidentissima
2668 3320 2964 3376 divinarum
2988 3321 3380 3390 Scripturarum
3403 3323 3726 3376 auctoritate

2132 3409 2510 3480 dignoscimus.
2561 3410 2776 3481 Legitur
2823 3411 2874 3466 itt
2919 3411 3362 3482 Paralipomenon
3409 3414 3606 3468 libris:
3653 3413 3724 3468 Et

2132 3502 2334 3570 quidem
2376 3502 2428 3555 in
2469 3501 2610 3555 Iuda
2639 3507 2776 3574 facta
2799 3513 2872 3558 est
2897 3520 3074 3558 manus
3106 3505 3226 3567 Dei,
3257 3515 3310 3558 ut
3337 3506 3476 3559 daret
3505 3507 3610 3559 illis
3637 3523 3726 3560 cor

2132 3609 2312 3656 unum,
2333 3602 2387 3645 ut
2407 3593 2627 3661 facerent
2649 3605 2957 3663 prwceptum
2979 3597 3110 3666 regis
3131 3609 3178 3648 et
3195 3595 3477 3665 principum
3499 3595 3550 3648 in
3575 3598 3726 3650 verbo

2133 3681 2340 3737 Domini
2378 3683 2440 3755 (ll
2486 3683 2608 3738 Par.
2640 3701 2774 3750 xxx,
2805 3685 2913 3756 1‘2).
2949 3685 3077 3739 Item
3108 3701 3205 3755 per
3232 3685 3568 3740 Ezechielem
3599 3703 3728 3756 pro-

2133 3778 2344 3847 phetam
2379 3779 2631 3832 Dominus
2656 3778 2782 3832 dicit
2814 3797 2829 3833 :
2861 3777 3005 3831 Dabo
3042 3779 3113 3832 eis
3150 3796 3237 3832 cor
3273 3779 3446 3844 aliud,
3487 3791 3534 3834 et
3563 3781 3730 3849 spiri-

2133 3880 2238 3923 tum
2277 3887 2457 3924 novum
2495 3871 2624 3924 dabo
2663 3871 2762 3936 eis,
2803 3881 2849 3924 et
2887 3871 3093 3924 evellam
3133 3887 3220 3924 cor
3256 3887 3426 3924 eorum
3461 3871 3728 3938 lapideum

2133 3963 2195 4014 de
2231 3978 2380 4015 carne
2417 3979 2622 4028 eorum,
2659 3971 2705 4015 et
2743 3962 2876 4016 dabo
2905 3963 2975 4016 eis
3005 3979 3091 4016 cor
3119 3980 3355 4016 corneum
3377 3980 3398 4028 ;
3417 3974 3470 4016 ut
3499 3964 3553 4017 in
3585 3981 3728 4032 prcr-

2131 4054 2286 4124 ccptis
2341 4054 2461 4107 meis
2509 4053 2794 4120 ambulent,
2847 4062 2891 4108 et
2932 4055 3324 4123 justiﬁratioues
3371 4072 3506 4107 meas
3553 4055 3728 4108 obser-

2132 4154 2284 4211 vent,
2335 4155 2380 4198 et
2432 4147 2622 4216 faciant
2660 4163 2744 4199 eos
2783 4145 2994 4219 (Ezech.
3035 4163 3238 4212 χχχιιι,
3278 4145 3383 4212 ‘26,
3424 4147 3538 4218 9.7).
3583 4147 3728 4214 Quid

2133 4247 2216 4291 est
2266 4246 2442 4302 autem
2494 4236 2636 4306 quod
2691 4236 2884 4291 Esther
2923 4238 3011 4291 illa
3052 4238 3231 4308 regina
3269 4249 3424 4306 orat,
3465 4247 3520 4293 et
3555 4241 3723 4304 dicit,

2133 4327 2217 4380 Da
2253 4344 2532 4382 sermonem
2570 4330 2868 4382 concinnum
2911 4331 2962 4382 in
3001 4347 3056 4384 os
3094 4348 3258 4384 meum
3285 4373 3298 4397 ,
3341 4341 3384 4384 et
3421 4333 3570 4385 verba
3611 4349 3724 4386 mea

2133 4417 2359 4488 clari/ica
2414 4421 2468 4474 in
2506 4431 2773 4490 conspectu
2813 4421 3002 4490 leonis,
3044 4433 3091 4475 et
3128 4433 3356 4477 converte
3393 4441 3480 4476 cor
3516 4427 3632 4492 eius
3671 4427 3724 4480 in

2134 4512 2308 4565 odium
2345 4514 2690 4584 impugnantis
2729 4515 2860 4568 nos?
2900 4513 3092 4584 thuid
3133 4515 3228 4570 ista
3269 4516 3320 4569 itt
3361 4517 3605 4572 oratiOue
3645 4519 3728 4572 di-

2133 4603 2206 4657 cit
2257 4605 2402 4666 Deo,
2459 4605 2502 4658 si
2551 4619 2654 4658 ιιοιι
2695 4614 2943 4673 operatur
2985 4605 3123 4660 Deus
3163 4607 3212 4658 in
3252 4608 3504 4662 cordibus
3545 4608 3724 4662 homi-

2136 4712 2260 4749 num
2307 4696 2675 4751 voluntatem?
2717 4696 2817 4751 Sed
2863 4697 2998 4752 forte
3038 4699 3138 4752 hoc
3183 4699 3373 4752 mulier
3409 4701 3728 4770 insipienter

2134 4789 2324 4842 oravit.
2353 4789 2640 4843 Videamus
2663 4805 2788 4860 ergo
2816 4799 2990 4844 utrum
3019 4791 3246 4846 inaniter
3275 4793 3584 4862 pris-missus
3613 4795 3728 4850 tue-

2133 4884 2204 4938 rit
2229 4884 2432 4937 orantis
2477 4881 2698 4936 affectus
2722 4923 2738 4948 ,
2771 4890 2828 4938 et
2871 4893 3191 4938 consecutus
3239 4901 3344 4940 non
3377 4885 3533 4940 fuerit
3560 4901 3726 4940 exau-

2134 4974 2331 5029 dientis
2369 4974 2610 5028 ell'cctus.
2639 4975 2776 5029 Ecce
2803 4975 3097 5044 ingreditur
3123 4976 3186 5028 ad
3219 4992 3420 5046 regem.
3451 4977 3530 5034 Ne
3558 4979 3724 5034 multa

2133 5065 2392 5120 dicamus.
2425 5065 2494 5119 Et
2520 5066 2642 5134 quia
2671 5081 2775 5120 non
2799 5066 2985 5120 ordine
3014 5081 3110 5119 suo
3137 5067 3561 5136 ingrediebatur,
3605 5087 3726 5124 nia.

2133 5173 2234 5227 gua
2283 5157 2602 5211 necessitate
2643 5158 2953 5226 compulsa,
3001 5157 3220 5212 intuitus
3259 5169 3342 5214 est
3386 5175 3504 5214 cam
3529 5202 3544 5226 ,
3585 5163 3728 5216 sicut

2133 5249 2388 5319 scriptum
2436 5259 2554 5315 est,
2603 5250 2748 5304 velut
2796 5259 2979 5303 taurus
3019 5249 3069 5302 in
3115 5250 3310 5320 impetu
3347 5253 3730 5322 ituliguationis

2133 5355 2262 5394 sum.
2297 5341 2362 5394 Et
2391 5341 2564 5395 titnuit
2593 5342 2770 5410 regina
2792 5381 2805 5402 ,
2839 5349 2889 5393 et
2910 5355 3204 5394 conversus
3224 5351 3305 5396 est
3321 5345 3469 5397 color
3489 5345 3608 5413 ejus
3631 5361 3731 5414 per

2133 5432 2534 5488 dissolutionem
2559 5475 2574 5499 ,
2621 5443 2678 5488 et
2719 5433 2993 5488 inclinavit
3028 5447 3086 5487 se
3111 5449 3272 5504 super
3295 5449 3452 5504 caput
3481 5437 3730 5492 delitam:

2135 5539 2279 5590 sum,
2326 5541 2447 5595 qua:
2488 5525 2820 5594 pratcedebat
2863 5539 3000 5580 eam.
3044 5527 3110 5580 Et
3151 5529 3414 5582 convertit
3459 5529 3628 5594 Deus,
3671 5540 3734 5584 et

2136 5618 2401 5672 transtulit
2451 5617 2862 5688 indignationem
2907 5622 3020 5691 ejus
3065 5623 3118 5676 in
3167 5622 3457 5676 lenitatem.
3495 5620 3611 5675 Jam
3639 5635 3734 5676 se-

2134 5709 2348 5780 quentia
2377 5725 2798 5766 commemorare
2826 5715 2950 5782 quid
2977 5730 3109 5786 opus
3130 5724 3245 5781 est,
3275 5714 3362 5768 ubi
3387 5715 3550 5770 Deum
3575 5727 3734 5768 com-

2204 5845 2220 5876 ι
2253 5843 2389 5906 Editi,
2415 5857 2596 5896 eorum.
2624 5853 2746 5907 Mss,
2775 5843 2895 5912 ipsa.
