3984 6500
211 373 300 431 559
1036 385 1038 387 ·
1550 359 1748 414 LIBER
1770 351 2058 414 PRIMUS.

206 485 402 559 plot-isse
419 476 552 547 quod
585 475 675 529 illa
708 484 986 547 rogaverat
1007 517 1018 539 ,
1042 475 1214 529 divina
1239 476 1506 543 Scriptura
1533 484 1755 525 testatur

205 575 352 644 (Kuh.
374 564 582 635 ιιγ-χγι)
603 608 620 630 ,
648 569 926 636 operando
957 569 1006 620 in
1037 568 1196 622 corde
1224 569 1362 636 regis
1383 609 1396 629 ,
1425 565 1548 635 quid
1575 565 1714 616 aliud
1743 603 1756 626 ,

204 681 336 739 quam
359 665 679 713 voluntatem
704 700 717 720 ,
745 676 848 730 qua
870 661 1026 728 jussit
1053 669 1106 713 et
1129 659 1320 713 factum
1345 668 1427 711 cst
1447 657 1585 726 quod
1607 656 1760 708 abeo

204 760 354 827 regina
384 751 736 821 poposcerat?
764 753 932 820 Quam
967 752 1100 805 Deus
1120 750 1228 818 jam
1249 791 1264 812 ,
1297 758 1353 801 ut
1381 750 1526 801 lieret
1551 789 1565 810 ,
1594 761 1758 799 exau-

203 851 342 905 dierat
363 884 378 908 ,
413 842 500 912 qui
542 857 642 895 cor
679 844 822 912 regis
847 883 861 903 ,
890 850 1168 909 antequam
1196 839 1432 892 mulieris
1461 851 1759 890 sermonem

203 934 439 1010 poscentis
479 931 764 995 audisset,
806 931 1157 985 occultissima
1189 939 1239 983 et
1266 927 1628 982 efticacissima
1664 941 1758 994 po-

203 1034 362 1082 testate
399 1023 671 1076 convertit
696 1063 712 1087 ,
743 1032 798 1076 et
829 1022 1090 1074 transtulit
1115 1019 1182 1073 ab
1208 1017 1564 1088 indignatione
1592 1015 1656 1069 ad
1685 1017 1762 1069 le-

200 1120 391 1172 nitatem
415 1152 432 1176 ,
466 1112 570 1166 hoc
598 1120 720 1176 est,
747 1127 777 1164 a
801 1111 1068 1164 voluntate
1090 1108 1312 1162 laedendi
1338 1108 1400 1160 ad
1433 1106 1758 1159 voluntatem

197 1204 379 1262 latendi
414 1222 429 1258 :
458 1204 756 1259 secundum
784 1203 910 1258 illud
939 1203 1172 1271 Apostoli
1191 1243 1205 1264 ,
1241 1201 1374 1254 Deus
1399 1211 1636 1268 operatur
1666 1202 1680 1231 ί
1708 1201 1762 1253 in

198 1298 304 1352 subis
329 1304 377 1349 et
408 1295 556 1347 uelle.
582 1293 851 1361 Numquid
879 1293 1115 1346 homines
1149 1293 1237 1346 Dei
1267 1292 1356 1361 qtti
1390 1291 1502 1344 luec
1529 1291 1760 1358 scripse-

198 1394 327 1446 runt.
357 1386 476 1438 imo
507 1386 620 1454 ipse
648 1385 876 1453 Spiritus
909 1385 996 1437 Dei
1021 1425 1035 1445 ,
1063 1398 1167 1453 quo
1191 1395 1404 1437 auctore
1426 1398 1519 1452 per
1541 1396 1633 1436 eos
1661 1381 1761 1435 ista

197 1476 470 1543 conscripta
521 1485 674 1538 sunt,
723 1475 1044 1545 oppugnavit
1083 1474 1304 1527 liberum
1346 1473 1576 1526 hominis
1615 1473 1762 1525 arbi-

197 1565 364 1620 trium?
415 1567 568 1618 Ahsit
597 1583 612 1618 :
643 1565 738 1620 sed
763 1565 1150 1633 Oinuipotentis
1178 1564 1229 1616 in
1256 1565 1502 1617 omnibus
1532 1574 1585 1616 et
1610 1563 1755 1631 judi-

199 1659 309 1712 cium
355 1657 720 1725 justissiumm
753 1697 768 1720 ,
813 1665 867 1710 et
907 1656 1156 1710 auxilium
1202 1655 1758 1708 misericordissiiuum

196 1747 591 1804 commendavit.
635 1746 845 1802 Sufficit
885 1748 1024 1802 enim
1063 1748 1199 1802 scire
1240 1747 1438 1801 homini
1478 1748 1617 1817 quod
1655 1761 1758 1800 non

195 1850 260 1894 est
281 1840 536 1908 iniquitas
557 1839 696 1908 apud
725 1839 908 1893 Deum.
929 1838 1045 1893 Iam
1065 1839 1329 1908 quomodo
1347 1839 1445 1892 ista
1466 1840 1756 1907 dispenset,

195 1929 368 1982 faciens
419 1929 556 1982 alios
605 1928 898 1982 secundum
952 1929 1197 1980 meritum
1235 1941 1359 1983 vasa
1401 1929 1525 1990 iraa,
1565 1929 1698 1981 alios
1736 1930 1758 1961 ⁸

196 2018 465 2072 secundum
503 2020 728 2087 gratiam
768 2032 890 2070 vasa
930 2017 1305 2072 misericordia:
1335 2017 1508 2089 (Rom.
1541 2033 1598 2071 ix
1619 2059 1635 2085 ,
1667 2019 1755 2082 14,

196 2109 281 2174 29.,
326 2108 466 2177 25);
521 2109 640 2177 quis
685 2108 932 2176 cognovit
966 2122 1179 2161 sensum
1222 2107 1464 2171 Domini,
1505 2117 1597 2162 aut
1634 2108 1758 2178 quis

197 2200 508 2253 consiliarius
546 2198 661 2267 ejus
700 2198 795 2251 fuit
835 2197 942 2269 (Id.
982 2215 1064 2264 xi,
1107 2199 1196 2269 54)
1221 2200 1244 2252 ?
1272 2201 1325 2254 Si
1351 2215 1477 2269 ergo
1497 2201 1562 2254 ad
1587 2201 1756 2254 hono—

197 2307 286 2344 rem
322 2294 506 2358 gratite
549 2292 893 2358 pertinemus,
927 2308 1028 2345 non
1063 2292 1228 2346 simus
1268 2293 1482 2362 ingrati,
1524 2293 1762 2348 tribuen-

197 2379 253 2433 do
296 2381 446 2434 nobis
507 2381 648 2450 quod
701 2383 1023 2450 accepimus.
1082 2383 1216 2450 Quid
1270 2385 1412 2438 enim
1463 2385 1756 2451 habemus,

199 2471 318 2541 quod
360 2488 460 2523 non
499 2472 803 2538 accepimus
845 2473 884 2542 (Ι
925 2473 1040 2527 Cor.
1083 2490 1168 2536 tv,
1210 2475 1302 2544 7)?

258 2560 471 2616 CAPUT
523 2559 856 2617 XXI—59.
904 2563 1089 2627 Quinta
1117 2563 1314 2617 Juliuni
1355 2565 1655 2630 antithesis,
1698 2565 1762 2618 de

201 2653 330 2723 iustis
365 2655 535 2706 veteris
562 2653 888 2707 Testamcnti.
926 2674 943 2706 ι
983 2656 1245 2721 Dicimus,
1283 2675 1301 2708 ι
1339 2658 1536 2723 inquit,
1573 2677 1592 2709 ι
1633 2674 1758 2712 san-

205 2755 307 2799 ctos
324 2747 509 2798 veteris
540 2746 866 2799 Testameuti
898 2746 1124 2814 perfecta
1152 2747 1273 2801 hinc
1292 2747 1494 2817 justitia
1520 2748 1585 2802 ad
1607 2756 1760 2803 aiter-

208 2850 318 2888 nam
343 2837 589 2888 transisse
620 2836 778 2888 vitam
800 2877 814 2897 ,
852 2836 901 2890 id
937 2846 1036 2899 est,
1069 2839 1242 2891 studio
1269 2839 1474 2893 virtutis
1497 2839 1564 2894 ab
1589 2839 1761 2892 omni-

213 2925 308 2979 bus
333 2928 597 2980 recessisse
625 2928 857 2994 peccatis
885 2947 898 2981 :
930 2929 1048 2996 quia
1076 2939 1125 2983 et
1153 2929 1224 2981 illi
1249 2944 1382 2997 quos
1412 2929 1634 2999 legimus
1663 2930 1761 2983 ali-

223 3015 337 3084 quid
363 3031 590 3084 petxasse
613 3059 625 3081 ,
656 3033 837 3084 postea
866 3026 1041 3073 t:uuen
1069 3034 1162 3072 eos
1183 3020 1495 3074 emendasse
1514 3019 1764 3090 cognovi-

220 3121 341 3159 mus.
376 3124 395 3158 ι
423 3106 749 3171 Quanta-libet
775 3107 936 3162 fuisse
958 3110 1162 3164 virtutis
1189 3109 1209 3140 ³
1237 3111 1482 3179 antiquos
1509 3111 1762 3178 praidiccs

211 3195 388 3264 justos,
419 3211 516 3249 non
545 3211 636 3250 eos
664 3199 840 3252 salvos
861 3197 983 3252 fecit
1011 3200 1108 3252 nisi
1140 3198 1269 3253 fides
1302 3200 1600 3255 Mediatoris
1623 3242 1637 3262 .
1671 3201 1761 3271 qui

217 3287 260 3340 in
293 3286 645 3341 remissionem
674 3297 1011 3357 peccatorum
1049 3289 1360 3359 sanguiuem
1408 3288 1560 3343 fudit.
1613 3290 1760 3360 Ipso-

217 3392 310 3430 rum
331 3378 463 3431 cuim
495 3393 596 3432 vos
625 3390 706 3433 est
735 3393 750 3431 :
785 3377 1006 3446 Credidi,
1039 3391 1243 3450 propter
1261 3380 1398 3452 quod
1427 3381 1622 3435 locutus
1646 3398 1760 3434 sum

216 3466 371 3536 (Psal.
395 3485 518 3535 cxv,
551 3469 625 3539 1).
658 3469 808 3525 Unde
831 3471 901 3524 ait
929 3479 980 3524 ct
1002 3472 1274 3540 apostolus
1294 3472 1490 3527 Paulus
1517 3490 1530 3526 :
1563 3471 1764 3526 [laben-

216 3569 273 3610 tes
291 3571 445 3612 autem
476 3559 710 3613 eumdem
736 3561 967 3628 spiritum
998 3561 1150 3629 ﬁdei,
1176 3561 1451 3615 secundant
1482 3563 1618 3633 quod
1635 3563 1764 3616 scri-

215 3659 332 3717 ptum
355 3661 458 3712 est,
496 3649 730 3714 Credidi,
763 3661 967 3721 propter
999 3651 1133 3721 quod
1176 3653 1369 3705 locutus
1406 3669 1563 3717 sum;
1592 3664 1636 3706 et
1673 3671 1764 3707 nos

213 3740 434 3792 credimus
453 3780 469 3805 ,
512 3751 718 3810 propter
752 3743 889 3811 quod
916 3751 958 3794 et
993 3743 1243 3812 loquimur
1269 3743 1348 3815 (ll
1376 3743 1492 3797 Cor.
1523 3761 1570 3798 tv
1588 3785 1602 3808 ,
1630 3746 1696 3799 15
1715 3752 1760 3816 ).

214 3831 328 3898 Quid
355 3842 452 3894 est,
482 3833 716 3886 eumdem
762 3835 993 3901 spiritum
1018 3849 1036 3897 ;
1075 3836 1173 3888 nisi
1219 3853 1376 3905 quem
1402 3837 1528 3905 justi
1555 3854 1765 3906 quoque

216 3921 278 3974 illi
307 3923 594 3976 habuerunt
612 3965 628 3990 ,
660 3923 746 3993 qui
770 3925 865 3977 ista
893 3925 1135 3978 dixerunt
1158 3929 1181 3978 ?
1215 3927 1345 3979 Dicit
1373 3928 1529 3980 etiam
1554 3937 1766 3996 aposto-

217 4009 286 4063 lus
327 4011 505 4067 Petrus
551 4031 564 4064 :
609 4013 741 4078 Quid
792 4015 938 4068 vultis
974 4016 1155 4085 jugum
1203 4017 1453 4084 imponere
1503 4016 1762 4084 Gentibus,

220 4104 334 4168 quod
351 4121 503 4171 neque
533 4122 621 4158 nos
652 4122 853 4174 portare
881 4109 1131 4175 potuimus
1150 4151 1162 4173 ,
1194 4125 1348 4176 neque
1374 4119 1537 4178 patres
1564 4113 1766 4166 nostri?

224 4191 309 4246 Sed
345 4213 428 4263 per
468 4197 684 4266 gratiam
719 4196 921 4250 Domini
963 4196 1088 4250 Jcsu
1137 4201 1321 4252 Christi
1357 4201 1607 4256 credimus
1642 4203 1768 4257 salvi

221 4284 313 4347 ﬁeri
331 4284 378 4351 ⁸,
400 4287 820 4357 quemadmodum
850 4298 893 4339 ct
922 4289 996 4341 illi
1025 4287 1170 4360 (Act.
1205 4305 1277 4343 xv
1301 4331 1316 4355 ,
1357 4291 1422 4346 10
1443 4333 1456 4354 .
1483 4292 1539 4345 Η
1657 4292 1768 4348 Hoc

222 4389 300 4429 vos
323 4393 417 4430 non
456 4379 644 4444 vultis,
677 4379 874 4431 inimici
899 4380 1018 4433 huic
1046 4381 1226 4448 gratia:
1251 4380 1306 4445 ⁵,
1346 4391 1400 4434 ut
1436 4382 1618 4436 eadem
1650 4400 1770 4452 gra-

225 4468 278 4518 tia
299 4468 411 4521 Jesu
436 4469 632 4523 Christi
660 4469 792 4524 salvi
816 4469 936 4523 facti
967 4472 1249 4525 credantur
1269 4473 1467 4542 antiqui
1501 4494 1513 4525 :
1544 4475 1634 4526 sed
1660 4475 1768 4527 dis-

224 4556 420 4612 tribuitis
445 4569 681 4628 tempora
712 4561 998 4615 secundum
1031 4561 1293 4628 Pelagium
1318 4602 1332 4626 ,
1364 4562 1412 4615 iu
1439 4563 1590 4631 cujus
1621 4564 1767 4616 libris

227 4647 303 4702 hoc
329 4651 543 4720 legitur;
573 4662 624 4705 et
654 4663 779 4708 ante
823 4653 1014 4721 Legem
1042 4653 1215 4707 dicitis
1241 4655 1415 4708 salvos
1451 4654 1616 4708 factos
1650 4671 1768 4710 esse

225 4749 376 4791 natura
398 4741 436 4806 ⁸,
465 4742 657 4796 deinde
690 4758 782 4810 per
799 4743 1021 4811 Legem,
1056 4753 1322 4812 postremo
1355 4761 1446 4812 per
1469 4744 1761 4810 Christum,

227 4832 345 4896 quasi
367 4833 668 4886 hominibus
694 4834 916 4887 duormu
933 4821 1276 4903 superiorum
1306 4845 1622 4904 temporum,
1647 4847 1767 4892 ante

226 4919 383 4990 Legem
412 4926 612 4980 scilicet
641 4935 693 4979 ct
722 4927 772 4979 in
801 4925 939 4995 Lege
959 4970 972 4991 ,
1007 4929 1222 4996 sanguis
1248 4927 1443 4983 Christi
1476 4946 1578 4982 non
1613 4931 1767 4984 fuerit

227 5019 519 5071 necessarius
553 5036 565 5071 :
598 5033 912 5074 evacuantes
937 5020 1073 5089 quod
1105 5022 1300 5075 dictum
1323 5029 1436 5089 est,
1469 5019 1613 5076 Unus
1637 5023 1768 5076 enim

277 5172 289 5201 ι
319 5174 442 5245 miti,
475 5182 596 5226 Deus
613 5173 740 5226 enim
772 5175 854 5238 qui
874 5183 1117 5240 operatur.
1138 5180 1298 5239 Abest,
1322 5177 1450 5230 enim
1485 5193 1583 5244 qui,
1615 5193 1642 5232 a
1666 5195 1768 5231 ma-

229 5243 463 5284 ηιιεαιιιιίε.

279 5250 358 5282 scn
379 5250 463 5284 ius.

279 5296 302 5368 ’γ
441 5297 646 5368 vani-ani
671 5306 718 5346 et
741 5298 978 5361 Gallicani,
1017 5301 1198 5365 faciens
1219 5300 1317 5352 alia
1337 5301 1600 5352 secundum
1621 5303 1769 5354 meri-

227 5358 307 5400 tam
327 5369 428 5406 Msa
449 5358 553 5415 iraa,
580 5359 696 5415 alia,
722 5369 817 5409 etc.

280 5416 296 5483 ξ
325 5420 454 5483 tatic.
478 5431 602 5480 assa,
625 5422 914 5483 quantalibet
933 5421 1078 5483 fuisse
1094 5422 1282 5474 t-irtute.

281 5476 296 5548 ξ
325 5481 397 5548 Hic
412 5483 554 5548 editio
578 5476 715 5548 ι’λιήννἐι
733 5483 884 5533 sulcos
909 5476 1033 5547 fieri.
1063 5492 1113 5532 Αι
1140 5498 1302 5548 supra,
1341 5485 1388 5535 in
1416 5485 1535 5535 libro
1568 5487 1632 5536 de
1655 5495 1768 5536 Pec-

231 5545 318 5613 cato
337 5542 562 5613 originali,
587 5557 637 5591 n.
659 5545 740 5602 29,
767 5542 989 5595 convenit
1011 5560 1120 5594 cum
1146 5542 1436 5597 edititniihus
1458 5548 1563 5596 aliis
1589 5557 1637 5597 ct
1661 5564 1768 5597 cum

231 5609 433 5662 titanttsm
440 5609 544 5662 ptis.

280 5659 299 5730 ξ
326 5662 389 5730 δίς
414 5659 512 5730 uss:
537 5671 589 5714 At
607 5664 748 5730 editi,
773 5664 953 5730 inimici
985 5669 1156 5730 gratim
1190 5668 1394 5730 (hridi;
1419 5672 1609 5720 omisso.
1639 5671 1766 5720 hair.

283 5718 618 5795 ‘lltaftallimuj
667 5718 763 5774 ett
779 5729 952 5795 aticani
1137 5738 1188 5778 At
1226 5718 1488 5795 .t-ditg'prr
1521 5718 1750 5782 iuit—aiant

229 5780 373 5831 muter
393 5781 560 5834 librum
580 5786 644 5836 de
669 5795 864 5837 t'eceato
886 5791 1124 5852 originali,
1160 5805 1204 5839 ιι.

3329 369 3435 426 570

1867 472 2020 534 Di‘tts,
2055 490 2182 526 unus
2210 484 2254 526 et
2278 475 2521 529 inediator
2557 475 2647 530 Dei
2675 487 2720 530 et
2746 477 3000 532 hominum
3027 479 3174 534 homo
3203 480 3431 535 Christus

1861 561 2012 614 Jesus
2041 562 2087 627 (I
2116 562 2244 616 Tim.
2276 581 2331 622 ll.
2363 567 2454 635 ὅ).

1933 658 2156 713 CAPUT
2200 659 2363 715 XXII.
2402 689 2472 698 —
2508 661 2594 714 40.
2639 661 2795 714 Sexta
2826 664 3120 728 antithesis,
3163 665 3226 719 de
3269 666 3434 736 gratia

1863 751 2089 802 euntibus
2115 752 2390 803 necessaria
2421 762 2464 804 et
2498 753 2560 804 de
2587 750 2846 821 Baptismo
2877 757 3219 823 paruulorum.
3255 776 3274 810 ι
3302 758 3436 813 Gra-

1867 841 1989 893 tiatn
2019 841 2250 906 Christi,
2288 860 2307 892 ι
2354 843 2628 910 inquiunt,
2667 861 2684 892 ‹
2722 846 2966 900 omnibus
3004 849 3354 902 necessariam
3378 857 3434 901 et

1866 933 2153 1000 majoribus
2177 942 2227 986 et
2273 934 2502 1000 parvulis
2527 937 2881 1000 conﬁtemur;
2917 947 2970 991 et
2997 953 3090 992 eos
3123 941 3211 1008 qui
3251 941 3433 994 dicunt

1864 1022 1930 1075 de
1973 1021 2180 1075 duobus
2224 1022 2497 1090 baptizatis
2543 1034 2721 1077 natum
2764 1040 2869 1078 non
2907 1025 3102 1080 debere
3143 1029 3430 1096 baptizari,

1864 1112 2390 1168 anathematizanuts.
2423 1132 2440 1164 ι
2467 1113 2718 1167 Novimus
2736 1108 3000 1183 quomodo
3022 1133 3124 1171 non
3141 1121 3430 1173 secundum

1865 1201 2083 1255 Paulum
2113 1204 2408 1270 apostolum
2433 1245 2449 1269 ,
2477 1205 2569 1258 sed
2597 1205 2882 1258 secundum
2928 1207 3190 1277 Pelagium
3223 1209 3434 1263 harreti-

1865 1307 1983 1344 cum
2015 1292 2111 1345 ista
2132 1292 2318 1346 dicatis
2347 1309 2359 1345 :
2384 1294 2614 1363 parvulis
2641 1293 2882 1348 videlicet
2912 1295 3232 1364 Baptismqu
3257 1311 3434 1350 neces-

1865 1384 2080 1444 sarium,
2105 1397 2204 1434 non
2225 1393 2434 1449 pmpter
2451 1384 2811 1437 remissionem
2832 1396 3184 1453 peccatorum,
3203 1386 3292 1439 sed
3317 1395 3432 1438 tan-

1867 1473 2136 1525 tummodo
2174 1482 2387 1540 pr0pter
2432 1489 2647 1542 regnum
2681 1477 2956 1528 cmlorum.
2998 1477 3144 1530 Datis
3181 1478 3321 1530 enim
3355 1477 3436 1530 eis

1863 1573 2008 1616 extra
2033 1579 2248 1630 regnum
2270 1563 2360 1617 Dei
2383 1565 2554 1618 locum
2573 1566 2758 1620 salutis
2774 1576 2826 1619 et
2848 1567 2966 1620 vite
2989 1576 3222 1626 ictorum,
3246 1567 3434 1619 etiam-

1863 1651 1908 1706 si
1937 1667 2038 1706 non
2067 1655 2261 1708 fuerint
2287 1655 2552 1722 baptizati.
2585 1656 2692 1711 Nec
2713 1658 2984 1712 attenditis
3011 1658 3152 1728 quod
3179 1659 3432 1728 scriptum

1861 1751 1946 1796 est
1978 1761 1990 1795 :
2027 1743 2125 1808 Qui
2151 1745 2414 1798 crediderit
2452 1756 2497 1798 et
2523 1746 2806 1816 baptizatus
2842 1749 2989 1817 fuerit
3025 1749 3193 1802 salvus
3239 1751 3331 1801 erit
3363 1749 3379 1780 ¹
3416 1765 3430 1811 ς

1861 1831 1945 1900 qui
1971 1843 2135 1886 autem
2173 1850 2270 1887 non
2307 1835 2609 1901 crediderit,
2641 1837 3049 1891 condemuabitur
3075 1842 3089 1904 (
3117 1837 3280 1891 Marc.
3310 1853 3396 1890 xvr
3415 1878 3431 1901 ,

1864 1923 1992 1991 16).
2022 1923 2242 1990 Pr0pter
2284 1925 2422 1993 quod
2465 1924 2516 1979 iu
2567 1925 2802 1981 Ecclesia
2844 1927 3132 1982 Salvatoris
3167 1945 3264 1999 per
3299 1930 3432 1982 alios

1863 2013 2064 2082 parvuli
2097 2015 2338 2076 credunt,
2369 2016 2502 2070 sicut
2530 2032 2595 2071 ex
2625 2017 2745 2070 aliis
2783 2033 2846 2072 ca
2887 2035 3002 2087 qua!
3031 2019 3133 2072 illis
3161 2021 3212 2072 in
3253 2019 3434 2088 Bapti-

1861 2120 1977 2159 smo
1998 2107 2334 2160 remittuntur
2357 2118 2865 2177 peccatatraxerunt.
2884 2109 2990 2162 Nec
3019 2110 3143 2163 illud
3167 2111 3430 2178 cogitatis,

1861 2212 1955 2250 eos
1981 2197 2140 2250 vitam
2188 2197 2379 2251 habere
2422 2213 2524 2251 nou
2575 2213 2769 2267 posse,
2804 2200 2891 2268 qui
2941 2199 3138 2252 fuerint
3182 2210 3432 2267 expertes

1861 2286 2100 2354 corporis
2153 2293 2206 2340 et
2251 2287 2522 2356 sanguinis
2562 2287 2795 2352 Christi,
2853 2288 3062 2342 dicente
3117 2288 3265 2358 ipso,
3315 2287 3433 2340 Nisi

1861 2377 2279 2430 munducaueritis
2315 2394 2517 2431 carnem
2555 2395 2715 2432 meam
2739 2419 2755 2443 ,
2794 2389 2840 2431 et
2885 2381 3101 2434 biberitis
3139 2380 3435 2450 stmguincm

1863 2483 2048 2533 meum,
2072 2462 2170 2520 non
2201 2468 2436 2522 habebitis
2465 2471 2614 2523 vitam
2645 2471 2698 2523 in
2720 2470 2854 2522 vobis
2882 2469 3056 2541 (.Ioau.
3089 2486 3162 2535 vi,
3191 2470 3299 2537 5t).
3330 2473 3436 2524 Aut

1863 2559 1907 2614 si
1938 2561 2258 2630 evangelicis
2287 2561 2503 2616 vocibus
2531 2561 2779 2630 cogimini
2817 2563 3056 2616 confiteri
3077 2603 3094 2626 ,
3136 2577 3234 2616 nec
3273 2563 3434 2616 vitam

1863 2651 2190 2719 salutemque
2217 2666 2372 2720 posse
2401 2651 2596 2705 habere
2621 2633 2868 2720 pﬂi‘t'tllos
2892 2652 2958 2705 de
2986 2668 3207 2720 corpore
3233 2668 3435 2706 excitu-

1866 2752 1944 2796 tcs
1963 2785 1979 2807 ,
2008 2745 2106 2797 nisi
2135 2742 2331 2797 fuerint
2369 2743 2614 2811 baptizati
2647 2759 2663 2806 ;
2693 2747 2912 2814 quzcrite
2937 2761 3032 2799 cur
3054 2747 3439 2813 compellantur

1865 2851 1970 2889 non
2003 2835 2246 2904 baptizati
2277 2835 2523 2889 secunda:
2555 2838 2740 2890 mortis
2767 2837 2942 2890 subire
2969 2837 3283 2905 supplicium
3310 2879 3324 2902 ,
3349 2837 3438 2904 ju-

1864 2924 2076 2979 dicante
2115 2925 2205 2978 illo
2230 2924 2318 2994 qui
2343 2925 2605 2983 nemiuem
2636 2925 2852 2978 damnat
2877 2926 3197 2979 iuuneritum
3228 2941 3244 2990 ς
3271 2936 3325 2981 et
3355 2926 3438 2980 in-

1865 3015 2089 3068 venietis
2115 3015 2254 3084 quod
2284 3030 2388 3068 non
2422 3016 2580 3069 vultis
2604 3056 2620 3080 ,
2649 3017 2908 3084 originale
2941 3025 3234 3084 peccatum.

1935 3105 2158 3162 CAPUT
2200 3105 2573 3161 XXlll.—4l.
2614 3107 2845 3170 Septima
2892 3109 3194 3173 antithesis,
3224 3110 3286 3164 de
3330 3107 3438 3162 Ba-

1867 3197 2032 3267 ptismi
2060 3195 2256 3262 eﬂ'ecm.
2288 3215 2306 3247 ι
2343 3197 2447 3252 Eos
2467 3198 2622 3250 etiam
2661 3197 2748 3264 qui
2779 3197 2982 3264 dicunt,
3017 3217 3035 3249 ι
3074 3198 3262 3268 inquit,
3292 3217 3308 3248 ι
3349 3199 3441 3252 Ba-

1866 3288 2055 3356 ptisma
2095 3301 2198 3340 nou
2240 3288 2416 3340 omnia
2457 3299 2669 3357 peccata
2716 3288 2932 3351 delere,
2977 3290 3437 3355 condemnamus;

1865 3379 1985 3446 quia
2016 3377 2216 3431 scimus
2256 3377 2462 3446 plenam
2501 3380 2866 3448 purgationem
2915 3397 3007 3448 per
3043 3382 3153 3450 ipsa
3184 3382 3436 3452 mysteria

1866 3467 2118 3522 cimferri.
2155 3487 2175 3519 ι
2211 3468 2322 3522 lloc
2347 3468 2573 3523 dicimus
2593 3480 2645 3523 et
2667 3485 2763 3524 nos
2791 3487 2803 3522 :
2832 3472 2922 3524 sed
2953 3472 3201 3541 parvulos
3228 3487 3440 3542 quoque

1869 3573 1962 3626 per
1988 3557 2098 3626 ipsa
2129 3559 2401 3627 mysteria,
2435 3560 2616 3626 prima:
2645 3561 2935 3614 nativitatis
2963 3570 3016 3614 et
3043 3562 3284 3615 obnoxia:
3320 3577 3441 3617 suc-

1865 3649 2126 3702 cessionis
2172 3650 2394 3703 viuculis
2441 3651 2620 3716 solvi,
2668 3668 2772 3706 non
2817 3653 2992 3706 dicitis
3039 3669 3152 3707 vos.
3215 3654 3438 3724 Propter

1836 3807 1840 3810 ﬁ
1868 3739 2007 3806 quod
2047 3739 2112 3793 de
2142 3740 2372 3793 Ecclesia
2399 3741 2633 3803 Christi,
2674 3759 2792 3811 qute
2821 3745 2918 3797 hoc
2943 3745 3232 3814 antiquitus
3256 3755 3398 3800 tenet
3421 3787 3436 3812 ,

1867 3839 2078 3897 Oportet
2103 3840 2158 3883 ttt
2183 3831 2315 3883 sicut
2353 3832 2437 3884 alii
2469 3831 2701 3885 hazrelici
2732 3835 3081 3902 segregemiui
3116 3843 3169 3889 et
3198 3851 3311 3887 vos.

1939 3919 2161 3976 CAPUT
2200 3920 2389 3975 XXIV.
2417 3922 2592 3974 —4‘2.
2643 3921 2839 3975 Juliuni
2886 3924 3127 3992 Epistolas
3161 3925 3441 3979 conclusio—

1870 4029 1981 4065 nem
2007 4012 2209 4082 refellit.
2236 4013 2350 4068 Jam
2381 4030 2505 4067 vero
2531 4015 2669 4082 quod
2708 4016 2775 4067 ita
2804 4016 3070 4070 concludit
3110 4017 3395 4085 Epistulam
3424 4059 3438 4082 ,

1871 4113 1928 4156 ut
1953 4102 2128 4165 dicat,
2170 4123 2188 4156 ι
2230 4104 2394 4159 Nemo
2418 4119 2545 4173 ergo
2587 4120 2682 4160 vos
2719 4106 2935 4159 scducat
2960 4147 2973 4169 ,
3004 4124 3102 4162 nec
3148 4123 3207 4162 se
3252 4118 3443 4174 negent

1871 4195 2014 4263 impii
2042 4197 2140 4250 ista
2169 4198 2386 4251 sentire.
2419 4197 2521 4251 Sed
2551 4197 2594 4250 si
2624 4213 2805 4251 verum
2835 4199 3032 4262 dicunt,
3066 4208 3156 4252 aut
3176 4200 3440 4252 audientia

1869 4286 2024 4340 detur
2042 4327 2057 4351 ,
2085 4297 2176 4339 aut
2200 4296 2343 4341 certe
2370 4288 2452 4341 isti
2478 4289 2573 4355 ipsi
2603 4289 2858 4355 episcopi,
2887 4289 2974 4357 qui
3001 4305 3136 4342 nunc
3157 4289 3438 4354 dissident,

1872 4377 2126 4430 damnent
2151 4393 2266 4446 qua:
2293 4391 2450 4445 supra
2481 4377 2587 4430 dixi
2624 4393 2742 4430 cum
2773 4378 3072 4432 Mauiclueis
3103 4380 3198 4432 ista
3229 4391 3440 4442 tenere,

1871 4469 2006 4521 sient
2049 4482 2145 4521 nos
2177 4468 2273 4519 ista
2301 4467 2615 4520 damnamus
2643 4483 2762 4536 (pne
2805 4468 2871 4520 de
2917 4469 3068 4521 nobis
3103 4468 3342 4536 jaclaut;
3388 4478 3444 4521 et

1873 4559 1968 4612 lit‘
2011 4559 2162 4627 plena
2207 4558 2485 4612 concordia
2527 4575 2538 4610 :
2586 4557 2725 4628 quod
2774 4559 2818 4611 si
2851 4560 3064 4620 uolunt,
3116 4558 3301 4613 scitote
3347 4573 3440 4612 eos

1871 4663 1989 4702 esse
2019 4647 2334 4702 Mauiclueos
2353 4688 2366 4710 ,
2397 4657 2450 4700 et
2475 4647 2542 4701 ab
2569 4663 2752 4701 eorum
2790 4664 2884 4700 vos
2919 4650 3178 4704 abstinete
3217 4665 3440 4702 consor-

1871 4741 1990 4802 tiis;
2031 4757 2048 4790 ι
2083 4738 2526 4794 contemnendum
2567 4747 2648 4793 est
2679 4740 2850 4806 potius
2892 4756 3046 4808 quant
3078 4739 3439 4793 refellendum.

1869 4832 1998 4899 Quis
2035 4833 2174 4886 enim
2208 4841 2444 4884 nostrum
2487 4831 2692 4885 dubitat
2732 4831 3011 4885 anathema
3055 4833 3233 4887 dicere
3275 4833 3443 4886 Mani-

1870 4923 2031 4976 chzeis
2056 4964 2071 4988 ,
2103 4922 2188 4991 qui
2217 4921 2396 4976 dicunt
2418 4939 2446 4974 a
2478 4923 2616 4976 bono
2645 4923 2750 4976 Deo
2772 4938 2871 4976 nec
2910 4921 3182 4986 homines,
3218 4940 3316 4977 nec
3346 4940 3445 4978 nu-

1873 5015 2006 5082 ptias
2044 5015 2342 5078 institutas,
2371 5029 2467 5068 nec
2494 5015 2660 5083 legem
2681 5014 2856 5068 datam
2877 5055 2890 5077 ,
2941 5030 3059 5083 qua:
3098 5031 3190 5082 per
3231 5015 3444 5086 Moysen

1874 5107 2094 5160 llehraio
2119 5107 2313 5177 popqu
2340 5107 2632 5160 ministrata
2654 5118 2736 5162 cst
2761 5108 2784 5160 ?
2807 5107 2911 5161 Sed
2943 5119 2996 5160 et
3024 5107 3317 5175 Pelagianis
3341 5123 3446 5161 non

1874 5197 2138 5251 immerito
2173 5196 2452 5252 anathema
2500 5197 2765 5262 dicimus,
2798 5197 2886 5266 qui
2933 5206 3036 5250 tam
3081 5205 3204 5251 sunt
3249 5196 3445 5250 inimici

1870 5290 2052 5357 gratia:
2079 5288 2198 5353 Dei,
2222 5304 2338 5356 qua:
2363 5289 2506 5342 venit
2534 5303 2628 5356 per
2655 5287 2835 5343 Iesum
2865 5288 3137 5344 Christum
3167 5290 3445 5343 Dominum

1874 5391 2111 5433 nostrum
2139 5380 2156 5450 (
2191 5379 2337 5432 Rom.
2363 5394 2456 5441 vn,
2487 5378 2558 5434 25
2579 5377 2599 5450 )
2619 5420 2633 5439 ,
2662 5388 2722 5433 ut
2746 5395 2862 5433 eam
2889 5381 3065 5434 dicant
3100 5396 3204 5434 non
3243 5379 3406 5448 gratis
3431 5419 3446 5439 ,

1873 5470 1966 5523 scil
1997 5470 2284 5523 secundum
2313 5472 2495 5522 merita
2527 5480 2702 5522 nostra
2731 5469 2874 5530 dari,
2918 5484 2979 5522 ac
3005 5471 3081 5523 sic
3118 5469 3283 5538 gratia
3329 5468 3442 5537 jam

1875 5578 1980 5614 non
2013 5562 2081 5611 sit
2124 5562 2288 5628 gratia
2336 5558 2462 5627 (Id.
2494 5575 2541 5611 XI
2569 5600 2583 5622 ,
2607 5559 2678 5627 6)
2714 5577 2727 5622 ;
2767 5568 3071 5627 tantumque
3117 5559 3448 5612 cmistituuut

1939 5694 1953 5724 ί
1993 5692 2195 5740 γτιιίαιιιί
2230 5696 2369 5738 Mss:
2398 5686 2486 5749 Qui
2519 5687 2785 5750 baptizatus
2835 5687 2981 5749 fuerit
3019 5690 3250 5752 credens,
3277 5679 3444 5734 saluus

1874 5761 2067 5863 mter.
2095 5823 2139 5864 et
2166 5821 2294 5873 tov.,
2318 5816 2363 5863 et
2388 5809 2466 5864 sit.
2493 5819 2588 5864 Au.
2618 5821 2666 5863 ot
2693 5819 2818 5874 Μέθη
2849 5817 2892 5862 et
2915 5809 3016 5875 ﬁt-
