3984 6492
523 474 579 529 iu
608 472 773 527 libero
796 465 1052 531 arbitrio,
1101 475 1207 531 quo
1243 459 1297 512 in
1337 452 1652 527 profundum
1691 447 1971 503 demersus
2013 450 2097 531 est

532 563 732 626 homo,
770 567 826 611 ut
868 569 934 611 eo
977 529 1345 606 beneﬁutendo
1386 543 1562 599 dicant
1593 539 1862 594 hominem
1904 529 2096 588 mereri

527 654 748 727 gratiam
775 666 789 702 :
817 661 934 702 cum
955 658 1113 699 nemo
1133 642 1268 696 bene
1288 639 1377 693 illo
1402 637 1474 689 uti
1497 633 1663 727 possit
1681 671 1713 727 Γ-
1728 628 1830 683 nisi
1857 640 1957 727 per
1978 637 2100 727 gra-

530 715 656 799 iiam
680 780 697 808 ,
723 753 841 810 quae
864 751 969 791 non
994 731 1281 789 secundum
1308 727 1542 783 debitum
1569 721 1838 786 redditur,
1866 716 1959 772 sed
1989 715 2099 770 Deo

529 832 699 905 gratis
722 830 1011 885 miserante
1029 824 1275 880 donatur.
1299 818 1555 874 Parvulos
1577 825 1753 869 autem
1782 811 1852 865 ita
1878 816 2103 864 Conten-

1173 338 1443 398 CONTRA
1485 331 1663 391 DUAS
1699 320 2066 384 EPISTOLAS
2105 316 2653 382 PELAGIANORUM,
2694 315 2751 371 S.
2792 310 3157 370 AUGUSTINI

3660 310 3779 369 5'1!

2203 448 2336 495 dunt
2358 452 2476 494 esse
2492 439 2601 509 jam
2622 439 2818 504 salvos,
2847 447 2905 492 ut
2924 453 2955 492 a
2977 437 3250 493 Salvatore
3277 435 3296 469 ί
3323 434 3554 491 audeant
3571 447 3780 503 negare

2201 532 2503 589 salvandos.
2546 532 2614 587 Et
2632 531 2746 586 haec
2771 528 3117 586 cxsecrabilia
3143 526 3390 598 dogmata
3427 534 3674 580 tenentes
3718 533 3779 578 et

2202 626 2546 688 seminantes,
2570 625 2744 681 adhuc
2766 623 2983 691 insuper
3002 620 3242 690 ﬂagitant
3270 616 3613 682 audientiam,
3643 628 3789 670 cum

2203 716 2436 773 damnati
2458 714 2686 770 debeant
2712 727 2869 782 agere
2896 709 3284 780 paenitentiam.

2269 810 2287 842 ι
2319 809 2392 858 Sic
2413 813 2521 856 uss.
2545 804 2666 857 aditi
2685 815 2824 862 vero,
2846 807 2898 852 ut
2915 797 3162 851 salvatori.

537 918 3768 975 __________________———————-.—————————

1446 957 1912 1151 21mm
1994 957 2843 1140 SECUNDUS.

594 1214 847 1285 Epistolam
867 1211 1029 1285 Pelagi

533 1276 915 1327 Theissalonicam
935 1276 997 1322 ab
1017 1276 1106 1335 ipsi

1013 1211 1226 1260 lanarum
1242 1206 1461 1262 alteram,
1480 1200 1730 1252 calumniis
1769 1199 1817 1247 in
1838 1193 2102 1262 Catholin
2124 1193 2271 1262 instar
2292 1189 2470 1262 primi};
2503 1181 3802 1262 ίτρῑρῳχλψὲςῇἪἮ-Ἦιξο

1093 1243 1134 1321 ἐξ
1147 1243 2012 1323 ΕἶὲΞ”ἓὲῖξ”ὲῐᾶιῖἦῦἆᾶω’ἒᾲέέίρίις
2036 1255 2266 1323 septimo
2286 1243 2565 1323 Palmm"?
2584 1243 3797 1323 HiﬁﬁwPﬂfnfﬂﬁ’fEEPR‘IE‘EQEE‘ESEﬁ

538 1304 2526 1396 ιῖἓξῗῖιὶΐῗῗὲῖεἒῖαὶιῗὲιῖιίἴ’ἔξειῖῖᾶἱξιἏὶῖῖςιὲιῐῖιῦἆ⁷ἒίέέειίίὲἱὲἒάξφὶτὶὲἓιὶἑθη
2539 1304 2981 1396 ἒῖἑίέίέἓζοὲξζῗὲίέξξ·
3005 1304 3805 1396 ΞξξῊὲἐΞῬοεῖῗηῐξὶίῗὲῖοέξῗοξὲ

536 1364 809 1461 ἑὲίέιῗῖἓίιὶ
824 1364 1451 1458 iZiZEii‘é‘iLié’éui‘iﬁ‘iE'Eu'B
1461 1364 1977 1461 Eosimb'dvthat—ione
1992 1377 2213 1461 admissr
2236 1372 2481 1461 prOp'nlsat
2494 1383 2528 1461 μ
2539 1371 2755 1461 Romanis
2777 1368 2985 1425 clericis.
3007 1367 3278 1441 ostendens
3291 1364 3544 1438 Pelagiana
3563 1365 3805 1428 ἀοϐωεῐι

1129 1455 1138 1461 .
1295 1459 1302 1461 Α
1421 1456 1430 1461 .
1467 1448 1478 1458 .
1499 1453 1548 1461 ..,
1574 1446 1595 1461 ,9
1617 1445 1661 1461 φρ
1692 1456 1709 1461 λ
1740 1447 1939 1461 anu“...
1988 1450 2120 1461 .-.ωη-
2144 1450 2166 1461 η
2194 1448 2347 1461 unum.
2367 1446 2414 1461 ..ι
2436 1444 2492 1461 οη
2512 1445 2592 1461 um
2613 1444 2651 1461 ca
2697 1443 2804 1461 num
2828 1428 3051 1461 (‘mlnclln
3102 1436 3152 1461 ut
3178 1429 3235 1461 ml
3260 1426 3573 1461 ιιηηησρηιὶηε
3597 1438 3805 1461 ean-mne

540 1426 2676 1520 alii???$373513?Euiéisiisgiiﬁs'ciéﬁieiiiiantaaiqs}agamagam:
2691 1428 3157 1520 Sglisﬂogon‘t
3854 1476 3861 1485 .

536 1489 1706 1569 ἔυ¹³ὁέ¹ζιῖᾶἱιὲῖἒ³εῗῖιιῖ¹’ἒὲἰιὲῐῖἒῗιίοἶιῖἰῐὶἑΤι’θῖἶεὲίὖῶ
1719 1489 1869 1569 asciti
1939 1489 2334 1569 εθιιιοιίςίξνόρς
2355 1491 3031 1569 ρφεξρρῆέᾳφμξὲεὶριξρρειὲ
3038 1489 3819 1569 ΒίὶοὲίίΡωκξέιΒὲίίέιέίὲεἷὲνέἷὲ

538 1550 1471 1642 ὖέἷδςῗαῗᾶὶῖᾙὲἴὸἴὲρὲξῶἀῖιὲῗὶἶιὲἱιῖιᾶ
1480 1550 1852 1642 Lemannum
1865 1550 3277 1642 pisantﬁtﬁngﬂgggitateﬁgrimmmmggg:I333.
3317 1550 3384 1601 ita
3405 1556 3461 1599 ιιι
3481 1550 3682 1599 omnino
3700 1560 3806 1597 non

537 1613 977 1704 ἵηᾘίὶιῖἳῖὃέιὸἒὲ
985 1613 1694 1686 Ὴέἷὶοιὶὶὶῖιῖἔοῶᾖιίιωί
1710 1660 1726 1687 ,
1749 1625 1845 1673 nisi
1863 1623 1954 1672 hoc
1970 1623 2023 1670 in
2042 1613 2124 1670 illo
2143 1626 2255 1682 agat
2276 1613 2495 1667 indebita
2513 1622 2566 1665 et
2587 1613 2796 1677 gratuita
2816 1613 3149 1662 misericordia
3164 1613 3269 1661 Dei.

1987 1726 2354 1783 0W0

609 1849 836 1907 CAPUT
860 1845 1144 1904 PRIMUM.
1163 1870 1236 1885 -—
1260 1843 1310 1896 l.
1343 1834 1609 1908 Pelagiani
1628 1831 1912 1888 Catholicos
1949 1826 2117 1882 Mani-

540 1942 791 1996 clueorum
811 1939 1011 1993 nomine
1029 1934 1379 1990 criminantur.
1395 1929 1510 1984 Jam
1531 1939 1670 1980 nunc
1695 1922 1873 1985 aliam,
1897 1935 2002 1974 non
2023 1916 2116 1972 Ju-

543 2029 671 2083 liani
701 2037 901 2083 tantum
921 2068 936 2093 ,
976 2023 1072 2080 sed
1096 2024 1144 2079 ei
1171 2023 1188 2055 ί
1214 2031 1550 2076 communem
1579 2028 1697 2070 cum
1727 2009 1971 2081 plurimis
2008 2007 2114 2063 Pe-

543 2116 764 2186 lagianis
804 2114 1102 2186 episeOpis,
1138 2124 1296 2181 quam
1343 2102 1772 2161 Thessalonicam
1816 2099 2114 2162 miserunt,

544 2205 941 2261 consideremus
970 2201 1254 2272 Epistolam
1274 2240 1290 2265 ,
1315 2199 1470 2268 eique
1493 2237 1508 2259 ,
1538 2194 1759 2249 Domino
1796 2190 2078 2259 adiuvante
2096 2226 2115 2252 ,

545 2298 962 2369 respondeamus
987 2337 1002 2358 ,
1031 2303 1090 2349 ut
1114 2306 1412 2364 possumus.
1444 2286 1593 2354 Quod
1624 2298 1757 2354 opus
1783 2287 2022 2337 nostrum
2046 2293 2117 2334 ne

546 2390 753 2460 longius
791 2389 880 2443 liat
901 2430 914 2451 ,
942 2401 1100 2457 quam
1129 2397 1304 2438 causa:
1341 2379 1504 2451 ipsius
1534 2375 1820 2432 necessitas
1845 2371 2074 2442 postulat
2098 2384 2116 2435 ;

546 2478 670 2550 quid
700 2493 833 2547 opus
858 2485 940 2533 est
958 2491 1018 2530 ca
1044 2488 1255 2545 quoque
1285 2470 1527 2526 refellere
1551 2509 1565 2531 ,
1595 2481 1715 2537 qua:
1738 2462 2001 2533 dogmatis
2023 2474 2119 2514 eo-

546 2586 663 2626 rum
702 2569 951 2625 iusidiosa
993 2581 1198 2623 venena
1238 2578 1343 2619 non
1371 2561 1682 2625 continent,
1708 2557 1799 2612 sed
1827 2563 2031 2611 tantum
2066 2555 2119 2608 in

546 2662 797 2716 auxilium
823 2675 975 2716 suum
998 2700 1015 2726 ,
1043 2658 1127 2713 vel
1155 2670 1250 2727 pro
1288 2653 1546 2711 catholica
1576 2651 1680 2706 lide
1719 2657 1902 2705 contra
1951 2645 2124 2701 Mani-

554 2753 821 2808 chzcornm
845 2772 864 2818 ,
893 2751 1026 2806 sicut
1047 2749 1360 2818 loquuntur,
1389 2742 1758 2815 profanitatem
1776 2780 1790 2803 ,
1818 2736 2127 2794 consensio-4

551 2860 673 2900 nem
705 2845 727 2876 ¹
753 2842 1095 2898 Orientalium
1124 2838 1489 2909 episcoporum
1519 2833 1764 2888 videntur
1785 2838 2074 2898 expOSCere
2104 2843 2120 2894 ;

551 2933 682 2987 nihil
709 2931 849 2985 aliud
886 2931 1142 2995 nitentes,
1175 2928 1273 2982 nisi
1303 2936 1364 2982 ut
1392 2923 1630 2980 horribili
1662 2920 1849 2975 lueresi
1877 2918 2124 2988 objecta,

554 3024 707 3092 cujus
734 3037 793 3078 se
821 3022 1152 3077 adversarios
1176 3032 1296 3074 esse
1319 3014 1626 3086 confingunt
1650 3053 1664 3077 ,
1693 3013 1894 3068 lateant
1930 3009 2127 3064 inimici

551 3114 734 3184 gratia:
758 3113 810 3167 in
835 3111 993 3166 laude
1012 3120 1212 3164 natura:
1235 3108 1260 3162 ?
1283 3108 1410 3176 Quis
1430 3106 1570 3161 enim
1592 3104 1670 3158 eis
1696 3102 1821 3157 hinc
1839 3102 2129 3156 commovit

550 3201 833 3272 aliquando
859 3198 1239 3270 quaestionem?
1260 3199 1360 3252 Aut
1377 3191 1461 3251 cui
1478 3194 1866 3250 Catholicorum
1891 3199 2129 3261 propter-

553 3306 615 3347 ea
645 3292 951 3362 displicent,
1002 3290 1124 3361 quia
1159 3288 1412 3344 damnant
1440 3299 1533 3341 eos
1561 3298 1694 3354 quos
1718 3282 1959 3353 praedixit
1984 3282 2130 3352 Apo-

553 3384 722 3441 stolus
745 3397 1050 3438 recessuros
1086 3396 1116 3435 a
1158 3380 1291 3445 lide,
1339 3379 1681 3434 cauleriatam
1709 3376 1965 3432 habentes
2001 3388 2131 3429 con~

555 3470 831 3530 scientiam
853 3516 867 3539 ,
897 3473 1239 3543 prohibentes
1273 3471 1470 3525 nubere
1493 3511 1508 3533 ,
1537 3469 1864 3523 abstinentes
1892 3483 1921 3521 a
1950 3465 2085 3522 cibis
2112 3507 2128 3532 ,

557 3578 691 3635 quos
735 3562 1034 3617 immundos
1060 3569 1281 3632 ptttant,
1323 3574 1423 3615 nec
1462 3567 1705 3629 putantes
1732 3573 1764 3612 a
1801 3557 1909 3611 Deo
1944 3564 2130 3610 cuncta

557 3668 678 3710 esse
720 3653 977 3710 condita?
1001 3653 1130 3720 Quis
1170 3667 1262 3706 eos
1305 3649 1586 3719 aliquando
1614 3662 1808 3717 negare
1842 3645 2129 3716 compulit,

557 3744 697 3814 quod
723 3743 895 3797 omnis
923 3752 1160 3796 creatura
1200 3740 1292 3794 Dei
1330 3740 1468 3794 bona
1497 3738 1569 3793 sit
1591 3737 1612 3807 (
1632 3737 1649 3791 1
1670 3736 1803 3790 Tim.
1843 3751 1893 3790 tv
1913 3775 1928 3801 ,
1958 3732 2088 3804 1-5)
2113 3776 2129 3800 ,

557 3844 611 3889 et
632 3833 774 3888 nulla
794 3832 1079 3886 substantia
1103 3830 1173 3885 sit
1191 3844 1345 3899 qualn
1371 3844 1475 3881 non
1504 3840 1742 3881 summus
1761 3824 1946 3880 fecerit
1968 3823 2129 3888 Deus.

557 3926 659 3978 nisi
691 3926 803 3994 ipse
834 3924 971 3979 Deus
995 3922 1084 3992 qui
1108 3936 1213 3975 non
1242 3930 1324 3975 est
1347 3919 1415 3973 ab
1439 3919 1614 3987 aliquo
1638 3916 1846 3971 factus?
1873 3914 1991 3969 Non
2030 3914 2129 3968 ista

559 4014 611 4070 in
645 4015 753 4080 eis,
780 4028 897 4084 qua:
939 4020 1145 4068 constat
1174 4026 1291 4064 esse
1332 4008 1586 4062 catholica
1608 4047 1624 4073 ,
1667 4004 2134 4073 reprehenduntur

559 4112 717 4174 atque
753 4105 1088 4158 damnantur.
1131 4100 1458 4171 lmpietatem
1490 4098 1687 4167 quippe
1722 4096 2129 4150 Manichaeorum

560 4194 778 4247 nimium
805 4192 828 4226 ⁸
850 4192 1062 4247 stultam
1090 4201 1142 4246 et
1162 4190 1372 4244 noxiam
1392 4227 1408 4252 ,
1438 4201 1541 4241 non
1583 4186 1753 4240 solum
1794 4182 1925 4239 ﬁdes
1949 4183 2132 4237 catho-

562 4283 661 4337 lica
702 4282 1033 4345 detestatur;
1076 4295 1257 4335 verum
1300 4281 1466 4334 etiam
1508 4274 1739 4329 lueretici
1778 4288 1998 4338 omnes,
2043 4273 2132 4343 qui

561 4390 668 4429 non
694 4385 815 4428 sunt
854 4372 1145 4427 Manichzei.
1183 4368 1337 4426 Unde
1363 4376 1419 4422 et
1447 4368 1530 4421 isti
1567 4365 1833 4435 Pelagiani
1872 4366 1971 4418 hoc
1998 4365 2133 4418 bene

560 4464 787 4528 faciunt,
815 4461 1114 4517 Manichmis
1139 4461 1417 4513 anathema
1442 4458 1620 4511 dicere
1653 4496 1668 4520 ,
1695 4464 1749 4510 et
1768 4469 1956 4509 eorum
1984 4468 2135 4507 erro-

561 4555 711 4609 ribus
736 4553 1119 4609 contradicere.
1148 4549 1253 4606 Sed
1298 4549 1497 4603 faciunt
1521 4547 1627 4601 duo
1657 4545 1791 4600 mala
1816 4586 1829 4610 ,
1860 4546 2051 4614 quibus
2079 4554 2134 4600 et

565 4646 665 4712 ipsi
696 4643 1175 4699 anathematizandi
1205 4649 1325 4695 sunt
1373 4658 1387 4694 :
1434 4655 1626 4704 unum,
1666 4639 1803 4707 quod
1832 4636 2135 4692 Catholicos

561 4735 967 4791 Manichzeorum
1008 4733 1218 4787 nomine
1257 4731 1602 4785 criminantur
1640 4744 1653 4793 ;
1693 4728 1960 4790 alterum,
1995 4726 2132 4795 quod

563 4827 723 4880 etiam
773 4824 871 4892 ipsi
898 4824 901 4827 ⁴
927 4823 1169 4877 haeresim
1226 4821 1351 4874 novi
1390 4819 1592 4873 erroris
1644 4817 1917 4871 inducunt.
1953 4816 2135 4885 Neque

566 4916 709 4968 enim
738 4915 857 4983 quia
887 4911 1291 4967 Manicbazorum
1331 4910 1518 4963 morbo
1553 4923 1656 4962 non
1694 4907 1973 4971 laborant,
2016 4922 2136 4976 pro-

565 5015 741 5075 pterea
772 5002 891 5057 lidei
922 5016 1064 5056 sanae
1087 5010 1228 5055 sunt.
1257 4998 1371 5054 Non
1399 5014 1559 5052 unum
1592 4997 1904 5067 pestilentia:
1931 5006 2013 5050 est
2040 5012 2134 5063 ge-

570 5112 667 5150 nus
690 5136 703 5159 ,
737 5093 1186 5163 quemadmodum
1211 5093 1263 5145 in
1292 5091 1637 5157 corporibus,
1668 5091 1735 5142 ita
1766 5098 1819 5142 et
1850 5088 1901 5141 in
1946 5088 2137 5142 menti-

567 5188 685 5241 bus.
717 5187 867 5240 Sicut
904 5198 1029 5254 ergo
1064 5182 1302 5237 medicus
1327 5179 1566 5248 corporis
1594 5194 1697 5232 non
1736 5179 1987 5232 continuo
2016 5193 2137 5246 pro-

564 5279 857 5335 nuntiasset
883 5291 912 5331 a
936 5276 1121 5329 mortis
1142 5272 1377 5342 periculo
1397 5271 1620 5325 liberum
1647 5268 1690 5334 ⁸,
1707 5284 1864 5338 quem
1893 5277 2136 5338 negasset

564 5368 927 5440 hydrOpicum,
955 5364 1002 5420 si
1018 5364 1131 5418 alio
1159 5362 1339 5416 letbali
1366 5360 1551 5414 morbo
1578 5360 1937 5428 perspexisset
1965 5374 2133 5428 aegro-

561 5469 672 5513 tqu
707 5474 723 5512 :
751 5458 819 5511 ita
855 5456 968 5510 istis
998 5467 1101 5507 non
1132 5453 1249 5505 ideo
1280 5452 1476 5505 veritas
1508 5449 1799 5518 gratulatur
1823 5488 1836 5511 ,
1873 5449 1995 5518 quia
2020 5448 2136 5502 Ma-

561 5550 749 5605 niehasi
768 5562 871 5601 non
896 5554 1039 5605 sunt,
1061 5542 1105 5595 si
1127 5542 1233 5595 alio
1253 5555 1446 5610 genere
1468 5538 1829 5607 perversitatis
1846 5537 2130 5592 insaniunt.

625 5644 640 5670 ³
677 5639 809 5694 aliti,
829 5642 892 5686 et.
936 5633 1236 5696 castigantur
1258 5645 1288 5696 a_
1303 5629 1653 5691 nmnumriptis.

625 5700 644 5729 ¹
676 5692 891 5760 Gallicani
925 5703 1049 5760 uss,
1066 5692 1456 5760 'conrcssionem.‘
1511 5748 1522 5759 .

627 5760 646 5792 ³
679 5760 813 5815 aliti,
836 5756 1048 5807 nimiam.
1075 5756 1237 5818 Maius
1258 5763 1382 5809 Mss,
1406 5756 1620 5803 nimbum.

630 5820 649 5850 ‘
681 5821 873 5870 codices
893 5815 1129 5878 Gallicani,
1154 5815 1420 5867 liberattun.

2214 1824 2546 1894 Quapropter
2571 1823 2713 1879 aliud
2741 1832 2823 1879 est
2847 1822 2988 1894 quod
3016 1823 3525 1878 anathematizamus
3548 1837 3672 1878 cum
3699 1821 3806 1886 eis,

2215 1917 2358 1971 aliud
2401 1916 2542 1986 quod
2582 1917 2633 1971 in
2663 1916 2762 1970 eis.
2803 1916 3138 1971 Detestamur
3176 1916 3318 1971 enim
3347 1930 3468 1970 cum
3496 1914 3577 1970 eis
3598 1954 3617 1981 ,
3651 1914 3801 1986 quod

2216 2016 2363 2062 recte
2388 2006 2635 2076 displicet
2667 2005 2825 2061 etiam
2856 2007 2985 2076 ipsis
3019 2022 3036 2071 ;
3068 2007 3137 2060 ita
3170 2016 3345 2061 tamen
3370 2016 3429 2061 ut
3463 2006 3805 2062 detestemur

2218 2097 2273 2151 in
2299 2099 2406 2165 eis,
2435 2097 2575 2152 unde
2597 2107 2741 2153 recte
2775 2096 3059 2167 diSplieent
3083 2097 3204 2167 ipsi.

2289 2210 2516 2267 CAPUT
2560 2211 2621 2266 Il.
2646 2241 2721 2252 —
2761 2209 2817 2264 2.
2860 2210 3257 2264 Manichaeorum
3303 2217 3350 2264 et
3401 2208 3811 2281 Pelagianorum

2221 2302 2430 2358 haereses
2468 2301 2567 2356 sibi
2586 2312 2759 2355 mutuo
2784 2301 3008 2355 adversae
3035 2310 3081 2355 et
3121 2316 3261 2371 teque
3284 2316 3315 2352 a
3341 2301 3592 2354 catholica
3618 2299 3806 2354 Eccle-

2220 2394 2297 2448 sia
2336 2393 2632 2462 reprobatis.
2680 2390 2950 2446 Mauichci
2976 2400 3025 2445 et
3055 2389 3320 2461 Pelagiani
3358 2400 3604 2459 quatenus
3638 2408 3810 2447 errore

2223 2485 2511 2555 conjuncti,
2538 2470 2778 2553 quatenus
2802 2483 3038 2554 separati.
3087 2481 3361 2536 Manichrei
3385 2480 3567 2536 dicunt
3588 2524 3605 2549 ,
3640 2482 3813 2537 Deum

2224 2577 2421 2632 bonum
2453 2591 2558 2631 non
2584 2576 2817 2631 omnium
2849 2584 3155 2628 naturarum
3193 2589 3313 2628 esse
3341 2582 3678 2629 creatorem:
3711 2573 3812 2628 Pe-

2224 2667 2418 2738 lagia—ni
2461 2667 2677 2733 dicunt,
2728 2666 2890 2720 Deum
2931 2682 3037 2721 non
3076 2680 3197 2721 esse
3224 2666 3459 2720 omnium
3504 2674 3727 2720 aetatum
3756 2665 3815 2719 in

2226 2756 2529 2812 hominibus
2568 2756 2972 2821 mundatorem,
3022 2756 3387 2823 salvatorem,
3435 2756 3805 2810 liberatorem.

2225 2848 2498 2904 Catholica
2537 2857 2790 2918 utrOSqne
2830 2848 3140 2919 redarguit,
3192 2857 3247 2903 et
3272 2857 3457 2903 contra
3484 2848 3813 2903 Manichaeos

2227 2940 2519 2996 defendens
2544 2941 2637 2996 Dei
2659 2949 2955 2996 creaturam
2980 2981 2996 3007 ,
3024 2955 3093 2996 ne
3117 2938 3186 2995 ab
3213 2940 3313 2995 ille
3328 2939 3564 2994 instituta
3583 2947 3812 3010 negetur

2228 3034 2332 3088 ulla
2363 3042 2549 3088 natura
2576 3049 2590 3095 ;
2613 3041 2668 3087 et
2691 3043 2874 3087 contra
2905 3030 3233 3102 Pelagianos,
3254 3032 3383 3085 utin
3404 3031 3659 3085 omnibus
3687 3038 3811 3084 teta-

2231 3125 2370 3178 tibus
2420 3124 2625 3194 perdita
2670 3124 2967 3193 requiratur
3008 3122 3236 3177 humana
3271 3129 3478 3175 natura.
3533 3120 3811 3175 Manichmi

2230 3217 2404 3272 carnis
2432 3217 2913 3286 concupiscentiam
2937 3231 3041 3270 non
3066 3225 3312 3285 tanquam
3330 3214 3581 3270 accidens
3598 3214 3810 3277 vitium,

2231 3307 2325 3363 sed
2366 3317 2613 3377 tauquam
2658 3316 2896 3361 naturam
2935 3306 3003 3362 ab
3027 3307 3321 3361 arternitate
3360 3306 3556 3360 malam
3598 3306 3813 3375 vitupe-

2233 3405 2395 3451 rant:
2432 3397 2694 3467 Pclagiani
2736 3413 2853 3453 eam
2904 3405 3150 3467 tauquam
3195 3398 3394 3452 nullum
3443 3397 3670 3465 vitium,
3716 3397 3809 3452 sed

2232 3489 2470 3544 naturale
2508 3489 2576 3542 sit
2602 3489 2797 3542 bonum
2830 3490 3043 3557 insuper
3073 3489 3302 3542 laudant.
3334 3487 3605 3543 Catholica
3636 3497 3813 3542 utros-

2232 3594 2336 3650 que
2403 3579 2700 3650 redarguit,
2768 3579 3072 3635 Manichzeis
3143 3579 3369 3647 dicens,
3419 3579 3535 3634 Non
3579 3590 3819 3645 natura,

2232 3669 2327 3725 sed
2356 3670 2539 3724 vitium
2566 3677 2680 3735 est;
2723 3669 3020 3740 Pelagianis
3044 3669 3226 3725 dicens
3245 3712 3262 3737 ,
3307 3671 3419 3724 Non
3441 3686 3471 3724 a
3493 3671 3687 3735 Patre,
3722 3671 3822 3726 sed

2233 3776 2298 3816 ex
2343 3761 2539 3816 mundo
2590 3771 2674 3817 est
2714 3771 2818 3815 :nt
2864 3776 2981 3815 eam
3027 3762 3170 3816 velut
3213 3762 3406 3815 malam
3454 3762 3826 3816 valetudinem

2234 3851 2408 3905 sanari
2431 3852 2638 3921 utrique
2663 3852 2995 3921 permittant,
3026 3851 3320 3906 desiuendo
3348 3852 3420 3906 illi
3449 3863 3705 3922 tanquam
3738 3852 3827 3905 iu-

2234 3942 2523 3997 sanabilem
2563 3941 2783 3997 credere
2806 3983 2821 4007 ,
2865 3941 2947 3996 isti
2986 3950 3231 4010 tanquam
3263 3941 3577 3996 laudabilem
3618 3942 3823 4010 pradi—

2234 4047 2377 4088 care.
2403 4032 2674 4087 Maniclnei
2696 4040 2889 4102 negant
2914 4032 3114 4086 homini
3142 4031 3282 4087 bono
3300 4048 3365 4086 ex
3400 4032 3569 4087 libero
3592 4032 3827 4087 arbitrio

2235 4123 2396 4177 fuisse
2424 4122 2630 4176 initium
2666 4123 2790 4177 mali
2823 4140 2838 4177 :
2870 4122 3129 4193 Pelagiani
3158 4121 3340 4177 dicunt
3361 4124 3519 4177 etiam
3543 4122 3826 4177 hominem

2235 4215 2433 4267 malum
2478 4212 2806 4268 sufﬁcienter
2846 4212 3043 4269 habere
3079 4213 3298 4268 liberum
3335 4214 3611 4269 arbitrium
3642 4213 3710 4268 ad
3741 4212 3829 4269 fa-

2236 4304 2484 4359 ciendum
2527 4314 2846 4374 praeceptum
2876 4305 3094 4360 bonum.
3140 4304 3410 4359 Catholica
3441 4312 3702 4375 utrosque
3730 4320 3827 4360 re-

2236 4396 2465 4465 darguit,
2497 4403 2551 4450 et
2596 4395 2698 4450 illis
2740 4395 2942 4459 dicens,
2997 4394 3139 4449 Fecit
3168 4393 3302 4448 Deus
3336 4395 3588 4448 hominem
3626 4404 3828 4448 rectum

2238 4485 2430 4558 (Eccle.
2451 4501 2547 4551 γη,
2577 4485 2667 4554 50)
2699 4505 2713 4540 :
2745 4494 2799 4541 et
2829 4486 2941 4539 istis
2975 4485 3189 4550 dicens,
3227 4484 3289 4539 Si
3314 4501 3400 4538 vos
3429 4483 3597 4539 Filius
3630 4485 3826 4540 libera-

2236 4578 2391 4641 verit,
2434 4591 2542 4629 vere
2579 4575 2721 4628 liberi
2746 4576 2879 4628 eritis
2913 4573 3087 4647 (Joan.
3116 4589 3208 4628 νηί
3228 4617 3242 4641 ,
3272 4573 3384 4645 56).
3429 4574 3708 4629 Manichmi
3737 4574 3828 4628 di-

2236 4677 2401 4732 cunt,
2450 4665 2679 4719 animam
2726 4666 3032 4735 particulam
3077 4666 3207 4731 Dei,
3254 4676 3455 4720 natum
3484 4666 3640 4720 malae
3668 4682 3827 4720 com-

2238 4756 2490 4811 ntixlione
2510 4756 2705 4810 habere
2724 4764 2994 4824 peccatum
3020 4773 3033 4808 :
3062 4756 3325 4826 Pelagiani
3347 4756 3553 4821 dicunt,
3577 4758 3819 4812 animam

2232 4848 2463 4917 justam,
2492 4863 2600 4902 non
2621 4848 2831 4917 quidem
2857 4848 3169 4917 particulam
3198 4889 3212 4912 ,
3243 4847 3337 4903 sed
3364 4858 3666 4903 creaturam
3701 4850 3820 4917 Dei,

2237 4940 2394 4993 etiam
2424 4939 2476 4992 in
2516 4938 2614 4992 ista
2642 4938 2967 5007 corruptibili
2993 4940 3096 4992 vita
3126 4954 3229 4992 non
3269 4939 3468 4993 habere
3505 4949 3816 5010 peccatum.

2236 5031 2507 5086 Catholica
2533 5040 2785 5100 utrosque
2811 5030 3097 5100 redarguit,
3138 5030 3441 5086 Manicbwis
3465 5031 3653 5088 dicens
3671 5075 3688 5100 ,
3716 5033 3823 5087 Aut

2238 5122 2388 5193 facile
2428 5120 2656 5175 arborem
2696 5122 2918 5186 bonam,
2965 5130 3013 5174 cl
3052 5125 3273 5192 fructum
3315 5123 3424 5192 cjus
3462 5123 3688 5189 bonum;
3729 5132 3823 5177 aut

2239 5215 2391 5282 facile
2414 5211 2639 5265 arborem
2661 5211 2847 5264 malam
2869 5250 2886 5274 ,
2927 5219 2971 5264 et
3004 5211 3222 5281 fructum
3246 5212 3357 5282 ejus
3386 5213 3577 5266 malum
3603 5212 3818 5286 (lli-lu.

2240 5320 2313 5359 xu
2338 5347 2353 5368 ,
2376 5302 2471 5376 35)
2498 5319 2512 5368 ;
2562 5302 2700 5373 quod
2729 5318 2832 5357 non
2860 5303 3126 5359 diceretur
3152 5304 3350 5358 homini
3379 5346 3392 5367 ,
3440 5306 3530 5375 qui
3575 5317 3819 5361 naturam

2241 5393 2414 5449 facere
2436 5410 2541 5449 non
2569 5403 2760 5463 potest,
2787 5393 2885 5449 uisi
2909 5394 3030 5464 quia
3054 5405 3325 5464 peceatum
3348 5411 3453 5449 non
3475 5408 3690 5464 natura,
3724 5398 3820 5453 sed

2239 5486 2421 5540 vitium
2448 5495 2529 5540 est
2557 5503 2570 5539 :
2603 5482 2897 5555 Pelagianis
2920 5484 3124 5551 dicens,
3158 5485 3217 5540 Si
3242 5486 3521 5541 dixerimus
3550 5489 3676 5557 quia
3705 5504 3819 5558 pee-

2238 5586 2403 5630 catum
2424 5592 2523 5629 non
2548 5575 2783 5630 habemus
2802 5616 2816 5640 ,
2857 5592 2947 5629 nos
2970 5576 3106 5646 ipsos
3130 5577 3412 5631 seducimus
3431 5619 3445 5642 ,
3475 5588 3523 5633 et
3555 5580 3746 5633 ueritas
3765 5581 3819 5632 in

2240 5668 2381 5722 nobis
2405 5684 2505 5721 non
2530 5676 2602 5721 est
2627 5669 2670 5738 (Ι
2696 5666 2852 5722 Jaan.
2884 5684 2935 5730 ι,
2963 5668 3039 5738 8).
3091 5669 3182 5724 llis
3209 5672 3408 5724 morbis
3431 5672 3573 5727 inter
3599 5688 3660 5728 se
3687 5688 3813 5729 com

2244 5758 2418 5815 trariis
2451 5757 2721 5816 Manichtei
2772 5760 3143 5833 Pelagianiquc
3186 5762 3514 5835 conﬂigunt,
3566 5763 3818 5822 dissimili
