3984 6510
503 367 609 422 5'75

504 479 608 534 hoc
641 477 924 532 tenendum
967 489 1119 539 esse,
1153 475 1294 543 quod
1341 475 1422 528 isti
1451 473 1516 527 de
1561 472 1789 540 parvulis
1812 471 2064 531 sentiunt,

505 582 768 636 nunquam
795 567 1002 628 dixerit,
1039 579 1302 633 nunquam
1337 565 1644 632 scripserit;
1675 565 1888 630 insuper
1913 564 2072 616 etiam

503 661 806 716 Calestiutn
845 673 904 711 se
942 671 1164 726 purgare
1204 657 1506 710 molientem
1531 655 1597 710 ad
1639 654 2072 710 consentiendum

505 766 660 820 supra
707 750 857 802 dictis
895 747 1049 802 Sedis
1091 748 1410 815 Apostulicze
1447 747 1637 800 litteris
1683 746 1865 802 crebra
1913 747 2075 799 inter-

505 839 770 896 locutione
811 838 1186 892 eonstrinxerit
1225 854 1240 889 :
1285 837 1518 905 profecto
1570 837 1818 906 quidquid
1870 836 2072 890 interea

506 929 677 984 lenius
707 937 878 982 actum
900 937 979 982 est
1003 944 1122 982 cum
1159 927 1438 990 leestio,
1467 939 1672 981 servata
1701 928 1954 980 duntaxat
1974 943 2070 980 an-

503 1018 815 1087 tiquissima:
839 1027 893 1071 et
925 1017 1306 1072 robustissima:
1331 1018 1448 1070 fidei
1478 1019 1723 1072 firmitate
1744 1060 1756 1078 ,
1787 1019 2078 1071 correctio-

505 1108 588 1161 nis
627 1107 722 1160 fiiit
749 1108 1162 1161 clementissima
1190 1109 1396 1172 suasio,
1427 1123 1529 1160 nou
1560 1109 1866 1174 approbatio
1887 1108 2075 1160 exitio-

503 1197 710 1250 sissima
765 1197 1036 1264 pravitatis
1067 1198 1110 1248 ¹.
1159 1197 1224 1250 Et
1272 1197 1410 1264 quod
1458 1196 1524 1250 ab
1571 1198 1754 1251 eodem
1801 1197 2074 1250 sacerdote

505 1294 689 1356 postea
756 1285 1038 1340 leestius
1091 1297 1144 1339 et
1197 1287 1436 1354 Pelagius
1494 1287 1712 1354 repetita
1766 1286 2076 1340 auctoritate

508 1373 740 1428 damnati
767 1383 918 1437 sunt,
962 1375 1226 1444 paululum
1273 1375 1606 1440 intermissm,
1645 1375 1752 1444 jam
1779 1377 2077 1430 neceSsario

509 1463 839 1534 proferenda:
879 1465 1012 1517 ratio
1051 1465 1346 1518 severitatis
1388 1464 1522 1530 fuit,
1571 1481 1675 1518 non
1715 1467 2078 1534 praevaricatio

508 1556 656 1623 prius
683 1556 908 1622 cognita:
933 1557 1014 1610 vel
1043 1572 1174 1610 nova
1203 1557 1434 1625 cognitio
1465 1559 1722 1612 veritatis.

578 1645 802 1699 CAPUT
841 1645 928 1699 IV.
949 1675 1022 1686 -—-
1053 1647 1106 1700 6.
1139 1645 1282 1698 Idem
1311 1656 1550 1700 tractatur
1573 1657 1938 1716 argumentum.
1973 1645 2076 1701 Sed

507 1733 632 1802 quid
657 1749 789 1802 opus
823 1745 904 1787 est
931 1749 1027 1788 nos
1053 1735 1120 1788 de
1149 1735 1245 1790 hac
1271 1751 1326 1789 re
1357 1737 1616 1804 loquendo
1653 1737 1848 1790 diutius
1891 1737 2078 1789 immo-

510 1823 614 1876 rari
644 1862 660 1888 ,
697 1839 818 1876 cum
845 1833 1069 1878 exstent
1111 1823 1232 1879 hinc
1278 1835 1435 1894 atque
1461 1827 1582 1880 inde
1619 1837 1766 1896 gesta
1797 1837 1849 1880 et
1884 1828 2077 1896 scripta

512 1913 713 1968 directa
739 1955 752 1976 ,
795 1915 882 1968 tibi
906 1916 1108 1982 possint
1126 1927 1312 1969 cuncta
1341 1918 1426 1970 illa
1449 1959 1461 1979 ,
1491 1918 1934 1986 quemadmodum
1963 1928 2077 1972 acta

512 2005 622 2058 sint
644 2044 660 2072 ,
707 2005 786 2059 vel
817 2007 1060 2074 cognosci
1088 2007 1170 2060 vel
1198 2009 1534 2076 recognosci?
1579 2007 2078 2076 interrogationibus

509 2097 656 2150 enim
682 2098 850 2150 sancti
877 2101 1217 2166 prtecessoris
1240 2099 1312 2152 tui
1338 2140 1353 2164 ,
1383 2111 1437 2154 et
1460 2099 1691 2155 CtelcSIii
1715 2102 2076 2169 I'OSp0I’tSIOllI-

513 2187 612 2241 lius
644 2187 833 2256 quibus
863 2203 923 2242 se
951 2189 1090 2244 beati
1118 2191 1270 2258 Papa:
1303 2191 1590 2247 Innocentii
1635 2194 1826 2248 litteris
1851 2207 2078 2248 consen-

513 2281 613 2334 tire
655 2280 924 2349 professus
963 2291 1082 2347 est,
1135 2286 1250 2352 quis
1295 2301 1396 2338 non
1430 2287 1603 2340 videat
1637 2287 2078 2355 quemadmodum

513 2373 583 2425 sit
609 2371 888 2426 Caelestius
929 2375 1203 2443 colligatus
1225 2417 1240 2441 ,
1292 2385 1344 2430 et
1383 2379 1590 2431 vinculo
1615 2379 1962 2432 saluberrimo
1987 2380 2084 2433 ob-

511 2468 726 2520 strictus
743 2505 759 2532 ,
789 2481 856 2520 ne
879 2467 1097 2521 ulterius
1122 2469 1407 2524 defendere
1431 2471 1646 2524 auderet
1681 2471 1734 2524 in
1761 2471 2081 2538 Baptismate

512 2558 850 2625 parvulorum
881 2573 982 2612 non
1023 2559 1214 2614 dimitti
1259 2563 1510 2630 originale
1559 2565 1864 2630 peccaturo?
1902 2565 2074 2620 Vene-

513 2645 699 2700 rabilis
717 2649 912 2716 quippe
939 2649 1225 2702 Inuocentii
1267 2652 1497 2720 episcopi
1527 2653 1592 2706 de
1625 2653 1724 2706 hac
1751 2670 1808 2706 re
1835 2656 1932 2708 ista
1961 2664 2084 2714 sunt

512 2737 676 2792 verba
695 2738 760 2791 ad
781 2740 1191 2810 Carthaginense
1206 2745 1482 2798 concilium
1510 2764 1522 2798 :
1557 2765 1576 2798 ι
1601 2747 1844 2803 Liberum
1867 2752 2029 2813 enim,
2057 2771 2076 2803 ι

514 2825 716 2895 inquit,
749 2845 770 2879 ι
803 2829 1075 2884 arbitrium
1107 2833 1230 2885 olim
1261 2833 1348 2887 ille
1373 2850 1650 2904 perpessus
1669 2879 1683 2900 ,
1711 2839 1834 2891 dum
1863 2840 1971 2894 suis
1999 2840 2082 2894 in-

514 2919 808 2974 consultius
854 2925 1016 2975 utitur
1061 2923 1246 2990 bonis,
1299 2925 1494 2980 cadens
1544 2928 1592 2980 in
1639 2931 2084 2998 prmvaricationis

515 3009 771 3079 profunda
798 3011 1089 3078 demersus,
1123 3015 1256 3068 nihil
1281 3016 1722 3086 quemadmodum
1751 3021 1944 3075 exinde
1969 3037 2086 3075 sur-

515 3113 641 3167 gere
693 3109 876 3169 posset
917 3103 1163 3158 invenit:
1195 3121 1393 3175 suaque
1443 3109 1494 3161 in
1539 3119 1794 3164 internum
1841 3113 2084 3170 libertate

515 3188 788 3260 deceptus,
821 3193 976 3261 hujus
1004 3195 1170 3249 ruinae
1192 3196 1448 3265 jacuisset
1473 3215 1729 3270 oppressu
1755 3204 1801 3266 ',
1834 3205 1930 3258 nisi
1959 3221 2080 3260 eum

517 3285 639 3346 post
672 3280 862 3336 Christi
903 3298 1002 3352 pro
1029 3299 1124 3338 sua
1166 3288 1330 3354 gratia
1375 3288 1650 3346 liberasset
1675 3292 1960 3361 adventus,
1992 3298 2084 3366 qui

516 3383 614 3438 per
636 3387 785 3424 nova:
813 3376 1224 3442 regenerationis
1241 3378 1655 3446 purificationem
1683 3397 1840 3437 omne
1869 3395 2085 3454 praeter-

517 3462 647 3516 itum
674 3463 694 3494 ³
728 3464 910 3518 vitium
953 3468 1030 3520 sui
1063 3468 1396 3538 Baptisn‘tatis
1426 3472 1633 3527 lavacro
1663 3477 1900 3544 purgavit
1927 3497 1944 3528 ι
1967 3477 2085 3541 (Iu-

516 3563 744 3620 nocent.,
789 3558 937 3624 epist.
977 3559 1068 3614 181
1101 3601 1116 3622 ,
1168 3577 1218 3614 n.
1249 3563 1300 3627 7,
1335 3563 1474 3630 apud
1497 3563 1757 3638 August.).
1807 3567 1940 3633 Quid
1985 3572 2082 3626 ista

515 3641 668 3696 Sedis
695 3647 1010 3714 Apostolicai
1039 3653 1296 3704 sententia
1325 3655 1515 3708 clarius
1539 3667 1696 3724 atque
1725 3661 2084 3714 ηιωιίΐθμιίιιςῗ

518 3733 652 3788 Iluic
679 3751 737 3790 se
766 3735 1048 3794 Caelestius
1073 3745 1375 3798 consentire
1413 3747 1682 3813 professus
1710 3761 1825 3816 est,
1874 3755 2083 3821 quando

517 3841 638 3881 cum
669 3829 791 3884 illia
818 3844 1000 3886 sancto
1045 3850 1364 3902 przecessorc
1408 3849 1498 3892 tuo
1523 3841 1718 3895 dictum
1745 3855 1910 3908 esset;
1946 3866 1964 3897 ι
1995 3848 2080 3901 Illa

515 3919 691 3972 omnia
737 3921 954 3975 damnas
991 3939 1110 3992 qum.
1147 3926 1338 3992 jactata
1381 3939 1503 3983 sunt
1539 3930 1606 3984 de
1653 3936 1866 3989 nomine
1895 3939 2025 3991 tuo?
2058 3959 2078 3990 ι

515 4005 630 4076 ipse
655 4013 920 4077 reSpondit
941 4055 956 4078 ,
993 4033 1011 4066 ι
1049 4015 1250 4070 Damno
1270 4021 1556 4073 secundum
1577 4027 1893 4079 sententiam
1917 4029 2082 4084 beata:

515 4102 786 4156 memoriae
834 4107 1169 4171 prmcessoris
1202 4111 1272 4162 tui
1317 4111 1623 4167 Innocentii.
1663 4134 1682 4166 ι
1727 4116 1866 4170 Inter
1890 4129 2080 4176 caetera

515 4201 688 4245 autem
719 4209 836 4263 qua:
865 4196 933 4250 de
961 4200 1170 4254 nomine
1197 4202 1309 4268 ejus
1333 4203 1525 4270 jactata
1560 4205 1795 4274 fuerant,
1829 4209 2082 4267 diaconus

515 4281 762 4336 lecstio
801 4286 1044 4340 Paulinus
1073 4289 1340 4356 objecerat
1362 4334 1375 4356 ,
1409 4295 1546 4362 quod
1573 4297 1803 4364 diceret,
1841 4319 1858 4350 ‹
1897 4317 2082 4370 pecca-

515 4379 626 4426 tum
657 4375 785 4428 Ada:
826 4376 928 4446 ipsi
955 4379 1050 4431 soli
1079 4381 1310 4436 obfuisse
1329 4425 1344 4449 ,
1392 4395 1444 4438 et
1475 4403 1578 4439 non
1607 4391 1784 4456 generi
1811 4391 2076 4460 humano;

513 4473 566 4518 et
593 4465 730 4534 quod
779 4468 1006 4524 infantes
1049 4487 1216 4541 nuper
1260 4477 1364 4529 nati
1391 4517 1406 4542 ,
1447 4478 1496 4531 in
1527 4495 1591 4532 eo
1619 4491 1797 4536 essent
1822 4494 1957 4538 statu
1980 4529 1994 4552 ,
2027 4487 2078 4541 in

513 4571 618 4623 quo
649 4557 814 4611 Adam
849 4561 941 4614 fuit
969 4573 1092 4616 ante
1133 4575 1422 4631 peccatum.
1461 4587 1479 4619 ι
1537 4571 1764 4626 Proinde
1800 4575 1842 4628 si
1875 4577 2078 4642 objecta

516 4645 753 4712 Paulini,
784 4653 1072 4706 secundum
1104 4661 1416 4711 sententiain
1445 4661 1580 4714 beati
1617 4663 1768 4732 Papae
1794 4665 2080 4724 Innocentii

514 4735 687 4788 veraci
725 4739 886 4794 corde
915 4751 1072 4810 atque
1097 4761 1188 4799 ore
1215 4745 1488 4802 damnaret
1513 4767 1526 4812 ;
1557 4755 1679 4821 quid
1707 4756 1752 4807 ei
1783 4770 2080 4814 remaneret

513 4824 762 4894 deinceps
787 4830 927 4885 unde
951 4836 1323 4902 contenderet,
1353 4841 1551 4894 tmllnm
1583 4861 1700 4898 esse
1723 4863 1782 4899 ex
1813 4852 2076 4917 pratterita

513 4915 666 4982 primi
719 4917 948 4974 hominis
1001 4931 1420 4994 transgressione
1473 4931 1523 4985 in
1579 4915 1827 5001 parvulis
1859 4941 2074 5009 vitium,

511 5005 649 5072 quod
695 5023 788 5074 per
837 5025 984 5064 nova:
1023 5017 1441 5083 regenerationis
1483 5025 1896 5088 puriﬁcationem
1925 5005 2077 5087 sacro

511 5095 834 5164 Baptisitiate
859 5109 1209 5171 purgaretur?
1237 5107 1342 5163 Sed
1369 5111 1490 5164 illud
1522 5127 1578 5168 se
1605 5119 1939 5185 respondisse
1975 5123 2076 5177 fal-

511 5185 697 5241 laciter
741 5193 1031 5248 novissimo
1071 5197 1215 5250 exitu
1261 5201 1524 5270 ostendit,
1567 5221 1687 5261 eum
1732 5223 1790 5264 se
1817 5213 2074 5271 subtraxit

567 5379 1240 5466 ξίὲηξρςνεςιὶο
1273 5392 1366 5455 fuit
1399 5395 1758 5451 clementissima
1795 5405 2076 5466 pravitatis;

505 5445 691 5492 οωίῶἰὸ
715 5445 876 5494 verbis
895 5449 1212 5502 intemwﬁs_
1273 5445 1284 5455 '
1451 5445 1454 5446 ν
1509 5445 1757 5451 νην-’νηῶν
1795 5445 1838 5466 r-
1854 5445 2038 5460 """“Ilo
2055 5450 2070 5472 ,

566 5525 594 5612 ἶ,
620 5529 1405 5612 ‘5112..I?;f}..'.'3'ffii“si:1W"?
1427 5537 2070 5612 "testamentorum-

505 5585 801 5676 {rexrtltttﬂti
819 5585 1190 5676 {illitti’ljnﬁtlissﬂ
1207 5585 1956 5676 gppfegas'.‘EBBiEE'iEIoLEﬁiii'
1968 5585 2070 5676 ί

505 5644 686 5704 stolam,
711 5644 754 5708 Et,
773 5651 832 5697 u.l
859 5644 1182 5714 Attgustiuttttt,
1208 5644 1344 5710 tome

566 5723 588 5756 ³
622 5729 820 5782 Vaticani
849 5741 968 5794 uss,
1003 5743 1248 5800 pra?me

1135 364 1402 418 CONTRA
1443 361 1620 416 DUAS
1661 356 2028 413 EPISTOLAS
2067 354 2616 418 rEt.ici..i.\'-onu.ii,
2659 360 2717 414 s.
2763 327 3118 414 .iuctisriai

3645 363 3766 422 576

2183 467 2408 520 examini
2434 509 2450 532 ,
2491 484 2558 524 ne
2581 469 2873 524 secundum
2903 472 3144 526 Africana
3187 474 3439 542 rescripta
3481 477 3594 546 ipsa
3622 493 3760 532 om-

2181 558 2307 611 nino
2343 557 2410 612 de
2447 559 2545 612 hac
2581 562 2872 628 quzestione
2897 561 3056 616 verba
3085 577 3499 620 commemorare
3524 575 3578 620 ct
3611 583 3763 620 ana-

2183 648 2558 712 thematizare,
2591 665 2707 718 qua:
2733 649 2785 703 in
2817 651 2994 706 libello
3021 667 3118 706 suo
3157 654 3350 720 posuit,
3373 667 3678 723 cogeretur.

2250 742 2301 794 7.
2329 741 2470 807 Quid
2496 741 2621 794 illud
2649 742 2788 812 quod
2835 743 2972 797 idem
3007 743 3146 814 Papa
3176 745 3257 799 de-
3299 748 3395 800 hac
3437 751 3545 816 ipsa
3579 764 3754 802 causa

2179 829 2335 882 etiam
2370 830 2626 884 Numidire
2652 833 2920 903 rescripsit
2947 835 3226 904 episc0pis,
3271 838 3390 906 quia
3421 837 3487 890 de
3517 849 3760 908 utroque

2179 920 2424 984 concilio,
2450 921 2582 975 etde
2611 921 3008 990 Carthaginensi
3031 924 3232 978 scilicet
3269 935 3324 980 et
3351 925 3416 980 de
3437 927 3756 982 Milevitauo

2181 1011 2373 1078 scripta
2419 1021 2743 1080 susceperat,
2795 1027 2970 1067 nonne
3025 1015 3356 1083 apertissime
3401 1017 3468 1070 de
3512 1020 3762 1085 parvulis

2181 1104 2450 1172 loquitur?
2479 1104 2599 1156 ILec
2623 1105 2763 1158 enim
2807 1105 2922 1172 ejus
2966 1106 3124 1158 verba
3155 1115 3280 1160 sunt
3309 1125 3322 1160 :
3368 1127 3384 1158 ι
3419 1109 3547 1162 Illud
3597 1127 3761 1170 vero,

2179 1195 2318 1264 quod
2348 1210 2440 1249 eos
2459 1205 2628 1249 vestra
2649 1196 2970 1251 Fraternilas
2995 1199 3186 1252 asserit
3213 1199 3519 1268 prtedicare,
3551 1217 3762 1270 parvo-

2181 1285 2262 1340 los
2290 1295 2500 1340 aeterna:
2528 1287 2648 1340 vita:
2677 1288 2907 1355 praemiis
2935 1288 3092 1342 etiam
3119 1290 3232 1342 sine
3265 1289 3600 1358 Baptismatis
3628 1309 3764 1360 gra-

2183 1375 2254 1428 tia
2285 1391 2439 1444 posse
2464 1377 2670 1438 donari,
2693 1376 2986 1445 perfatuum
3005 1387 3106 1431 est.
3138 1378 3248 1432 Nisi
3280 1381 3424 1433 enim
3457 1382 3766 1436 manduca-

2179 1466 2352 1519 verint
2380 1481 2594 1520 carnem
2637 1467 2756 1520 Filii
2797 1466 3050 1530 hominis,
3075 1477 3128 1522 et
3157 1468 3386 1522 biberint
3436 1475 3765 1540 sanguinein

2181 1552 2316 1622 ejus,
2346 1571 2448 1608 non
2499 1556 2768 1610 habebunt
2809 1558 2970 1610 vitam
3005 1557 3054 1610 in
3111 1559 3451 1632 semetipsis(
3479 1559 3638 1614 Joau.
3667 1579 3752 1624 vr,

2179 1646 2288 1716 54).
2313 1647 2410 1711 Qui
2437 1657 2610 1701 autem
2633 1647 2768 1700 hanc
2782 1649 2860 1701 eis
2874 1649 2989 1700 sine
3015 1651 3414 1717 ri-genoratione
3434 1651 3762 1716 defendunt,

2179 1736 2422 1790 videntur
2447 1736 2573 1789 mihi
2606 1737 2774 1805 ipsum
2825 1737 3150 1806 Baptismum
3194 1739 3332 1793 velle
3364 1755 3596 1804 eassare,
3627 1758 3764 1796 cum

2181 1825 2484 1892 pra2dicant
2505 1825 2604 1878 hos
2633 1825 2848 1892 habere,
2875 1827 3015 1895 qttod
3049 1828 3100 1880 in
3130 1843 3224 1882 eos
3251 1829 3517 1884 credimus
3539 1832 3764 1884 nonnisi

2182 1915 2500 1982 Baptismatc
2525 1914 2909 1970 conferendum
2937 1936 2958 1966 ι
2985 1915 3354 1984 (Innocentius,
3379 1921 3522 1989 epist.
3543 1920 3668 1982 I82,
3697 1939 3758 1974 η.

2180 2005 2233 2068 5,
2253 2006 2382 2056 inter
2410 2005 2806 2074 Augustinianas
2831 2005 2873 2076 ).
2905 2007 3040 2074 Quid
3067 2007 3130 2061 ad
3181 2008 3294 2062 luce
3335 2009 3464 2064 dicit
3489 2011 3762 2081 ingratus,

2180 2095 2263 2146 cui
2290 2093 2457 2148 Sedes
2488 2095 2787 2162 Apostolica
2825 2095 2937 2165 jam
2965 2113 3055 2150 sua
3085 2098 3414 2166 professione
3439 2103 3590 2170 quasi
3618 2117 3764 2156 cor-

2181 2195 2326 2238 recto
2353 2186 2722 2256 benignissima
2754 2186 2972 2242 lenitate
3009 2191 3508 2258 pepercerat?Quid
3538 2191 3606 2246 ad
3638 2192 3766 2247 lucc

2181 2275 2346 2328 dicit?
2369 2285 2540 2328 utrum
2569 2284 2689 2344 post
2738 2276 2893 2346 hujus
2924 2277 3044 2330 vitte
3073 2279 3230 2331 tinent
3282 2282 3506 2348 parvuli,
3545 2283 3764 2336 etiamsi

2181 2365 2304 2418 dum
2335 2366 2634 2420 vivuntnon
2666 2365 3060 2436 baptizenturin
3089 2367 3317 2430 Christo,
3347 2369 3524 2422 invita
3555 2380 3762 2426 :eterna

2183 2463 2358 2522 erunt,
2397 2471 2462 2510 an
2515 2471 2618 2510 non
2663 2458 2860 2512 erunt?
2890 2459 2946 2514 Si
2986 2459 3196 2524 dixerit,
3241 2460 3406 2514 Erunt
3433 2479 3444 2513 :
3475 2463 3754 2530 quomodo

2183 2561 2308 2616 ergo
2336 2563 2452 2616 qua:
2499 2547 2565 2602 de
2622 2549 2836 2604 nomine
2885 2550 3000 2618 ejus
3049 2550 3242 2620 jactata
3267 2561 3412 2616 sunt,
3459 2553 3762 2606 secundum

2184 2640 2496 2693 sententiam
2525 2639 2982 2694 beatteinemorite
3029 2641 3320 2696 Innocentii
3367 2657 3425 2698 se
3472 2643 3766 2698 damnasse

2183 2733 2489 2800 respondit?
2521 2735 2654 2786 Ecce
2707 2733 2873 2788 beata:
2921 2736 3190 2789 memoria:
3229 2734 3566 2790 Innocentius
3617 2737 3762 2806 Papa

2185 2823 2299 2878 sine
2327 2823 2589 2892 Baptismo
2621 2823 2838 2890 Christi,
2871 2833 2926 2880 et
2948 2826 3063 2880 sine
3090 2827 3489 2896 participatione
3513 2829 3765 2897 corporis

2185 2927 2239 2970 et
2263 2916 2532 2984 sanguinis
2545 2915 2737 2969 Christi
2765 2918 2926 2970 vitam
2957 2934 3060 2971 non
3093 2918 3290 2972 habere
3325 2919 3572 2988 parvulos
3603 2919 3758 2974 dicit.

2185 3005 2236 3060 Si
2268 3005 2476 3069 dixerit,
2505 3005 2619 3060 Non
2637 3015 2790 3060 erunt
2813 3025 2826 3060 :
2849 3009 3113 3078 quomodo
3140 3023 3268 3078 ergo
3297 3025 3400 3064 non
3419 3011 3755 3078 accipientes

2185 3107 2435 3151 aeternam
2466 3098 2648 3161 vitam,
2699 3099 2881 3168 utique
2931 3108 3321 3169 consequenter
3343 3108 3542 3154 arterna
3573 3109 3756 3156 morte

2185 3187 2517 3252 damnantur,
2556 3188 2599 3242 si
2627 3187 2828 3242 nullum
2846 3188 3059 3244 trahunt
3087 3191 3341 3256 originale
3356 3191 3672 3258 peccatum?

2255 3279 2309 3334 8.
2332 3277 2468 3346 Quid
2519 3279 2584 3334 ad
2615 3277 2728 3334 haec
2755 3278 2936 3336 dicunt
2967 3281 3072 3345 isti,
3112 3283 3200 3350 qui
3227 3295 3350 3336 suas
3401 3282 3764 3338 calumniosas

2187 3368 2485 3436 impietates
2503 3369 2698 3424 audent
2721 3371 2880 3424 etiam
2912 3371 3214 3436 ‘seribere,
3253 3371 3452 3428 audent
3479 3381 3535 3426 et
3581 3375 3762 3426 orien-

2187 3460 2376 3516 talibus
2401 3460 2663 3530 episcopis
2708 3462 2954 3516 mittere?
2990 3463 3221 3516 Tenetur
3243 3461 3527 3517 leesiius
3553 3463 3752 3518 litteris

2191 3551 2508 3605 venerabilis
2531 3549 2820 3608 Innocentii
2851 3552 3140 3622 przebuisse
3173 3567 3492 3608 consensum
3525 3571 3537 3604 :
3571 3553 3764 3624 legun-

2186 3649 2272 3696 tur
2300 3643 2427 3711 ipsa:
2453 3645 2730 3698 memorati
2756 3646 3008 3699 antistitis
3049 3647 3257 3710 litterae,
3315 3646 3602 3700 scribentis
3649 3663 3762 3700 non

2185 3733 2476 3802 baptizatos
2527 3734 2688 3786 vitam
2739 3735 2984 3802 parvulos
3013 3735 3207 3790 habere
3243 3750 3346 3788 non
3401 3750 3576 3804 posse.
3618 3735 3759 3800 Quis

2185 3831 2360 3876 autem
2389 3824 2594 3892 negabit
2612 3823 2661 3878 id
2677 3839 2794 3878 esse
2817 3839 3147 3892 consequens
3164 3837 3220 3878 ut
3243 3835 3467 3880 mortem
3497 3825 3758 3890 habeant,

2185 3915 2274 3984 qui
2306 3931 2408 3968 non
2443 3915 2634 3970 habent
2683 3916 2888 3970 vitam?
2925 3915 3074 3971 Unde
3103 3933 3228 3986 ergo
3257 3919 3310 3972 in
3341 3917 3626 3972 infantibus
3659 3919 3766 3972 ista

2186 4007 2500 4062 miserabilis
2523 4022 2698 4074 pinna,
2725 4009 2768 4060 si
2789 4009 2929 4062 nulla
2959 4009 3229 4078 originalis
3255 4019 3336 4064 est
3382 4011 3533 4076 culpa
3557 4009 3579 4062 τ
3609 4009 3764 4074 Quo-

2185 4097 2342 4152 modo
2369 4099 2522 4168 igitur
2539 4099 2605 4152 ab
2633 4100 2743 4166 istis
2779 4099 2898 4153 fidei
2939 4100 3304 4156 desertoribus
3331 4111 3384 4154 et
3427 4109 3764 4169 oppugnato-

2185 4188 2330 4242 ribus
2352 4190 2552 4257 gratim,
2589 4190 2808 4244 Romani
2831 4191 3008 4244 clerici
3041 4191 3492 4260 praevaricationis
3519 4208 3762 4262 arguunt—

2187 4287 2272 4331 tur
2300 4281 2397 4331 sub
2417 4281 2662 4348 episc0po
2686 4279 2922 4346 Zositno,
2957 4282 3104 4351 quasi
3129 4282 3266 4334 aliud
3291 4283 3558 4336 senserint
3577 4283 3630 4334 in
3662 4281 3762 4336 da-

2185 4370 2451 4424 mnatione
2477 4373 2768 4440 posteriore
2797 4373 3029 4428 leestii
3069 4383 3124 4428 et
3173 4375 3390 4444 Pelagii,
3429 4391 3584 4445 quam
3613 4375 3760 4446 quod

2183 4461 2282 4514 sub
2307 4459 2610 4516 Innocentio
2641 4465 2691 4516 in
2721 4465 2894 4532 priore
2915 4475 3198 4519 senserunt
3221 4465 3243 4518 ?
3271 4467 3404 4534 Quia
3427 4468 3606 4536 utique
3631 4483 3762 4522 cum

2185 4551 2372 4606 litteris
2410 4555 2722 4606 venerabilis
2763 4554 3128 4608 Ittttoccntiide
3157 4558 3410 4626 parvulis,
3441 4559 3542 4610 nisi
3571 4559 3754 4628 bapti-

2185 4656 2428 4696 zareutnr
2458 4643 2754 4710 iuChristo,
2803 4646 2854 4698 iit
2885 4656 3083 4700 a-terua
3119 4656 3288 4702 morte
3319 4650 3602 4708 mansuris.
3657 4665 3752 4702 ca-

2187 4735 2538 4790 tholicentidei
2577 4736 2802 4792 clareret
2849 4739 3174 4808 antiquitas;
3201 4738 3442 4810 profccm
3499 4740 3760 4794 Ecclesia:

2189 4825 2438 4878 Romana:
2492 4829 2862 4894 praevaricator
2907 4831 3082 4898 potius
3116 4839 3276 4902 esset,
3315 4831 3634 4902 quicumque
3687 4833 3756 4884 ab

2186 4914 2268 4967 illa
2297 4917 2558 4968 sententia
2585 4917 2848 4972 deviasset
2877 4937 2889 4972 :
2921 4921 3060 4986 quod
3091 4921 3196 4974 Deo
3221 4922 3468 4990 propitio,
3499 4924 3754 4990 quoniam

2185 5005 2375 5058 factum
2404 5021 2510 5058 non
2539 5017 2638 5072 est,
2668 5008 2760 5060 sed
2779 5009 2892 5076 ipsa
2925 5020 3230 5063 constanter
3257 5012 3475 5078 repetita
3503 5011 3750 5066 tlmlestii

2181 5105 2234 5148 et
2271 5095 2464 5164 Pelagii
2491 5096 2827 5152 damnatione
2862 5109 3068 5152 servata
3113 5110 3226 5164 cst;
3259 5100 3553 5170 intelligant
3575 5115 3636 5156 se
3667 5102 3756 5158 isti

2181 5199 2299 5238 esse
2331 5185 2467 5239 unde
2489 5187 2618 5240 alios
2638 5189 3002 5252 criminantur,
3027 5200 3077 5243 ct
3105 5191 3386 5258 aliquando
3415 5207 3444 5244 a
3463 5191 3582 5244 tidei
3613 5208 3753 5262 pra:-

2181 5277 2499 5331 varicatione
2523 5289 2796 5332 sanentur.
2847 5278 3032 5332 Malam
3080 5282 3274 5350 quippe
3305 5280 3576 5334 hominum
3629 5297 3750 5338 esse

2181 5381 2444 5432 naturam,
2475 5385 2576 5422 non
2601 5369 2730 5422 dicit
2750 5370 3008 5424 catholica
3037 5371 3186 5435 Iidcs,
3232 5373 3281 5424 iit
3308 5383 3560 5440 quantum
3591 5373 3753 5428 homo

2179 5475 2206 5512 a
2232 5459 2480 5515 Creatore
2509 5461 2750 5530 primitus
2787 5463 3056 5516 institutus
3072 5473 3188 5526 est;
3219 5479 3388 5534 neque
3423 5479 3564 5517 nunc
3607 5464 3752 5534 quod

2181 5553 2228 5604 in
2253 5551 2340 5606 illa
2391 5554 2527 5608 Deus
2551 5565 2714 5618 creat,
2747 5571 2864 5610 cum
2901 5555 3142 5611 homines
3165 5571 3232 5610 ex
3262 5555 3562 5612 hominibus
3597 5557 3750 5622 facit,

2241 5701 2404 5824 'r‘r‘aliti
2427 5705 2684 5766 omittunt,
2721 5705 2896 5757 certent
2935 5705 3092 5758 etiam.
3141 5707 3416 5757 ttestituitur
3467 5719 3530 5757 ex
3581 5719 3753 5756 niam)-

2241 5775 2262 5809 Ὶ
2321 5777 2377 5810 IS.

2175 5775 2262 5811 SCI‘I
2269 5775 2310 5811 Ν
2321 5777 2377 5810 IS.
