3984 6504
194 285 279 344 677
1463 285 1661 339 LIBER
1700 286 2074 342 SECUNDUS.

191 403 275 455 hoc
291 405 364 451 est
388 395 581 449 tnalum
597 395 750 467 ejus;
778 396 872 452 sed
893 396 1034 468 quod
1063 410 1130 451 ex
1159 397 1251 452 illo
1277 396 1407 452 vitio
1438 398 1596 467 primi
1630 398 1728 451 ho-

188 489 318 545 minis
353 486 534 540 trahit.

239 593 453 648 CAPUT
493 592 558 645 γ.
588 624 660 634 —-
687 594 739 648 9.
781 593 1065 665 Respondet
1106 595 1174 648 ad
1220 593 1608 666 Pelagianorum
1655 611 1742 647 ra-

185 685 399 753 lunmias.
455 682 588 747 Quid
638 683 850 738 liberum
912 687 1172 738 arbitrium
1219 693 1325 739 sine
1379 688 1558 756 gratio.
1609 685 1744 752 Quid

183 776 371 830 uatium
422 774 670 827 Catholici
724 777 786 828 de
838 780 962 845 fato.
1019 776 1134 830 Jam
1181 791 1318 830 nunc
1371 778 1458 831 illa
1519 778 1740 830 videnda

181 874 300 928 sunt,
336 881 455 934 quae
496 867 546 919 in
589 866 829 935 Epistola
868 882 958 921 sua
1003 869 1156 923 nobis
1207 870 1517 936 ohjicientes
1544 909 1560 934 ,
1621 869 1773 922 bre-

183 958 298 1007 riter
347 966 672 1022 posuerunt,
720 958 908 1026 quibus
943 956 1060 1012 inec
1099 969 1179 1012 est
1219 971 1397 1012 nostra
1442 960 1738 1028 responsio.

179 1048 382 1101 Petento
402 1047 533 1100 Atla:
572 1047 846 1101 arbitrium
875 1048 1096 1102 liberum
1141 1048 1205 1103 de
1224 1048 1502 1104 hominum
1555 1061 1740 1104 natura

179 1138 382 1204 periisse
427 1153 531 1190 non
568 1137 792 1192 dicimus
826 1156 839 1191 :
871 1139 961 1194 sed
1008 1139 1072 1192 ad
1099 1140 1422 1208 peccandum
1467 1141 1643 1194 valere
1688 1143 1737 1195 in

177 1227 462 1279 hominibus
491 1226 715 1280 subditis
756 1228 1004 1292 diabolo;
1034 1228 1098 1281 ad
1143 1231 1278 1282 bene
1327 1238 1502 1284 autem
1552 1232 1741 1300 pit-que

176 1314 438 1367 vivendum
463 1332 566 1368 non
589 1316 784 1380 Valere,
828 1318 926 1371 nisi
965 1318 1074 1386 ipsa
1101 1319 1342 1372 voluntas
1367 1318 1599 1374 hominis
1647 1320 1739 1375 Dei

173 1404 320 1473 gratia
337 1403 497 1458 fuerit
529 1399 768 1471 liberata,
785 1415 839 1460 et
867 1406 932 1460 ad
949 1423 1104 1461 omne
1126 1407 1316 1460 bonum
1332 1410 1552 1463 actionis
1573 1452 1588 1474 ,
1621 1425 1737 1462 ser-

176 1495 349 1559 monis,
390 1496 725 1564 cogitationis
772 1498 971 1566 adjuta.
1011 1498 1279 1551 Neminem
1307 1500 1406 1552 nisi
1461 1500 1736 1554 Dominum

176 1587 320 1640 Deum
349 1584 576 1639 dicimus
602 1589 931 1642 nascentium
960 1589 1289 1643 conditorem
1314 1606 1328 1654 ;
1363 1605 1460 1644 nec
1499 1605 1527 1642 a
1557 1591 1738 1645 diabo-

177 1678 232 1742 lo,
258 1677 353 1732 sed
375 1678 444 1731 ab
471 1679 587 1746 ipso
617 1680 830 1748 nuptias
857 1681 1120 1734 institutas
1154 1699 1166 1734 :
1201 1697 1386 1737 omnes
1419 1692 1592 1738 tamen
1639 1686 1737 1738 sub

173 1777 371 1836 peccato
400 1769 546 1822 nasci
581 1778 794 1837 propter
815 1770 1115 1838 propaginis
1132 1772 1352 1836 vitium;
1385 1781 1438 1826 et
1465 1773 1583 1827 ideo
1615 1790 1736 1828 esse

171 1857 255 1912 sub
277 1858 509 1922 diabolo,
559 1858 730 1913 donec
762 1871 1105 1914 renascantur
1144 1862 1194 1914 in
1239 1859 1470 1916 Christo.
1505 1863 1612 1918 Nec
1639 1865 1735 1918 sub

172 1948 366 2001 nomine
389 1950 576 2016 gratia:
603 1948 765 2002 fatum
795 1952 1098 2017 asserimus,
1131 1951 1250 2021 quia
1281 1953 1436 2006 nullis
1457 1952 1734 2008 hominum

173 2038 355 2092 meritis
381 2038 477 2093 Dei
502 2040 724 2107 gratiam
769 2041 990 2096 dicimus
1017 2042 1277 2096 antecedi.
1320 2043 1374 2098 Si
1401 2053 1574 2099 autem
1623 2045 1735 2115 qui-

172 2128 370 2183 busdam
391 2132 774 2199 omnipotentis
805 2131 897 2187 Dei
921 2133 1244 2188 voluntatem
1294 2135 1464 2204 placet
1505 2135 1599 2190 fati
1637 2153 1734 2191 no-

174 2219 300 2274 mine
329 2235 676 2289 nuncupare;
712 2222 960 2290 profanas
1010 2224 1224 2294 quidem
1253 2227 1533 2282 verborum
1580 2230 1732 2282 novi-

172 2322 289 2365 tates
311 2312 570 2366 evitamus
597 2312 617 2384 (
647 2313 666 2367 l
696 2312 828 2368 Tim.
855 2331 941 2384 vt,
984 2315 1054 2371 ιο
1084 2315 1126 2388 ),
1153 2316 1249 2373 sed
1279 2315 1348 2375 de
1389 2318 1566 2375 verbis
1601 2335 1732 2376 con-

173 2401 369 2458 tendere
390 2419 493 2457 non
521 2418 784 2458 amamus.

239 2492 317 2547 l0.
345 2492 497 2547 Unde
522 2501 700 2548 autem
721 2495 822 2550 hoc
847 2497 922 2551 eis
950 2496 1119 2552 visum
1148 2498 1304 2554 fuerit
1342 2501 1493 2556 nobis
1522 2502 1723 2572 objice-

178 2597 247 2643 re,
267 2583 404 2650 quod
430 2582 596 2638 fatum
636 2599 938 2640 asseratuns
977 2588 1074 2642 sub
1105 2591 1317 2646 nomine
1355 2593 1539 2661 gratiae
1564 2635 1579 2659 ,
1609 2610 1728 2648 cmn

173 2673 423 2742 aliquanto
479 2676 736 2730 attentius
780 2678 1108 2747 cogitarem;
1143 2681 1284 2748 prius
1323 2697 1506 2736 eorum
1559 2686 1720 2740 verba

174 2779 276 2832 qua:
302 2775 695 2834 consequuntur
725 2769 949 2836 inspexi.
984 2767 1072 2824 Sic
1097 2769 1236 2823 enim
1264 2771 1364 2826 hoc
1392 2774 1542 2827 nobis
1586 2773 1728 2843 obji-

175 2855 400 2909 r’endum
447 2867 695 2926 putarunt
742 2874 757 2911 :
815 2876 835 2910 ‹
897 2858 1006 2913 Sub
1055 2862 1305 2928 nomine,
1365 2881 1385 2915 s
1434 2863 1722 2933 inquiunt,

183 2963 202 2996 ι
228 2947 398 3013 gratiae
414 2948 481 2999 ita
507 2948 659 3001 fatum
684 2959 952 3014 asserunt,
987 2959 1040 3003 ut
1061 2950 1257 3018 dicant,
1285 2953 1405 3022 quia
1451 2955 1547 3007 nisi
1592 2957 1729 3010 Deus

185 3035 342 3090 invito
359 3047 409 3090 et
432 3038 688 3092 reluctanti
735 3039 937 3093 homini
966 3040 1456 3110 inspiraveritboni,
1491 3051 1544 3099 et
1566 3046 1730 3114 ipsius

181 3127 482 3195 imperfecti,
533 3130 885 3199 cupiditatem,
942 3149 1041 3188 nec
1069 3149 1097 3186 a
1129 3135 1267 3189 malo
1313 3136 1598 3204 declinare,
1631 3155 1728 3194 nec

181 3219 354 3273 bonum
416 3223 579 3289 possit
632 3224 888 3293 arripere.
924 3243 944 3277 ι
981 3225 1178 3279 Deinde
1243 3228 1509 3298 aliquanto
1577 3239 1726 3299 post,

189 3309 253 3363 ubi
280 3311 370 3378 ipsi
397 3328 514 3380 qua:
552 3312 873 3379 defendant,
902 3329 1347 3384 commemorant,
1398 3320 1520 3385 quid
1547 3321 1614 3376 de
1635 3323 1730 3378 hac

185 3415 230 3452 re
266 3401 324 3452 ab
342 3401 417 3455 eis
445 3402 731 3469 diceretur,
760 3407 982 3462 attendi.
1015 3425 1034 3458 ι
1058 3405 1344 3476 Baptisma,
1387 3429 1405 3462 s
1464 3411 1726 3481 inquiunt,

183 3493 399 3549 omnibus
474 3497 840 3550 necessarium
894 3513 1012 3553 esse
1072 3501 1315 3555 mtatibus
1368 3504 1726 3559 confitemur:

182 3585 371 3652 gratiam
399 3601 612 3655 quoque
637 3588 884 3656 adjuvare
915 3591 1323 3661 uniuscujusque
1359 3593 1552 3648 bonum
1603 3611 1728 3664 pro-

184 3677 400 3743 msitttm,
431 3693 536 3731 non
581 3689 754 3734 tamen
801 3681 1075 3736 reluctanti
1105 3683 1334 3737 studium
1379 3684 1586 3739 virtutis
1627 3687 1730 3740 itu-

182 3771 380 3835 mittere,
395 3773 515 3842 quia
533 3788 878 3842 personarum
903 3778 1136 3844 acceptio
1157 3792 1257 3830 non
1271 3788 1352 3832 est
1371 3780 1506 3847 apud
1530 3779 1690 3834 Deum
1707 3801 1724 3833 ι

186 3861 393 3930 (Ccloss.
445 3880 524 3927 ιιι,
577 3864 714 3936 25).
767 3866 845 3920 Ex
891 3867 970 3920 his
1014 3884 1197 3922 eorum
1238 3870 1413 3924 verbis
1456 3872 1726 3938 intellexi,

184 3951 239 4004 ob
255 3951 344 4005 hoc
373 3954 488 4006 illos
528 3954 611 4008 vel
640 3963 825 4023 putare
847 3957 921 4009 vel
949 3958 1114 4025 putari
1143 3959 1296 4024 velle,
1323 3958 1483 4013 fatum
1515 3977 1612 4016 nos
1641 3977 1727 4015 as-

184 4056 334 4098 serere
351 4047 449 4099 sub
479 4048 696 4102 nomine
740 4049 942 4117 gratiae,
967 4049 1085 4118 quia
1115 4051 1337 4118 gratiam
1369 4050 1464 4105 Del
1504 4069 1608 4106 non
1640 4068 1726 4106 se-

185 4135 384 4189 cundum
417 4137 607 4191 merita
650 4149 829 4193 nostra
865 4140 1087 4194 dicimus
1133 4141 1267 4207 dari,
1299 4142 1392 4195 sed
1433 4143 1722 4198 secundum

185 4225 320 4294 ipsius
343 4229 892 4284 misericordissimam
949 4232 1400 4303 voluntatem.qui
1422 4234 1573 4302 dixit,
1613 4236 1719 4289 Mi-
1799 4284 1803 4286 _

185 4321 350 4372 melior
370 4323 453 4373 cui
472 4322 704 4375 misertus
747 4339 851 4387 ero,
879 4331 926 4376 et
955 4322 1344 4378 misericordium
1373 4329 1614 4394 prteslobo
1636 4329 1718 4381 cui

185 4412 433 4467 misericors
481 4417 646 4482 fuero.
706 4412 805 4469 Ubi
835 4425 1220 4484 consequenter
1273 4417 1578 4485 adjunctum
1610 4430 1723 4485 est,

186 4499 323 4570 Igitur
348 4520 447 4556 non
472 4505 683 4558 volentis
706 4545 721 4567 ,
768 4521 923 4573 neque
945 4507 1208 4571 currentis,
1238 4507 1327 4560 sed
1350 4509 1624 4563 miserantis
1650 4520 1722 4563 est

187 4591 261 4646 Dei
286 4594 303 4664 (
333 4593 481 4649 Rom.
511 4611 584 4660 ιιι,
610 4596 698 4656 15.
729 4595 796 4651 16
822 4595 865 4667 ).
906 4597 1087 4650 Posset
1110 4599 1266 4650 etiam
1307 4598 1427 4652 hinc
1471 4601 1730 4669 quispiam

185 4683 395 4741 similiter
407 4686 603 4740 stultus
622 4685 713 4739 fati
744 4695 1062 4741 assertorem
1082 4690 1388 4757 Apostolum
1434 4701 1622 4759 putare
1651 4694 1731 4747 vel

186 4769 355 4829 dicere.
385 4775 584 4829 Verum
613 4775 700 4830 hic
733 4791 792 4830 se
819 4775 906 4829 isti
952 4777 1080 4830 satis
1121 4780 1380 4846 aperiunt.
1411 4779 1541 4834 Cum
1589 4783 1730 4837 enim

187 4875 437 4934 propterea
487 4865 643 4919 nobis
686 4864 1073 4920 calumniantur
1101 4907 1115 4931 ,
1163 4868 1400 4923 dicentes
1430 4886 1526 4926 nos
1564 4869 1729 4926 fatum

187 4955 334 5021 gratia
361 4957 579 5010 nomine
605 4972 877 5021 asserere,
922 4959 1042 5026 quia
1075 4973 1176 5012 non
1205 4959 1494 5014 secundum
1543 4965 1729 5018 merita

189 5055 339 5100 nostra
374 5046 488 5100 dari
520 5047 745 5101 dicimus
775 5047 865 5101 Dei
891 5049 1110 5117 gratiam
1137 5065 1150 5110 ;
1183 5051 1362 5119 procul
1408 5049 1570 5105 dubio
1597 5067 1732 5106 con-

190 5137 376 5192 ﬁtentur
397 5139 538 5209 quod
569 5141 668 5209 ipsi
704 5130 821 5194 eam
848 5140 1137 5195 secundum
1163 5151 1340 5197 nostra
1377 5149 1565 5200 merita
1603 5147 1720 5202 dari

189 5224 344 5282 dicunt
375 5248 389 5284 :
421 5232 488 5283 ita
534 5232 748 5285 catcitas
776 5247 956 5285 eorum
1001 5233 1267 5288 occultare
1303 5250 1364 5288 ac
1397 5235 1732 5295 dissimulare

194 5327 278 5369 non
300 5322 477 5386 potuit,
502 5321 604 5375 hoc
644 5335 704 5374 se
744 5336 930 5390 sapere
957 5333 1114 5392 atque
1155 5325 1354 5379 sentire
1378 5365 1395 5392 ,
1428 5327 1569 5396 quod
1629 5329 1732 5384 sibi

197 5403 424 5471 obiectum
467 5408 710 5478 Pelagius
749 5409 801 5463 in
850 5411 1136 5481 episcopali
1203 5412 1401 5482 judicio
1447 5415 1732 5474 Palaestino

197 5493 387 5551 subdolo
409 5499 596 5553 timore
638 5498 924 5555 damnavit.
978 5501 1248 5571 Objectum
1300 5505 1493 5574 quippe
1537 5507 1610 5562 illi
1652 5517 1734 5564 est

199 5589 421 5642 encrhis
444 5589 653 5660 quidem
700 5590 940 5661 discipuli
983 5595 1064 5646 sui
1087 5594 1346 5658 leestit,
1389 5598 1529 5668 quod
1569 5601 1729 5656 etiam

200 5674 513 5745 ipsethceret,
545 5699 564 5732 ι
596 5683 820 5751 gratiam
847 5681 934 5738 Dei
983 5684 1272 5739 secundum
1325 5689 1508 5742 merita
1555 5701 1730 5746 nostra

3319 307 3422 366 578

1849 397 1983 451 dari.
2024 419 2041 451 ι
2076 400 2224 466 Quod
2247 401 2330 456 ille
2355 402 2643 469 detestans,
2676 409 2756 461 vel
2774 411 2920 478 quasi
2950 412 3222 472 detestans
3249 420 3289 484 τ,
3319 437 3417 478 ore

1848 487 2556 548 duntaxatanathematizare
2588 514 2688 550 non
2720 499 2955 556 distulit:
2986 504 3078 559 sed
3128 518 3261 561 SlClll.
3303 514 3419 578 ejus

1849 577 1964 631 libri
2001 583 2315 646 posteriores
2341 583 2588 646 indicant,
2621 597 2673 640 et
2709 590 2924 646 istorum
2954 606 3273 652 sectatorum
3295 577 3412 668 ejus

1848 669 2006 721 nudat
2034 671 2052 700 ³
2075 674 2315 736 assertio,
2367 674 2486 726 ﬁcto
2523 679 2679 731 corde
2713 686 2959 747 servavit,
2995 686 3165 742 donec
3205 701 3407 758 postea,

1847 759 1984 824 quod
2023 768 2148 813 tunc
2198 770 2339 815 metu
2388 773 2589 819 texerat
2632 773 2870 836 negantis
2895 778 3112 839 astutia,
3143 782 3299 834 etiam
3355 785 3409 835 in

1847 848 2050 903 litteras
2080 851 2339 919 proferret
2365 855 2602 908 audacia.
2627 858 2692 910 Et
2713 859 3004 918 adhncnon
3033 868 3402 936 reformidant,

1847 955 1944 992 nec
1970 941 2156 994 saltem
2181 944 2601 999 verecundantur
2625 948 2860 1018 epismpi
2905 953 3164 1024 Pelagiani
3201 961 3407 1016 litteras

1845 1041 1967 1080 suas
1986 1031 2258 1086 catholicis
2284 1034 2626 1091 orientalibus
2650 1039 2912 1108 episcopis
2938 1044 3147 1100 mittere
3176 1091 3189 1111 ,
3220 1052 3411 1118 quibus

1845 1132 1942 1171 nos
1987 1131 2280 1176 assertores
2319 1123 2404 1177 fati
2437 1141 2554 1180 esse
2579 1129 2946 1197 criminantur,
2975 1137 3097 1203 quia
3144 1155 3246 1193 non
3273 1142 3410 1196 dici-

1845 1225 1960 1262 mus
1989 1214 2208 1279 gratiam
2237 1215 2330 1269 Dei
2373 1219 2660 1273 secundum
2692 1224 2875 1277 merita
2901 1237 3078 1280 nostra
3107 1229 3241 1295 dari,
3269 1235 3407 1301 quod

1842 1296 2082 1369 Pelagius
2105 1304 2388 1374 episcopos
2416 1307 2699 1363 orientales
2729 1322 2996 1382 metuens,
3018 1327 3073 1370 et
3096 1318 3275 1374 dicere
3287 1296 3410 1376 inon

1841 1401 2022 1453 ausus,
2052 1398 2105 1443 et
2127 1392 2378 1448 damnare
2393 1398 2696 1464 compulsus
2723 1411 2823 1453 est.

1912 1478 2135 1534 CAPUT
2174 1482 2258 1536 Vl.
2288 1512 2361 1524 --
2389 1487 2474 1539 11.
2508 1485 2627 1540 Fati
2668 1491 2952 1547 criminatio
2995 1505 3309 1566 retorquelur
3356 1503 3410 1556 in

1839 1567 2170 1624 adversarios.
2199 1571 2342 1627 Itane
2366 1591 2513 1642 vero,
2546 1578 2632 1631 lilii
2671 1583 2951 1650 superbiae,
3001 1585 3195 1643 inimici
3227 1594 3409 1660 gratia:

1839 1658 1954 1724 Dei,
1985 1675 2017 1712 ο
2063 1663 2186 1715 ηονί
2245 1663 2475 1720 haeretici
2523 1668 2808 1738 Pelagiani,
2843 1677 3079 1746 quisquis
3105 1658 3253 1747 dicit,
3285 1700 3408 1753 gra-

1840 1749 1908 1803 tia
1963 1753 2051 1806 Dei
2081 1754 2255 1807 omnia
2310 1758 2538 1813 hominis
2573 1761 2708 1815 bona
2740 1767 2926 1821 merita
2976 1749 3409 1840 praevenirixnec

1836 1845 2057 1912 gratiam
2117 1846 2214 1901 Dei
2263 1851 2466 1904 meritis
2502 1851 2637 1918 dari,
2666 1869 2732 1909 ne
2784 1872 2887 1910 non
2917 1861 2985 1913 sit
3012 1863 3199 1930 gratia,
3231 1867 3274 1919 si
3301 1883 3406 1922 non

1836 1934 2000 2002 gratis
2030 1934 2202 2000 datur,
2242 1938 2336 1993 sed
2377 1939 2552 1994 debita
2583 1946 2909 1999 merentibus
2937 1951 3210 2020 redditur;
3243 1955 3405 2012 fatum

1837 2025 1985 2078 vobis
2014 2027 2224 2082 videtur
2260 2033 2539 2086 asserere?
2567 2033 2752 2090 Nonne
2779 2038 2939 2092 etiam
2986 2057 3080 2096 vos
3123 2043 3220 2115 ipsi
3271 2064 3405 2118 qna-

1841 2115 1971 2170 libet
2015 2116 2307 2174 intentione
2353 2127 2712 2179 necessarium
2787 2128 3107 2200 Baptisnmm
3161 2115 3406 2196 omnibus

1836 2207 2077 2260 attatibus
2105 2208 2325 2264 dicitis?
2351 2211 2534 2268 Nonne
2560 2214 2611 2268 in
2643 2215 2742 2272 hac
2773 2219 2882 2288 ipsa
2914 2223 3145 2291 Epistola
3195 2240 3392 2296 vestra,

1835 2295 1989 2350 istam
2019 2296 2086 2351 de
2115 2297 2382 2369 Baptismo
2407 2305 2744 2373 sententiam,
2768 2317 2822 2361 et
2849 2308 2915 2364 de
2942 2314 3109 2380 gratia
3131 2315 3278 2384 juxta
3303 2295 3402 2386 po-

1835 2385 2057 2439 suistis?
2085 2388 2198 2441 Cur‘
2214 2404 2316 2443 non
2344 2405 2440 2444 vos
2469 2391 2786 2462 Baptisntus,
2815 2399 3069 2466 qttidatur
3094 2385 3402 2472 infantibus,

1835 2475 1946 2544 ipsa
1987 2478 2254 2533 vicinitate
2280 2486 2624 2554 commonuit,
2651 2487 2774 2556 quid
2798 2493 2994 2546 sentire
3015 2494 3082 2547 de
3109 2497 3272 2563 gratia
3302 2499 3400 2554 dc-

1835 2564 2200 2623 bcatis?H:ec
2247 2571 2389 2624 enim
2440 2573 2596 2627 verba
2636 2585 2758 2630 sunt
2808 2591 2982 2634 vestra
3017 2599 3032 2634 :
3074 2601 3093 2634 ‹
3142 2585 3405 2654 Daptisnta

1833 2657 2077 2710 omnibus
2106 2659 2461 2713 necessarium
2483 2677 2601 2717 esse
2623 2665 2862 2719 natatibus
2888 2672 3203 2726 confitemur
3233 2693 3246 2728 :
3275 2692 3396 2744 gra-

1835 2747 1957 2800 tiam
1974 2764 2184 2818 quoque
2232 2749 2480 2819 adjuvare
2509 2755 2922 2827 uniuscujusque
2975 2761 3168 2816 bonum
3204 2759 3401 2834 propo-

1833 2838 2010 2900 situm,
2044 2853 2147 2892 non
2176 2849 2349 2894 tamen
2378 2843 2656 2898 reluctanti
2689 2848 2917 2902 studium
2960 2852 3166 2908 virtutis
3197 2855 3396 2912 immit-

1833 2937 1964 2993 tere,
1986 2930 2108 2998 quia
2134 2945 2477 3000 personarum
2495 2938 2730 3006 acceptio
2757 2954 2858 2991 non
2877 2950 2958 2993 est
2978 2943 3114 3010 apud
3150 2945 3332 3000 Deum.
3371 2966 3391 3000 s

1834 3017 1888 3071 lu
1917 3019 1997 3072 his
2021 3023 2270 3074 omnibus
2298 3022 2474 3076 verbis
2500 3027 2690 3079 vestris
2715 3027 2779 3081 de
2810 3028 2973 3097 gratia
3004 3033 3142 3099 quod
3171 3034 3399 3102 dixistis,

1834 3109 2040 3162 interim
2072 3120 2219 3164 taceo
2249 3128 2262 3164 :
2291 3111 2358 3165 de
2385 3112 2704 3182 Baptismatc
2727 3118 2930 3172 reddite
2961 3121 3219 3176 rationem
3253 3141 3266 3188 ;
3307 3141 3404 3180 cur

1833 3199 1962 3252 illud
2015 3200 2203 3254 dicatis
2259 3203 2507 3257 omnibus
2549 3219 2668 3260 esse
2712 3209 2956 3264 :etatibus
3008 3215 3390 3283 necessarimn,

1833 3307 1995 3360 quare
2020 3293 2089 3346 sit
2118 3293 2476 3347 necessarium
2511 3297 2741 3364 parvulis
2783 3299 2975 3354 dicite:
3018 3302 3254 3370 profecto
3281 3307 3404 3374 quia

1833 3385 1911 3438 eis
1940 3383 2062 3437 boni
2092 3385 2287 3454 aliquid
2313 3388 2536 3453 confert,
2561 3399 2614 3443 et
2641 3390 2778 3444 idem
2801 3391 2995 3462 aliquid
3028 3410 3125 3448 nec
3152 3411 3396 3464 parvum,

1833 3488 1932 3526 nec
1979 3473 2266 3538 mediocre,
2299 3476 2391 3530 sed
2443 3493 2687 3547 magnum
2715 3489 2815 3535 est.
2862 3482 2992 3537 Nam
3019 3485 3115 3538 etsi
3146 3485 3166 3516 '
3190 3502 3283 3541 eos
3307 3503 3405 3541 ne-

1831 3564 1967 3632 gatis
1995 3563 2266 3619 attrahere
2288 3567 2426 3635 quod
2457 3568 2507 3621 in
2541 3569 2808 3638 Baptismo
2824 3574 3122 3628 remittatur
3146 3577 3404 3646 originale

1833 3666 2104 3724 peccatum
2140 3674 2153 3708 :
2183 3665 2356 3712 tamen
2385 3659 2475 3713 illo
2502 3663 2919 3731 regenerationis
2943 3665 3152 3720 lavacro
3179 3667 3404 3736 adopta-

1833 3749 1875 3800 ri
1899 3763 1961 3802 ex
1997 3747 2118 3802 filiis
2145 3748 2416 3803 hominum
2464 3751 2513 3803 in
2565 3753 2654 3806 Dei
2688 3753 2821 3807 filios
2874 3771 2977 3808 non
3030 3759 3259 3824 negatis;
3288 3761 3394 3813 imo

1833 3841 1989 3893 etiam
2022 3839 2341 3908 praedicatis.
2395 3843 2560 3896 Dicite
2601 3857 2726 3916 ergo
2757 3845 2928 3909 nobis,
2961 3847 3280 3917 quicumque
3310 3849 3406 3903 ba-

1831 3929 2012 4000 ptizati
2056 3931 2105 3983 in
2135 3929 2344 3985 Christo
2397 3933 2595 4001 parvuli
2623 3934 2690 3988 de
2727 3949 2947 4003 corpore
2999 3937 3262 4006 exierunt,
3294 3939 3393 3994 hoc

1835 4029 1938 4071 tam
1961 4019 2188 4073 sublime
2235 4019 2434 4073 donum
2492 4021 2681 4090 quibus
2735 4027 3152 4091 prtecedentibus
3197 4031 3401 4086 meritis

1832 4110 2192 4178 acceperunt?
2223 4110 2276 4163 Si
2326 4111 2563 4164 dixeritis
2587 4153 2600 4176 ,
2632 4112 2732 4166 hoc
2759 4129 2853 4168 eos
2904 4125 3178 4184 parentant
3212 4121 3404 4186 pietate

1834 4201 2091 4253 meruisse
2123 4217 2136 4254 :
2175 4201 2579 4269 respondebitur
2604 4202 2754 4257 vobis
2777 4244 2791 4268 ,
2848 4203 2954 4258 Cttr
2979 4206 3260 4275 aliquando
3281 4211 3399 4278 pio-

1833 4307 1948 4346 rum
1977 4291 2096 4346 ﬁliis
2118 4303 2336 4361 negatur
2357 4293 2456 4347 hoc
2487 4295 2701 4360 bonum,
2743 4306 2796 4350 et
2837 4297 2956 4350 ﬁliis
3000 4300 3248 4354 tribuitur
3291 4302 3396 4354 im-

1833 4384 2476 4456 piorum?Nonnunqnam
2505 4389 2644 4441 enim
2672 4388 2736 4443 de
2771 4390 3034 4459 religiosis
3059 4406 3173 4447 orta
3217 4398 3398 4465 proles

1835 4478 1886 4531 in
1921 4487 2099 4531 tenera
2138 4487 2292 4532 artate
2330 4494 2466 4547 aque
2481 4479 2549 4532 ab
2589 4489 2739 4532 utero
2769 4484 3179 4537 recentissima‘
3206 4503 3408 4555 prawe-

1836 4570 2180 4632 niturtnorte,
2208 4577 2488 4638 antequam
2521 4571 2730 4624 lavacro
2767 4576 3181 4638 regenerationis
3221 4577 3406 4629 ablua-

1837 4667 1958 4722 tur;
1990 4667 2042 4710 et
2065 4659 2236 4713 infans
2278 4669 2431 4712 natus
2458 4673 2523 4713 ex
2558 4660 2782 4714 inimicis
2817 4659 3010 4714 Christi
3045 4664 3405 4720 misericordia

1837 4747 2250 4801 Christianorum
2299 4748 2598 4816 baptizatur
2622 4749 2672 4802 in
2704 4749 2918 4804 Christo
2952 4769 2963 4805 :
2998 4753 3194 4821 plangit
3231 4755 3404 4825 bapti-

1837 4845 1952 4890 zata
1977 4845 2146 4890 mater
2171 4851 2276 4890 non
2299 4839 2618 4905 baptizatum
2665 4840 2936 4909 proprium
2965 4850 3056 4905 ;ct
3079 4843 3146 4897 ab
3178 4845 3409 4913 impudi~

1837 4943 1896 4981 ca
1925 4930 2246 4996 expositum,
2282 4930 2651 4998 baptizandum
2676 4943 2820 4985 casta
2851 4933 3010 4987 fetum
3041 4935 3238 5006 colligit
3273 4940 3406 4994 alie-

1839 5035 1985 5072 num.
2022 5018 2116 5072 llic
2143 5030 2285 5073 certe
2311 5022 2497 5075 merita
2534 5033 2813 5091 parentum
2858 5035 3065 5089 vacant,
3099 5039 3403 5083 vacantvo-

1838 5111 1920 5166 bis
1970 5111 2254 5166 fatentibus
2302 5112 2534 5183 ipsorum
2582 5115 2740 5168 etiam
2791 5117 3154 5184 parvulorum.
3201 5121 3409 5178 Scimus

1837 5201 1976 5254 enim
2001 5215 2096 5255 vos
2127 5217 2231 5254 non
2267 5200 2368 5256 hoc
2410 5201 2477 5257 de
2499 5204 2678 5257 anima
2710 5204 2938 5261 humana
2979 5209 3220 5276 credere,
3265 5213 3405 5281 quod

1901 5397 1919 5429 ί
1954 5396 2162 5463 Vaticani
2182 5401 2311 5457 uss"
2334 5397 2461 5462 quod
2483 5396 2566 5449 ille
2589 5397 2728 5463 quasi
2748 5399 3018 5459 detestans;
3043 5415 3236 5462 omum,
3273 5399 3408 5452 dele-

1833 5462 1964 5508 stans
1984 5457 2070 5508 vel.
2347 5457 2357 5462 ⁷
2601 5457 2612 5463 ⁷

1900 5521 1920 5550 ³
1952 5519 2086 5577 mliti,
2109 5517 2308 5569 nudata.
2334 5520 2649 5572 Emendantur
2672 5534 2736 5570 ex
2759 5529 2863 5572 Mss.

1900 5577 2156 5652 ῗξλέἓιὲνδί·
2204 5581 2493 5652 Mes-amis
2535 5642 2562 5652 ..
2650 5649 2683 5652 ,Α
2949 5640 2978 5652 ,.
3034 5641 3044 5652 .

1839 5701 1870 5750 d
1899 5641 1920 5670 δ
1940 5642 2072 5749 ιόώιι,
2094 5641 2434 5750 {attentissima
2465 5642 2627 5693 Melius
2648 5649 2775 5703 Mss,
2801 5641 3158 5706 recentissima;
3181 5643 3381 5695 referes:

1871 5716 1902 5750 ο
1925 5716 1950 5751 a
2004 5715 2092 5765 pro
2111 5717 2201 5752 cm.
