3984 6526
548 292 654 349 579

549 416 675 461 ante
698 416 889 473 corpus
906 407 1173 456 terrenum
1192 395 1208 427 ¹
1233 393 1427 448 alicubi
1454 390 1665 452 vixerit,
1693 398 1746 443 et
1770 385 1967 457 aliquid
1986 398 2114 454 ope-

553 505 668 551 rata
697 493 766 549 sit
796 491 879 545 vel
923 486 1049 541 boni
1072 484 1154 539 vel
1180 483 1324 547 mali,
1345 480 1486 535 unde
1513 479 1669 534 istam
1696 478 1747 532 in
1778 491 1939 532 carne
1962 474 2121 530 diffe-

554 587 709 649 citur,
738 582 827 635 ubi
847 578 1066 632 rentiam
1109 581 1421 627 mereretur.
1447 569 1573 637 Qua:
1602 569 1759 637 igitur
1802 581 1960 621 causa
2000 565 2123 620 huic

560 671 779 744 parvulo
796 668 1113 736 Baptismum
1129 660 1442 731 procuravit,
1464 659 1535 711 illi
1558 656 1802 726 negavit?
1824 656 1903 708 An
1923 654 2020 722 ipsi
2057 653 2125 706 fa-

557 777 670 819 tum
718 761 928 821 habent,
960 758 1080 826 quia
1119 753 1360 809 meritum
1389 766 1494 805 non
1525 749 1759 803 habent?
1788 755 1878 800 aut
1897 745 1952 799 in
1981 744 2061 797 his
2076 753 2126 797 st

562 852 801 921 acceptio
827 865 857 902 a
900 845 1121 901 Domino
1149 838 1533 913 personarum?
1563 836 1693 891 Nam
1722 845 2003 921 utrumque
2041 832 2125 885 tli-

566 944 739 1007 xistis,
758 941 903 1011 prius
932 938 1117 998 fatum,
1135 933 1490 1002 acceptionem
1520 937 1702 998 postea
1732 937 2078 996 personarum
2106 940 2122 975 :

560 1046 620 1092 ut
657 1033 903 1103 quoniam
955 1038 1237 1096 utrumque
1285 1021 1620 1077 refutandnm
1676 1027 1787 1081 est,
1849 1021 2121 1069 remaneat

558 1124 698 1196 quod
723 1122 881 1176 vultis
907 1119 1160 1174 adversus
1199 1113 1422 1184 gratiam
1460 1108 1797 1164 introducere
1840 1106 2122 1196 meritum.

557 1194 897 1286 Despondete
944 1209 1103 1279 igitur
1125 1206 1195 1261 de
1238 1203 1439 1259 meritis
1473 1200 1811 1271 parvulorum
1838 1238 1854 1263 ,
1897 1211 1992 1250 cur
2038 1194 2125 1248 alii

560 1304 831 1375 baptizati,
885 1301 973 1356 alii
1018 1315 1125 1354 non
1156 1295 1402 1364 baptizati
1435 1292 1504 1346 de
1552 1289 1867 1359 corporibus
1911 1293 2125 1350 exeant,

564 1409 664 1451 nec
712 1401 990 1463 parentum
1035 1386 1242 1442 meritis
1292 1383 1376 1437 vel
1410 1381 1643 1451 polleant
1668 1379 1751 1433 vel
1779 1385 2126 1467 careant-tam

561 1482 842 1540 excellenti
873 1480 1033 1543 bono,
1059 1486 1116 1531 ut
1144 1474 1273 1529 ﬁant
1295 1472 1389 1526 ﬁlii
1430 1470 1520 1524 Dei
1566 1485 1632 1523 ex
1681 1464 1951 1521 hominum
1983 1464 2125 1528 ﬁliis,

563 1572 721 1627 nullis
747 1577 1043 1639 parentum,
1070 1564 1227 1619 nullis
1244 1561 1448 1616 meritis
1472 1560 1601 1613 suis.
1626 1556 1828 1625 Nempe
1859 1553 2128 1617 reticetis;

560 1671 617 1717 et
636 1675 731 1715 vos
757 1661 899 1730 ipsos
921 1660 942 1690 ³
972 1656 1144 1727 potius
1171 1656 1222 1708 in
1250 1668 1316 1708 eo
1338 1651 1478 1721 quod
1506 1649 1659 1704 nobis
1682 1646 1935 1717 objicitis,
1984 1645 2132 1699 inve-

563 1751 709 1806 nitis.
728 1749 858 1804 Nam
884 1748 928 1802 si
950 1746 1038 1801 ubi
1068 1758 1172 1798 non
1196 1750 1279 1798 est
1300 1741 1568 1804 meritum,
1592 1744 1981 1806 consequenter
2006 1747 2126 1789 esse

562 1842 738 1897 dicitis
765 1840 950 1902 fatum,
976 1846 1032 1891 et
1058 1835 1128 1890 ob
1154 1835 1255 1888 hoc
1278 1833 1327 1887 in
1353 1831 1519 1901 gratia
1538 1829 1632 1884 Dei
1663 1828 1912 1883 meritum
1951 1824 2128 1880 homi-

562 1934 646 1988 nis
665 1930 824 1985 vultis
850 1925 1087 1996 intelligi,
1111 1939 1180 1979 ne
1222 1922 1387 1977 fatutn
1411 1920 1673 1990 cogamiui
1697 1917 1941 1974 confiteri
1966 1933 1981 1982 ;
2006 1930 2131 1970 ecce

564 2035 657 2075 vos
686 2019 857 2089 potius
884 2015 1119 2071 asseritis
1144 2012 1305 2068 fatum
1330 2012 1380 2064 in
1408 2010 1727 2080 Baptismate
1764 2007 2126 2077 parvulorum,

565 2124 787 2180 quorum
838 2107 1038 2162 nullum
1079 2119 1197 2160 esse
1227 2102 1460 2158 fatemini
1490 2102 1757 2155 meritum.
1794 2100 1850 2154 Si
1874 2107 2048 2153 autem
2076 2099 2129 2153 in

564 2198 891 2268 baptizandis
925 2195 1175 2265 parvulis,
1198 2203 1251 2247 et
1276 2192 1473 2246 nullum
1487 2190 1731 2246 meritum
1756 2190 1971 2243 omnino
1989 2203 2128 2256 prte-

563 2289 775 2351 cedere,
799 2295 851 2340 et
869 2297 1044 2339 tamen
1070 2282 1233 2337 fatum
1264 2295 1367 2335 non
1397 2295 1518 2335 esse
1546 2277 1838 2337 conceditis
1866 2294 1881 2343 ;
1912 2293 2007 2332 cur
2032 2291 2132 2331 nos

563 2378 775 2450 quando
805 2377 1026 2431 dicimus
1039 2375 1257 2443 gratiam
1274 2373 1366 2427 Dei
1397 2380 1674 2441 propterea
1702 2370 1866 2439 gratis
1889 2369 2024 2433 dari,
2063 2382 2131 2423 ne

564 2470 732 2540 gratia
763 2482 866 2521 non
894 2467 982 2529 sit,
1011 2473 1067 2520 et
1101 2480 1203 2518 non
1233 2472 1482 2533 tanquam
1510 2462 1741 2516 debitam
1769 2461 1969 2515 meritis
1986 2475 2125 2528 prte-

568 2560 883 2616 cedentibus
923 2556 1093 2618 reddi,
1120 2555 1211 2610 fati
1246 2562 1542 2609 assertores
1596 2567 1717 2607 esse
1741 2551 1949 2621 jactatis
1974 2552 1997 2605 Ἰ
2022 2566 2129 2605 non

566 2651 941 2721 intelligentes,
971 2649 1025 2703 in
1052 2648 1073 2680 ⁸
1093 2646 1443 2717 justiﬁcandis
1469 2645 1661 2716 impiis,
1689 2646 1826 2700 sicut
1856 2652 2132 2713 propterea

567 2744 756 2799 merita
788 2756 893 2796 non
941 2747 1084 2804 sunt,
1114 2739 1234 2808 quia
1264 2737 1356 2790 Dei
1375 2738 1541 2806 gratia
1580 2744 1695 2800 est;
1721 2737 1791 2790 ita
1848 2744 2130 2805 propterea

567 2848 676 2888 non
698 2847 818 2887 esse
844 2830 1041 2894 fatum,
1068 2828 1190 2899 quia
1243 2826 1338 2881 Dei
1386 2826 1552 2896 gratia
1593 2826 1809 2885 estzita
1853 2833 2133 2897 propterea

566 2938 674 2979 non
725 2936 844 2978 esse
871 2919 1229 2989 acceptionem
1273 2932 1617 2988 personarum
1642 2956 1659 2983 ,
1691 2918 1812 2987 quia
1848 2917 1940 2971 Dei
1963 2916 2133 2987 gratia

565 3022 667 3070 est.

638 3103 725 3160 12.
766 3101 956 3158 Fatum
984 3101 1177 3171 quippe
1206 3099 1295 3170 qui
1320 3098 1617 3163 afﬁrmant,
1639 3097 1706 3153 de
1729 3097 1960 3153 siderum
1988 3097 2135 3169 posi-

570 3195 716 3250 tione
739 3193 805 3249 ad
831 3204 1039 3262 tempus
1065 3207 1171 3261 quo
1199 3190 1493 3259 concipitur
1519 3190 1741 3259 quisque
1767 3189 1853 3244 vel
1880 3191 2132 3255 nascitur,

569 3300 703 3357 quas
744 3283 1172 3340 constellationes
1223 3290 1445 3347 vocant,
1501 3296 1605 3334 non
1662 3280 1834 3336 solum
1888 3289 2039 3337 actus
2082 3290 2138 3336 et

569 3384 779 3441 eventa,
801 3389 981 3429 verum
1006 3364 1163 3428 etiam
1194 3372 1333 3442 ipsas
1362 3382 1571 3426 nostras
1593 3372 1886 3427 voluntates
1909 3372 2137 3441 pendere

571 3464 896 3522 contendunt
923 3480 937 3517 :
967 3464 1059 3518 Dei
1077 3478 1205 3517 vero
1227 3463 1393 3533 gratia
1420 3478 1524 3515 non
1558 3463 1733 3516 solum
1755 3462 1932 3516 omnia
1961 3461 2137 3518 sidera

570 3564 628 3612 et
654 3570 840 3611 omnes
864 3554 1046 3618 caelos,
1081 3568 1261 3609 verum
1290 3553 1449 3607 etiam
1474 3567 1662 3607 omnes
1694 3551 1927 3621 Angelos
1953 3566 2140 3621 super-

571 3646 825 3716 greditur.
853 3642 1053 3699 Deinde
1072 3641 1162 3696 fati
1189 3650 1483 3696 assertores
1500 3650 1555 3695 et
1574 3641 1709 3696 bona
1730 3649 1783 3694 et
1803 3642 1939 3695 mala
1967 3642 2141 3697 homi-

575 3750 702 3791 num
733 3734 839 3788 lato
858 3733 1095 3787 tribuunt
1132 3747 1146 3785 :
1188 3732 1326 3786 Deus
1364 3738 1538 3785 autem
1583 3731 1635 3783 in
1670 3730 1823 3785 malis
1866 3729 2138 3786 hominum

574 3824 761 3880 merita
799 3821 1193 3879 eorumdebita
1224 3820 1570 3876 retributione
1615 3821 1968 3889 persequitur,
2000 3821 2138 3876 bona

574 3929 705 3971 vero
739 3929 835 3983 per
879 3912 1163 3967 indebitam
1205 3911 1427 3980 gratiam
1487 3910 1816 3965 misericordi
1870 3911 2140 3967 voluntate

575 4003 829 4076 largitur;
861 4011 1142 4071 utrumque
1186 4001 1384 4055 faciens
1414 4014 1518 4053 non
1564 4015 1656 4068 per
1691 4001 1961 4055 stellarum
2004 4010 2138 4056 tem-

572 4096 753 4167 porale
770 4090 1117 4158 consortium,
1135 4092 1228 4148 sed
1256 4108 1351 4160 per
1366 4107 1475 4145 sua».
1491 4092 1788 4146 severitatis
1810 4102 1865 4146 et
1890 4093 2141 4150 bonitatis

574 4198 828 4243 aeternum
845 4187 1111 4253 altumque
1136 4183 1435 4237 consilium.
1451 4181 1707 4237 Neutrum
1728 4197 1855 4251 ergo
1872 4184 2142 4253 pertinere

574 4277 813 4332 videmus
836 4275 900 4328 ad
926 4272 1110 4328 fatum.
1142 4272 1240 4327 Hic
1279 4273 1324 4326 si
1344 4269 1367 4303 ⁸
1391 4272 1754 4341 respontletis,
1796 4271 1934 4327 hanc
1970 4273 2169 4341 ipsam“

577 4366 675 4421 Dei
703 4362 1142 4428 benevolentiam,
1157 4377 1258 4431 qua
1280 4376 1385 4415 non
1414 4361 1600 4415 merita
1622 4362 1878 4428 sequitur,
1898 4361 1991 4415 sed
2005 4362 2140 4415 bona

578 4455 811 4520 indebita
839 4454 1067 4524 gratuita
1092 4451 1327 4506 bonitate
1355 4450 1606 4521 largitur,
1633 4450 1794 4505 fatum
1822 4451 1999 4520 potius
2023 4464 2141 4505 esse

575 4547 858 4606 dicendum
882 4563 896 4599 :
919 4561 1039 4602 cum
1070 4543 1205 4599 hanc
1222 4544 1503 4614 Apostolus
1513 4543 1732 4612 gratiam
1748 4550 1918 4608 vocet,
1937 4542 2139 4606 dicens,

579 4638 757 4693 Gratia
787 4637 913 4691 salvi
940 4636 1062 4707 facti
1095 4636 1212 4690 estis
1238 4646 1326 4704 per
1350 4633 1520 4702 ﬁdem,
1550 4643 1594 4687 et
1623 4634 1717 4686 hoc
1753 4649 1853 4686 non
1892 4649 1954 4686 ea:
1982 4633 2138 4697 vobis,

579 4727 667 4781 sed
695 4726 786 4779 Dei
807 4726 996 4781 donum
1019 4734 1125 4790 est;
1153 4740 1254 4778 non
1276 4740 1338 4778 ea:
1355 4723 1603 4794 operibus,
1627 4739 1688 4776 ne
1711 4725 1841 4793 forte
1863 4724 1974 4792 quis
1993 4723 2145 4776 cxtol-

580 4818 712 4870 latur
733 4814 945 4887 (Eplies.
973 4830 1033 4878 tt,
1064 4814 1117 4878 8,
1148 4812 1240 4883 9);
1269 4827 1446 4867 nonne
1472 4812 1764 4875 attenditis,
1795 4826 1972 4868 nonne
2021 4828 2143 4882 per-

586 4906 811 4978 spicitis,
835 4920 941 4959 non
971 4918 1003 4958 a
1034 4903 1186 4958 nobis
1212 4903 1402 4958 divinae
1430 4904 1612 4972 gratiae
1645 4904 1859 4979 nomine
1882 4902 2042 4957 fatum
2059 4918 2145 4957 as-

580 4996 708 5060 seri,
730 4994 822 5051 sed
844 5008 874 5048 a
903 4994 1053 5049 vobis
1081 4993 1257 5063 potius
1279 4990 1512 5047 divinam
1545 4991 1766 5063 gratiam
1797 4992 1889 5046 fati
1929 4992 2145 5047 nomine

578 5085 868 5155 nuncupari
884 5083 908 5137 ἳ

648 5173 873 5233 CAPUT
892 5172 1002 5229 VII.
1014 5172 1187 5229 -15-
1208 5171 1413 5249 Refellit
1426 5171 1729 5226 calumniam
1740 5170 1803 5224 de
1821 5188 2145 5241 personarum

642 5290 662 5322 ι
689 5287 896 5338 vaticani
928 5291 1036 5335 Uss.
1051 5318 1069 5346 ,
1099 5286 1227 5349 quod
1259 5289 1368 5334 ante
1397 5294 1573 5346 corpus
1602 5280 1863 5333 humanum
1892 5280 1966 5334 vel
1996 5289 2147 5335 terre-

577 5362 906 5478 Ὓιάεωαιιιὶ
949 5413 1080 5478 uss,
1119 5404 1265 5478 nullis
1301 5403 1509 5469 propriis
1539 5402 1726 5455 meritis
1755 5415 1775 5455 :
1802 5411 1848 5456 et
1877 5416 1958 5457 vos
1986 5404 2145 5470 ipsos;

580 5475 774 5530 omissa,
799 5482 968 5528 nempe
990 5475 1215 5521 reticens.

583 5603 594 5606 _
645 5537 666 5566 ³
688 5533 825 5606 miti.
833 5528 1262 5606 Anoninteltigemes
1268 5524 1620 5591 justi/ianuis;
1641 5528 1830 5587 omisso,
1840 5527 1911 5589 in,
1937 5527 2063 5593 quod
2081 5541 2145 5579 ex

582 5603 687 5644 mss.
711 5601 995 5643 restituitur.

647 5657 670 5685 δ
690 5655 982 5714 nauiculam,
1008 5649 1068 5713 si,
1086 5651 1383 5703 restituimus
1406 5660 1466 5698 ex
1492 5655 1594 5698 uss.

1207 278 1480 336 CONTRA
1522 276 1703 332 DUAS
1741 270 2112 329 EPISTOLAS
2152 269 2706 338 PELAGIANORUM,
2744 272 2801 328 S.
2840 270 3204 330 AUGUSTINI

2223 384 2522 453 acceptione.
2539 384 2791 454 Itemque,
2809 386 3045 455 acceptio
3064 386 3081 418 ¹
3098 398 3439 454 personarum
3454 382 3527 439 ibi
3546 392 3699 440 recte
3727 385 3811 439 di.

2224 474 2382 539 citur,
2402 473 2487 526 ubi
2506 473 2591 527 ille
2609 474 2698 543 qui
2715 473 2913 542 judicat
2931 474 3236 543 relinquens
3257 487 3433 529 causa:
3457 475 3709 528 meritum
3731 473 3811 528 de

2226 577 2328 630 qua
2347 563 2567 631 judicat,
2592 563 2745 618 alteri
2768 572 2951 618 contra
2971 565 3193 618 alterum
3213 563 3544 634 suffragatur,
3566 565 3695 634 quia
3716 564 3811 618 in-

2226 655 2367 708 venit
2394 653 2587 724 aliquid
2619 655 2670 708 in
2707 669 2930 722 persona
2955 654 3095 725 quod
3123 655 3325 709 honore
3346 655 3431 710 vel
3455 655 3815 710 miseratione

2227 745 2296 797 sit
2318 743 2550 811 dignum.
2576 742 2631 798 Si
2652 754 2826 798 autem
2853 744 3110 814 quispiam
3136 743 3269 799 duos
3286 742 3474 799 habeat
3501 744 3812 808 debitores,

2227 842 2281 886 ct
2297 834 2446 887 alteri
2467 833 2589 888 velit
2613 833 2879 888 dimittere
2906 833 3160 898 debitum,
3180 833 3405 889 alterum
3435 835 3679 904 exigere;
3713 835 3811 889 cui

2228 925 2340 978 vult
2364 924 2546 987 donat,
2574 925 2666 979 sed
2698 925 2959 979 neminem
3002 924 3246 979 fraudat:
3272 939 3371 979 nec
3410 925 3645 995 acceptio
3675 940 3809 993 per-

2230 1031 2477 1071 sonarnm
2526 1016 2747 1070 dicenda
2789 1025 2890 1082 est,
2945 1016 3156 1086 quando
3210 1015 3459 1085 iniquitas
3507 1016 3645 1070 nulla
3693 1026 3811 1070 est.

2230 1107 2475 1177 Alioquin
2515 1109 2593 1161 eis
2631 1107 2719 1175 qui
2768 1121 2951 1176 parum
3003 1106 3316 1177 intelligunt,
3348 1115 3522 1176 potest
3560 1107 3813 1175 acceptio

2232 1212 2574 1267 personarum
2605 1197 2792 1262 videri,
2818 1195 2908 1250 ubi
2939 1197 3106 1251 vineae
3129 1196 3377 1251 dominus
3403 1197 3682 1265 operariis,
3711 1196 3815 1265 qui

2233 1302 2334 1341 una
2365 1287 2496 1340 hora
2525 1286 2633 1340 illic
2659 1300 2793 1355 opus
2821 1285 3076 1349 fecerunt,
3104 1295 3308 1341 tantum
3337 1285 3515 1351 dedit,
3545 1296 3816 1357 quantum

2234 1376 2342 1430 illis
2365 1379 2454 1447 qui
2497 1378 2830 1447 pertulerunt
2857 1377 3063 1447 pondus
3097 1378 3206 1434 diei
3247 1386 3303 1435 et
3341 1387 3523 1443 tostus,
3568 1379 3817 1450 aequales

2233 1464 2432 1520 faciens
2474 1466 2527 1521 in
2581 1467 2846 1530 mercede,
2878 1483 3103 1537 quorum
3158 1478 3265 1523 tam
3316 1484 3506 1540 magna
3552 1469 3816 1525 distantia

2233 1555 2403 1611 fuerat
2446 1557 2497 1611 in
2536 1558 2734 1613 labore.
2763 1558 2867 1614 Sed
2904 1559 3031 1629 quid
3072 1559 3346 1628 respondit
3390 1560 3458 1615 de
3498 1559 3598 1616 hac
3636 1560 3817 1616 veluti

2234 1650 2541 1718 acceptione
2567 1665 2909 1719 personarum
2933 1650 3190 1706 adversus
3208 1651 3642 1721 patremfamilias
3659 1668 3821 1707 mur-

2234 1741 2595 1794 murantibus?
2623 1742 2813 1805 Amice,
2857 1741 3044 1811 inquit,
3093 1759 3195 1813 non
3241 1745 3378 1814 facio
3415 1744 3502 1798 tibi
3538 1745 3815 1815 injuriam.

2235 1827 2422 1882 Nonne
2465 1846 2529 1883 ea:
2565 1830 2771 1884 denario
2798 1832 3065 1887 convenisti
3102 1835 3332 1888 mecum?
3362 1833 3482 1889 Tole
3499 1835 3634 1905 quod
3658 1844 3817 1888 tuum

2233 1928 2326 1981 est,
2349 1930 2395 1973 et
2421 1920 2564 1973 vade.
2604 1919 2729 1973 Volo
2753 1930 2918 1976 autem
2949 1932 2995 1975 et
3032 1922 3147 1976 huic
3170 1924 3436 1978 novissimo
3462 1925 3586 1979 dare
3603 1925 3737 1979 sicut
3762 1934 3819 1979 et

2235 2010 2343 2065 tibi.
2373 2009 2551 2064 Annon
2578 2010 2690 2063 licet
2716 2011 2838 2064 mihi
2862 2012 2995 2081 quod
3024 2013 3134 2066 volo
3164 2013 3369 2082 facere?
3394 2012 3472 2067 An
3494 2015 3666 2069 oculus
3689 2026 3815 2069 tuus

2235 2114 2448 2168 nequam
2468 2111 2564 2167 est,
2594 2102 2710 2170 quia
2745 2117 2839 2172 ego
2862 2101 3019 2170 bonus
3051 2101 3204 2175 sum(
3230 2102 3418 2158 Matth.
3449 2120 3543 2169 xx,
3575 2104 3718 2161 9-15
3744 2105 3766 2175 )
3788 2106 3815 2161 τ

2234 2188 2435 2259 Nempe
2473 2190 2558 2244 hic
2592 2201 2699 2246 tcta
2737 2191 2939 2261 justitia
2968 2201 3052 2248 est
3083 2211 3096 2248 :
3126 2194 3239 2250 Hoc
3264 2194 3404 2249 volo.
3437 2195 3583 2259 Tibi,
3614 2195 3813 2265 inquit,

2234 2279 2463 2345 reddidi,
2498 2279 2617 2334 huic
2660 2280 2851 2335 donavi
2878 2299 2893 2348 ;
2918 2297 3091 2350 neque
3132 2291 3191 2337 ut
3233 2283 3356 2338 huic
3397 2283 3673 2348 donarem,
3718 2283 3815 2339 tibi

2234 2364 2431 2437 aliquid
2462 2368 2673 2435 abstuli,
2701 2379 2792 2424 aut
2818 2370 2959 2439 quod
2987 2371 3245 2427 debebam
3273 2374 3354 2427 vel
3395 2373 3559 2427 minui
3597 2373 3684 2429 vel
3714 2389 3813 2429 ne-

2235 2459 2373 2528 gavi.
2404 2459 2585 2513 Annon
2612 2459 2723 2513 licet
2745 2461 2869 2513 mihi
2890 2465 3058 2533 facere
3075 2462 3211 2532 quod
3229 2462 3341 2517 volo
3356 2462 3383 2516 ἵ
3405 2480 3471 2516 an
3490 2463 3667 2517 oculus
3693 2473 3815 2517 tuus

2234 2565 2446 2620 nequam
2477 2558 2577 2615 est,
2604 2551 2723 2619 quia
2742 2566 2832 2620 ego
2854 2550 3013 2605 bonus
3033 2568 3146 2606 sum
3170 2552 3195 2606 Ρ
3224 2551 3370 2608 Sicut
3387 2568 3521 2623 ergo
3545 2553 3635 2607 hic
3666 2554 3814 2626 nulla

2237 2651 2318 2696 est
2339 2642 2576 2712 acceptio
2596 2657 2975 2714 personarum;
2998 2644 3120 2714 quia
3147 2643 3225 2700 sic
3251 2644 3385 2699 alius
3402 2645 3566 2715 gratis
3592 2647 3613 2677 ⁸
3641 2645 3815 2700 hono-

2235 2739 2402 2797 ratur,
2433 2740 2493 2786 ut
2534 2733 2666 2785 alius
2689 2731 2870 2788 debito
2903 2749 3009 2788 non
3050 2733 3322 2790 fraudetur
3353 2752 3366 2790 :
3393 2736 3471 2792 sic
3497 2736 3661 2792 etiam
3688 2750 3813 2791 eam

2235 2822 2524 2876 secundum
2558 2824 2884 2892 propositum
2916 2825 3010 2880 Dei
3051 2834 3275 2881 vocatur
3294 2827 3431 2885 alius
3460 2829 3480 2900 (
3509 2827 3666 2882 Rom.
3695 2844 3811 2895 vta,
3832 2885 3847 2893 ,

2234 2908 2305 2965 28
2328 2909 2382 2983 ),
2409 2912 2544 2966 alius
2589 2927 2697 2966 non
2739 2924 2976 2978 vocatur,
3005 2924 3196 2970 vocato
3218 2916 3374 2971 datur
3399 2917 3686 2987 gratuitum
3713 2928 3812 2974 bo-

2237 3016 2384 3066 num,
2432 3002 2583 3071 cujus
2626 3003 2750 3057 boni
2788 3013 2875 3059 est
2910 3006 3116 3061 vocatio
3159 3007 3270 3078 ipsa
3318 3008 3675 3080 principium;
3706 3025 3812 3065 non

2236 3104 2425 3146 vocato
2458 3092 2697 3148 redditur
2736 3095 2952 3161 malum,
2992 3097 3114 3167 quia
3155 3112 3342 3154 omnes
3381 3100 3460 3155 rei
3502 3110 3723 3156 suntex
3748 3118 3812 3158 eo

2237 3183 2380 3253 quod
2411 3199 2504 3253 per
2527 3200 2687 3239 unum
2715 3185 2985 3242 hominem
3019 3199 3292 3259 peccatum
3324 3191 3542 3247 intravit
3570 3194 3627 3248 in
3658 3209 3813 3250 mun-

2237 3275 2362 3329 dum
2395 3274 2503 3345 (Id.
2534 3292 2585 3343 v,
2614 3275 2729 3348 12).
2755 3278 2818 3332 Et
2843 3278 2897 3332 in
2926 3279 3015 3333 illa
3041 3280 3252 3350 quidem
3273 3285 3643 3352 operariorum
3667 3285 3813 3339 simi-

2238 3365 2479 3431 litudine,
2517 3367 2605 3421 ubi
2647 3383 2809 3422 unum
2858 3367 3134 3425 denarium
3180 3382 3521 3442 acceperunt,
3569 3376 3666 3445 qui
3708 3389 3810 3429 una

2240 3455 2389 3524 hora,
2416 3466 2470 3513 et
2506 3459 2595 3529 qui
2625 3458 2909 3516 duodecies
2937 3450 3136 3520 tantum
3164 3464 3559 3532 laboraverunt,
3588 3468 3682 3539 qui
3713 3470 3812 3523 uti-

2238 3563 2344 3618 que
2385 3548 2674 3604 secundum
2715 3552 2950 3608 rationes
2995 3552 3274 3621 humanas,
3328 3556 3422 3611 sed
3469 3573 3659 3625 vanas,
3718 3574 3818 3629 pro

2239 3638 2530 3706 quantitate
2555 3638 2749 3694 laboris
2774 3641 2855 3695 sui
2878 3640 3154 3698 duodecim
3184 3643 3434 3701 denarios
3457 3648 3706 3717 accipere
3725 3648 3823 3704 de-

2240 3726 2487 3793 buerunt,
2530 3729 2739 3799 utrique
2767 3730 2820 3785 in
2849 3730 2989 3787 bono
3017 3734 3294 3804 coaequati,
3322 3751 3427 3790 non
3460 3737 3548 3792 alii
3578 3739 3820 3805 liberati,

2240 3818 2330 3872 alii
2357 3817 2591 3874 damnati
2617 3831 2737 3875 sunt
2766 3837 2782 3874 :
2814 3822 2934 3893 quia
2960 3833 3013 3878 et
3033 3824 3108 3879 illi
3136 3825 3224 3895 qui
3257 3828 3375 3896 plus
3401 3828 3819 3898 laboraverunt,

2241 3918 2294 3963 et
2317 3910 2459 3979 quod
2488 3912 2564 3965 sic
2592 3913 2762 3966 vocati
2790 3922 2914 3967 sunt
2941 3924 2998 3969 ut
3022 3917 3299 3984 venirent,
3326 3927 3382 3973 et
3406 3920 3547 3989 quod
3570 3921 3654 3976 sic
3681 3924 3824 3990 pasti

2242 4010 2300 4053 ut
2329 4017 2432 4054 non
2470 4001 2789 4069 deficerent,
2821 4005 2890 4060 ab
2930 4005 3045 4075 ipso
3074 4008 3449 4075 patrefamilias
3491 4011 3821 4070 habuerunt.

2248 4091 2343 4147 Ubi
2384 4102 2559 4148 autem
2587 4093 2799 4160 dicitur,
2831 4095 2967 4168 Ergo
2994 4099 3077 4152 cui
3107 4098 3212 4153 vult
3256 4102 3535 4170 miseretur,
3578 4116 3630 4159 et
3669 4124 3826 4179 quem

2242 4184 2347 4237 uult
2366 4183 2608 4249 obdurat;
2630 4185 2718 4254 qui
2748 4186 2888 4250 facit,
2916 4187 3061 4242 aliud
3089 4206 3174 4244 vas
3203 4191 3254 4245 in
3281 4192 3522 4248 honorent
3543 4236 3559 4259 ,
3588 4199 3743 4251 aliud
3770 4199 3826 4253 in

2243 4276 2595 4330 contumeliam
2623 4275 2731 4345 (Id.
2760 4294 2839 4346 Ix,
2874 4279 2960 4345 18,
2987 4279 3081 4351 21)
3114 4298 3128 4335 :
3161 4281 3355 4338 bonum
3377 4286 3589 4355 quidem
3623 4289 3823 4345 imme-

2244 4368 2347 4423 rito
2371 4378 2425 4423 et
2447 4369 2609 4438 gratis
2625 4370 2795 4436 datur,
2821 4372 2941 4442 quia
2969 4389 3033 4427 ex
3051 4374 3234 4429 eadem
3262 4392 3434 4431 massa
3455 4389 3537 4433 est
3560 4381 3649 4434 cui
3678 4382 3823 4436 uon'

2243 4459 2417 4524 datur,
2442 4459 2631 4515 malum
2656 4477 2779 4516 vero
2804 4462 2991 4518 merito
3011 4473 3063 4518 et
3086 4464 3319 4521 debitum
3345 4468 3596 4532 redditur,
3622 4473 3751 4541 quia
3769 4474 3823 4527 in

2245 4564 2416 4604 massa
2448 4551 2756 4619 perditiOnis
2786 4553 2980 4607 malum
3009 4562 3147 4608 tnalo
3171 4571 3274 4610 non
3305 4556 3444 4612 male
3464 4558 3739 4626 redditur;
3769 4569 3825 4617 et

2245 4639 2292 4694 ei
2319 4641 2402 4694 cui
2433 4640 2669 4694 redditur
2698 4642 2890 4695 malum
2921 4653 3035 4709 est,
3064 4645 3183 4714 quia
3211 4648 3523 4715 supplicium
3556 4650 3677 4719 ejus
3702 4662 3818 4717 est;

2245 4735 2294 4785 ei
2316 4745 2441 4785 vero
2463 4745 2493 4785 a
2521 4747 2624 4799 quo
2653 4731 2907 4795 redditur,
2941 4732 3136 4787 bonum
3165 4746 3267 4800 est,
3302 4737 3421 4800 quia
3450 4748 3595 4793 recte
3622 4740 3820 4795 factum

2246 4821 2360 4889 ejus
2381 4830 2479 4875 est.
2512 4820 2619 4875 Nec
2652 4822 2754 4875 ulla
2784 4832 2866 4877 est
2888 4825 3126 4893 acceptio
3156 4840 3501 4894 personarum
3534 4829 3587 4884 in
3609 4830 3821 4886 duobus

2247 4910 2574 4967 debitoribus
2603 4911 2877 4982 aequaliter
2900 4914 3027 4979 reis,
3064 4916 3107 4968 si
3136 4914 3286 4970 alteri
3314 4915 3636 4985 dimittitur,
3683 4922 3825 4977 alter

2247 5001 2472 5071 exigitur
2498 4998 2521 5032 ⁸
2537 5041 2554 5066 ,
2577 5000 2715 5070 quod
2744 5002 2939 5071 pariter
2960 5003 3027 5057 ab
3048 5012 3268 5074 utroque
3290 5005 3536 5065 debetur.

2319 5094 2406 5147 14.
2444 5089 2551 5145 Sed
2576 5100 2633 5144 ut
2656 5091 2707 5145 id
2732 5090 2873 5161 quod
2901 5092 3124 5148 dicimus
3143 5094 3364 5165 alicujus
3392 5099 3625 5168 exempli
3653 5099 3825 5155 mani-

2312 5286 2330 5351 ξ
2353 5282 2629 5351 sic__ptss._ttt
2648 5283 2788 5351 editi,
2808 5283 2940 5351 item,
2963 5297 3072 5348 quia
3091 5287 3323 5351 acceptio.

2309 5342 2566 5413 {galbani
2721 5345 2844 5396 alius
2865 5342 3149 5413 honoratur;
3175 5342 3372 5413 oinisso,
3402 5349 3572 5413 gratis.

2312 5405 2338 5480 ξ
2355 5406 2437 5480 ltic
2471 5405 2938 5480 particulahnegaus
2966 5405 3237 5459 restituitur
3660 5427 3823 5464 mattu-

2907 5530 3076 5604 cazteri
3099 5529 3228 5604 libri,
3251 5532 3371 5604 alter
3392 5531 3623 5604 exigitur.
3642 5536 3819 5585 Eodem

2250 5586 2477 5650 loquendi
2513 5587 2653 5656 modo
2673 5586 2797 5643 diiit
2829 5602 2994 5654 supra,
3019 5606 3067 5642 ιι.
3102 5593 3180 5653 13.
3215 5586 3421 5645 alterum
3452 5586 3687 5661 eiigerc;
3720 5610 3821 5661 pro,

2251 5648 2314 5699 ab
2329 5648 2478 5699 altero
2500 5661 2711 5714 exigere.
