3984 6504
224 310 312 369 581

219 421 479 479 festatione
522 417 811 486 clarescat,
856 418 1239 476 constituamus
1282 416 1487 487 aliquos
1515 416 1583 468 ab
1611 415 1784 483 aliqua

216 512 481 569 meretrice
514 508 763 581 geminos
802 510 999 575 editos,
1048 520 1206 581 atque
1234 519 1290 566 ut
1333 509 1401 564 ab
1425 509 1544 563 aliis
1568 509 1786 578 collige-

216 613 385 658 rentur
424 602 701 670 expositos
732 619 747 658 :
776 602 969 657 borum
1017 601 1132 656 sine
1182 601 1452 670 Baptismo
1500 600 1787 668 exspiravit

215 710 362 757 unus,
404 692 541 745 alius
570 690 894 760 baptizatus.
946 690 1097 759 Quod
1141 690 1225 744 lllC
1265 690 1426 743 fatum
1455 689 1786 743 fortunamve

212 786 363 840 fuisse
381 783 646 848 dicamus,
671 798 793 853 quin
818 783 1034 837 omnino
1054 783 1194 836 nulla
1222 781 1385 836 sunt?
1411 782 1575 846 Quam
1606 795 1788 848 perso-

212 892 387 931 narum
427 874 819 944 acceptionem,
858 890 978 929 cum
1020 873 1157 943 apud
1203 874 1365 928 Deum
1412 873 1549 926 Imlltt
1594 881 1736 927 esset
1766 872 1783 904 ι

207 970 359 1023 etiam
386 968 432 1022 si
474 967 529 1020 in
567 966 686 1021 istis
724 966 833 1021 ulla
860 980 979 1021 esse
1005 965 1264 1033 potuisset
1292 983 1305 1018 :
1333 965 1423 1036 qui
1450 965 1628 1034 utique
1653 963 1783 1018 nihil

206 1059 487 1122 habebant,
530 1057 676 1114 unde
725 1059 862 1113 alter
902 1058 1054 1113 alteri
1091 1057 1448 1126 praeferretur,
1493 1056 1784 1126 meritaque

204 1152 341 1205 nulla
363 1150 601 1220 prepria,
631 1150 747 1205 sive
773 1148 911 1203 bona
931 1190 946 1215 ,
974 1148 1166 1218 quibus
1193 1156 1488 1202 mereretur
1526 1148 1661 1201 alius
1686 1147 1784 1201 ba-

202 1240 419 1311 ptizari;
469 1241 585 1295 sive
641 1240 803 1303 mala,
860 1240 1052 1310 quibus
1106 1239 1242 1294 alius
1279 1239 1409 1314 sine
1463 1238 1783 1307 Baptismate

201 1332 379 1386 mori?
406 1330 492 1386 An
543 1331 719 1401 aliqua
759 1340 1033 1400 parentum
1087 1330 1315 1396 fuerunt,
1363 1329 1449 1385 ubi
1497 1327 1785 1384 fornicator

200 1431 373 1493 pater,
403 1422 663 1477 meretrix
682 1419 887 1476 mater?
912 1420 1016 1476 Sed
1041 1421 1446 1491 qualiacumque
1466 1420 1549 1472 illa
1565 1418 1779 1483 fuerint,

200 1526 310 1567 non
347 1510 538 1581 utique
566 1511 683 1565 istis
711 1519 816 1565 tam
847 1510 1053 1565 diversa
1096 1511 1399 1565 conditione
1436 1510 1783 1564 morientibus

201 1602 307 1655 ulla
330 1601 567 1668 diversa,
597 1601 689 1656 sed
721 1602 931 1671 utrique
967 1601 1290 1658 communia.
1318 1602 1372 1659 Si
1413 1619 1541 1672 ergo
1575 1618 1672 1657 nec
1708 1602 1783 1657 fa-

199 1701 338 1757 tum,
362 1693 487 1760 quia
519 1691 679 1746 nulla:
704 1692 875 1746 stella:
904 1693 1001 1747 ista
1038 1693 1367 1758 decernunt;
1399 1710 1498 1749 nec
1536 1694 1741 1748 fortuna
1763 1734 1779 1761 ,

197 1783 323 1852 quia
348 1798 456 1836 non
489 1781 693 1836 fortuiti
719 1797 877 1838 casus
902 1782 1015 1837 haec
1039 1792 1229 1853 agunt;
1274 1799 1371 1839 nec
1400 1799 1742 1855 personarum
1762 1826 1779 1852 ,
1826 1836 1837 1847 ,

198 1887 305 1928 nec
345 1873 658 1928 meritorum
687 1871 969 1927 diversitas
986 1872 1089 1926 hoc
1115 1870 1354 1929 fecerunt
1383 1874 1547 1944 :quid
1583 1883 1777 1941 restat,

197 1974 457 2033 quantum
498 1962 567 2017 ad
603 1963 923 2033 baptizatum
947 1963 1179 2031 adtinet,
1200 1964 1301 2018 nisi
1329 1966 1496 2034 gratia
1539 1965 1633 2020 Dei
1659 1981 1778 2034 qua:

199 2059 341 2110 vasis
370 2056 524 2111 factis
549 2056 603 2110 in
627 2057 885 2111 honorem
913 2056 1075 2126 gratis
1103 2056 1290 2122 datur;
1318 2066 1571 2125 quantum
1601 2067 1778 2111 autem

198 2147 258 2201 ad
290 2163 397 2200 non
429 2146 754 2216 baptizatum
774 2186 792 2213 ,
824 2146 898 2202 ira
930 2145 1043 2209 Dei,
1072 2160 1190 2216 quae
1218 2146 1361 2202 vasis
1386 2145 1539 2201 factis
1567 2147 1618 2201 in
1647 2160 1779 2201 con-

194 2239 476 2293 tumeliam
503 2255 602 2308 pro
627 2238 795 2309 ipsius
835 2254 1022 2294 massm
1053 2239 1255 2294 meritis
1279 2238 1550 2295 redditur?
1591 2239 1695 2294 Sed
1726 2239 1780 2294 in

192 2334 293 2389 illo
318 2334 405 2404 qui
428 2333 725 2403 baptizatus
746 2341 850 2399 est,
876 2333 1097 2403 gratiam
1124 2333 1219 2388 Dei
1244 2348 1341 2388 vos
1371 2332 1611 2388 conﬁteri
1634 2332 1782 2401 (εοεί-

194 2438 340 2490 mus,
387 2432 443 2477 et
488 2424 737 2478 meritum
784 2423 904 2494 ejus
943 2424 1143 2478 nullum
1188 2425 1524 2496 praecessisse
1558 2424 1782 2480 convin-

196 2516 407 2569 cimus:
438 2513 506 2568 de
531 2514 621 2568 illo
648 2524 829 2570 autem
859 2516 975 2575 sine
1000 2515 1321 2584 Baptismate
1349 2526 1581 2581 mortuo,
1611 2530 1706 2570 cur
1731 2514 1783 2570 ei

195 2604 431 2660 defuerit
454 2604 881 2671 Sacramentum,
913 2605 1051 2675 quod
1072 2615 1126 2660 et
1152 2621 1247 2660 vos
1269 2605 1507 2662 fatemini
1533 2605 1783 2662 omnibus

206 2698 451 2749 :rtatibus
470 2695 858 2763 necessarium,
889 2696 1092 2765 etquid
1123 2695 1225 2750 isto
1260 2695 1420 2750 modo
1452 2696 1504 2749 in
1530 2710 1598 2751 eo
1628 2695 1785 2750 fuerit

207 2784 549 2849 vindieatum,
580 2798 677 2840 vos
699 2784 940 2840 videritis
960 2786 1047 2857 qui
1077 2800 1182 2841 non
1204 2786 1362 2841 vultis
1387 2800 1507 2841 esse
1526 2785 1784 2856 originale

201 2876 482 2931 delictum.

293 2969 385 3023 t5.
419 2967 577 3023 Nobis
626 2969 678 3023 in
729 2967 943 3024 duobus
987 2966 1102 3025 istis
1150 2967 1376 3039 geminis
1413 2984 1570 3024 unam
1601 2969 1784 3040 procul

220 3057 389 3112 dubio
438 3058 732 3113 habentibus
781 3073 1021 3126 causam,
1075 3058 1437 3113 difficultatem
1475 3059 1786 3130 quaestionis

215 3165 316 3205 cur
336 3150 477 3205 alius
504 3151 611 3216 sic,
650 3151 789 3205 alius
814 3166 944 3204 vero
979 3152 1057 3206 sic
1088 3160 1327 3207 mortuus
1352 3159 1467 3216 est,
1504 3152 1650 3206 velut
1680 3166 1784 3207 non

214 3240 465 3295 solvendo
491 3242 651 3296 solvit
683 3242 975 3311 Apostolus
1007 3259 1021 3297 :
1052 3243 1142 3314 qui
1181 3258 1300 3297 cum
1331 3252 1385 3298 et
1414 3243 1526 3312 ipse
1554 3241 1621 3297 de
1645 3242 1784 3297 duo-

219 3331 304 3386 bus
327 3331 555 3402 geminis
584 3332 691 3387 tale
714 3332 912 3404 aliquid
940 3334 1337 3403 proposuisset,
1369 3341 1583 3403 propter
1602 3333 1742 3401 quod
1764 3334 1784 3364 '

213 3439 311 3478 non
337 3440 400 3478 es
426 3424 702 3493 operibus,
729 3426 851 3495 quia
877 3425 1108 3480 nondum
1127 3426 1327 3495 operati
1351 3425 1561 3480 fuerant
1586 3425 1785 3495 aliquid

212 3512 328 3568 boni
351 3513 436 3569 vel
465 3514 616 3579 mali,
650 3513 747 3569 sed
782 3530 849 3569 ex
878 3524 1098 3570 vocante
1123 3515 1323 3572 dictum
1351 3525 1454 3582 est,
1485 3515 1658 3587 Major
1677 3532 1785 3569 scr-

208 3604 301 3657 eiet
338 3604 523 3658 minori
538 3618 562 3669 ,'
587 3613 664 3670 et,
689 3602 853 3658 Iacob
888 3605 1064 3673 dilexi,
1088 3604 1231 3661 Esau
1255 3616 1420 3662 autem
1444 3607 1559 3660 odio
1587 3605 1738 3661 habui
1766 3622 1786 3661 :

210 3703 264 3751 et
285 3695 444 3766 hujus
481 3694 862 3766 profunditatis
885 3695 1161 3753 horrorem
1208 3712 1376 3768 usque
1416 3698 1483 3752 ad
1525 3697 1626 3753 hoc
1671 3714 1789 3767 per-

206 3787 465 3857 duxisset,
486 3798 545 3844 ttt
565 3789 789 3854 diceret,
818 3788 956 3861 Ergo
984 3790 1129 3860 cujus
1152 3792 1257 3845 uult
1278 3792 1558 3855 miseretur,
1579 3799 1624 3845 et
1643 3807 1789 3860 quem

211 3880 311 3933 vult
331 3878 550 3934 obdurat
578 3892 601 3934 :
625 3882 795 3935 sensit
833 3881 1086 3935 continuo
1126 3881 1253 3951 quid
1294 3891 1550 3946 moveret,
1592 3890 1647 3936 et
1687 3882 1787 3936 sibi

209 3970 368 4024 verba
431 3970 877 4038 eontradicentis,
940 3987 1058 4041 quae
1120 3971 1410 4042 apostolica
1471 3973 1787 4028 auctoritate

208 4069 504 4128 coerceret,
550 4066 820 4132 opposuit.
873 4063 959 4117 Ait
1011 4063 1153 4119 enim
1195 4080 1209 4118 :
1245 4063 1381 4118 Dicis
1426 4063 1596 4133 itaque
1637 4065 1783 4130 mihi,

214 4151 349 4219 Quid
368 4152 539 4207 adhuc
566 4153 929 4221 conqueritur?
951 4170 1073 4207 nam
1101 4153 1346 4207 voluntati
1389 4154 1497 4225 ejus
1522 4155 1637 4225 quis
1659 4155 1788 4209 resi-

213 4244 340 4299 stit?
382 4244 786 4314 Responditque
824 4245 922 4299 ista
962 4244 1157 4300 dicenti
1191 4263 1204 4300 :
1235 4245 1280 4300 0
1309 4246 1458 4300 homo
1479 4287 1495 4311 ,
1522 4256 1576 4299 tu
1603 4248 1712 4316 quis
1739 4263 1791 4301 es

212 4336 297 4403 qui
314 4336 622 4407 respondeas
645 4334 753 4391 Deo
769 4336 796 4390 ?
824 4334 878 4390 Ν
883 4337 1086 4407 nmquid
1106 4338 1227 4392 dicit
1255 4339 1544 4409 ﬁgmentum
1566 4339 1615 4393 ei
1638 4340 1724 4409 qui
1740 4355 1794 4393 se

216 4424 380 4492 ﬁnxit,
410 4425 586 4493 Quare
607 4427 681 4480 sic
700 4444 779 4480 me
796 4428 999 4499 fecisti?
1022 4428 1203 4484 Annon
1241 4429 1386 4484 habet
1414 4440 1704 4502 potestatem
1730 4432 1794 4501 ﬁ-

219 4516 361 4587 gulus
391 4517 488 4571 luti
518 4532 585 4571 ea:
613 4517 790 4572 eodem
826 4535 993 4573 massa
1012 4518 1033 4551 ⁸
1057 4523 1224 4590 facere
1246 4521 1390 4576 aliud
1410 4522 1608 4593 quidem
1628 4538 1713 4577 uas
1741 4524 1794 4577 in

224 4607 476 4670 honorem.
505 4608 651 4661 aliud
679 4609 733 4662 in
773 4610 1166 4666 contumeliam?
1191 4610 1391 4667 Deinde
1411 4621 1655 4676 secutus,
1688 4623 1794 4668 tam

222 4714 464 4770 magnum
492 4700 842 4771 abditumque
867 4714 1150 4774 secretum,
1168 4713 1422 4774 quantum
1451 4704 1793 4774 aperiendum

227 4802 337 4843 esse
383 4788 693 4845 hominibus
712 4790 991 4859 judicavit,
1039 4772 1248 4863 aperuit
1282 4772 1590 4850 dicensiSi
1628 4806 1797 4849 autem

228 4881 386 4936 solens
408 4880 549 4936 Deus
587 4881 845 4937 ostendere
886 4882 1034 4948 iram,
1076 4895 1123 4938 et
1146 4884 1491 4941 demonstrare
1527 4888 1799 4957 potentiam

228 4988 385 5040 suam,
413 4973 583 5028 attulit
618 4974 673 5027 in
696 4972 856 5027 multa
878 4976 1120 5043 patientia
1144 4991 1263 5030 vasa
1285 4977 1394 5042 iras,
1432 4992 1545 5048 quae
1579 4978 1800 5049 perfecta

228 5072 344 5116 sunt
370 5063 422 5118 in
448 5064 820 5132 perditionem.
861 5074 907 5119 et
945 5076 999 5119 ut
1024 5076 1168 5121 notas
1193 5070 1376 5139 faceret
1402 5069 1600 5123 divitias
1624 5069 1803 5141 gloria:

230 5168 336 5206 sua:
358 5153 410 5207 in
449 5168 572 5208 rasa
613 5155 991 5219 misericordia,
1021 5172 1135 5228 qua:
1169 5159 1471 5228 prtrparavit
1504 5160 1558 5212 in
1585 5160 1801 5230 gloriam

236 5241 406 5315 (Rom.
431 5260 511 5313 is,
543 5244 752 5317 11-25).
777 5246 887 5301 lloc
911 5257 994 5302 est
1012 5247 1033 5278 ⁸
1048 5249 1231 5318 gratia:
1242 5249 1356 5314 Dei,
1381 5264 1485 5306 non
1506 5250 1679 5307 solum
1703 5250 1801 5305 sd-

235 5332 500 5402 jutorium,
547 5350 734 5392 verum
786 5336 947 5392 etiam
997 5336 1377 5395 documentum
1419 5357 1434 5394 :
1478 5340 1800 5412 adjutorium

308 5506 468 5575 graui,
488 5521 597 5574 qua
610 5509 745 5575 apud
767 5517 917 5562 Deum
940 5512 1075 5562 nulla
1096 5519 1184 5565 est.

427 5569 528 5621 llas.
547 5579 607 5623 At
631 5569 770 5631 eum,
794 5581 985 5634 propter
1009 5588 1144 5635 quos.

316 5628 395 5694 ξω
415 5638 536 5692 tlss.,
555 5646 618 5684 ea:
638 5628 807 5684 eadem
826 5628 1182 5694 consparsum.

322 5688 344 5720 ι
361 5688 550 5744 mm:
565 5694 776 5758 mus,
793 5694 872 5749 Inv:
894 5688 985 5747 est.

1538 298 1736 353 LIBER
1776 296 2150 353 οΕΩυΝυυδ.

3350 312 3462 372 589

1896 415 2099 471 scilicet
2150 416 2202 471 in
2244 417 2383 472 vasis
2429 418 2844 487 misericordia);
2892 421 2945 476 in
2974 421 3113 478 vasis
3153 433 3328 479 autem
3359 428 3455 487 ira:

1890 506 2302 562 documentum:
2334 509 2384 562 in
2415 511 2493 564 eis
2520 511 2661 564 enim
2688 511 2920 566 ostendit
2947 512 3115 579 iram,
3138 522 3194 568 et
3226 514 3454 570 demon-

1890 608 2022 652 strat
2053 600 2338 667 potentiam
2384 616 2556 666 suam,
2594 605 2714 671 quia
2761 614 2864 656 tam
2908 613 3095 673 potens
3122 613 3204 659 est
3246 606 3454 661 bonitas
3541 644 3545 657 .

1889 689 2023 756 ejus.
2054 690 2263 755 ttt‘beuc
2290 701 2466 745 utatur
2493 695 2648 746 etiam
2679 694 2858 754 malis;
2887 706 2940 750 et
2981 697 3032 750 in
3057 698 3135 752 eis
3164 706 3313 753 notas
3336 700 3458 754 facit

1887 779 2095 834 divitias
2131 781 2313 850 gloria:
2356 795 2465 836 sure
2505 782 2556 834 in
2590 799 2713 837 vasa
2758 785 3166 855 misericordiae,
3204 790 3455 859 quoniam

1888 870 2028 937 quod
2067 870 2133 923 ab
2161 871 2251 923 ira:
2281 872 2419 925 vasis
2444 872 2606 940 exigit
2644 874 2847 941 jttStitia
2885 876 3164 943 paniculis,
3196 877 3295 933 hoc
3317 878 3455 949 vasis

1887 961 2261 1016 misericordiae
2282 961 2499 1016 dimittit
2517 964 2682 1032 gratia
2702 963 2971 1019 liberantis
2992 982 3118 1022 :nec
3139 967 3451 1024 beneficium

1885 1050 2026 1120 quod
2052 1052 2362 1118 quibusdam
2384 1055 2546 1122 gratis
2568 1053 2832 1120 tribuitur,
2854 1067 3154 1126 appareret,
3181 1058 3283 1113 nisi
3313 1059 3454 1115 Deus

1884 1139 2001 1192 aliis
2021 1155 2087 1194 ex
2111 1141 2293 1195 eadem
2325 1156 2496 1195 massa
2524 1145 2720 1212 pariter
2744 1145 2849 1199 reis
2869 1146 3013 1215 justo
3041 1149 3298 1216 supplicio
3318 1164 3456 1203 cou-

1884 1230 2166 1297 demnatis,
2195 1231 2320 1302 quid
2349 1234 2588 1303 utrisque
2624 1234 2935 1300 deberetur,
2964 1238 3288 1293 ostenderet.
3328 1237 3457 1304 Quis

1882 1321 2015 1375 enim
2035 1330 2083 1375 te
2105 1321 2388 1376 discernit?
2409 1323 2482 1377 ait
2502 1323 2640 1378 idem
2668 1325 2955 1394 apostolus,
2982 1324 3181 1381 bomini
3204 1334 3453 1398 tanquam

1882 1410 1950 1466 de
1976 1412 2265 1482 semetipso
2289 1419 2345 1468 et
2369 1412 2439 1469 de
2466 1429 2565 1470 suo
2575 1415 2788 1485 proprio
2815 1416 2953 1471 bono
2972 1417 3215 1487 glorianti
3239 1418 3254 1451 ⁸
3282 1435 3296 1473 :
3327 1417 3456 1486 Quis

1883 1501 2015 1554 enim
2035 1511 2083 1555 te
2101 1500 2387 1558 discernit?
2410 1504 2587 1573 utique
2615 1504 2682 1558 ab
2712 1505 2804 1559 ira:
2833 1508 2990 1570 vasis,
3014 1522 3045 1561 a
3074 1521 3246 1563 massa
3277 1508 3456 1578 perdi-

1886 1589 2062 1655 tionis,
2093 1606 2211 1661 qua:
2240 1606 2336 1662 per
2361 1608 2523 1646 unum
2555 1610 2743 1649 omnes
2769 1596 2911 1650 misit
2955 1597 3006 1650 in
3037 1597 3454 1653 damnationem.

1886 1678 2013 1745 Quis
2038 1688 2085 1733 te
2115 1681 2386 1736 discernit?
2406 1669 2473 1737 Et
2499 1693 2747 1754 tanquam
2778 1685 3159 1754 respondisset,
3190 1687 3457 1743 Discernit

1885 1785 1972 1824 me
2002 1769 2134 1825 fides
2162 1785 2302 1838 mea,
2342 1775 2669 1842 propositum
2713 1790 2887 1829 meum
2910 1818 2924 1842 ,
2954 1777 3199 1830 meritum
3229 1793 3404 1832 meum
3435 1817 3450 1831 .

1887 1860 2023 1928 Quid
2041 1864 2172 1916 enim
2195 1862 2365 1927 habes,
2397 1866 2586 1934 inquit,
2614 1867 2747 1935 quod
2776 1883 2876 1922 non
2896 1870 3168 1937 accepisti?
3200 1869 3259 1924 Si
3286 1880 3454 1924 autem

1883 1959 1929 2003 et
1948 1951 2201 2021 accepisti,
2225 1952 2345 2021 quid
2365 1953 2597 2024 gloriaris
2616 1957 2758 2025 quasi
2787 1973 2886 2011 non
2910 1960 3155 2029 acceperis
3173 1958 3217 2027 (1
3240 1958 3355 2015 Cor.
3377 1974 3453 2028 tv,

1886 2038 1975 2112 7)?
2005 2040 2105 2095 lioc
2132 2050 2235 2108 est,
2269 2044 2419 2112 quasi
2444 2044 2511 2096 de.
2540 2056 2629 2099 tuo
2661 2048 2749 2110 sit,
2776 2047 2914 2102 unde
2941 2049 3280 2105 diseerneris.
3313 2051 3453 2120 Ergo

1884 2128 1974 2183 ille
2002 2128 2277 2198 discernit,
2307 2133 2394 2203 qui
2430 2133 2570 2189 unde
2601 2135 2918 2191 discernaris
2947 2138 3200 2210 impertit,
3241 2154 3454 2210 ponam

1883 2221 2116 2277 debitam
2156 2225 2499 2289 removendo,
2544 2227 2829 2282 indebitam
2865 2232 3088 2299 gratiam
3127 2231 3400 2300 largiendo
3437 2251 3452 2287 :

1886 2312 1974 2367 ille
1998 2312 2270 2382 discernit,
2298 2317 2386 2386 qui
2410 2334 2529 2372 cum
2557 2318 2786 2373 tenebrae
2804 2331 2981 2376 essent
3010 2336 3168 2390 super
3181 2324 3455 2395 abyssum,

1883 2402 2035 2471 dixit,
2067 2403 2185 2459 Fiat
2206 2405 2312 2472 lux,
2337 2418 2382 2461 et
2402 2412 2538 2481 facta
2567 2419 2639 2464 est
2667 2409 2756 2465 tua:
2778 2450 2794 2464 .
2823 2421 2869 2465 et
2895 2412 3083 2478 divisit,
3116 2412 3217 2469 hoc
3239 2424 3322 2469 est
3345 2414 3460 2469 dis-

1884 2495 2069 2562 crevit,
2100 2497 2230 2551 inter
2245 2500 2406 2553 lucem
2436 2508 2484 2553 et
2523 2501 2746 2555 tenebras
2767 2499 2918 2571 (Gen.
2938 2518 2978 2569 ι,
3004 2504 3058 2569 ὃ,
3079 2502 3160 2573 4).
3178 2503 3291 2558 Non
3317 2505 3461 2559 enim

1886 2602 2007 2643 cum
2037 2589 2164 2643 solae
2186 2599 2368 2646 essent
2405 2591 2637 2647 tenebrat
2655 2634 2672 2660 ,
2702 2592 2829 2664 quid
2859 2593 3187 2650 discerneret
3215 2595 3417 2651 invenit
3444 2612 3460 2649 :

1885 2678 1981 2735 sed
2007 2680 2177 2734 lucem
2200 2681 2442 2737 faciendo
2461 2681 2741 2749 discrevit;
2771 2695 2827 2739 ut
2849 2685 3147 2756 iustificatis
3176 2687 3349 2757 impiis
3378 2687 3463 2742 di-

1887 2777 2056 2835 catur,
2090 2769 2282 2825 Fuistis
2313 2772 2445 2826 enim
2470 2773 2744 2843 aliquando
2766 2774 3002 2842 tenebrat,
3026 2792 3157 2830 nunc
3184 2786 3348 2830 autem
3376 2777 3467 2831 lux

1885 2861 1939 2915 in
1970 2860 2188 2917 Domino
2214 2860 2429 2934 (Ep/tes.
2453 2879 2506 2926 ν.
2536 2865 2595 2937 8)
2622 2880 2636 2917 :
2662 2880 2726 2921 ac
2749 2866 2826 2921 sic
2855 2867 2943 2937 qui
2969 2868 3245 2938 gloriatur,
3274 2882 3380 2923 non
3410 2867 3464 2923 in

1888 2968 1949 3008 se
1978 2955 2114 3024 ipso,
2147 2955 2239 3010 sed
2264 2956 2315 3010 in
2344 2956 2569 3012 Domino
2594 2957 2853 3028 glorietur
2880 2958 2957 3030 (ll
2977 2957 3095 3014 Cor.
3122 2975 3176 3024 χ,
3209 2960 3274 3015 l7
3300 2961 3338 3031 ).
3369 2961 3466 3017 Ille

1888 3044 2164 3115 discernit,
2216 3049 2304 3118 qui
2355 3047 2424 3104 de
2481 3051 2714 3105 nondum
2754 3052 2893 3107 natis
2921 3068 3092 3122 neque
3134 3055 3222 3124 qui
3264 3054 3464 3125 aliquid

1888 3146 2113 3207 egerant
2143 3139 2264 3194 boni
2292 3149 2384 3194 aut
2425 3141 2567 3206 mali,
2600 3149 2658 3195 ut
2679 3142 2969 3197 secundum
2998 3144 3309 3199 electionem
3338 3160 3465 3214 pro-

1888 3231 2117 3300 positum
2161 3230 2277 3303 ejus
2309 3242 2585 3302 maneret,
2618 3249 2724 3288 non
2770 3250 2836 3290 ex
2879 3235 3164 3305 Operibus,
3194 3236 3286 3291 sed
3313 3253 3379 3292 ex
3407 3252 3468 3293 se

1890 3324 2005 3392 ipso
2033 3325 2054 3355 ³
2078 3333 2301 3379 vocante
2336 3325 2488 3393 dixit,
2519 3325 2691 3397 Major
2709 3328 2883 3381 serviet
2921 3328 3104 3381 minori
3134 3326 3152 3401 (
3180 3326 3307 3383 Cen.
3330 3344 3464 3395 xxv,

1887 3410 1959 3467 25
1984 3413 2002 3484 )
2028 3430 2042 3469 :
2069 3424 2228 3485 atque
2257 3414 2484 3484 idipsum
2511 3415 2888 3471 commendans
2913 3427 3092 3486 postea
3124 3433 3218 3486 per
3236 3418 3468 3487 prophe-

1891 3513 2025 3567 tam;
2066 3502 2248 3569 Jacob,
2292 3503 2482 3576 inquit,
2528 3505 2702 3571 dilexi,
2755 3504 2896 3559 Esau
2950 3516 3115 3561 autent
3166 3509 3281 3560 odio
3315 3507 3470 3562 habui

1892 3591 1913 3663 (
1940 3591 2165 3646 Malach.
2198 3609 2235 3657 ι,
2262 3592 2299 3647 2
2328 3596 2366 3665 ).
2403 3594 2729 3649 Electionem
2758 3594 2780 3626 ³
2808 3596 3001 3664 quippe
3029 3595 3183 3661 dixit,
3215 3597 3299 3652 ubi
3328 3596 3470 3652 Deus

1890 3700 1995 3738 non
2017 3685 2083 3740 ab
2108 3684 2214 3739 alio
2244 3683 2440 3740 factum
2471 3685 2612 3756 quod
2639 3686 2798 3757 eligat
2826 3688 3060 3754 invenit,
3091 3687 3183 3742 sed
3211 3688 3354 3759 quod
3382 3689 3467 3745 in-

1891 3777 2068 3831 veniat
2110 3777 2223 3846 ipse
2265 3777 2428 3832 facit:
2462 3780 2598 3833 sicut
2624 3777 2692 3841 de
2738 3779 2974 3848 reliquiis
3013 3778 3169 3834 Israel
3214 3782 3469 3851 scriptum

1890 3875 1992 3931 est,
2016 3866 2261 3939 Reliquia:
2281 3886 2370 3939 per
2388 3869 2675 3923 electionem
2694 3871 2874 3940 gratia:
2901 3869 3049 3939 facta
3073 3880 3208 3925 sunt.
3226 3872 3291 3928 Si
3304 3882 3472 3928 autem

1890 3961 2075 4031 gratia,
2106 3962 2220 4031 jam
2258 3978 2357 4015 non
2396 3978 2460 4016 ex
2485 3964 2748 4032 operibus;
2777 3964 2998 4035 alioquin
3035 3967 3217 4036 gratia,
3232 3968 3345 4036 jam
3370 3985 3472 4023 non

1892 4061 1963 4105 est
1987 4052 2150 4123 gratia
2179 4051 2353 4126 (Rom.
2387 4069 2463 4117 XI,
2497 4055 2564 4120 5,
2597 4052 2673 4126 6).
2705 4055 2929 4125 l’ropter
2950 4057 3087 4126 quod
3120 4059 3353 4126 profecto
3376 4058 3472 4115 de-

1894 4142 2088 4212 sipitis,
2118 4143 2206 4212 qui
2248 4143 2460 4199 dicente
2494 4145 2738 4211 veritate,
2774 4143 2893 4200 Non
2921 4162 2982 4200 ea:
3007 4147 3236 4212 operibus
3256 4189 3269 4213 ,
3297 4148 3385 4204 sed
3410 4165 3473 4204 ea:

1893 4243 2101 4287 uocante
2132 4233 2321 4287 dictant
2353 4243 2457 4298 est;
2488 4251 2581 4289 vos
2619 4235 2828 4303 dicitis,
2870 4237 2944 4291 Ex
2985 4236 3174 4293 futuris
3198 4239 3468 4308 operibus,

1895 4339 2014 4393 quae
2052 4323 2192 4379 Deus
2233 4325 2378 4380 illum
2429 4323 2696 4382 facturum
2740 4343 2860 4383 esse
2908 4329 3253 4399 praesciebat,
3305 4329 3470 4386 Jacob

1895 4417 2059 4473 fuisse
2086 4418 2334 4473 dilectum
2362 4437 2375 4472 :
2409 4429 2567 4490 atque
2596 4422 2666 4476 ita
2693 4422 3054 4479 contradicitis
3092 4426 3347 4495 Apostolo
3385 4426 3471 4482 di-

1897 4510 2058 4574 conti,
2086 4506 2206 4564 Non
2235 4528 2297 4565 ea:
2324 4513 2554 4581 operibus
2582 4528 2601 4567 :
2624 4515 2773 4583 quasi
2795 4530 2899 4569 non
2926 4525 3106 4585 posset
3134 4516 3332 4579 dicere,
3357 4517 3473 4572 Non

1898 4615 1962 4654 ex
1991 4600 2363 4669 praesentibus,
2392 4601 2484 4655 sed
2507 4600 2697 4657 futuris
2726 4604 2993 4672 operibus.
3017 4603 3122 4659 Sed
3151 4606 3243 4669 ait.
3265 4604 3385 4661 Non
3412 4622 3475 4661 ex

1899 4690 2151 4761 operibus,
2189 4700 2245 4745 ut.
2289 4692 2508 4761 gratiam
2553 4695 3078 4751 eommendaret:Si
3099 4706 3266 4751 autem
3286 4698 3473 4767 gratia,

1890 4782 2004 4853 jam
2034 4799 2133 4836 non
2154 4799 2216 4836 ex
2234 4790 2496 4853 apertbus;
2521 4801 2744 4851 anaqum
2764 4786 2928 4857 gratia
2944 4786 3059 4857 jam
3078 4803 3178 4842 non
3194 4796 3265 4842 est
3288 4783 3472 4860 gratia.

1902 4874 2161 4930 Praecedit
2191 4891 2438 4946 namque,
2467 4893 2570 4931 non
2599 4877 2797 4942 debita,
2819 4877 2911 4933 sed
2940 4879 3167 4948 gratuita
3195 4882 3384 4949 gratia,
3416 4888 3472 4936 ut

1902 4980 1998 5035 per
2027 4965 2166 5018 illam
2199 4967 2324 5019 fiant
2351 4964 2373 4996 ⁸
2402 4965 2537 5020 bona
2564 4982 2722 5036 opera
2752 4984 2764 5021 :
2794 4982 2859 5022 ne
2880 4968 2924 5022 si
2949 4969 3315 5038 praecesserint
3339 4968 3479 5025 bona

1904 5072 2088 5126 opera,
2122 5066 2368 5126 tanquam
2395 5057 2647 5127 operibus
2677 5056 2927 5113 reddatur
2952 5060 3142 5128 gratia,
3168 5074 3231 5113 ac
3256 5059 3335 5114 sic
3355 5075 3480 5130 gra-

1907 5148 1973 5201 tia
1999 5148 2107 5217 jam
2130 5163 2235 5201 non
2262 5148 2331 5203 sit
2354 5148 2543 5217 gratia.

1971 5281 1989 5313 ι
2013 5287 2216 5330 vanam
2242 5290 2368 5344 513.,
2384 5292 2432 5332 et
2451 5290 2514 5334 de
2533 5296 2621 5336 suo
2640 5281 2839 5348 proprio
2857 5283 3113 5350 glorianti;
3126 5288 3302 5337 omissa
3334 5299 3476 5348 voce,

1909 5342 2045 5392 bono.

1910 5406 2082 5515 1mg?
2084 5404 2147 5453 nd
2161 5411 2295 5465 MV"
2315 5404 2404 5456 “’1
2423 5418 2489 5458 ⁸³
2508 5411 2651 5471 lim;
2682 5408 2879 5471 omisso,
2893 5420 2965 5460 se.
2982 5408 3195 5459 ttabetur
3217 5409 3268 5457 iu
3287 5411 3481 5459 ueteris

1966 5478 2094 5576 Tile
2114 5539 2288 5577 omnes
2309 5535 2412 5578 Mss.
2433 5531 2569 5588 miti,
2592 5527 2836 5580 electione.

1974 5587 1998 5619 ⁸
2014 5589 2087 5638 sic
2109 5590 2312 5639 Vaticani
2341 5598 2390 5639 et
2409 5587 2628 5641 milicani
2673 5598 2777 5640 Mss.
2805 5589 2921 5641 Editi
2956 5598 3140 5650 autem,
3162 5589 3352 5640 omissis
3371 5602 3485 5640 ver-

1913 5649 2018 5718 bis.
2037 5650 2272 5718 Witred“
2308 5665 2530 5718 turnique,
2555 5652 2844 5718 non‘drbita,
2869 5652 2954 5705 sed
2974 5651 3184 5718 gratuita
3198 5665 3217 5714 ,'
3239 5652 3483 5713 t'erolaant,

1916 5717 2073 5778 gratia
2096 5711 2272 5777 utique,
2297 5720 2346 5763 ut
2368 5710 2453 5779 per
2478 5713 2610 5764 illam
2624 5710 2763 5780 ﬁant.
