3984 6490
535 306 643 361 583

609 419 695 475 16.
722 418 829 476 Sed
867 424 924 473 ut
950 416 1100 472 vobis
1129 415 1431 470 auferretur
1453 416 1627 471 omnis
1652 427 1845 470 vestra:
1885 417 2125 487 caliginis

534 512 768 577 latebra,
799 520 1074 580 propterea
1096 506 1334 575 geminos
1365 506 1497 560 tales
1519 507 1768 575 proposui
1792 548 1808 573 ,
1841 508 1927 577 qui
1954 523 2124 577 neque

536 612 809 674 parentum
842 600 1042 653 meritis
1062 598 1394 668 jnvarentur,
1423 608 1476 652 ct
1504 610 1661 651 anmo
1692 598 1925 654 infantia:
1955 601 2120 669 prim-

533 695 684 749 ordio
707 708 839 746 unus
866 691 1179 758 baptizatus,
1207 690 1341 743 alter
1362 690 1475 743 sine
1502 689 1820 758 Baptismate
1851 706 2123 745 moreren-

533 795 649 847 tur;
676 801 740 836 ne
769 782 1016 836 diceretis
1044 780 1233 842 Deum,
1256 781 1392 833 sicut
1413 779 1480 833 de
1502 779 1668 833 Jacob
1693 790 1746 834 et
1777 781 1914 834 Esau
1937 791 2120 835 contra

530 874 845 943 Apostqlnm
896 873 1099 937 dicitis,
1148 886 1309 940 Opera
1359 886 1542 925 eorum
1597 870 1765 924 futura
1822 872 2117 939 pnescisse.

529 930 807 1036 Quomodo
835 966 976 1022 enim
1006 964 1270 1035 praescivit
1308 980 1371 1019 ea
1414 962 1584 1017 futura
1606 1006 1622 1028 ,
1654 980 1772 1034 qua:
1805 965 1908 1018 illis
1945 966 1996 1019 in
2041 966 2123 1019 in-

528 1062 693 1117 fantia
737 1060 1040 1124 morituris,
1082 1059 1202 1128 quia
1250 1058 1580 1127 przescientia
1603 1058 1718 1126 ejus
1748 1056 1853 1111 falli
1886 1075 1991 1112 non
2019 1076 2119 1128 po-

529 1161 666 1215 test,
716 1151 982 1220 praeisciyit
1026 1150 1199 1220 potius
1246 1164 1349 1202 non
1378 1147 1592 1202 futura?
1622 1150 1725 1203 Aut
1748 1149 1872 1219 quid
1902 1151 2119 1218 prodest

525 1246 605 1300 eis
633 1244 721 1314 qui
751 1243 1028 1312 rapiuntur
1047 1258 1112 1296 ex
1148 1240 1247 1296 hac
1274 1241 1375 1295 vita
1401 1283 1415 1305 ,
1448 1257 1515 1295 ne
1543 1241 1740 1295 malitia
1770 1250 1938 1296 mutet
1961 1243 2119 1297 intel-

525 1337 719 1391 lectum
749 1350 934 1390 eorum
955 1376 969 1398 ,
1015 1344 1107 1388 aut
1135 1349 1202 1388 ne
1237 1332 1379 1388 fictio
1405 1333 1635 1404 decipiat
1671 1333 1899 1389 animam
1930 1351 2114 1391 eorum

524 1428 676 1496 (Sap.
702 1442 771 1490 tv,
805 1424 917 1497 ii),
940 1425 982 1479 si
1015 1433 1287 1494 peccatum
1315 1425 1474 1479 etiam
1495 1425 1635 1495 quod
1668 1442 1770 1479 non
1794 1434 1873 1481 est
1897 1426 2113 1496 factum,

521 1516 761 1580 dictum,
791 1517 1076 1587 cogitatum
1097 1558 1111 1580 ,
1141 1526 1388 1585 tanquam
1418 1516 1761 1571 commissum
1804 1518 2002 1584 fuerit,
2039 1521 2116 1575 sic

523 1609 774 1679 punitur?
803 1608 953 1675 Quod
979 1609 1022 1663 si
1048 1608 1484 1662 absurdissimum
1509 1651 1524 1672 ,
1555 1608 1991 1676 insulsissimnm,
2020 1612 2113 1668 de-

524 1700 911 1754 tnentissimum
941 1709 1042 1766 est,
1070 1699 1335 1770 quoslibet
1364 1700 1607 1756 homines
1633 1717 1695 1756 ex
1730 1702 1812 1757 his
1841 1705 2073 1773 peccatis
2094 1749 2110 1775 ,

521 1806 746 1860 qnormn
768 1804 868 1844 nec
887 1799 1091 1844 reatum
1112 1805 1176 1845 ex
1209 1791 1514 1859 parentibus
1543 1791 1754 1848 trahere
1773 1834 1788 1856 ,
1817 1795 1952 1849 sicut
1977 1796 2111 1851 dici-

523 1877 611 1944 tis,
646 1895 744 1935 nec
763 1896 825 1934 ea
855 1894 961 1933 non
991 1880 1162 1935 solum
1185 1880 1540 1947 committere,
1571 1882 1662 1937 sed
1691 1898 1790 1938 nec
1810 1886 1997 1941 saltem
2024 1902 2114 1942 co-

519 1972 689 2040 gitare
724 1978 1027 2040 potuerunt,
1059 1984 1179 2025 esse
1206 1969 1565 2035 damnandos;
1597 1972 1816 2028 reditad
1843 1990 1939 2030 vos
1961 1977 1977 2008 ⁸
2009 1977 2114 2035 fra-

522 2070 604 2116 ter
640 2059 731 2115 ille
765 2059 1011 2131 geminus
1050 2060 1296 2130 baptizati
1338 2076 1442 2115 non
1475 2061 1798 2134 baptizatus,
1830 2074 1884 2119 et
1921 2067 2112 2121 tacitus

518 2150 709 2221 quaerit
746 2165 776 2204 a
804 2149 951 2205 vobis
974 2189 991 2214 ,
1023 2149 1163 2204 unde
1207 2149 1365 2205 fuerit
1402 2167 1432 2205 a
1473 2150 1703 2208 fraterna
1731 2153 1983 2212 felicitate
2004 2157 2113 2212 dis-

518 2249 730 2305 cretus,
776 2256 872 2296 cur
912 2241 999 2296 illa
1036 2240 1344 2297 infelicitate
1372 2244 1623 2313 punitus,
1647 2255 1704 2299 ut
1730 2245 1819 2301 illo
1848 2248 1900 2302 in
1933 2249 2022 2303 Dei
2048 2250 2111 2303 tl-

517 2332 646 2386 lium
672 2332 922 2402 adoptato
942 2332 985 2397 ‘,
1029 2332 1142 2403 ipse
1168 2347 1273 2387 non
1304 2335 1569 2404 acciperet
1594 2338 1842 2392 omnibus
1866 2340 2110 2395 :etatibns

517 2426 875 2481 necessarium
896 2466 910 2489 ,
937 2425 1074 2480 sicut
1095 2425 1328 2481 fatemini
1351 2469 1366 2494 ,
1391 2426 1825 2493 Sacramentnm;
1856 2432 1899 2485 si
1924 2449 2112 2502 quem-

516 2515 802 2571 admodum
830 2516 970 2571 nnlla
1000 2525 1084 2571 est
1112 2515 1320 2572 fortuna
1344 2519 1426 2574 vel
1452 2519 1636 2586 fatum,
1667 2522 1751 2577 vel
1779 2524 1916 2593 apud
1943 2525 2106 2580 Deum

516 2607 756 2677 acceptio
785 2621 1162 2677 personarum.
1209 2608 1278 2662 ita
1308 2609 1509 2665 nullum
1534 2621 1618 2666 est
1641 2614 1825 2683 gratia:
1854 2615 1968 2669 sine
2000 2633 2108 2672 me-

516 2701 635 2753 ritis
659 2697 878 2762 donum;
908 2698 1106 2753 nullum
1134 2699 1391 2771 originale
1411 2714 1706 2772 peccatum.
1738 2705 1869 2759 lluic
1892 2722 2108 2776 prorsus

518 2788 703 2843 infanti
747 2786 982 2858 linguam
1010 2798 1239 2844 vestram
1279 2806 1573 2862 vocemque
1611 2795 1954 2866 submittitis,
1982 2797 2109 2856 huic

516 2895 623 2934 non
654 2879 884 2948 loquenti
911 2880 1035 2950 quid
1068 2881 1355 2951 loquamini
1385 2897 1489 2938 non
1520 2882 1748 2940 habetis.

587 2971 815 3028 CAPUT
842 2971 969 3026 VIII.
995 3003 1070 3014 —
1093 2976 1178 3029 i7.
1209 2974 1340 3030 Boni
1367 2979 1516 3053 etiam
1544 2979 1823 3052 imperfecti
1858 2983 2107 3056 cupiditas

515 3065 701 3118 donum
724 3064 900 3134 gratia:
916 3074 1010 3129 est;
1035 3065 1258 3136 alioquin
1284 3068 1447 3138 gratia
1468 3070 1741 3124 secundum
1763 3074 1939 3127 merita
1953 3076 2107 3130 dare-

516 3164 617 3206 tur.
647 3152 762 3208 Jam
802 3169 942 3208 nunc
972 3154 1277 3221 videamus,
1322 3165 1380 3211 ut
1417 3172 1734 3228 possumus,
1780 3160 1883 3218 hoc
1924 3162 2104 3234 ipsum

515 3244 658 3314 quod
688 3246 873 3298 volunt
899 3245 1203 3327 praecedere
1222 3248 1275 3302 in
1298 3247 1533 3315 homine,
1561 3261 1617 3306 ut
1635 3253 1898 3325 adjutorio
1921 3259 2104 3327 gratia:

515 3335 705 3403 dignus
733 3333 989 3390 habeatur
1012 3377 1026 3401 ,
1055 3347 1110 3392 et
1136 3324 1218 3393 cui
1242 3340 1434 3396 merito
1457 3342 1573 3411 ejus
1600 3359 1704 3399 non
1729 3324 1979 3417 tanquam
2025 3350 2105 3404 in-

515 3424 692 3480 debita
734 3425 994 3481 tribuatur
1015 3469 1029 3492 ,
1067 3428 1161 3483 sed
1188 3428 1363 3485 debita
1401 3433 1570 3502 gratia
1601 3436 1927 3492 retribuatur
1955 3438 2009 3507 ³;
2039 3454 2104 3496 ac

514 3518 594 3571 sic
621 3518 789 3588 gratia
812 3518 921 3589 jam
962 3535 1067 3574 non
1104 3521 1175 3576 sit
1215 3523 1382 3592 gratia
1416 3515 1733 3584 :vidcamtis
1772 3539 1949 3587 tamen
1977 3532 2102 3602 quid

515 3608 643 3663 illud
673 3609 761 3663 sit.
785 3608 895 3665 Sub
919 3612 1121 3666 nomine
1138 3654 1153 3675 ,
1184 3613 1448 3685 inquiunt,
1479 3619 1658 3687 gratia:
1680 3620 1751 3674 ita
1776 3624 1938 3692 fatum
1962 3640 2102 3678 asse-

514 3712 653 3766 runt,
674 3710 730 3754 ut
754 3702 953 3767 dicant,
978 3704 1097 3773 quia
1122 3704 1219 3759 nisi
1241 3706 1395 3760 invito
1420 3716 1467 3761 et
1502 3708 1774 3765 reluctanti
1797 3714 1989 3768 homini
2017 3715 2101 3769 in-

511 3794 776 3864 spiraverit
801 3793 920 3848 boni
938 3837 953 3860 ,
981 3805 1027 3849 et
1055 3795 1214 3868 ipsius
1243 3799 1559 3871 imperfecti,
1591 3804 1919 3872 cupiditatem
1938 3806 1981 3877 ⁸,
2012 3826 2102 3864 nec

513 3901 545 3937 a
575 3885 710 3938 malo
740 3884 992 3940 declinare
1013 3928 1025 3950 ,
1058 3904 1148 3942 nec
1172 3888 1359 3944 bonum
1396 3897 1554 3962 possit
1594 3896 1835 3965 arripere.
1878 3898 1993 3953 Jam
2031 3901 2100 3958 de

512 3974 623 4030 fato
670 3985 723 4030 et
767 3978 933 4046 gratia
984 3995 1142 4049 quam
1191 3982 1363 4036 inania
1411 3984 1695 4054 loquantur
1721 3991 2098 4050 ostendimus:

512 4082 654 4122 nunc
682 4068 809 4123 illud
843 4077 928 4125 est
955 4071 1093 4140 quod
1121 4071 1381 4129 debemus
1398 4075 1674 4132 advertere
1694 4119 1708 4142 ,
1737 4091 1910 4134 utrum
1936 4083 2099 4140 invito

511 4171 566 4215 ct
595 4162 871 4217 reluctanti
902 4162 1099 4217 homini
1129 4164 1268 4221 Deus
1295 4164 1517 4236 inspiret
1556 4169 1679 4224 boni
1715 4172 2095 4244 cupiditatem,

514 4261 570 4307 nt
593 4252 703 4323 jam
731 4270 836 4308 non
858 4256 928 4309 sit
955 4255 1244 4322 reluctans,
1277 4273 1382 4313 non
1408 4260 1479 4315 sit
1509 4262 1722 4328 invitus,
1753 4265 1849 4320 sed
1870 4281 2098 4324 consen-

511 4344 651 4399 tiens
677 4344 837 4412 bono,
861 4355 916 4401 et
940 4347 1123 4403 volens
1148 4347 1365 4405 bonum.
1393 4349 1482 4406 Isti
1509 4353 1649 4408 enim
1679 4356 1881 4423 volunt,
1914 4359 1965 4413 in
1995 4358 2097 4414 ho-

511 4435 656 4491 mine
684 4435 754 4491 ab
781 4435 896 4506 ipso
925 4436 1138 4493 homine
1184 4439 1416 4511 incipere
1459 4445 1801 4511 cupiditatem
1847 4448 2007 4517 boni,
2038 4463 2097 4509 ιιι

511 4526 669 4596 hujus
695 4527 854 4597 empti
881 4527 1128 4583 meritum
1158 4530 1318 4585 etiam
1362 4533 1667 4601 perficiendi
1708 4540 1876 4608 gratia
1916 4556 2098 4597 conse-

510 4627 704 4685 quatur
734 4633 748 4670 :
779 4617 823 4671 si
853 4629 1028 4673 tamen
1054 4616 1158 4675 hoc
1197 4620 1383 4676 saltem
1425 4624 1628 4680 volunt.
1669 4622 1929 4699 Pelagius“
1952 4632 2094 4689 enim

511 4706 713 4763 facilius
741 4707 868 4761 dicit
894 4707 1099 4778 impleri
1123 4711 1261 4781 quod
1289 4712 1485 4767 bonum
1512 4725 1629 4780 est,
1665 4718 1708 4771 si
1739 4719 1952 4789 adjuvet
1977 4739 2099 4794 gra-

510 4799 602 4852 tia’.
625 4797 742 4866 Quo
765 4799 1154 4869 additamento,
1193 4804 1243 4858 id
1273 4815 1355 4861 est
1374 4848 1388 4870 ,
1429 4807 1674 4864 addendo
1703 4811 1965 4881 Facilius,
1996 4815 2097 4869 nti-

508 4904 612 4956 que
641 4889 903 4959 significat
931 4891 1031 4946 hoc
1053 4907 1113 4947 se
1146 4908 1332 4963 sapere
1352 4937 1365 4959 ,
1398 4899 1537 4968 quod
1563 4901 1768 4956 etiamsi
1793 4906 1977 4973 gratia:
2002 4907 2096 4962 de-

509 4979 665 5035 fuerit
686 4978 1005 5049 adju'torium
1024 5022 1039 5048 ,
1071 4991 1264 5054 potest,
1287 4988 1529 5055 quamvis
1554 4988 1853 5059 difficilius,
1886 4994 2091 5065 impleri

575 5152 593 5183 ι
619 5149 841 5201 Gallicani
863 5157 971 5202 Mss.
996 5154 1239 5212 omittunt,
1262 5155 1390 5208 redit
1411 5157 1479 5209 ad
1499 5171 1596 5210 vos.

572 5214 594 5245 ι
842 5221 893 5264 et
913 5214 1136 5325 galbani
1164 5223 1292 5279 Mssa,
1315 5217 1367 5270 in
1392 5220 1481 5271 Dei
1498 5219 1625 5287 filios
1646 5223 1889 5289 adoptato.
1923 5230 1997 5280 Sic
2015 5231 2091 5279 in-

572 5289 598 5325 l.
645 5289 657 5323 I
805 5311 819 5325 .
843 5288 896 5324 ιι.
955 5311 968 5325 .

506 5273 598 5326 ira.
625 5273 751 5324 libro
772 5275 819 5326 4.
843 5288 896 5324 ιι.
920 5275 968 5326 Ξ.

573 5309 1064 5413 ῗ
1082 5337 1163 5413 illa
1185 5342 1353 5413 verba,
1375 5348 1420 5413 et
1444 5342 1526 5413 cui
1545 5344 1718 5413 merito
1737 5347 1960 5413 ejttsnon
1982 5359 2090 5403 tan-

506 5408 653 5463 quam
686 5395 901 5474 indebita
920 5396 1203 5474 tribuatur,
1250 5395 1351 5474 sed
1379 5395 2086 5474 dehitairatis—'retrihnathr.

510 5461 707 5510 Exstant
749 5461 799 5509 in
851 5462 1088 5525 Vaticanis
1129 5469 1236 5525 Mss.
1293 5472 1342 5515 tn
1392 5461 1642 5519 Gallicanis
1678 5485 1797 5525 vero
1862 5461 2091 5524 hurewlel

508 5530 709 5599 μαριυς,
731 5529 776 5572 et
798 5520 877 5573 cui
899 5522 1212 5599 meritaejus,
1237 5538 1330 5576 non
1350 5534 1579 5592 umquam
1600 5520 2002 5599 indebita,qrati.t
2017 5520 2092 5589 re-

506 5582 1258 5669 τἰὲοειέιστλεοεῖεσεαξέξνυίίξι
1683 5582 1704 5669 ;

504 5703 554 5750 ω
571 5645 594 5674 ⁸
622 5646 695 5695 sic
739 5652 845 5696 uss.
895 5654 947 5698 At
965 5645 983 5650 ⁷
1003 5648 1119 5698 aliti
1147 5684 1162 5710 ,
1212 5655 1258 5700 rt
1311 5648 1465 5715 ipsam
1518 5651 1791 5721 imperfecti
1842 5657 2086 5725 cupidita-

556 5716 618 5750 an.

556 5716 618 5751 ιη.

1164 297 1435 354 CONTRA
1479 297 1656 353 DUAS
1697 298 2076 354 EPISTOIAS
2116 299 2677 371 PEL.\CI.\NORU.\L
2719 306 2776 361 S.
2817 307 3192 368 AUGUSTINI

3727 318 3844 374 εει

2238 418 2431 472 bonum
2462 436 2555 490 per
2579 420 2804 477 liberum
2831 426 3128 486 arbitrium.
3152 431 3256 489 Sed
3287 435 3434 504 istis,
3475 438 3603 508 quid
3642 439 3697 493 in
3735 437 3850 493 hac

2231 524 2291 563 re
2317 510 2579 579 sentiant,
2624 531 2726 568 non
2754 515 2821 570 de
2862 518 2953 572 illo
2980 532 3198 580 auctore
3240 526 3396 595 hujus
3437 528 3657 585 lwresis
3689 546 3849 599 pra!-

2231 602 2525 657 scribamus
2558 621 2571 657 :
2605 609 2972 675 permittamus
2996 629 3092 669 eos
3118 633 3239 672 cum
3278 636 3375 675 suo
3396 622 3568 678 libero
3597 623 3844 678 arbitrio

2230 706 2347 746 esse
2376 694 2570 748 liberos
2595 705 2650 751 et
2677 697 2745 751 ab
2776 700 2890 768 ipso
2912 702 3158 774 Pelagio;
3188 720 3347 780 atque
3390 711 3487 767 ista
3529 714 3689 768 verba
3737 729 3844 768 eo-

2229 797 2379 849 rum,
2411 801 2531 854 qu:e
2579 787 2628 839 in
2679 787 2777 843 hac
2804 793 2887 844 cui
2931 798 3315 865 respondemus
3345 801 3581 871 Epistula
3628 819 3846 875 posue-

2226 882 2351 925 runt
2369 915 2383 935 ,
2417 876 2588 943 potius
2615 879 2972 937 attendamus.

2298 965 2385 1019 18.
2417 966 2525 1021 lloe
2576 971 2716 1022 enim
2769 973 2921 1026 nobis
2949 975 3306 1045 objicieudnm
3356 993 3639 1051 putarunt,
3675 986 3840 1058 quod

2223 1053 2376 1109 invifo
2396 1066 2443 1109 et
2468 1058 2736 1113 reluctanti
2761 1061 2951 1118 homini
2970 1065 3134 1121 Deum
3158 1069 3389 1127 dicamus
3414 1075 3683 1144 inspirare,
3713 1094 3834 1132 non

2222 1147 2631 1218 quanticumque
2658 1150 2776 1206 boni
2793 1194 2808 1217 ,
2849 1156 2943 1210 sed
2982 1167 3029 1211 et
3062 1160 3224 1230 ipsius
3252 1163 3531 1234 imperfecti
3558 1169 3836 1238 cupidita-

2221 1245 2339 1290 tem.
2387 1237 2651 1295 Fortassis
2688 1259 2816 1313 crgo
2845 1246 2940 1316 ipsi
2983 1264 3050 1304 eo
3076 1252 3235 1306 modo
3268 1255 3457 1310 saltem
3488 1237 3711 1315 servant
3744 1262 3839 1315 lo-

2221 1343 2341 1382 cum
2383 1333 2603 1400 gratite,
2636 1345 2694 1387 ut
2723 1338 2838 1391 sine
2868 1339 2953 1393 illa
3000 1352 3184 1410 putent
3223 1344 3493 1405 hominem
3523 1367 3683 1423 posse
3724 1354 3837 1409 ba-

2221 1417 2347 1474 bere
2374 1421 2518 1487 boni,
2542 1425 2635 1479 sed
2666 1426 2962 1496 imperfecti
2987 1435 3355 1503 cupiditatem;
3388 1417 3603 1510 perfecti
3631 1455 3829 1501 autem

2220 1524 2324 1563 non
2355 1510 2561 1568 facilius
2588 1530 2683 1585 per
2712 1518 2857 1572 illam
2889 1537 3078 1591 posse,
3109 1526 3201 1581 sed
3236 1529 3334 1585 nisi
3377 1547 3472 1601 per
3514 1534 3656 1590 illam
3698 1553 3833 1592 om-

2219 1600 2347 1654 nino
2376 1618 2479 1657 non
2512 1620 2689 1674 posse.
2722 1608 2914 1665 Verum
2942 1623 2996 1668 et
3024 1617 3101 1670 sic
3124 1620 3346 1687 gratiam
3378 1622 3469 1678 Dei
3496 1624 3682 1682 dicunt
3723 1643 3825 1684 sc-

2217 1694 2448 1748 eundum
2472 1698 2658 1752 merita
2689 1708 2868 1756 nostra
2893 1702 3006 1759 dari
3038 1724 3054 1761 :
3082 1709 3222 1777 quod
3250 1710 3302 1765 in
3325 1711 3544 1770 Oriente
3569 1717 3827 1791 Pelagius

2216 1783 2592 1844 ecclesiasticis
2635 1788 2813 1846 Gestis
2858 1792 3099 1851 damnari
3152 1799 3387 1857 timendo
3432 1783 3726 1864 damnavit:
3759 1811 3824 1866 St

2216 1876 2358 1929 enim
2405 1876 2519 1933 sine
2548 1880 2638 1934 Dei
2677 1881 2846 1951 gratia
2880 1900 2977 1954 per
3004 1901 3103 1944 nos
3145 1888 3330 1962 incipit
3354 1896 3616 1965 cupiditas
3642 1899 3820 1967 boni;

2217 1966 2389 2038 ipsum
2420 1980 2650 2041 emptum
2681 1975 2784 2030 erit
2808 1978 3056 2034 meritum
3075 2022 3091 2048 ,
3130 1982 3216 2037 cui
3245 1994 3493 2053 tanquam
3532 2004 3595 2045 ex
3626 1966 3824 2048 debito

2214 2059 2398 2126 gratiae
2422 2061 2601 2117 veniat
2624 2063 2947 2135 adjutorium
2989 2087 3005 2151 ξ
3034 2086 3098 2126 ac
3124 2074 3201 2128 sic
3227 2076 3395 2145 gratia
3433 2078 3524 2135 Dei
3554 2097 3660 2136 non
3690 2099 3821 2153 gra-

2214 2148 2284 2203 tis
2306 2148 2619 2220 donabitur,
2665 2155 2759 2212 sed
2789 2148 3081 2217 secundum
3113 2166 3361 2221 meritum
3388 2180 3631 2226 nostrum
3656 2148 3821 2229 dabi-

2214 2247 2321 2294 tur.
2356 2240 2609 2298 Dominus
2637 2257 2814 2302 autent
2856 2259 2912 2303 ut
2954 2255 3300 2334 responderet
3342 2258 3519 2315 futuro
3551 2263 3771 2331 Pelagio
3794 2309 3813 2334 ,

2212 2343 2318 2383 non
2345 2329 2421 2383 ait
2444 2371 2460 2396 ,
2487 2331 2614 2388 Sine
2640 2350 2726 2391 me
2754 2336 2970 2395 difficile
2997 2332 3218 2411 potestis
3244 2347 3441 2419 aliquid
3470 2355 3643 2409 facere
3661 2329 3687 2419 ;V
3702 2329 3811 2413 sed

2212 2421 2324 2487 ait;
2362 2420 2488 2477 Sine
2513 2441 2593 2479 mc
2615 2427 2747 2482 nihil
2770 2434 2976 2500 potestis
2995 2438 3160 2506 facere
3184 2436 3363 2513 (Joan.
3395 2459 3499 2511 xv,
3542 2447 3619 2517 5).
3654 2449 3726 2504 Et
3753 2462 3816 2508 ut

2212 2514 2561 2583 responderet
2582 2516 2772 2576 futuris
2796 2525 2955 2579 etiam
2984 2526 3098 2583 istis
3126 2530 3177 2584 in
3205 2533 3389 2589 eadem
3431 2537 3542 2606 ipsa
3570 2514 3813 2613 evange-

2212 2603 2312 2659 lica
2333 2609 2617 2676 sententia,
2641 2628 2746 2667 non
2773 2615 2867 2683 ait,
2897 2616 3024 2672 Sine
3049 2637 3127 2675 me
3154 2623 3283 2679 nihil
3299 2603 3501 2694 potestis
3525 2603 3808 2703 perfice-Ure;

2210 2694 2304 2779 sed
2323 2738 2337 2760 ,
2369 2701 2552 2767 facere.
2581 2700 2710 2757 Nam
2738 2703 2783 2758 si
2817 2706 3076 2766 Pcrficere
3102 2712 3342 2784 dixisset,
3376 2733 3591 2788 possent
3619 2724 3704 2780 isti
3725 2727 3811 2783 di-

2209 2805 2355 2857 cere,
2383 2807 2488 2847 non
2515 2794 2582 2848 ad
2614 2796 2973 2867 incipiendum
3003 2803 3199 2861 bomun
3221 2850 3235 2873 ,
3266 2811 3406 2880 quod
3436 2829 3466 2868 a
3498 2817 3654 2872 nobis
3680 2832 3805 2889 est;

2210 2883 2301 2938 sed
2319 2884 2384 2939 ad
2408 2885 2810 2957 perficiendum,
2826 2907 2945 2948 esse
2966 2894 3058 2949 Dei
3072 2896 3393 2967 adjutorium
3416 2883 3806 2969 necessarium.

2210 2972 2409 3029 Verum
2438 2976 2652 3032 audiant
2677 2989 2730 3034 et
2752 2980 3087 3051 Apostolum.
3108 2986 3366 3046 Dominus
3391 2995 3535 3048 enim
3559 3012 3685 3053 cum
3707 3001 3803 3068 ait,

2209 3063 2338 3119 Sine
2364 3082 2444 3119 me
2470 3067 2598 3122 nihil
2624 3072 2827 3139 potestis
2857 3072 3063 3142 facere;
3094 3076 3193 3133 hoc
3234 3096 3340 3135 uno
3378 3084 3547 3140 verbo
3591 3063 3801 3147 initinni

2208 3153 2476 3226 finemque
2517 3156 2943 3230 comprehendit.
2993 3165 3280 3236 Apostolus
3324 3188 3488 3236 vero.
3544 3186 3803 3249 tanquam

2208 3248 2485 3303 sententiae
2509 3248 2791 3307 dominicae
2820 3256 3360 3328 expositor,apertius
3387 3248 3677 3339 utrumque
3703 3271 3805 3327 dis.

2207 3338 2400 3406 tinxit,
2428 3339 2612 3396 dicens
2645 3360 2658 3397 :
2696 3343 2946 3410 Quoniam
2968 3349 3130 3420 quiin
3178 3351 3314 3408 vobis
3341 3371 3471 3426 opus
3497 3338 3800 3417 bonumth-

2205 3434 2311 3501 pit,
2340 3435 2564 3504 perﬁciet
2588 3453 2744 3506 usque
2765 3438 2818 3493 in
2844 3440 2977 3495 diem
2999 3440 3187 3498 Christi
3210 3444 3336 3500 Jesu
3363 3448 3624 3524 (Philipp.
3658 3470 3697 3520 ι,
3723 3458 3797 3527 6).

2204 3520 2308 3578 Sed
2354 3524 2410 3579 in
2448 3523 2738 3597 Seriptnris
2762 3531 2963 3586 sanctis
3001 3534 3140 3603 apud
3186 3538 3431 3595 eumdem
3474 3520 3798 3614 apostolum,

2205 3612 2308 3668 isto
2354 3615 2496 3672 unde
2542 3619 2834 3689 loquimur,
2881 3625 3109 3694 amplius
3156 3628 3475 3691 invenimus.
3507 3612 3806 3709 Loqniniur

2202 3708 2345 3764 enim
2370 3726 2510 3767 nunc
2535 3711 2603 3768 de
2632 3713 2754 3769 boni
2782 3718 3088 3787 cupiditate,
3117 3737 3272 3793 quam
3299 3727 3343 3782 si
3366 3730 3554 3785 volunt
3576 3708 3802 3792 anubis

2209 3800 2466 3870 incipere,
2494 3817 2523 3857 a
2553 3803 2779 3860 Domino
2810 3808 3015 3877 perfici,
3044 3812 3258 3869 videant
3281 3817 3405 3886 quid
3435 3823 3806 3892 respondeant

2203 3889 2400 3944 dicenti
2432 3894 2688 3962 Apostolo
2720 3914 2735 3950 :
2769 3895 2889 3951 Non
2915 3902 3035 3971 quia
3062 3903 3230 3959 idonei
3249 3924 3423 3963 sumus
3449 3889 3680 3983 cogitare
3694 3918 3805 3969 ali-

2201 3979 2326 4048 quid
2347 3981 2363 4012 ¹
2393 3982 2539 4051 quasi
2559 3999 2621 4037 ex
2644 3985 3039 4059 nobismetipsis,
3067 3993 3155 4046 sed
3179 3997 3478 4067 su/ﬁcientia
3510 3979 3701 4058 nostra
3740 4023 3807 4061 ea:

2202 4066 2311 4123 Deo
2347 4080 2420 4125 est
2452 4069 2525 4144 (ll
2554 4072 2672 4127 Cor.
2705 4091 2788 4142 III,
2818 4078 2892 4149 5).
2924 4077 3189 4153 Cogitare,
3227 4066 3331 4154 ait,
3358 4092 3585 4161 aliquid,
3612 4097 3805 4166 utique

2201 4160 2396 4216 bonum
2424 4180 2436 4215 :
2471 4164 2647 4221 minus
2675 4177 2758 4223 est
2780 4180 2956 4225 autem
2982 4176 3217 4244 cogitare
3245 4196 3402 4250 quam
3432 4198 3652 4256 cupere.
3695 4188 3806 4245 Co-

2199 4251 2428 4321 gitamus
2452 4256 2649 4326 Quippe
2674 4273 2834 4315 omne
2860 4262 2999 4331 quod
3024 4267 3288 4337 cupimus,
3313 4287 3411 4327 nec
3439 4251 3616 4335 tamen
3646 4282 3802 4350 cupi-

2199 4356 2317 4396 mus
2344 4358 2503 4400 omne
2526 4345 2667 4416 quod
2689 4350 3016 4420 cogitainus;
3048 4360 3297 4427 quoniam
3330 4345 3802 4439 nonnunquamiet

2199 4433 2339 4502 quod
2376 4449 2481 4489 non
2508 4438 2753 4508 cupimus
2799 4444 3116 4513 cogitamus.
3148 4447 3282 4505 Cum
3314 4453 3472 4525 igitur
3500 4433 3682 4515 minus
3725 4463 3802 4519 sit

2198 4527 2433 4595 cogitare
2469 4543 2627 4598 quam
2668 4546 2865 4602 cupere
2903 4552 2917 4588 :
2963 4547 3137 4607 potest
3175 4542 3316 4596 enim
3349 4543 3511 4601 homo
3554 4552 3801 4621 cogitate

2198 4616 2418 4683 bonum,
2445 4620 2586 4690 quod
2615 4624 2848 4679 nondum
2872 4630 3038 4698 cupit;
3062 4641 3115 4686 et
3146 4637 3471 4701 prolicieado
3492 4616 3678 4711 postea
3700 4661 3799 4701 cn-

2197 4723 2328 4779 pere
2348 4750 2363 4773 ,
2405 4710 2545 4781 quod
2589 4723 2744 4768 antea
2775 4731 2879 4770 non
2907 4720 3174 4790 cupiendo
3202 4730 3451 4796 cogitavit
3480 4710 3798 4803 aquomodo

2198 4796 2264 4850 ad
2291 4797 2342 4851 id
2370 4798 2509 4868 quod
2536 4801 2710 4856 minus
2736 4815 2817 4859 est
2837 4846 2853 4872 ,
2887 4807 2938 4862 id
2978 4819 3060 4865 est
3083 4852 3099 4877 ,
3130 4814 3195 4868 ad
3223 4796 3558 4888 cogitandum
3590 4825 3793 4896 aliquid

2168 4884 2321 4940 -boni
2344 4903 2447 4940 non
2482 4903 2665 4945 sumus
2682 4893 2857 4950 idonei
2884 4906 3133 4969 tanquam
3153 4920 3218 4959 es
3251 4884 3795 4984 nobismetipsis-sed

2197 4978 2507 5033 sufficientia
2539 4993 2717 5038 nostra
2744 5001 2808 5041 ex
2839 4989 2946 5045 Deo
2968 5005 3086 5060 eSt;
3117 5009 3170 5051 et
3206 5000 3272 5054 ad
3299 5002 3350 5056 id
3378 5006 3519 5075 quod
3538 4978 3633 5064 ‘est
3660 4978 3799 5068 vam-

2197 5070 2335 5139 plius
2355 5111 2369 5131 ,
2397 5071 2450 5125 id
2495 5083 2611 5138 est,
2638 5076 3054 5149 adcupiendnm
3080 5088 3281 5161 aliquid
3307 5070 3430 5152 boui
3461 5101 3579 5157 sine
3605 5104 3795 5162 divino

2195 5160 2460 5229 adjutorio
2515 5165 2687 5222 idonei
2737 5187 2920 5228 sumus
2966 5193 3032 5232 cx
3081 5160 3249 5238 libero
3297 5188 3555 5246 arbitrio?
3606 5194 3795 5268 Neque

2196 5253 2336 5307 enim
2363 5266 2415 5309 et
2439 5254 2525 5310 hic
2546 5260 2833 5326 Apostolus
2854 5267 2946 5331 ait,
2973 5269 3091 5325 Non
3111 5275 3229 5342 quia
3248 5277 3415 5334 idonei
3444 5299 3619 5339 sumus
3643 5253 3765 5357 copi
3781 5321 3793 5330 -

2195 5355 2303 5400 tare
2329 5348 2467 5417 quod
2501 5351 2790 5419 perfectum
2818 5369 2919 5423 est,
2955 5372 3203 5434 tanquam
3233 5385 3296 5424 es
3339 5359 3793 5449 nobismetipsis:

2194 5438 2287 5492 sed
2329 5441 2581 5512 cogitare,
2615 5446 2717 5511 ait,
2757 5451 2984 5521 aliquid;
3025 5459 3110 5513 cui
3150 5466 3475 5522 contrarium
3515 5482 3600 5527 est
3631 5476 3790 5531 nihil.

2194 5527 2346 5584 Unde
2368 5543 2446 5584 est
2477 5533 2603 5610 illud
2649 5537 2853 5595 Domini
2886 5561 2900 5597 :
2943 5544 3071 5601 Sine
3099 5568 3176 5604 me
3214 5555 3341 5608 nihil
3366 5562 3572 5628 potestis
3597 5567 3792 5634 fatae.

2261 5620 2488 5677 CAPUT
2519 5624 2609 5678 IX.
2635 5657 2706 5667 —
2736 5631 2818 5685 l9.
2851 5634 3143 5707 Scripturas
3174 5620 3564 5723 interpretatur,
3597 5620 3794 5726 quibus

2255 5731 2272 5763 ι
2302 5732 2510 5783 ιἐιιίαιυι
2526 5737 2717 5790 codices
2735 5740 2811 5792 hic
2829 5743 3025 5803 addunt.
3052 5762 3085 5800 α
3100 5751 3248 5805 nobis.
