3984 6502
235 330 330 388 585

226 442 476 496 abutuntur
506 439 807 513 Pelagiani.
849 443 1225 500 Sednimirum
1251 447 1393 517 quod
1416 448 1670 518 scriptum
1697 459 1815 520 est,

231 533 447 588 Hominis
471 544 544 587 est
574 551 875 609 prosperare
895 555 984 594 cor
1002 579 1019 606 ,
1043 548 1092 594 et
1116 556 1147 592 a
1173 539 1394 595 Domino
1426 545 1686 614 responsio
1711 545 1814 600 lin-

221 640 326 695 gua
345 623 525 696 (Prov.
554 642 648 682 xv:
667 670 685 694 ,
717 630 808 700 1),
840 645 948 685 ιιοιι
975 630 1110 686 bene
1137 631 1484 703 intelligendo
1519 635 1776 690 falluntur
1797 678 1812 704 ,

220 725 275 772 ut
287 719 591 775 existiment
612 735 709 775 cor
725 736 1048 792 praeparare,
1077 723 1176 779 hoe
1196 732 1298 791 est,
1316 726 1512 782 bonum
1536 727 1808 794 inchoare,

216 812 326 866 sine
349 811 619 881 adjutorio
638 816 829 884 gratiae
855 816 957 871 'Dei
981 815 1048 872 ad
1080 816 1348 872 hominem
1391 821 1676 888 pertinere.
1702 821 1812 877 Ab-

215 903 282 957 sit
308 903 467 958 utsic
497 904 805 976 intelligant
845 906 940 961 lilii
970 908 1373 977 promissionis,
1410 920 1658 981 tanquam
1690 926 1810 966 cum

214 995 479 1050 audierint
510 997 796 1052 Dominum
843 1000 1108 1058 dicentem
1135 1042 1149 1065 ,
1183 1000 1310 1056 Sine
1334 1019 1414 1056 me
1440 1003 1570 1057 nihil
1607 1006 1814 1076 potestis

211 1089 376 1157 facere
393 1105 414 1152 ;
440 1091 591 1160 quasi
618 1091 946 1146 convincunt
986 1110 1106 1147 eum
1136 1094 1406 1160 dicentes,
1451 1095 1590 1151 Ecce
1615 1097 1732 1152 sine
1761 1105 1813 1152 te

210 1198 498 1253 possumus
529 1199 624 1239 cor
649 1201 954 1256 praeparare
984 1204 997 1240 :
1031 1197 1122 1241 aut
1150 1203 1273 1242 cum
1298 1188 1567 1244 audierint
1592 1205 1622 1243 a
1647 1189 1812 1245 Paulo

206 1278 480 1346 apostolo,
509 1276 633 1332 Non
659 1281 779 1348 quia
800 1281 971 1334 idonei
989 1298 1162 1335 sumus
1185 1282 1408 1353 cogitare
1441 1283 1635 1353 aliquid
1668 1285 1812 1354 quasi

207 1387 263 1426 es
289 1373 666 1445 nobismetipsis
683 1418 700 1444 ,
725 1378 818 1432 sed
836 1379 1130 1448 suﬁcientia
1148 1389 1322 1434 nostra
1346 1396 1408 1434 ex
1428 1379 1536 1434 Deo
1563 1389 1672 1446 est;
1694 1388 1810 1436 tan-

205 1480 368 1534 quam
401 1477 462 1523 et
488 1470 664 1539 ipsum
691 1472 1010 1526 convincunt
1038 1471 1279 1527 dicentes
1299 1512 1317 1539 ,
1345 1471 1487 1528 Ecce
1516 1471 1692 1528 idonei
1730 1489 1812 1527 su-

203 1577 325 1616 mus
347 1577 416 1617 ex
462 1565 868 1634 nobismetipsis
907 1580 1210 1635 praeparare
1233 1580 1362 1631 cor,
1390 1580 1454 1621 ac
1491 1581 1588 1636 per
1615 1565 1718 1621 hoc
1756 1576 1812 1622 et

203 1652 332 1708 boni
361 1655 569 1725 aliquid
610 1657 866 1727 cegitare.
894 1659 1022 1727 Quis
1059 1658 1204 1714 enim
1234 1667 1410 1729 potest
1457 1659 1574 1716 sine
1605 1661 1624 1692 ⁸
1669 1660 1808 1715 bona

201 1747 534 1815 cogitatione
559 1747 627 1801 ad
651 1748 850 1804 bonum
878 1764 970 1804 cor
997 1751 1339 1820 praeparare?
1361 1751 1514 1806 Absit
1541 1758 1600 1806 ut
1627 1752 1703 1806 sic
1728 1752 1808 1806 in-

203 1840 454 1910 telligant
474 1882 488 1904 ,
537 1841 641 1895 nisi
677 1843 889 1911 superbi
921 1843 1004 1897 sui
1032 1843 1232 1898 arbitrii
1263 1842 1574 1900 defensores
1599 1853 1654 1899 et
1683 1844 1805 1900 tidei

199 1933 482 1988 catholicae
513 1933 843 1990 desertores.
877 1935 1001 1991 Ideo
1026 1938 1223 2008 quippe
1266 1937 1521 2008 scriptum
1549 1949 1658 2004 est,
1694 1937 1805 1992 Ho-

199 2023 351 2078 minis
372 2034 448 2078 est
471 2042 768 2094 prwparare
797 2044 904 2094 cor,
927 2034 973 2082 et
995 2044 1028 2080 a
1058 2027 1274 2082 Domino
1299 2029 1558 2099 responsio
1580 2030 1804 2101 linguai;

199 2115 322 2184 quia
348 2115 512 2172 homo
543 2130 806 2187 praeparat
849 2135 942 2174 cor
964 2162 979 2186 ,
1027 2135 1131 2175 non
1171 2129 1351 2177 tamen
1381 2121 1496 2176 sine
1535 2121 1802 2190 adjutorio

201 2206 330 2272 Dei,
362 2211 449 2278 qui
497 2210 578 2264 sic
618 2211 788 2280 tangit
813 2225 939 2276 cor,
965 2220 1025 2266 ut
1069 2212 1229 2266 homo
1254 2222 1520 2284 praeparet
1543 2228 1637 2270 cor
1665 2213 1707 2267 ⁸.
1742 2212 1800 2268 In

197 2303 554 2369 responsione
573 2311 753 2356 autem
784 2303 996 2373 linguae,
1020 2304 1071 2358 id
1099 2313 1214 2371 est,
1247 2305 1300 2360 in
1325 2321 1392 2361 eo
1420 2306 1562 2376 quod
1589 2322 1797 2377 praepa-

199 2400 315 2445 rato
337 2392 487 2447 cordi
511 2394 691 2464 lingua
719 2393 895 2449 divina
922 2397 1244 2465 respondet,
1271 2396 1404 2452 nihil
1431 2399 1617 2482 operis,
1637 2397 1799 2454 habet

199 2484 378 2550 homo,
402 2486 497 2540 sed
533 2497 703 2541 totum
731 2497 814 2542 est
838 2503 867 2540 ιι
894 2487 1121 2542 Domino
1149 2489 1276 2544 Deo.

263 2577 356 2632 30.
382 2578 515 2633 Nam
544 2580 686 2634 sicut
706 2580 906 2635 dictum
946 2591 1047 2646 est,
1079 2580 1318 2635 Hominis
1375 2590 1447 2635 est
1503 2598 1797 2653 preparare

199 2685 307 2737 cur,
335 2679 378 2725 et
401 2688 434 2722 a
461 2670 680 2724 Domino
713 2673 975 2741 responsio
1006 2671 1228 2744 lingua;
1268 2673 1338 2727 ita
1383 2674 1543 2728 etiam
1595 2673 1793 2729 dictum

208 2772 309 2827 est,
360 2763 515 2832 Aperi
559 2781 635 2828 os,
681 2773 728 2817 et
777 2765 1057 2835 adimplebo
1107 2764 1238 2819 illud
1291 2764 1464 2838 (Psal.
1495 2766 1790 2838 Lxxx,H).

187 2854 458 2924 Quamvis
485 2859 626 2912 enim
657 2858 759 2914 nisi
779 2859 1062 2928 adjuvante
1089 2860 1200 2926 illo,
1229 2860 1344 2916 sine
1375 2877 1482 2932 quo
1503 2861 1633 2915 nihil
1666 2877 1791 2932 pos-

210 2959 402 3001 sumus
427 2947 615 3015 iacere,
642 2965 700 3004 os
726 2966 834 3005 non
861 2966 1143 3019 possumus
1170 2953 1379 3022 aperire
1421 2971 1433 3006 :
1466 2963 1642 3009 tamen
1694 2967 1790 3010 nos

218 3041 488 3107 aperimus
508 3041 642 3096 illius
682 3042 993 3112 adjumento
1035 3053 1089 3100 et
1121 3060 1286 3114 Opere
1339 3055 1554 3110 nostro;
1606 3047 1792 3118 implet

206 3137 388 3184 autem
416 3132 542 3186 illud
567 3133 819 3188 Dominus
870 3135 988 3191 sine
1040 3152 1205 3207 Opere
1234 3146 1435 3191 nostro.
1485 3137 1618 3193 Nam
1664 3139 1792 3209 quid

205 3231 283 3276 est
307 3239 609 3292 prarparare
632 3242 747 3293 cor,
779 3237 833 3283 et
848 3243 912 3284 os
941 3229 1168 3298 aperire,
1211 3229 1312 3284 nisi
1342 3229 1668 3285 voluntatem
1699 3246 1792 3301 pa-

212 3317 358 3371 rare?
380 3317 448 3371 Et
469 3327 652 3374 tamen
680 3321 734 3374 in
765 3321 968 3376 eisdem
1013 3321 1231 3378 Litteris
1272 3322 1481 3393 legitur,
1509 3321 1788 3395 Prtepara—

207 3418 281 3462 tur
315 3412 551 3466 uoluntas
601 3430 633 3465 a
684 3412 906 3468 Domino
959 3413 1140 3487 (Prov.
1169 3431 1296 3482 vm,
1330 3416 1661 3494 sec._LXX);
1713 3424 1787 3484 et,

204 3499 352 3554 Labia
381 3520 493 3557 mea
536 3505 754 3575 aperies,
804 3513 852 3560 et
898 3523 954 3561 os
995 3524 1160 3561 meum
1210 3507 1529 3562 annuntiabit
1586 3508 1790 3563 laudem

203 3601 332 3647 tuam
359 3593 533 3664 (Psal.
565 3613 618 3662 1.,
647 3595 758 3670 17).
792 3599 937 3655 Ecce
966 3601 1102 3655 Deus
1131 3600 1403 3668 admonet,
1433 3610 1490 3656 ut
1519 3616 1790 3672 prmpare-

201 3699 315 3739 mus
334 3686 667 3743 voluntatem
696 3691 745 3743 in
773 3705 841 3745 eo
861 3691 1001 3760 quod
1021 3691 1266 3762 legimus,
1297 3691 1534 3748 Hominis
1559 3702 1631 3748 est
1652 3709 1788 3764 ρνω-

203 3791 380 3843 pttrare
402 3794 492 3830 cor
522 3795 544 3832 :
571 3789 626 3833 et
666 3787 842 3835 tamen
897 3791 955 3835 ut
1003 3782 1104 3836 hoc
1150 3782 1304 3837 faciat
1349 3783 1532 3851 homo,
1571 3784 1790 3854 adjuvat

201 3865 363 3932 Deus;
393 3870 516 3937 quia
547 3881 870 3941 prteparatur
911 3873 1140 3926 voluntas
1172 3891 1204 3928 a
1226 3873 1468 3929 Domino.
1517 3875 1603 3942 Et,
1629 3876 1786 3946 Aperi

200 3972 271 4021 os,
303 3958 373 4012 ita
396 3959 528 4014 dicit
549 3961 790 4030 jubendo
821 3964 862 4029 ⁸,
892 3973 948 4019 ιιι
969 3981 1128 4020 nemo
1158 3967 1325 4036 possit
1349 3967 1452 4021 nisi
1479 3968 1594 4037 ipse
1624 3968 1676 4022 id
1711 3968 1788 4023 fa-

200 4049 299 4103 ciat
326 4050 654 4120 adjuvando,
683 4056 768 4109 cui
797 4056 1012 4124 dicitur,
1045 4057 1206 4112 Labia
1231 4075 1341 4113 mea
1378 4060 1590 4131 aperies.
1621 4059 1788 4116 Num-

199 4141 318 4210 quid
345 4143 570 4198 istorum
609 4147 773 4218 aliqui
800 4149 872 4202 ita
899 4149 1174 4218 desipiunt
1198 4149 1240 4217 ’⁸,
1273 4160 1332 4206 ιιι
1355 4152 1499 4208 aliud
1528 4169 1611 4221 os,
1638 4155 1778 4211 aliud

201 4231 332 4287 labia
359 4249 478 4290 esse
505 4239 854 4307 contendant,
881 4249 935 4294 et
964 4241 1191 4296 mirabili
1233 4244 1467 4300 vanitate
1511 4246 1784 4303 hominem

202 4325 374 4382 dicant
414 4343 478 4384 os
504 4331 739 4399 aperire,
773 4331 910 4386 labia
945 4333 1175 4389 hominis
1221 4335 1427 4390 Deum?
1466 4336 1781 4411 Quanquam

205 4418 340 4475 Deus
365 4423 483 4477 illos
511 4433 567 4478 et
605 4424 674 4479 ab
712 4411 816 4480 hac
856 4416 1185 4481 absurditate
1217 4431 1529 4498 compescit,
1573 4431 1659 4485 ubi
1716 4431 1785 4486 ad

205 4508 408 4583 Moysen
437 4513 691 4570 famulum
723 4533 878 4571 suum
906 4517 1052 4582 dicit,
1093 4517 1203 4590 Ego
1248 4522 1474 4592 aperiam
1516 4539 1573 4577 os
1618 4533 1780 4590 tuum,

205 4614 248 4657 et
273 4607 514 4662 instruam
536 4620 584 4662 te
610 4625 724 4680 qua:
743 4610 924 4664 debeas
943 4612 1082 4676 loqui
1105 4610 1300 4682 (Exod.
1323 4629 1397 4682 tv,
1427 4614 1539 4684 12).
1570 4616 1625 4670 In
1655 4632 1784 4674 sen-
1820 4619 1828 4656 ⁷

207 4700 357 4753 tentia
371 4716 501 4772 ergo
532 4702 622 4756 illa
646 4702 734 4757 ubi
764 4703 978 4770 dicitur,
1028 4704 1184 4775 Aperi
1202 4721 1278 4772 os,
1320 4715 1364 4760 et
1390 4707 1676 4780 adimplebo
1714 4713 1782 4767 il-

208 4790 328 4855 lud;
386 4795 540 4864 quasi
611 4811 774 4850 unum
858 4811 1042 4852 eorum
1107 4795 1317 4854 videtur
1370 4799 1438 4855 ad
1509 4801 1778 4860 hominem

264 5034 281 5102 ξ
308 5035 429 5102 Αριιᾲ
455 5042 558 5085 Am.
597 5043 672 5102 Er.
695 5043 748 5088 et
784 5047 894 5102 nov.
920 5039 1148 5102 omissum
1169 5047 1305 5102 erat,
1344 5039 1465 5094 sine.
1493 5047 1778 5098 Restitutum

207 5089 287 5172 fuit
447 5099 748 5172 posteriores
769 5098 955 5172 aliquot
967 5089 1224 5164 editiones,
1247 5089 1442 5167 quibus

208 5158 304 5205 ις.
320 5157 538 5210 οειιιιξεωι
559 5169 611 5210 et
625 5161 848 5211 Vaticani.

271 5219 290 5247 ²
310 5229 400 5268 Αιῑι.
420 5222 585 5293 genis
606 5228 652 5272 te
675 5222 866 5293 tangit?
899 5237 999 5274 cor.
1025 5233 1176 5276 Homo
1209 5234 1453 5293 praeparet
1474 5243 1574 5280 cor.
1609 5238 1683 5282 Er.
1723 5243 1776 5286 et

209 5281 326 5354 ιρι..
351 5281 606 5354 qui
643 5281 910 5354 cor,_'ltomo
943 5294 1186 5354 praeparat
1209 5281 1325 5339 ἔοικ’
1351 5297 1399 5339 ιιι
1425 5281 1774 5354 posterioribus

212 5338 373 5417 aliquot"
394 5338 689 5417 editio'iiibus
711 5338 782 5397 sic
803 5362 869 5417 ex
891 5338 1167 5410 conjectura
1181 5338 1654 5417 εστι-βοιιιιὶιξῆἦῖέῖ
1665 5338 1760 5407 iiii.

290 5415 379 5473 cor,
401 5404 935 5475 horno_prteparat_cor
973 5404 994 5459 Ξ
1022 5419 1162 5475 recte
1193 5414 1420 5475 quidem,
1457 5404 1547 5465 sed
1570 5404 1774 5470 alteram

233 5469 446 5536 ﬁctionem
467 5469 986 5536 idcireeprtetnlimus,
1027 5473 1156 5536 quod
1187 5469 1476 5526 auctoritate
1500 5469 1774 5531 nostrorum

211 5528 400 5592 omnium
423 5537 528 5580 Mss.
549 5528 898 5583 Gallicanorum
924 5528 980 5584 et
1000 5528 1330 5587 Vaticana-um
1345 5528 1676 5592 conﬁrmetur.

214 5586 516 5700 ur‘I-Ji
531 5592 716 5657 aperiet
737 5607 806 5657 os,
829 5593 899 5645 ita
905 5586 1364 5662 jubendo;omisso,
1376 5586 1772 5667 ᾱξὶἱιξᾶιὲῖιέειιι-

267 5710 347 5793 ξέιι
557 5719 774 5793 ριξτᾳιὶρ.
796 5731 820 5793 έν
845 5725 966 5793 Mssa
994 5732 1063 5793 An
1084 5721 1318 5793 numquid
1342 5723 1424 5775 isti
1473 5725 1594 5778 adeo
1625 5742 1772 5793 usque

467 5785 607 5829 Forte
628 5777 926 5842 legendum:
958 5787 1048 5830 ,mt
1344 5769 1440 5837 Eii}.

462 5885 691 5948 Ssue'r.
738 5884 1014 5948 Ausus'r.
1052 5889 1130 5949 Χ.

1457 390 1463 395 .
1518 335 1722 394 LIBER
1781 337 2154 397 SECUNDUS.

3409 360 3516 418 586

1925 453 2212 523 pertinere,
2265 457 2491 514 alterum
2539 459 2606 516 ad
2664 462 2831 541 Deum
2879 483 2894 521 :
2936 467 2988 522 in
3037 467 3138 526 hac
3196 482 3376 530 autem
3424 479 3514 534 ubi

1924 544 2138 614 dicitur,
2172 547 2284 619 Ego
2322 553 2550 620 aperiam
2570 571 2626 608 os
2646 567 2810 628 tuum,
2833 568 2880 612 et
2919 560 3165 618 instruam
3211 575 3515 634 te;utrum—

1922 651 2026 706 que
2073 641 2140 694 ad
2189 639 2378 696 Deum.
2435 644 2610 712 Quare
2664 648 2784 718 hoc,
2837 653 3076 726 nisiquia
3119 659 3172 714 in
3224 675 3332 718 uno
3383 663 3516 720 isto-

1921 743 2038 783 rum
2065 743 2386 802 cooperatur
2414 737 2616 794 homini
2647 740 2883 813 facienti,
2911 749 3136 807 alterum
3165 731 3314 812 solus
3340 757 3510 814 facit?

1917 1004 2046 1062 facit
2073 1008 2211 1064 Deus
2228 1020 2288 1066 ut
2315 1014 2474 1070 faciat
2501 1015 2679 1075 homo.
2701 1021 2934 1081 Proinde
2954 1004 3216 1097 cupiditas
3240 1004 3366 1089 boni
3398 1052 3505 1092 non

1918 1097 2120 1156 homini
2145 1118 2174 1158 a
2217 1105 2444 1163 Domino
2481 1121 2644 1179 esset,
2677 1115 2723 1169 si
2747 1112 2942 1172 bonum
2975 1136 3080 1176 non
3124 1135 3271 1180 esset
3299 1143 3313 1180 :
3341 1128 3387 1184 si
3413 1146 3509 1184 au-

1917 1198 2023 1245 tem
2074 1193 2271 1250 bonum
2312 1209 2413 1263 est,
2457 1217 2563 1257 non
2622 1205 2723 1261 nisi
2785 1209 2852 1263 ah
2893 1210 2986 1265 illo
3044 1215 3199 1272 nobis
3262 1230 3365 1288 est,
3415 1225 3547 1292 qui,

1916 1298 2127 1342 summe
2155 1299 2314 1360 atque
2341 1293 2846 1355 iucommutabiliter
2886 1303 3056 1360 bonus
3100 1318 3203 1363 est.
3234 1311 3370 1378 Quid
3425 1326 3510 1372 est

1915 1379 2058 1433 enim
2090 1379 2212 1436 boni
2234 1385 2516 1454 cupiditas,
2569 1390 2669 1445 nisi
2709 1391 2966 1462 Charitas,
3013 1397 3081 1453 de
3112 1415 3213 1470 qua
3271 1403 3508 1462 Joannes

1913 1477 2189 1542 apostolus
2211 1479 2327 1536 sine
2353 1483 2698 1554 ambiguitate
2739 1489 2973 1560 loquitur
3013 1494 3219 1564 dicens,
3276 1498 3508 1556 Charitas

1913 1580 1976 1619 ex
1995 1566 2104 1622 Deo
2130 1581 2202 1624 est
2233 1573 2276 1640 (Ι
2306 1573 2461 1630 Joan.
2493 1594 2563 1643 ιν,
2599 1578 2680 1652 7)?
2706 1581 2815 1638 Nec
2845 1585 3054 1642 initium
3082 1591 3198 1662 ejus
3225 1609 3294 1648 ex
3329 1597 3502 1664 nobis,

1911 1666 1964 1712 et
1986 1661 2242 1728 perfectio
2271 1666 2386 1752 ejus
2415 1684 2484 1724 ex
2509 1670 2653 1738 Deo;
2679 1676 2772 1729 sed
2793 1677 2837 1732 si
2857 1677 3090 1736 charitas
3110 1699 3180 1739 ex
3214 1684 3346 1753 Deo,
3394 1661 3507 1748 tota

1911 1750 2063 1806 nobis
2090 1769 2157 1808 ex
2187 1757 2296 1812 Deo
2313 1743 2414 1814 est.
2445 1762 2662 1819 Avertat
2692 1767 2834 1822 enim
2863 1770 3000 1826 Deus
3027 1775 3164 1830 hanc
3189 1781 3501 1848 amentiam,

1911 1850 1967 1896 ut
2005 1842 2060 1897 in
2081 1845 2236 1901 donis
2265 1849 2383 1919 ejus
2428 1868 2525 1908 nos
2571 1855 2779 1924 priores
2817 1859 3097 1927 faciamus,
3145 1872 3500 1936 posteriorem

1909 1931 2082 2002 ipsum
2117 1951 2130 1988 :
2159 1943 2410 2008 quoniam
2443 1947 2786 2005 misericordia
2813 1955 2922 2024 ejus
2938 1931 3205 2028 prameniet
3224 1979 3304 2017 me
3326 1963 3500 2039 (Psal.

1907 2040 2052 2092 LVIII,
2079 2030 2190 2102 ll);
2216 2043 2270 2087 et
2297 2033 2411 2106 ipse
2447 2049 2531 2093 est
2569 2042 2653 2095 cui
2703 2042 2936 2101 ﬁdeliter
2958 2030 3499 2125 veraciterque‘can-

1909 2124 2066 2184 tatur,
2101 2119 2356 2188 Quoniam
2380 2133 2667 2197 prwvenisti
2709 2152 2821 2190 eum
2865 2138 2918 2192 in
2944 2119 3288 2199 benedictione
3322 2147 3498 2204 dulce-

1905 2211 2038 2267 dinis
2072 2214 2241 2287 (Psal.
2285 2235 2375 2286 xx,
2406 2221 2486 2296 4).
2527 2224 2598 2280 Et
2633 2228 2760 2298 quid
2801 2230 2887 2285 hic
2935 2236 3110 2303 aptius
3158 2239 3492 2312 intelligitur,

1903 2320 2060 2376 quam
2108 2309 2220 2379 ipsa
2269 2312 2338 2369 de
2394 2333 2496 2386 qua
2523 2318 2794 2390 loquimur
2831 2327 3093 2396 cupiditas
3134 2329 3301 2386 boni?
3333 2309 3501 2392 ⁷Τιιιιιι

1902 2403 2046 2452 enim
2078 2399 2276 2457 bonum
2328 2411 2631 2478 concupisci
2678 2413 2882 2484 incipit,
2933 2421 3146 2488 quando
3189 2423 3498 2484 dulcescere

1900 2491 2144 2559 cmperit.
2178 2495 2404 2562 Quando
2430 2510 2608 2556 autem
2657 2505 2852 2562 timore
2909 2525 3101 2579 pmuae,
3152 2529 3259 2571 non
3310 2533 3497 2578 amore

1894 2578 2116 2648 justitiae
2137 2583 2196 2639 ﬁt
2214 2586 2428 2654 bonum,
2465 2592 2702 2650 nondum
2719 2596 2856 2654 bene
2878 2578 2938 2655 fit
2967 2603 3196 2670 bonum;
3229 2624 3328 2664 nec
3358 2613 3496 2671 litin

1899 2675 2062 2729 corde
2091 2679 2232 2748 quod
2255 2683 2369 2737 lieri
2390 2678 2602 2742 videtur
2629 2689 2680 2743 iu
2697 2705 2877 2760 opere,
2901 2699 3114 2764 quando
3136 2703 3315 2758 mallet
3333 2705 3496 2764 homo

1899 2783 2007 2859 non
2033 2769 2230 2839 facere,
2263 2777 2307 2829 si
2348 2789 2529 2846 posset
2576 2781 2814 2852 impune.
2855 2789 2992 2859 Ergo
3031 2792 3335 2854 benedictio
3378 2802 3495 2858 dul-

1897 2858 2120 2926 cedinis,
2148 2872 2232 2918 est
2261 2869 2428 2934 gratia
2475 2871 2588 2936 Dei,
2624 2889 2729 2944 qua
2756 2877 2815 2930 lit
2839 2878 2890 2933 in
2933 2858 3090 2939 nobis
3119 2895 3175 2940 ut
3214 2905 3311 2944 nos
3341 2891 3490 2949 dele-

1897 2959 2006 3006 ctet
2028 2963 2082 3009 et
2098 2956 2395 3026 cupiamus,
2431 2961 2532 3019 hoc
2557 2974 2662 3030 est,
2685 2961 2930 3026 amemus
2957 2976 3100 3044 quod
3133 2984 3374 3054 pra-cipit
3396 3003 3493 3041 uo-

1895 3042 2008 3112 bis;
2038 3047 2090 3134 in
2119 3063 2220 3119 qua
2242 3052 2288 3106 si
2319 3068 2417 3108 nos
2447 3071 2551 3110 non
2577 3062 2837 3128 praevenit
2858 3064 3020 3133 Deus,
3054 3084 3162 3124 non
3185 3042 3357 3130 solum
3379 3095 3486 3134 non

1896 3132 2195 3200 perficitur,
2227 3137 2322 3192 sed
2351 3155 2451 3196 nec
2480 3141 2759 3200 inchoatur
2797 3164 2862 3203 ex
2891 3132 3061 3207 nobis.
3103 3155 3160 3210 Si
3202 3159 3346 3215 enim
3374 3132 3491 3220 sine

1895 3220 1986 3274 illo
2013 3223 2146 3278 nihil
2174 3241 2456 3295 possumus
2483 3231 2682 3302 facere,
2717 3240 2960 3308 profecto
2984 3261 3083 3301 nec
3113 3247 3371 3320 incipere.
3390 3271 3490 3311 nec

1895 3316 2154 3384 perlicere
2195 3337 2207 3373 :
2250 3322 2372 3392 quia
2414 3334 2472 3379 ut
2499 3326 2837 3400 incipiamus,
2893 3334 3094 3392 dictum
3135 3316 3250 3408 esti,
3286 3344 3491 3400 Miseri-

1895 3407 2070 3460 cordia
2091 3410 2200 3480 ejus
2227 3416 2495 3482 prteveniet
2521 3435 2622 3485 me;
2650 3431 2706 3475 ut
2751 3423 3116 3498 perficiamus,
3149 3407 3350 3490 dictum
3380 3449 3485 3508 est,

1897 3496 2248 3600 Misericordia
2275 3507 2385 3576 ejus
2409 3510 2737 3583 subsequatur
2762 3534 2842 3572 me
2870 3520 3043 3589 (Psal.
3079 3496 3206 3592 sx",
3237 3529 3316 3600 6).

1964 3590 2190 3650 CAPUT
2219 3595 2287 3651 Χ.
2315 3628 2384 3642 --
2409 3600 2500 3655 22.
2531 3604 2822 3662 Secundum
2841 3613 2988 3682 cujus
3027 3590 3343 3687 propositum
3390 3641 3482 3680 uo-

1893 3692 2068 3738 centur
2091 3687 2255 3740 electi.
2289 3690 2425 3759 Quid
2447 3703 2531 3750 est
2556 3712 2706 3768 ergo,
2738 3704 2878 3771 quod
2911 3705 2962 3759 in
3002 3716 3477 3787 consequentibus,

1893 3777 1982 3831 ubi
2025 3794 2086 3833 ea
2134 3796 2252 3851 qua:
2278 3784 2377 3854 ipsi
2423 3791 2660 3845 sentiunt
2701 3808 3146 3870 commemorant,
3185 3777 3380 3865 dicunt

1892 3871 2155 3976 confiteri,
2191 3893 2208 3927 ι
2245 3879 2468 3947 gratiam
2495 3899 2707 3955 quoque
2757 3889 3011 3959 adjuvare
3058 3899 3481 3976 uniuscujusque

1893 3961 2090 4018 bonum
2135 3971 2488 4039 propositum,
2535 3990 2640 4029 non
2684 3988 2860 4035 tamen
2911 3985 3194 4045 reluctanti
3245 3961 3481 4052 studium

1894 4055 2108 4110 virtutis
2125 4057 2433 4117 immittere?
2458 4082 2477 4116 ι
2498 4064 2608 4120 Hoc
2628 4070 2824 4140 quippe
2844 4073 2913 4127 ita
2933 4075 3134 4147 dicunt,
3161 4083 3304 4140 velut
3318 4086 3482 4146 homo

1891 4160 1921 4199 a
1943 4161 2003 4202 se
2029 4148 2144 4216 ipso
2173 4151 2291 4206 sine
2319 4153 2584 4223 adjutorio
2605 4159 2697 4214 Dei
2717 4161 2911 4220 habeat
2928 4173 3258 4240 propositum
3279 4179 3479 4237 bonum

1890 4240 2232 4313 studiumque
2259 4247 2486 4314 virtutis,
2537 4267 2642 4321 quo
2672 4257 2866 4313 merito
2909 4266 3243 4330 pr:rcedente
3287 4272 3480 4346 dignus

1889 4332 1958 4386 sit
1982 4334 2224 4404 adjuvari
2255 4339 2346 4394 Dei
2375 4345 2545 4411 gratia
2574 4349 2950 4420 subsequente.
2976 4355 3172 4416 Putant
3201 4332 3477 4424 enitnvforé

1891 4434 2032 4529 titsse
2059 4429 2130 4486 ita
2155 4433 2356 4491 dixisse
2396 4440 2731 4510 Apostolum,
2767 4444 2972 4502 Scimus
3005 4455 3124 4521 quia
3152 4455 3477 4529 diligentibus

1889 4515 2056 4573 Deum
2084 4525 2252 4576 omnia
2279 4541 2580 4596 cooperatur
2602 4533 2617 4563 ί
2647 4535 2699 4587 in
2722 4535 2925 4601 bonum,
2974 4542 3037 4596 iis
3075 4547 3164 4614 qui
3201 4515 3476 4610 secundum

1889 4613 2205 4680 propositum
2234 4619 2397 4670 vocati
2427 4629 2574 4686 sunt;
2606 4633 2663 4677 ut
2690 4631 3020 4697 propositum
3053 4613 3288 4697 hominis
3316 4646 3476 4704 vellet

1890 4701 2133 4775 intelligi,
2160 4709 2300 4776 quod
2331 4717 2662 4782 propositum
2696 4728 2943 4790 tauquam
2977 4726 3175 4786 bonum
3221 4701 3470 4796 meritum

1888 4805 2144 4864 sequatur
2163 4801 2527 4860 misericordia
2552 4812 2790 4866 vocantis
2821 4813 2912 4868 Dei
2946 4834 2958 4869 :
3001 4819 3307 4890 ignorantes
3353 4831 3474 4890 ideo

1887 4887 2086 4943 dictum
2113 4904 2256 4957 esse,
2288 4894 2375 4963 qui
2403 4899 2679 4953 secundum
2706 4887 3214 4975 propositunt'uocati
3249 4932 3385 4987 sunt,

1888 4979 2002 5047 Dei,
2051 4999 2155 5037 non
2204 4984 2433 5042 hominis
2482 4995 2814 5060 propositum
2864 4998 3210 5075 intelligatur,
3245 5028 3350 5081 quo
3374 4979 3474 5072 eos

1883 5088 2004 5142 quos
2070 5077 2316 5144 prwsciuit
2365 5089 2410 5132 et
2465 5083 2836 5152 praedestinavit
2905 5099 3188 5165 conformes
3235 5077 3472 5177 imaginis

1886 5163 2009 5220 Filii
2029 5170 2107 5221 sui
2139 5169 2311 5240 (Rom.
2345 5189 2453 5237 \‘lll,
2482 5174 2572 5242 28,
2606 5177 2717 5248 29),
2749 5182 2907 5252 elegit
2929 5163 3052 5241 ante
3107 5195 3288 5248 mundi
3335 5163 3470 5252 eon-

1883 5261 2214 5318 stitutionem
2241 5263 2452 5337 (Ep/tes.
2479 5285 2517 5332 ι,
2547 5270 2626 5342 4).
2647 5272 2760 5327 Non
2784 5277 2924 5330 enim
2943 5295 3130 5337 omnes
3156 5291 3351 5355 vocati,
3385 5307 3464 5346 se-

1882 5353 2111 5408 cundum
2143 5360 2472 5426 propositum
2503 5373 2630 5418 sunt
2658 5368 2830 5421 vocati
2865 5385 2878 5420 :
2907 5374 3157 5438 quoniam
3197 5353 3350 5434 multi
3380 5398 3464 5438 vo-

1880 5446 2004 5509 eati,
2037 5448 2186 5516 pauci
2210 5451 2360 5504 electi
2386 5451 2595 5520 (Matth.
2626 5472 2714 5519 xx,
2751 5457 2859 5530 l6).
2893 5459 2996 5530 Ipsi
3018 5481 3146 5534 ergo
3171 5471 3462 5529 secundum

1881 5538 2214 5608 propositum
2267 5544 2461 5610 vocati,
2519 5546 2611 5616 qui
2655 5549 2812 5606 electi
2857 5564 2981 5611 ante
3029 5561 3462 5624 constitutionem

1876 5753 2081 5865 “vi”
2106 5761 2182 5804 Er.
2210 5765 2261 5808 et
2283 5759 2499 5812 nonnulli
2525 5762 2726 5815 eGallic.
2754 5773 2859 5819 Mss.
2903 5770 2981 5821 hic
3028 5783 3078 5825 et
3114 5777 3232 5830 infra
3251 5817 3264 5842 ,
3296 5796 3442 5850 coops

2776 5920 3181 6008 (Dia-new.)
