3984 6522
476 366 576 422 591

473 477 780 538 inﬁrmitate
807 495 820 529 :
848 487 984 546 quos
1023 483 1198 527 tamen
1239 473 1378 526 Deus
1402 487 1430 524 a
1458 472 1578 525 ﬁliis
1604 471 1798 526 diaboli
1827 485 1933 526 non
1963 483 2048 524 so-

474 571 582 626 lum
611 572 818 625 lavacro
843 563 1281 635 regenerationis,
1311 561 1402 616 sed
1435 563 1598 631 ipsius
1625 563 1783 616 etiam
1808 577 1926 631 qum
1959 575 2054 630 per

474 662 808 718 dilectionem
855 662 1103 724 operatur
1155 651 1348 722 (Galat.
1394 667 1447 718 v,
1489 651 1565 721 6),
1615 651 1738 706 ﬁdei
1792 651 2052 720 probitate

474 752 754 812 discernit;
783 747 904 818 quia
929 747 1102 815 justus
1129 761 1194 800 ex
1227 743 1328 798 ﬁde
1353 743 1481 797 vivit
1510 741 1684 815 (Rom.
1717 760 1754 809 ι,
1781 742 1893 813 l7).
1929 743 2052 797 Hmc

474 854 649 898 autem
675 839 948 896 inﬁrmitas
962 837 1003 901 ί,
1025 852 1145 890 cum
1167 852 1269 906 qua
1295 851 1458 904 usque
1477 834 1543 889 ad
1566 835 1804 903 corporis
1825 844 2052 888 mortem

473 937 676 993 defectu
724 943 777 988 et
821 932 1058 1002 proiectu
1102 930 1396 984 alternante
1425 928 1813 994 contendimus,
1846 927 2053 997 magni—

471 1045 572 1101 que
613 1029 834 1084 interest
870 1024 994 1096 quid
1023 1023 1197 1078 vincat
1225 1022 1276 1076 in
1307 1023 1479 1086 nobis,
1521 1023 1923 1092 regeneratione
1950 1022 2051 1075 alia

471 1135 848 1186 consumetur;
891 1121 956 1175 de
981 1135 1082 1189 qua
1110 1120 1362 1174 Dominus
1387 1118 1534 1184 dicit,
1565 1117 1632 1172 In
1656 1117 2048 1188 regeneratione,

471 1234 584 1270 cum
627 1215 812 1270 sederit
865 1212 1029 1266 Filius
1079 1213 1293 1265 hominis
1339 1213 1392 1264 in
1438 1213 1552 1264 sede
1601 1210 1879 1280 majestatis
1921 1224 2048 1274 sure,

469 1307 700 1362 sedebitis
750 1315 796 1358 et
849 1321 932 1358 eos
980 1321 1130 1372 super
1179 1303 1317 1356 sedes
1370 1301 1630 1356 duodecim
1675 1301 1885 1374 (Matth.
1940 1316 2047 1366 χιχ,

469 1399 585 1472 28),
631 1408 732 1454 etc.
783 1397 1256 1468 Regeuerationem
1305 1395 1497 1464 quippe
1545 1393 1648 1448 hoc
1700 1393 1838 1459 loco,
1879 1392 2050 1446 ambi-

469 1499 628 1560 gente
653 1491 814 1554 nullo,
842 1487 1181 1542 novissimam
1209 1485 1649 1539 resurrectionem
1674 1491 1857 1537 vocat:
1891 1497 2050 1551 quam

474 1583 666 1638 Paulus
697 1596 906 1651 quoque
941 1579 1210 1648 apostolus
1254 1587 1306 1630 et
1351 1576 1688 1645 adoptionem
1737 1585 1792 1630 et
1837 1572 2048 1630 redem-

473 1676 707 1745 ptionem
749 1683 1036 1742 nutICUpat,
1066 1672 1268 1737 dicens,
1295 1671 1398 1724 Sed
1427 1671 1576 1724 etiam
1605 1687 1694 1723 nos
1737 1670 1836 1740 ipsi
1875 1669 2052 1739 primi-

469 1767 563 1819 tias
592 1766 800 1836 spiritus
829 1765 1087 1826 habentes,
1112 1771 1158 1816 et
1178 1761 1275 1832 ipsi
1301 1763 1353 1814 in
1373 1761 1739 1831 nobismetipsis
1765 1759 2051 1831 ingemisci-

470 1874 601 1924 mus,
632 1857 952 1927 adoptionem
991 1863 1354 1921 exspectantes,
1398 1851 1790 1922 redemptionem
1827 1851 2051 1920 corporis

469 1951 624 2004 nostri
663 1949 838 2019 (Rom.
869 1963 976 2009 vni,
1027 1947 1140 2019 25).
1187 1945 1450 2015 Numquid
1495 1959 1598 2000 non
1643 1959 1738 2016 per
1779 1943 2048 1998 lavacrum

468 2053 706 2098 sanctum
739 2041 1055 2111 regenerati,
1085 2039 1320 2108 ad0ptati
1350 2045 1404 2092 et
1427 2037 1686 2108 redempti
1713 2037 1940 2092 sumus?
1987 2036 2051 2090 Et

469 2144 644 2188 tamen
688 2139 854 2187 restat
897 2131 1248 2200 regeneratio,
1277 2129 1514 2196 adoptio,
1545 2127 1858 2198 redemptio,
1891 2143 2050 2198 quam

467 2227 519 2280 in
545 2227 648 2280 ﬁne
673 2219 946 2279 v'enturam
976 2239 1114 2278 nunc
1149 2223 1410 2292 patienter
1437 2231 1748 2291 exspectare
1769 2221 2046 2288 debemus,

467 2327 520 2372 ut
552 2325 678 2370 tunc
715 2315 806 2368 ﬁlii
847 2314 1003 2384 hujus
1037 2313 1217 2368 saeculi
1254 2329 1321 2366 ex
1350 2312 1490 2366 nulla
1537 2319 1684 2382 parte
1719 2313 1828 2382 jam
1859 2312 2045 2366 simus.

467 2407 715 2476 Quisquis
751 2406 908 2476 igitur
937 2405 1248 2474 Baptismati
1297 2404 1536 2473 derogat,
1565 2403 1706 2473 quod
1751 2403 1908 2458 modo
1957 2419 2052 2472 per

467 2497 594 2553 illud
643 2497 982 2568 percipimus,
1027 2494 1320 2565 corrumpit
1359 2494 1514 2550 ﬁdem
1543 2513 1560 2549 :
1588 2496 1826 2566 quisquis
1873 2503 2048 2550 autem

463 2589 572 2658 jam
597 2602 742 2642 nunc
769 2587 820 2642 ei
849 2586 1046 2650 tribuit,
1070 2585 1210 2656 quod
1237 2584 1450 2655 quidem
1488 2601 1581 2654 per
1608 2586 1800 2654 ipsum,
1831 2585 1924 2640 sed
1967 2595 2048 2639 ta-

468 2695 590 2734 men
637 2689 819 2748 postea
861 2676 1158 2747 percepturi
1200 2691 1404 2742 sumus,
1441 2685 1678 2748 amputat
1714 2691 1885 2746 spem.
1915 2675 2050 2731 Nam

465 2772 512 2826 si
550 2786 580 2826 a
612 2786 698 2826 me
737 2771 1012 2841 quisquam
1055 2770 1346 2840 quaesierit,
1377 2777 1552 2824 utrum
1599 2786 1694 2840 per
1722 2770 2046 2839 Baptismum

465 2861 594 2915 salvi
657 2860 776 2916 facti
835 2861 1124 2924 fuerimus;
1175 2875 1370 2929 negare
1427 2875 1534 2915 non
1577 2868 1794 2930 potero,
1842 2861 2050 2916 dicente

463 2951 739 3022 Apostolo,
785 2951 968 3006 Salvos
994 2967 1086 3004 nos
1107 2951 1223 3022 fecit
1255 2968 1344 3020 per
1373 2951 1629 3006 lavacrum
1657 2953 2048 3023 regenerationis

461 3051 510 3096 et
549 3042 882 3096 renovationis
933 3041 1156 3110 Spiritus
1203 3042 1366 3096 sancti
1415 3041 1540 3113 (Tit.
1596 3057 1678 3108 ιιι,
1725 3041 1804 3115 v).
1851 3042 1958 3098 Sed
2003 3043 2048 3097 si

462 3132 758 3202 qumsierit,
807 3141 980 3184 utrum
1031 3147 1124 3200 per
1170 3131 1310 3186 idem
1339 3131 1606 3186 lavacrum
1643 3133 1788 3188 omni
1827 3148 2046 3202 prorsus

465 3222 623 3277 modo
640 3223 750 3292 jam
777 3235 876 3276 nos
899 3220 1086 3276 fecerit
1108 3221 1312 3288 salvos;
1346 3221 1698 3292 respondebo,
1719 3223 1830 3280 Non
1853 3224 1922 3278 ita
1943 3233 2044 3279 est.

462 3314 605 3370 Idem
635 3315 829 3385 quippe
853 3315 980 3368 item
1005 3313 1131 3368 dicit
1149 3315 1422 3384 apostolus
1449 3315 1590 3388 :Spe
1615 3318 1748 3371 enim
1773 3317 1900 3372 salvi
1925 3319 2049 3387 facti

459 3423 653 3462 unius.
697 3407 828 3478 Spes
865 3417 1032 3462 autem
1071 3425 1186 3479 qua:
1226 3410 1438 3473 videtur,
1470 3425 1572 3465 non
1613 3420 1686 3465 est
1711 3427 1862 3482 spes;
1909 3412 2047 3485 quod

460 3501 594 3554 enim
617 3499 746 3554 uidet
777 3500 910 3570 quis,
935 3499 1060 3572 quid
1086 3502 1300 3571 sperat?
1341 3501 1403 3557 Si
1429 3511 1594 3557 autem
1618 3505 1752 3573 quod
1780 3521 1880 3558 non
1909 3505 2046 3560 uide-

460 3607 570 3646 mus
593 3606 874 3661 speramus,
903 3607 995 3661 per
1035 3593 1328 3660 patientiam
1353 3603 1699 3662 exspectamus
1724 3594 1898 3664 (Rom.
1928 3611 2041 3663 vtn,

458 3682 530 3738 24
550 3693 601 3738 et
616 3682 733 3754 25).
759 3682 914 3738 Salus
937 3698 1066 3754 ergo
1089 3684 1320 3740 hominis
1346 3685 1400 3740 in
1423 3685 1742 3756 Baptismate
1780 3688 1914 3744 facta
1937 3699 2040 3759 est,

457 3773 582 3842 quia
609 3771 886 3828 dimissum
913 3783 996 3830 est
1025 3775 1164 3844 quod
1195 3777 1432 3846 peccati'
1461 3793 1492 3832 a
1529 3781 1835 3849 parentibus
1861 3785 2038 3851 traxit,

459 3863 546 3918 vel
568 3863 824 3936 quidquid
849 3865 1009 3920 etiam
1035 3867 1247 3937 pr0prie
1269 3877 1394 3924 ante
1419 3868 1746 3941 Baptismum
1771 3874 1883 3944 ipse
1913 3891 2040 3945 pec-

425 3945 637 4014 lcavit:
667 3959 812 4014 salus
843 3973 974 4015 vero
1019 3959 1136 4030 ejus
1175 3971 1320 4018 tanta
1365 3970 1486 4033 post
1527 3965 1684 4032 erit',
1724 3978 1782 4021 ut
1821 3983 2041 4037 peccare

455 4047 676 4104 omnino
701 4064 806 4104 non
832 4049 1021 4120 possit.

529 4137 758 4197 CAPUT
796 4139 888 4196 IV.
915 4169 987 4182 —
1013 4140 1066 4196 6.
1099 4141 1367 4198 Calumnia
1395 4145 1457 4198 de
1474 4148 1625 4201 ueteri
1655 4147 1968 4205 Testamento
1992 4159 2037 4204 et

460 4231 862 4302 sntiquisjustis.
904 4230 1054 4286 Vetus
1089 4233 1455 4290 Testamentum
1495 4238 1661 4310 ﬁgura
1688 4242 1821 4296 novi.
1857 4243 2037 4298 Sancti

455 4323 630 4375 ueteris
660 4319 958 4376 Testamenti
999 4322 1066 4375 ad
1114 4340 1296 4378 nouum
1341 4327 1606 4396 pertinent.
1639 4330 1840 4397 Quibus
1871 4335 1938 4386 ita
1977 4351 2036 4390 se

458 4411 794 4478 habentibus,
824 4429 888 4468 ex
911 4413 993 4468 his
1013 4415 1171 4470 etiam
1193 4417 1278 4470 illa
1305 4433 1424 4487 qua:
1451 4419 1704 4491 deinceps
1725 4424 1876 4480 nobis
1901 4426 2037 4498 obji-

451 4505 600 4560 ciunt
627 4505 954 4562 rel'elluntur.
997 4508 1124 4572 Quis
1167 4509 1307 4562 enim
1337 4511 1632 4568 catholicus
1668 4514 1848 4584 dicat,
1891 4519 2031 4588 quod

454 4611 553 4650 nos
577 4595 755 4651 dicere
778 4597 1020 4666 iactitarunt
1044 4641 1060 4664 ,
1107 4618 1126 4650 ι
1157 4599 1412 4670 Spiritum
1443 4617 1684 4660 sanctum
1731 4608 2030 4678 adjutorem

455 4686 665 4739 virtutis
705 4687 756 4739 in
787 4688 950 4742 veteri
981 4689 1322 4746 Testamento
1352 4709 1456 4749 non
1483 4697 1680 4766 fuisse;
1723 4721 1741 4754 ι
1783 4703 1882 4758 nisi
1909 4721 2027 4760 cum

453 4785 604 4832 vetus
629 4776 1024 4834 Testamentum
1059 4782 1136 4836 sic
1165 4784 1540 4856 intelligimus,
1581 4794 2027 4860 quemadmodum

453 4867 740 4938 Apostolus
768 4867 934 4934 dixit,
975 4871 1018 4922 Α
1053 4883 1219 4926 monte
1243 4874 1374 4929 Sina
1395 4877 1448 4930 in
1477 4881 1754 4936 seruitutem
1785 4903 2028 4954 generuns

449 4957 646 5030 (Colat.
687 4974 742 5014 ιν
764 5002 778 5026 ,
805 4958 936 5030 2ὓῖ
965 4959 1070 5016 Sed
1111 4965 1233 5032 quia
1279 4965 1330 5019 in
1359 4981 1424 5022 eo
1469 4970 1903 5042 prmﬁgurabatur
1931 4993 2028 5031 no-

451 5063 595 5114 vum,
623 5048 710 5118 qui
738 5048 840 5104 hoc
869 5048 1230 5121 intelligebant
1261 5063 1386 5110 tunc
1413 5055 1653 5114 homines
1683 5063 1794 5130 Dei,
1828 5079 2022 5122 secun-

445 5139 573 5194 dum
596 5139 1022 5196 distributionem
1047 5153 1361 5214 temporum,
1391 5148 1582 5202 veteris
1602 5151 1812 5220 quidem
1837 5155 2025 5212 Testa-

359 5269 376 5284 .
447 5231 614 5288 menti
651 5231 1046 5302 dispensatores
1075 5244 1128 5290 et
1152 5245 1476 5308 gestatores,
1519 5242 1612 5297 sed
1641 5246 1764 5300 novi
1792 5248 2016 5307 demon-

506 5409 984 5490 ἷἎίὲΞμὶαἰειέί
1010 5411 1554 5490 saeuitiam;
1593 5419 1834 5490 ρειπιαιιιβ
1881 5435 2017 5490 post.

442 5471 592 5540 donee
613 5471 970 5540 “generatione
1002 5471 1100 5522 alia
1140 5471 1456 5540 constituetur.
1496 5471 1606 5530 Mss:
1635 5471 2020 5540 auctoritatem;

441 5531 695 5606 provintiae;
719 5535 805 5606 est,
826 5539 894 5606 et,
919 5531 1086 5606 donec.
1104 5541 1160 5606 _ln
1195 5537 1366 5606 eadem
1387 5545 1632 5592 sententia
1667 5531 2015 5602 vatiea'uiﬁu'ss.

440 5591 626 5658 fuﬁum,
648 5591 765 5658 quid
782 5591 909 5658 nunc
920 5593 1079 5658 vincat
1095 5594 1146 5647 in
1159 5597 1310 5649 nobis.

505 5657 622 5718 {sic
770 5661 827 5718 _At
849 5657 986 5718 editi,
1002 5665 1266 5718 peccatum.

505 5713 836 5789 instabunt!“
857 5713 1194 5789 perqlhominis
1211 5727 1342 5772 tanta
1365 5738 1430 5774 rs;
1444 5739 1466 5774 ετ
1485 5733 1667 5789 ναοί-11.
1697 5735 2016 5788 Ememlantur

440 5785 472 5824 ι
495 5779 642 5826 vatis.
659 5779 802 5827 simul
823 5787 875 5830 et
895 5779 1054 5832 Gallic.
1079 5789 1184 5832 Mss.

1101 361 1371 415 CONTRA
1413 359 1588 414 DUAS
1627 356 2000 414 EPISTULAS
2039 355 2590 427 PELAGIANORUM,
2627 359 2686 415 S.
2727 359 3091 418 Αυρυετιιιι

2159 478 2392 526 strantur
2421 471 2677 528 haeredes.
2701 473 2782 528 An
2811 487 2938 528 vero
2959 473 3104 527 illum
3125 470 3193 527 ad
3217 470 3616 526 Testamentum
3637 483 3746 524 no-

2161 577 2278 616 vum
2307 563 2613 633 negabimus
2644 565 2927 634 pertinere,
2953 565 3040 635 qui
3069 564 3214 631 dicit,
3237 563 3336 618 Cor
3357 563 3598 617 mundum
3618 577 3744 616 crea

2158 655 2212 706 in
2239 672 2344 720 me,
2377 654 2514 711 Deus
2539 697 2552 722 ,
2595 666 2641 710 et
2669 658 2899 728 spiritum
2921 668 3110 712 rectum
3141 658 3326 712 innova
3370 659 3424 711 in
3463 654 3746 711 uisceribus

2159 748 2280 800 meis
2305 746 2472 820 (Psal.
2505 764 2568 815 ι,
2608 748 2739 818 ι2)ι
2763 759 2854 805 aut
2887 750 3032 805 illum
3061 752 3150 822 qui
3176 751 3330 816 dicit,
3373 749 3552 806 Posuit
3579 765 3746 822 super

2161 849 2350 908 petram
2378 845 2525 911 pedes
2552 857 2688 895 meos
2710 882 2726 908 ,
2755 851 2801 896 et
2823 843 3003 897 direxit
3029 859 3227 914 gressus
3251 859 3387 897 meos
3409 883 3425 908 ,
3458 852 3504 896 et
3526 843 3744 896 immisit

2158 933 2212 986 in
2258 950 2313 987 os
2353 951 2518 988 meum
2563 937 2808 990 canticum
2855 951 3060 1000 novum,
3111 935 3352 1006 hymnum
3397 935 3504 990 Deo
3555 945 3742 990 nostra

2163 1021 2332 1094 (Psal.
2367 1040 2571 1089 χχιιι,
2605 1027 2674 1088 5,
2707 1026 2808 1095 4)?
2845 1027 2929 1081 vel
2971 1027 3117 1082 illum
3163 1037 3288 1082 ante
3331 1027 3742 1082 Testamentum

2160 1129 2311 1172 vetus
2329 1161 2344 1184 ,
2373 1119 2512 1190 quod
2537 1129 2617 1173 est
2645 1135 2673 1174 a
2703 1129 2881 1175 monte
2906 1121 3030 1176 Sina
3054 1163 3086 1202 ,ο
3111 1129 3315 1191 patrem
3349 1120 3584 1176 ﬁdelimn
3609 1163 3622 1186 ,
3665 1121 3742 1175 de

2158 1224 2263 1278 quo
2286 1209 2412 1264 dicit
2435 1211 2741 1278 Apostolus,
2770 1211 2998 1277 Fratres,
3025 1213 3301 1267 secundum
3325 1213 3576 1268 hominem
3597 1213 3742 1278 dico,

2159 1307 2325 1354 tamen
2353 1300 2568 1354 hominis
2592 1302 2941 1370 conﬁrmatum
2981 1313 3326 1357 testamentum
3359 1321 3502 1358 nemo
3535 1306 3748 1358 irritant

2159 1392 2279 1462 facit
2305 1401 2390 1444 aut
2418 1396 2787 1465 superordinat.
2817 1396 3034 1450 Abrahw
3057 1397 3204 1451 dictat
3226 1407 3342 1451 sunt
3376 1399 3742 1467 promissiones

2157 1491 2204 1535 et
2229 1484 2407 1538 semini
2436 1487 2562 1556 ejus.
2596 1485 2718 1541 Non
2741 1487 2896 1552 dicit,
2945 1487 3013 1541 Et
3051 1488 3319 1542 seminibus
3341 1531 3357 1556 ,
3395 1499 3637 1560 tanquam
3683 1490 3744 1544 in

2159 1576 2363 1642 multis;
2405 1579 2493 1632 sed
2519 1589 2760 1650 tanquam
2787 1581 2840 1635 in
2867 1597 2969 1636 uno
2991 1622 3008 1646 ,
3037 1581 3104 1636 Et
3131 1582 3309 1636 semini
3337 1591 3420 1636 tuo
3445 1625 3460 1651 ,
3492 1583 3628 1652 quod
3665 1593 3748 1638 est

2158 1667 2406 1724 Christus.
2437 1669 2548 1724 Hoc
2575 1681 2742 1725 autem
2765 1672 2898 1736 diro,
2929 1673 3117 1743 inquit,
3149 1671 3518 1728 Testamentum
3547 1676 3748 1744 conﬁr-

2159 1769 2348 1813 matum
2375 1777 2408 1813 a
2435 1759 2543 1814 Deo
2563 1803 2577 1828 ,
2612 1779 2724 1832 quis
2755 1773 2866 1832 post
2905 1763 3298 1835 quadringentos
3327 1775 3374 1818 et
3401 1766 3607 1836 triginta
3645 1783 3749 1820 an—

2157 1866 2250 1903 nos
2287 1854 2422 1920 facta
2455 1861 2528 1905 est
2554 1850 2636 1906 lea:
2661 1869 2760 1906 non
2787 1853 3010 1921 inﬁrmat
3047 1853 3115 1906 ad
3143 1855 3484 1908 evacuandam
3523 1858 3748 1925 promis-

2157 1939 2366 1994 sionem.
2397 1941 2458 1996 Si
2487 1943 2620 1997 enim
2661 1960 2724 1996 ea:
2750 1943 2858 2015 lege
2896 1945 3192 2013 haereditas,
3222 1948 3338 2018 jam
3381 1963 3480 2001 non
3517 1965 3580 2002 ea:
3619 1966 3750 2018 pro-

2158 2031 2392 2086 missione
2434 2047 2454 2087 :
2493 2032 2710 2088 Abrahte
2755 2044 2922 2090 autem
2969 2052 3058 2106 per
3102 2038 3484 2108 promissionem
3527 2040 3746 2094 donavit

2157 2120 2314 2176 Deus.

2227 2216 2279 2270 7.
2317 2217 2412 2272 Hic
2437 2227 2582 2274 certe
2610 2219 2654 2274 si
2682 2235 3012 2290 quaeramus,
3059 2229 3235 2277 utrum
3277 2223 3380 2278 hoc
3418 2225 3746 2282 Testamen-

2159 2318 2266 2362 tum
2289 2350 2304 2376 ,
2334 2309 2474 2378 quod
2503 2309 2631 2366 dicit
2653 2311 3023 2368 conﬁrmatum
3055 2329 3085 2368 a
3117 2315 3225 2370 Deo
3257 2333 3362 2370 non
3407 2317 3664 2372 inﬁrmari
3711 2332 3744 2372 a

2158 2399 2274 2470 lege
2301 2417 2418 2470 qua:
2444 2412 2564 2471 post
2595 2403 3010 2475 quadringentos
3043 2416 3099 2462 et
3139 2409 3350 2478 triginta
3392 2425 3560 2464 annos
3601 2410 3746 2466 facta

2156 2502 2260 2559 est,
2292 2501 2469 2548 utrum
2495 2509 2694 2550 novum
2717 2539 2732 2562 ,
2765 2512 2834 2551 an
2863 2507 3016 2554 vetus
3046 2501 3444 2572 intelligendum
3475 2504 3544 2558 sit
3577 2521 3591 2556 :
3621 2505 3746 2574 quis

2157 2583 2480 2652 respondere
2503 2584 2740 2653 dubitet,
2767 2587 2971 2644 Novum
2991 2631 3004 2655 ,
3037 2591 3130 2646 sed
3157 2593 3208 2646 in
3237 2593 3564 2663 propheticis
3599 2597 3742 2651 late-

2158 2674 2270 2729 bris
2293 2677 2634 2745 occultatum,
2669 2677 2838 2736 donec
2868 2682 3072 2736 veniret
3097 2693 3307 2755 tempus
3332 2701 3439 2755 quo
3465 2687 3742 2742 revelare-

2158 2774 2244 2821 tur
2269 2767 2324 2821 in
2346 2767 2602 2824 Christo?
2627 2769 2760 2826 Nam
2787 2773 2832 2827 si
2861 2773 3152 2830 dixerimus
3175 2817 3190 2841 ,
3222 2777 3423 2844 Vetus;
3465 2779 3594 2848 quid
3637 2780 3742 2834 erit

2158 2856 2284 2911 illud
2313 2873 2342 2910 a
2370 2867 2548 2914 monte
2577 2859 2704 2916 Sina
2735 2862 2787 2917 in
2817 2865 3125 2920 servitutem
3155 2869 3462 2937 generatis?
3488 2869 3562 2925 lbi
3591 2871 3740 2926 enim

2155 2947 2292 3004 facta
2309 2958 2388 3004 est
2409 2951 2496 3007 lex
2521 2965 2640 3022 post
2659 2955 3059 3027 quadringintos
3081 2967 3135 3014 et
3157 2961 3367 3032 triginta
3393 2978 3561 3018 annos
3592 2981 3607 3018 :
3635 2981 3740 3035 qua

2155 3039 2272 3111 lege
2298 3040 2399 3096 hoc
2418 3041 2816 3100 Testamentum
2843 3050 3208 3117 promissionis
3229 3053 3456 3108 Abrahae
3477 3055 3740 3112 inﬁrmari

2155 3145 2264 3186 non
2309 3147 2465 3202 posse
2510 3134 2828 3203 conﬁrmat;
2879 3147 2935 3193 et
2983 3139 3084 3196 hoc
3123 3142 3267 3212 quod
3311 3143 3506 3199 factum
3547 3155 3634 3200 est
3667 3147 3738 3202 ab

2155 3221 2444 3292 Abraham,
2466 3225 2580 3280 vult
2603 3227 2776 3296 potius
2796 3227 2864 3283 ad
2889 3245 2986 3284 nos
3011 3233 3298 3302 pertinere,
3326 3251 3459 3306 quos
3481 3237 3594 3292 vult
3619 3251 3737 3294 esse

2155 3311 2292 3368 ﬁlios
2319 3315 2522 3384 liberas,
2565 3333 2668 3372 non
2695 3320 2933 3386 ancillae;
2969 3321 3208 3380 heredes
3249 3341 3316 3382 ex
3345 3328 3732 3396 promissione,

2153 3421 2262 3460 non
2291 3407 2434 3478 lege;
2471 3423 2594 3464 cum
2629 3410 2796 3479 dicit,
2829 3413 2890 3468 Si
2912 3417 3043 3468 enim
3068 3433 3129 3470 ea:
3154 3419 3260 3488 tege
3283 3420 3584 3487 hereditas,
3617 3422 3734 3492 jam

2154 3512 2256 3550 non
2291 3514 2354 3552 ea:
2379 3500 2707 3570 promissione
2733 3517 2752 3556 :
2780 3503 2996 3559 Abrahae
3027 3517 3192 3561 autem
3233 3525 3322 3578 per
3351 3509 3734 3580 promissionem

2151 3586 2352 3642 donauit
2373 3588 2509 3644 Deus
2531 3591 2570 3644 ί.
2600 3589 2672 3646 Ut
2693 3593 2832 3662 quod
2855 3593 2990 3650 facta
3015 3596 3100 3651 lex
3121 3607 3204 3652 est
3227 3609 3346 3669 post
3367 3600 3730 3672 quadringen-

2153 3687 2234 3732 tos
2261 3688 2315 3732 et
2341 3680 2552 3751 triginta
2575 3697 2744 3738 annos
2765 3725 2782 3752 ,
2809 3684 2876 3740 ad
2907 3685 3010 3741 hoc
3037 3687 3448 3757 subintraverit,
3479 3701 3541 3746 ut
3563 3693 3732 3747 abun-

2149 3769 2302 3826 daret
2339 3773 2626 3842 delictum;
2666 3792 2788 3832 cum
2832 3793 2928 3848 per
2973 3789 3246 3850 peccatum
3279 3785 3736 3852 praevaricationis

2149 3863 2480 3918 convincitur
2513 3864 2743 3922 hominis
2778 3869 3024 3938 superbia
3055 3870 3120 3926 de
3148 3886 3242 3926 sua
3277 3872 3480 3942 justitia
3527 3891 3736 3944 praesu-

2147 3954 2342 4009 mentis
2375 3971 2389 4008 :
2422 3963 2476 4009 et
2503 3955 2590 4010 ubi
2617 3957 2908 4013 abundavit
2945 3961 3198 4017 delictum
3221 4005 3237 4030 ,
3275 3967 3734 4034 superabundavit

2143 4043 2312 4112 gratia
2342 4043 2518 4115 (Rom.
2545 4061 2582 4101 v
2601 4087 2616 4112 ,
2645 4047 2769 4120 20);
2803 4065 2898 4119 per
2925 4049 3080 4106 ﬁdem
3106 4052 3216 4123 jam
3247 4055 3462 4112 humilis
3489 4058 3732 4116 hominis

2145 4135 2201 4190 in
2227 4137 2342 4208 lege
2365 4137 2658 4196 deﬁcientis
2676 4143 2698 4174 ²
2723 4150 2778 4198 et
2800 4143 2866 4198 ad
2891 4143 2984 4199 Dei
3005 4147 3424 4204 misericordiam
3453 4151 3730 4222 fugientis.

2143 4227 2268 4284 Ideo
2295 4244 2416 4286 cum
2439 4231 2686 4300 dixisset,
2715 4235 2778 4290 Si
2804 4238 2936 4292 enim
2961 4255 3024 4293 ea:
3047 4240 3155 4312 lege
3179 4241 3464 4308 hwreditas,
3480 4244 3598 4312 jam
3625 4259 3732 4298 non

2145 4337 2208 4377 ea:
2231 4324 2594 4392 promissione;
2622 4327 2836 4384 Abrahte
2857 4341 3024 4386 autent
3050 4349 3140 4404 per
3164 4334 3544 4403 promissionem
3567 4335 3730 4390 dona-

2143 4415 2212 4468 uit
2252 4413 2394 4470 Deus
2447 4431 2464 4470 :
2511 4425 2759 4488 tanquam
2805 4422 2852 4475 ci
2893 4422 3176 4487 diceretur,
3211 4424 3402 4494 thuid
3451 4441 3580 4495 ergo
3637 4427 3726 4482 lex

2140 4517 2326 4575 postea
2355 4507 2490 4564 facta
2519 4511 2643 4565 est?
2666 4513 2937 4582 subjunxit
2955 4523 3115 4585 atque
3140 4517 3242 4583 ait,
3269 4517 3404 4584 Quid
3439 4535 3558 4588 ergo
3597 4519 3682 4573 lex
3701 4521 3730 4573 ?

2139 4596 2236 4654 Cui
2259 4615 2382 4658 mox
2409 4603 2805 4674 interrogationi
2833 4607 3082 4674 reddidit,
3125 4607 3568 4668 Prteoaricationis
3595 4631 3724 4685 gra-

2137 4689 2208 4743 tia
2238 4695 2496 4762 proposita
2517 4705 2590 4748 est
2611 4695 2632 4726 ⁸
2651 4737 2664 4760 ,
2695 4697 2852 4750 donec
2879 4699 3070 4752 veniret
3095 4717 3260 4755 semen
3291 4703 3372 4756 cui
3409 4707 3722 4774 promfssrm

2137 4790 2208 4835 est
2253 4781 2451 4852 (Colat.
2481 4801 2573 4852 ιιι,
2612 4788 2829 4858 15-19).
2872 4790 2983 4845 Hoc
3016 4791 3303 4849 identidem
3343 4795 3414 4850 ita
3451 4797 3580 4852 dicit
3610 4815 3625 4852 :
3657 4797 3722 4854 Si

2133 4872 2268 4926 enim
2295 4875 2382 4945 qui
2411 4891 2474 4930 ea:
2495 4877 2622 4948 lege,
2651 4880 2876 4937 hatredes
2903 4893 3060 4952 sunt;
3091 4887 3349 4942 exinanita
3375 4903 3450 4944 est
3473 4893 3624 4958 ﬁdes,
3667 4903 3720 4948 et

2133 4973 2372 5019 eoacuata
2396 4975 2470 5020 est
2507 4971 2791 5038 promissio.
2831 4972 2942 5029 Leu:
2977 4977 3111 5030 enim
3146 4979 3274 5032 iram
3315 4992 3556 5051 operatur
3581 5001 3602 5038 :
3631 4986 3720 5040 ubi

2132 5054 2263 5150 enim
2293 5073 2392 5110 non
2421 5067 2494 5112 est
2523 5058 2625 5126 teat,
2657 5079 2748 5116 nec
2778 5067 3124 5134 prmuan'catio
3151 5071 3323 5140 (Rom.
3355 5089 3432 5140 tv,
3466 5077 3532 5131 N
3553 5119 3568 5142 ,
3597 5079 3714 5150 15).

2131 5144 2280 5211 Quod
2307 5149 2382 5203 ait
2405 5149 2456 5204 in
2483 5152 2572 5206 illo
2597 5157 2920 5226 testimonio,
2951 5159 3013 5216 Si
3042 5163 3172 5218 enim
3197 5183 3260 5220 ea:
3281 5169 3388 5238 tege
3417 5144 3716 5238 hereditas,

2119 5239 2234 5309 jam
2255 5257 2354 5296 non
2377 5259 2440 5298 ea:
2461 5247 2826 5316 promissione;
2867 5253 3084 5309 Abrahae
3108 5269 3274 5312 autem
3301 5275 3389 5328 per
3415 5266 3716 5332 promissio-

2129 5347 2242 5387 nem
2265 5333 2470 5388 donavit
2499 5335 2675 5404 Deus;
2705 5339 2806 5396 hoc
2835 5342 2885 5396 in
2915 5343 3016 5398 isto
3043 5347 3136 5412 ait,
3166 5349 3225 5402 Si
3245 5351 3377 5404 enim
3405 5355 3492 5422 qui
3521 5373 3614 5423 per
3637 5359 3714 5410 (c-

2127 5441 2260 5495 gem,
2284 5425 2504 5482 hatredes
2523 5441 2676 5498 sunt;
2703 5435 2958 5490 exinanita
2981 5448 3052 5493 est
3079 5441 3226 5510 ﬁdes,
3253 5451 3300 5498 et
3325 5457 3568 5502 evacuata
3593 5467 3718 5522 pro-

2126 5561 2442 5670 dog'atiqaui
2465 5567 2570 5611 Mss.
2596 5571 2873 5616 constanter
2907 5567 3120 5632 habent,
3161 5585 3250 5637 per
3287 5581 3714 5639 rt‘pfomi‘;.'t:.'.‘.'t’..‘t

2257 5635 2298 5670 ικι
2385 5636 2484 5670 eus.

2257 5635 2316 5670 ιἫ
2345 5635 2484 5672 08118.

2189 5683 2698 5762 per
2888 5703 2906 5740 :
2918 5691 3030 5753 jam
3051 5695 3131 5747 Inc
3152 5705 3444 5752 monstratur
3459 5703 3718 5762 haunitth

2400 5745 2502 5810 lege
2517 5739 2792 5810 denuntia,
2820 5739 2918 5802 eus.

2189 5805 2211 5836 ³
2235 5805 2669 5860 vaticani'stss.'hic
2689 5821 2738 5864 et
2763 5805 2902 5872 infra.
2927 5819 3082 5870 posita
3099 5829 3186 5872 est.
