3984 6500
291 487 455 546 missio
480 499 501 541 :
526 484 664 542 satis
687 481 978 541 ostendens
1016 480 1081 537 ad
1122 479 1282 536 fidem
1322 484 1558 535 nostram
1603 473 1878 545 pertinere

292 583 442 655 (quae
478 579 603 635 novi
636 587 820 647 utique
849 587 929 631 est
957 571 1325 649 testamenti)
1355 570 1494 639 quod
1529 582 1626 638 per
1656 565 1882 638 promis-

289 675 493 729 sionem
522 671 741 725 dnnavit
773 670 914 722 Deus
943 666 1186 721 Abrahae.
1222 665 1290 718 Et
1331 662 1467 732 quod
1496 662 1571 715 ait
1597 661 1647 714 in
1676 659 1768 713 illo
1800 666 1880 711 te-

291 763 562 824 stimonio,
594 761 735 829 Quid
755 776 873 830 ergo
899 759 982 814 lea:
999 759 1026 813 2
1049 765 1208 829 atque
1237 752 1534 824 respondit,
1567 748 1882 804 Prwvarica-

292 855 441 911 tionis
464 854 633 926 gratia
656 852 919 922 proposita
944 858 1016 904 est
1046 863 1065 903 :
1092 850 1192 902 hoc
1222 847 1272 900 in
1301 846 1404 902 isto
1431 842 1666 901 subdidit
1689 842 1881 897 simili-

294 957 389 1011 ter,
425 946 532 999 Lex
553 943 688 998 enim
714 942 847 996 iram
871 947 1109 1012 operatur
1138 955 1157 993 :
1183 938 1269 993 ubi
1292 936 1425 991 enim
1451 945 1650 1025 nonest
1673 933 1774 1002 lex,
1795 950 1884 989 nec

294 1038 662 1112 prmnricatio.

358 1130 413 1186 8.
442 1129 569 1185 Sive
592 1126 753 1198 igitur
786 1123 1049 1182 Abraham
1070 1165 1084 1191 ,
1114 1122 1228 1178 sive
1260 1129 1385 1177 ante
1410 1120 1557 1175 illum
1582 1118 1735 1188 justi,
1767 1116 1880 1173 sive

184 1286 195 1299 ,
290 1235 407 1298 post
435 1239 561 1279 eum
588 1237 755 1293 usque
781 1219 848 1275 ad
876 1222 1048 1287 ipsum
1074 1217 1290 1290 Moysen
1316 1257 1332 1284 ,
1378 1230 1473 1286 per
1509 1229 1667 1285 quem
1697 1211 1882 1268 datum

288 1327 369 1375 est
396 1318 800 1373 Testamentum
831 1328 862 1367 a
891 1320 1074 1366 monte
1110 1308 1235 1365 Sina
1277 1306 1330 1363 in
1361 1307 1674 1362 servitutem
1718 1318 1886 1375 gene-

290 1424 429 1466 rans.
454 1408 570 1462 sive
599 1405 777 1461 czeteri
811 1401 1093 1472 Propheta:
1122 1410 1241 1467 post
1269 1414 1392 1455 eum
1422 1406 1476 1453 et
1505 1395 1672 1452 sancti
1703 1393 1881 1450 homi-

295 1517 387 1556 nes
420 1499 512 1554 Dei
546 1511 714 1568 usque
738 1495 804 1550 ad
830 1494 1092 1550 Joannem
1120 1492 1410 1562 Baptistam
1428 1531 1443 1557 ,
1489 1488 1581 1543 filii
1609 1498 1733 1543 sunt
1759 1502 1883 1558 pro-

286 1592 559 1649 missionis
581 1600 642 1646 et
663 1589 847 1659 gratia:
868 1583 1162 1641 secundum
1183 1583 1331 1639 Isaac
1353 1581 1520 1636 tilium
1543 1579 1750 1643 liberte,
1774 1593 1879 1633 non

286 1704 351 1744 ex
380 1688 517 1757 lege,
550 1683 646 1739 sed
671 1699 735 1738 ex
768 1681 1122 1752 promissione
1149 1676 1390 1734 hau-edes
1423 1674 1537 1743 Dei,
1571 1672 1882 1729 cohaeredes

284 1788 461 1835 autem
488 1776 709 1831 Christi.
758 1773 913 1829 Absit
938 1772 1081 1828 enim
1113 1780 1171 1826 ut
1193 1769 1308 1826 Noe
1332 1769 1534 1839 justum
1558 1809 1572 1834 ,
1601 1776 1652 1822 et
1686 1766 1880 1838 prioris

290 1868 545 1939 temporis
568 1867 765 1938 justos,
799 1876 852 1920 et
878 1867 1197 1936 quicumque
1220 1862 1288 1918 ab
1316 1862 1405 1916 illo
1427 1876 1595 1931 usque
1616 1858 1682 1914 ad
1708 1858 1877 1914 Abra-

284 1963 404 2017 ham
429 1962 564 2031 justi
591 1974 711 2014 esse
742 1965 1032 2029 potuerunt
1051 1958 1133 2011 vel
1155 1956 1428 2026 conspicui
1450 1955 1532 2009 vel
1555 1953 1772 2021 occulti,
1792 1968 1881 2009 ne-

283 2066 468 2123 gemus
495 2049 565 2105 ad
584 2047 872 2120 supernam
894 2048 1210 2114 Jerusalem,
1234 2062 1352 2117 quae
1372 2054 1545 2101 mater
1570 2053 1752 2100 nostra
1772 2053 1874 2112 est,

295 2145 600 2217 pertinere;
627 2142 872 2214 quamvis
898 2140 1194 2196 anteriores
1224 2149 1463 2210 tempore
1494 2140 1513 2171 ¹
1540 2140 1880 2195 inveniantur

282 2254 396 2295 esse
439 2252 601 2309 quam
647 2235 814 2301 Sara,
854 2249 972 2304 qua!
998 2234 1165 2304 ipsius
1194 2233 1377 2289 liberte
1419 2232 1606 2287 matris
1648 2230 1879 2302 pr0phe-

282 2333 406 2386 tiam
446 2330 785 2400 figuramque
824 2324 1062 2398 gestabat
1102 2326 1146 2378 ³.
1176 2324 1387 2393 Quanto
1412 2323 1714 2387 evidentius
1748 2339 1877 2395 ergo

282 2430 402 2494 post
427 2419 725 2485 Abraham,
752 2419 838 2473 cui
861 2418 937 2473 sic
961 2417 1227 2473 declarata
1248 2425 1331 2473 est
1352 2418 1465 2487 ipsa
1489 2415 1794 2486 promissio,
1821 2423 1878 2470 ut

280 2524 433 2586 pater
460 2512 751 2567 multarum
777 2509 1014 2582 gentium
1044 2508 1312 2564 diceretur
1341 2505 1494 2581 (Gen.
1527 2521 1642 2561 xvu
1666 2547 1681 2573 ,
1712 2507 1765 2573 4,
1791 2505 1872 2577 5),

286 2592 607 2677 quicumque
652 2603 763 2657 Deo
818 2601 1168 2673 placuerunt,
1221 2599 1313 2654 ﬁlii
1370 2588 1873 2670 promissionis'ba-

284 2700 441 2756 bendi
484 2698 647 2752 sunt?
688 2696 809 2753 Non
841 2696 982 2751 enim
1023 2711 1089 2751 ex
1129 2692 1396 2750 Abraham
1435 2703 1490 2749 et
1513 2693 1768 2763 deinceps
1794 2692 1877 2764 iu-

285 2805 485 2849 storum
515 2790 795 2863 generatio
824 2790 1036 2855 verior,
1076 2787 1170 2845 sed
1214 2788 1492 2860 prophetia
1535 2787 1876 2845 manifestior

287 2886 564 2955 reperitur.

366 2977 423 3031 9.
451 2977 530 3030 Ad
544 2975 941 3030 Testamentum
968 2980 1144 3028 autem
1166 2980 1341 3037 vetus,
1365 2971 1507 3043 quod
1534 2981 1618 3026 est
1638 2987 1668 3027 a
1693 2980 1875 3029 monte

301 3071 424 3127 Sina
454 3070 503 3124 in
533 3069 833 3124 servitutem
858 3082 1145 3139 generatis,
1176 3066 1317 3138 quod
1347 3075 1430 3121 est
1452 3066 1617 3137 Agar,
1648 3065 1721 3121 illi
1754 3081 1873 3137 pera

291 3164 457 3218 tinent
483 3205 499 3229 ,
527 3163 610 3232 qui
639 3178 762 3217 cum
794 3162 1102 3231 acceperint
1129 3160 1301 3232 legem
1327 3168 1564 3216 sanctam
1590 3170 1645 3216 et
1671 3159 1872 3230 justam

285 3263 338 3309 et
362 3254 578 3319 bonam,
611 3262 803 3323 putant
826 3252 927 3306 sibi
952 3252 1016 3307 ad
1047 3252 1232 3317 vitam,
1263 3251 1490 3305 litteram
1533 3265 1693 3322 ροηδε
1720 3250 1871 3306 suffi-

283 3361 400 3400 cere
429 3363 442 3398 :
472 3354 528 3399 et
552 3331 682 3399 ideo
709 3359 814 3414 qua
844 3342 970 3397 fiant
1001 3343 1226 3397 factores
1254 3342 1407 3413 legis,
1447 3342 1680 3396 divinam
1708 3342 1873 3397 miseo

280 3440 562 3496 ricordiam
595 3456 701 3494 non
749 3440 1063 3508 requirunt;
1110 3437 1205 3494 sed
1244 3438 1552 3507 ignorantes
1591 3434 1687 3492 Dei
1714 3436 1874 3506 justi-

282 3532 425 3597 tiam,
454 3539 512 3586 et
534 3547 688 3587 suam
706 3529 977 3599 justitiam
1004 3528 1247 3584 volentes
1273 3528 1625 3595 constituere,
1650 3527 1873 3597 iustitiae

281 3623 372 3679 Dei
410 3640 516 3677 uult
559 3634 687 3676 sunt
723 3622 947 3692 subjecti
982 3621 1160 3692 (Rom.
1188 3636 1220 3676 χ
1244 3661 1257 3684 ,
1284 3618 1362 3693 3).
1407 3619 1486 3675 Ex
1531 3619 1634 3675 hoc
1676 3634 1874 3691 genere

281 3716 374 3769 fuit
416 3715 506 3769 illa
550 3713 842 3768 multitudo
867 3755 881 3779 ,
925 3728 1043 3782 qua:
1079 3713 1334 3769 adversus
1380 3712 1547 3766 Deum
1589 3713 1641 3766 in
1688 3727 1873 3767 eremo

280 3804 651 3869 murmuravit,
687 3812 744 3860 et
772 3804 969 3859 idolum
997 3803 1123 3860 fecit
1147 3846 1160 3868 ,
1190 3813 1244 3860 et
1273 3804 1361 3858 illa
1391 3820 1509 3874 quae
1536 3806 1643 3872 jam
1676 3804 1730 3858 in
1760 3805 1871 3874 ipsa

283 3906 416 3953 terra
441 3898 819 3968 promissionis
844 3897 1100 3951 fornicata
1122 3907 1205 3952 est
1223 3904 1346 3968 post
1365 3896 1495 3951 deos
1515 3897 1740 3953 alienos.
1764 3895 1872 3952 Scal

285 3988 396 4044 haec
425 3991 477 4043 in
522 3990 643 4059 ipso
679 4004 890 4059 quoque
916 4000 1098 4044 vetere
1128 3989 1474 4043 Testamento
1500 3989 1653 4044 valde
1689 4004 1877 4059 repro-

287 4081 401 4135 bata
429 4090 517 4136 est
542 4080 849 4136 multitudo.
893 4080 972 4136 Illi
1001 4080 1159 4135 etiam
1180 4122 1196 4146 ,
1228 4068 1549 4151 quicumque
1578 4081 1648 4135 ibi
1688 4088 1872 4151 erant,

284 4174 389 4228 sola
417 4190 538 4245 quae
567 4175 638 4227 ibi
669 4174 810 4228 Deus
836 4173 1118 4244 pollicetur
1141 4183 1351 4228 terrena
1378 4175 1641 4244 promissa
1664 4184 1875 4230 sectan-

288 4273 362 4319 tes
382 4307 395 4327 ,
426 4273 478 4318 ct
509 4264 636 4334 quid
670 4280 768 4335 pro
798 4279 938 4319 novo
966 4264 1314 4319 Testamento
1340 4280 1402 4319 ea
1430 4267 1543 4337 ipsa
1571 4266 1875 4337 significent

288 4357 606 4427 ignorantes,
631 4374 818 4413 eorum
844 4359 1309 4429 adipiscendorum
1330 4376 1516 4416 amore
1543 4370 1597 4416 et
1620 4364 1875 4419 amitten-

288 4448 464 4504 dorum
500 4451 712 4514 timore,
742 4450 834 4505 Dei
864 4460 1127 4521 praecepta
1150 4452 1468 4520 servabant;
1499 4454 1606 4507 imo
1634 4471 1741 4510 non
1761 4471 1875 4511 ser-

288 4540 497 4609 vabant,
526 4541 623 4597 sed
645 4541 747 4596 sibi
771 4556 987 4597 servare
1013 4542 1346 4598 videbantur.
1369 4542 1554 4613 Neque
1576 4545 1718 4600 enim
1740 4546 1874 4602 fides

289 4633 339 4687 in
363 4634 437 4689 eis
467 4649 566 4704 per
591 4634 934 4689 dilectionem
976 4636 1297 4705 operabatur
1324 4630 1518 4710 (Galnt.
1552 4653 1615 4703 v,
1648 4637 1740 4710 6),
1768 4639 1863 4695 sed

291 4732 492 4780 terrena
518 4726 787 4796 cupiditas
816 4735 1095 4798 metusque
1123 4728 1373 4784 carnalis.
1400 4727 1491 4784 Sic
1519 4735 1697 4785 autem
1729 4745 1870 4801 pra:-

291 4828 432 4885 cepta
461 4820 555 4891 qui
583 4820 730 4885 facit,
756 4820 946 4892 procul
976 4821 1138 4877 dubio
1164 4822 1362 4878 invitus
1385 4820 1541 4887 facit;
1564 4837 1629 4878 ac
1649 4838 1745 4893 per
1766 4823 1870 4881 hoc

294 4912 343 4966 in
371 4914 551 4969 animo
589 4918 697 4969 non
725 4912 897 4969 facit:
928 4916 1098 4986 magis
1137 4917 1250 4971 vult
1274 4915 1295 4946 ³
1324 4915 1467 4971 enim
1503 4917 1722 4972 omnino
1761 4933 1870 4973 non

293 5000 477 5070 facere,
523 5004 571 5060 si
597 5005 890 5060 secundum
921 5022 983 5061 ea
1010 5022 1128 5077 quae
1153 5007 1296 5078 cupit
1325 5016 1381 5064 et
1409 5009 1618 5076 metuit,
1654 5010 1873 5080 permit-

295 5105 425 5152 tatur
453 5098 694 5168 impune.
735 5103 814 5155 Ac
847 5115 945 5170 per
971 5102 1072 5155 hoc
1101 5103 1153 5154 in
1181 5101 1292 5171 ipsa
1320 5101 1591 5158 voluntate
1621 5102 1764 5158 intus
1790 5112 1873 5159 est

295 5203 426 5253 reus,
459 5190 549 5244 ubi
574 5191 689 5261 ipse
711 5191 802 5261 qui
830 5192 1069 5262 praeipit
1097 5194 1306 5263 inspicit
1339 5193 1499 5250 Deus.
1538 5196 1695 5253 Tales
1717 5207 1874 5254 erant

296 5275 381 5334 filii
410 5288 638 5337 terrente
664 5281 959 5347 Jerusalem
980 5324 996 5349 ,
1025 5283 1093 5338 de
1116 5298 1219 5354 qua
1245 5283 1375 5340 dicit
1398 5286 1686 5356 Apostolus
1706 5328 1720 5354 ,
1749 5288 1872 5344 Ser-

297 5370 356 5424 rit
377 5373 508 5428 enim
532 5389 649 5428 cum
674 5375 798 5443 ﬁliis
824 5375 944 5441 suis,
974 5375 1244 5446 pertinens
1265 5378 1334 5434 ad
1352 5377 1753 5437 Testamentum
1784 5397 1874 5439 ve-

302 5470 377 5519 tus
397 5481 427 5518 α
450 5476 620 5521 πωπω
644 5465 781 5522 Sina
799 5466 855 5520 in
876 5467 1161 5522 servitutem
1178 5485 1446 5540 generant,
1475 5472 1611 5541 quod
1634 5482 1706 5528 est
1732 5473 1873 5538 Aqar

357 5641 764 5719 1ng
806 5644 1048 5699 me
1093 5652 1321 5714 τεθηροηο
1359 5657 1489 5714 ιιι-ν
1534 5652 1752 5719 metu
1789 5668 1876 5708 an-

304 5705 727 5781 νέοξεερεάινρῖε·

1646 352 1848 413 LJBER
1886 351 2206 410 TERTIUS.

3472 357 3581 416 596

1992 467 2187 540 (Galat.
2211 484 2289 539 tv,
2313 468 2405 537 25,
2427 469 2539 544 24).
2569 471 2652 528 Ex
2672 471 2789 544 ipso
2812 486 3009 545 genere
3025 472 3264 542 fuerunt,
3283 474 3376 548 qui
3400 475 3581 533 Domi-

1990 576 2119 616 num
2145 561 2533 619 crucifixerunt
2554 606 2569 631 ,
2602 572 2658 619 et
2699 564 2752 619 in
2789 564 2979 623 eadem
3009 565 3325 624 inﬁdelitate
3363 584 3580 626 manse-

1991 662 2133 707 runt.
2186 653 2312 709 Inde
2354 663 2478 709 sunt
2518 655 2691 711 adhuc
2721 657 2880 712 etiam
2929 658 3021 715 lilii
3050 674 3237 716 eorum
3282 661 3337 716 in
3375 661 3581 733 ingenti

1994 745 2336 802 multitudine
2383 747 2714 815 Judmorum,
2765 754 3006 821 quamvis
3047 754 3157 824 jam
3203 769 3344 811 novo
3390 756 3582 812 Testa-

1991 844 2195 905 mento,
2227 838 2361 893 sicut
2389 841 2761 909 prephetatum
2786 852 2887 907 est,
2916 858 3012 914 per
3038 845 3235 902 Christi
3264 849 3580 919 sanguinem

1990 932 2253 999 patefacto
2294 942 2453 1002 atque
2483 935 2725 1002 firmato,
2768 944 2823 991 et
2846 952 2878 992 a
2909 936 3128 994 ﬂumine
3155 940 3244 995 ubi
3285 941 3593 1012 baptizatus-

1990 1024 2464 1095 magisteriumque
2503 1026 2774 1097 professus
2807 1038 2887 1084 est
2930 1028 3143 1101 (Matth.
3181 1048 3238 1087 ιη
3264 1075 3277 1093 .
3313 1033 3409 1101 16,
3448 1033 3538 1107 i7)
3562 1076 3580 1105 ,

1990 1129 2161 1185 usque
2196 1115 2263 1171 ad
2303 1117 2562 1174 terminos
2600 1127 2758 1174 terrm
2801 1119 3093 1193 Evangelia
3137 1122 3428 1180 diii'amato.
3478 1126 3580 1193 Qui

1988 1205 2159 1262 Judaei
2191 1249 2206 1275 ,
2275 1209 2570 1264 secundum
2631 1209 2939 1281 prophetias
2996 1228 3128 1283 quas
3194 1215 3413 1286 legunt,
3486 1230 3584 1288 per

1988 1314 2177 1355 omnes
2222 1311 2346 1356 sunt
2396 1313 2568 1358 terras
2611 1303 2811 1374 ubique
2856 1305 3129 1376 dispersi,
3179 1317 3235 1361 ut
3284 1323 3350 1363 ex
3393 1323 3582 1365 eorum

1988 1411 2201 1467 quoque
2229 1395 2502 1453 codicibus
2539 1396 2856 1456 Christiana:
2894 1414 3004 1455 non
3046 1400 3186 1456 desit
3215 1402 3579 1459 testimonium

1985 1488 2221 1543 veritati.
3603 1542 3609 1559 .

2060 1581 2146 1636 iO.
2180 1580 2247 1636 Et
2286 1591 2438 1639 vetus
2474 1582 2635 1655 igitur
2674 1584 3072 1643 Testamentum
3117 1587 3260 1643 Deus
3301 1585 3580 1645 condidit:

1985 1674 2110 1744 quia
2142 1675 2251 1729 Deo
2292 1676 2518 1744 placuit,
2570 1692 2736 1747 usque
2780 1677 2847 1733 ad
2895 1678 3277 1749 plenitudinem
3323 1679 3581 1751 temporis

1987 1765 2267 1835 promissis
2295 1768 2520 1822 terrenis
2546 1775 2796 1840 tanquam
2822 1770 2875 1824 in
2899 1771 3120 1840 praemio
3143 1771 3442 1827 constitutis
3465 1787 3579 1844 pro-

1985 1855 2146 1911 missa
2193 1858 2369 1914 velare
2411 1859 2686 1927 coelestia;
2732 1868 2787 1915 et
2825 1862 3025 1933 populo
3058 1865 3285 1919 terrenis
3310 1864 3466 1920 bonis
3493 1867 3580 1920 in-

1985 1947 2183 2017 bianti,
2226 1960 2281 2006 et
2330 1962 2609 2023 propterea
2658 1954 2848 2009 durum
2893 1971 2990 2011 cor
3040 1956 3288 2026 babenti,
3340 1962 3581 2031 quamvis

1984 2043 2345 2114 spiritualem,
2396 2052 2573 2100 tamen
2624 2046 2676 2101 in
2725 2047 2921 2102 tabulis
2956 2048 3180 2119 lapideis
3221 2051 3389 2123 legem
3426 2052 3576 2110 dare.

1984 2133 2236 2204 Exceptis
2265 2138 2460 2206 quippe
2485 2137 2765 2192 Librorum
2796 2147 3035 2194 veterum
3064 2143 3431 2209 sacramentis,
3459 2160 3580 2215 que

1982 2228 2095 2283 sola
2127 2228 2460 2299 significandi
2492 2231 2695 2285 ratione
2728 2241 2989 2304 praecepta
3019 2245 3141 2289 sunt
3174 2234 3495 2308 (quanquam
3523 2247 3580 2294 et

1982 2319 2037 2375 in
2064 2321 2173 2385 eis,
2209 2322 2459 2391 quoniam
2490 2322 2839 2392 spiritualiter
2868 2325 3204 2398 intelligenda
3242 2338 3399 2395 sunt,
3431 2339 3580 2389 recte

1982 2411 2070 2466 lex
2098 2411 2292 2468 dicitur
2318 2413 2664 2486 spiritualis);
2693 2425 2884 2471 caetera
2914 2428 3062 2473 certe
3090 2436 3207 2489 quae
3233 2419 3297 2476 ad
3326 2422 3579 2492 pietatem

1979 2501 2258 2574 bonosque
2287 2521 2466 2561 mores
2497 2507 2809 2576 pertinentia
2828 2549 2841 2573 ,
2879 2524 2989 2563 non
3018 2510 3084 2564 ad
3115 2511 3343 2582 aliquam
3375 2515 3578 2586 signifi-

1980 2595 2243 2651 cationem
2285 2597 2389 2653 ulla
2431 2598 2869 2668 interpretatione
2896 2600 3205 2665 referenda.
3237 2603 3332 2658 sed
3358 2601 3578 2674 prorsus

1980 2696 2040 2743 ut
2059 2696 2186 2742 sunt
2203 2687 2364 2755 dicta,
2389 2687 2629 2745 facienda
2654 2698 2811 2745 sunt:
2840 2691 3078 2762 profecto
3098 2694 3239 2749 illam
3264 2695 3352 2750 Dei
3382 2696 3576 2767 legem,

1980 2797 2087 2836 non
2117 2782 2288 2836 solum
2321 2782 2397 2837 illi
2429 2792 2552 2837 tunc
2578 2784 2809 2853 populo,
2841 2798 3021 2839 verum
3054 2786 3212 2842 etiam
3253 2804 3395 2845 nunc
3425 2790 3580 2847 nobis

1979 2874 2047 2929 ad
2076 2875 2451 2930 instituendam
2484 2885 2631 2931 recte
2660 2878 2818 2933 vitam
2850 2881 3205 2935 necessariam
3239 2898 3397 2939 nemo
3426 2882 3554 2941 dubi

1979 2967 2190 3023 taverit.
2223 2966 2281 3021 Si
2307 2968 2452 3022 enini
2474 2966 2719 3024 Christus
2745 2970 2898 3025 nobis
2923 2971 3141 3027 abstulit
3166 2974 3294 3029 illud
3318 2977 3578 3047 gravissi-

1980 3072 2127 3111 mum
2155 3058 2439 3112 multarum
2480 3059 2910 3117 Observationum
2948 3064 3132 3133 jugum
3153 3108 3169 3132 ,
3200 3082 3265 3123 ne
3292 3070 3580 3128 carnaliter
3636 3067 3647 3076 ’

1960 3146 2448 3216 .circumcidaniur,
2480 3166 2548 3206 ne
2576 3165 2826 3221 pecorum
2854 3155 3098 3210 victimas
3128 3156 3482 3225 immolemus,
3508 3176 3579 3218 ne

1981 3239 2205 3295 sabbato
2231 3252 2453 3314 septeno
2478 3243 2686 3299 dierum
2718 3246 2987 3302 volumine
3016 3248 3274 3306 redeunte
3302 3251 3370 3307 ab
3393 3254 3577 3325 operi-

1980 3328 2081 3385 bus
2108 3332 2267 3385 etiam
2300 3334 2617 3389 necessariis
2654 3336 3026 3405 quiescamus,
3069 3350 3121 3395 et
3164 3350 3355 3398 cetera
3397 3344 3579 3417 hujus-

1980 3423 2156 3490 modi,
2184 3424 2279 3480 sed
2306 3440 2367 3479 ea
2400 3426 2745 3496 spiritualiter
2774 3430 3039 3486 intellecta
3069 3440 3372 3501 teneamus,
3402 3452 3575 3494 remo-

1979 3514 2152 3585 tisque
2179 3516 2383 3571 umbris
2420 3517 2843 3588 significantibus
2880 3522 2933 3576 in
2974 3537 3149 3579 rerum
3189 3523 3422 3592 ipsarum
3458 3546 3578 3600 quae

1980 3606 2346 3677 significantur
2383 3609 2502 3666 luce
2531 3609 2812 3682 vigilemus
2841 3630 2855 3668 :
2888 3614 3143 3685 numquid
3176 3628 3451 3690 propterea
3492 3623 3577 3677 di-

1980 3700 2117 3755 cturi
2145 3715 2350 3765 sumus,
2380 3717 2485 3757 non
2516 3704 2581 3758 ad
2610 3719 2706 3759 nos
2732 3707 2997 3775 pertinere
3023 3710 3162 3779 quod
3188 3713 3446 3783 scriptum
3469 3726 3574 3783 est,

1980 3800 2039 3846 ut
2065 3792 2297 3848 alienum
2327 3794 2700 3866 quodcumque
2729 3798 2993 3866 perditum
3024 3802 3263 3873 quisquis
3292 3805 3570 3875 invenerit,

1978 3885 2169 3943 reddat
2195 3888 2243 3942 ei
2284 3889 2372 3959 qui
2405 3888 2634 3960 perdidit
2663 3889 2844 3961 (Leuit.
2872 3908 2926 3948 vi
2946 3935 2961 3960 ,
2991 3894 3044 3961 5,
3072 3895 3164 3967 4);
3196 3904 3252 3953 et
3277 3898 3380 3955 alia
3411 3903 3576 3959 multa

1980 3979 2194 4044 similia,
2226 3981 2416 4050 quibus
2443 3983 2528 4053 pie
2557 3993 2806 4055 recteque
2836 3987 3014 4044 vivere
3043 3990 3286 4059 discitur,
3317 3995 3577 4051 maxime-

1979 4087 2084 4143 que
2111 4074 2281 4143 ipsum
2304 4075 2645 4147 Decalogum,
2669 4080 2759 4148 qui
2786 4079 2992 4136 duabus
3016 4082 3120 4138 illis
3138 4085 3360 4157 lapideis
3382 4089 3576 4147 tabulis

1978 4169 2303 4238 continetur,
2333 4180 2554 4242 excepta
2578 4174 2782 4229 sabbati
2808 4175 3183 4235 observatione
3207 4183 3428 4250 carnali,
3455 4199 3576 4255 quas

1980 4262 2308 4332 spiritualem
2358 4265 2832 4324 sanctificationem
2887 4271 3227 4344 quietemque
3275 4275 3575 4347 significat?

1981 4354 2110 4423 Quis
2134 4355 2275 4411 enim
2300 4355 2444 4412 dicat
2464 4372 2574 4423 non
2602 4360 2800 4417 debere
2825 4363 3110 4420 observare
3132 4364 3487 4439 Christianos,
3516 4381 3576 4427 ut

1980 4448 2072 4503 uni
2102 4448 2212 4504 Deo
2241 4450 2512 4521 religionis
2538 4452 2794 4520 obsequio
2823 4456 3116 4526 serviatur,
3149 4468 3204 4513 ut
3234 4460 3433 4517 idolum
3466 4478 3572 4519 non

1979 4539 2219 4605 colatur,
2248 4549 2305 4594 ut
2343 4556 2537 4598 nomen
2572 4544 2776 4600 Domini
2808 4562 2913 4602 non
2943 4548 3235 4620 accipiatur
3272 4554 3324 4607 in
3354 4569 3569 4620 vanum,

1981 4638 2040 4685 ut
2064 4641 2311 4701 parentes
2340 4632 2688 4702 bonorentur,
2720 4653 2787 4693 ne
2814 4638 3095 4705 adulteria,
3128 4644 3433 4712 homicidia,
3461 4646 3574 4704 fur-

1980 4732 2054 4789 ta,
2080 4722 2209 4778 falsa
2237 4724 2536 4781 testimonia
2565 4739 2957 4799 perpetrentur,
2983 4748 3053 4788 ne
3078 4750 3234 4801 uxor,
3264 4752 3332 4792 ne
3353 4739 3573 4796 omnino

1978 4829 2067 4870 res
2108 4815 2213 4869 ulla
2252 4818 2658 4887 concupiscatur
2703 4820 2875 4877 aliena
2919 4822 3115 4894 (Exod.
3144 4826 3279 4899 1x)?
3318 4827 3448 4897 Quis
3489 4839 3574 4887 est
3608 4802 3621 4842 ί

1981 4913 2087 4960 tam
2114 4905 2332 4976 impius,
2360 4909 2448 4978 qui
2475 4909 2615 4976 dicat
2641 4910 2764 4967 ideo
2791 4928 2851 4968 se
2879 4914 2977 4969 ista
3010 4915 3139 4986 legis
3168 4933 3273 4972 non
3302 4920 3573 4978 custodire

1980 5008 2266 5071 praecepta,
2294 5002 2416 5073 quia
2446 5012 2528 5058 est
2554 5004 2667 5075 ipse
2693 5004 3036 5075 christianus,
3065 5025 3165 5066 nec
3187 5011 3288 5067 sub
3310 5011 3448 5086 lege,
3473 5014 3569 5071 sed

1978 5094 2078 5149 sub
2105 5095 2270 5165 gratia
2301 5097 2654 5153 constitutus?
3589 5106 3592 5109 “

2026 5172 2137 5243 ill.
2173 5188 2366 5244 Verum
2413 5190 2527 5245 haec
2571 5191 2725 5262 plane
2766 5208 2954 5265 magna
2993 5194 3243 5257 distantia
3280 5207 3396 5268 est,
3429 5202 3569 5273 quod

1978 5276 2181 5336 faciunt
2206 5281 2304 5336 ista
2332 5282 2432 5337 sub
2458 5283 2574 5353 lcge
2599 5284 2777 5355 positi,
2802 5301 2937 5357 quos
2961 5287 3138 5344 littera
3156 5289 3373 5356 occidit,
3401 5300 3572 5349 terre-

1979 5388 2101 5430 nam
2143 5373 2445 5430 fclicitatem
2483 5378 2565 5433 vel
2595 5378 2884 5449 cupiditate
2908 5379 3235 5451 adipiscendi
3261 5383 3349 5440 vel
3377 5386 3570 5442 timore

1979 5466 2252 5521 amittendi
2284 5483 2297 5521 :
2330 5475 2383 5522 et
2422 5466 2541 5523 ideo
2586 5483 2691 5523 non
2729 5484 2855 5525 vere
2893 5471 3120 5538 faciunt;
3162 5473 3413 5543 quoniam
3451 5487 3571 5531 car-

1981 5557 2116 5613 nalis
2134 5559 2417 5630 cupiditas,
2439 5576 2539 5631 qua
2559 5571 2837 5634 peccatum
2857 5573 3218 5622 commutatur
3241 5566 3420 5637 potius
3440 5569 3527 5627 vel
3548 5570 3569 5606 ⁸

1980 5660 2223 5722 augetur,
2251 5652 2540 5722 cupiditate
2561 5655 2665 5709 alia
2694 5670 2798 5711 non
2821 5665 3058 5713 sanatur.
3090 5658 3155 5714 Hi
3180 5659 3247 5715 ad
3272 5671 3425 5719 vetus
3448 5675 3574 5735 per-

1982 5782 2189 5897 ”imc
2233 5792 2352 5839 is.
2403 5792 2692 5844 auctoritate
2744 5792 2996 5857 addimus,
3040 5802 3358 5852 meatur
3409 5803 3570 5855 Mus
