4072 6578
427 369 534 426 599

423 486 506 542 sic
534 483 602 540 ab
631 483 722 539 illo
751 489 1032 554 superatur
1055 523 1070 548 ,
1099 489 1159 535 ut
1183 481 1298 550 ipse
1325 479 1394 534 ibi
1424 493 1532 534 non
1556 479 1645 534 sit.

498 577 586 633 15.
627 574 760 631 Cum
791 576 964 644 itaque
987 573 1116 642 justi
1143 585 1330 626 omnes
1355 579 1410 625 et
1435 569 1767 640 antiquiores
1791 575 1846 623 et
1871 567 2017 636 Apo-

425 670 549 724 stoli
575 685 643 724 ex
671 667 773 722 ﬁde
803 666 1031 720 vixerint
1055 671 1198 720 recta
1222 705 1238 731 ,
1266 678 1386 734 quze
1426 671 1508 718 est
1543 661 1596 716 iu
1635 659 1854 716 Christo
1891 659 2019 715 Jesu

428 761 656 815 Domino
685 766 868 812 nostro
893 775 907 822 ;
949 771 1234 827 moresque
1263 765 1367 809 tam
1401 764 1614 808 sanctos
1641 769 1761 808 cum
1789 752 1892 807 ﬁde
1921 752 2016 805 ha-

427 852 643 909 buerint
667 891 685 920 ,
717 859 776 905 ut
815 850 938 906 licet
981 865 1087 904 non
1139 859 1246 902 tam
1297 849 1544 917 perfectae
1595 844 1804 899 virtutis
1833 845 1884 898 in
1917 842 2018 897 hac

424 945 535 1001 vita
557 958 678 1000 esse
697 943 1001 1014 potuerint,
1031 957 1189 1012 quam
1210 955 1330 1012 quae
1354 949 1474 1010 post
1501 940 1639 993 hanc
1659 938 1820 992 vitam
1845 937 2017 990 futura

424 1047 543 1104 est,
583 1047 762 1094 tamen
802 1035 1056 1108 quidquid
1097 1034 1297 1106 peccati
1329 1048 1396 1089 ex
1440 1034 1666 1087 humana
1709 1029 2018 1084 inﬁrmitate

424 1129 802 1200 subreperet‘,
846 1129 1042 1198 pietate
1069 1128 1235 1198 ipsius
1265 1125 1388 1181 ﬁdei
1413 1125 1667 1180 centinuo
1697 1122 1967 1177 deleretur
1998 1137 2014 1175 :

425 1223 568 1280 unde
616 1223 730 1278 ﬁeri
789 1231 961 1293 potest
1011 1230 1068 1276 ut
1119 1223 1172 1276 in
1221 1220 1618 1289 comparatione
1675 1215 2016 1286 iniquorum,

427 1332 563 1388 quos
586 1315 934 1372 damnaturus
957 1322 1039 1370 est
1067 1315 1244 1377 Deus',
1272 1312 1446 1382 justas
1489 1325 1583 1366 eos
1631 1308 1792 1363 fuisse
1831 1307 2016 1362 dicen.

431 1409 554 1464 dum
585 1408 654 1462 sit
679 1423 695 1474 ;
723 1421 842 1462 cum
871 1422 966 1477 per
991 1406 1130 1475 piam
1163 1404 1319 1458 ﬁdem
1363 1412 1470 1456 tam
1513 1402 1565 1456 in
1595 1397 1924 1456 contrarium
1951 1397 2021 1451 ab

425 1501 532 1556 illis
558 1500 734 1571 impiis
777 1499 884 1556 sint
921 1498 1152 1564 remoti,
1210 1505 1266 1550 ut
1309 1496 1502 1549 clamet
1545 1492 1861 1563 Apostolus,
1893 1487 2024 1553 Quae

429 1609 549 1665 pars
579 1591 720 1662 ﬁdeli
745 1607 860 1646 cum
887 1589 1084 1660 inﬁdeli
1133 1586 1210 1661 (ll
1232 1585 1350 1642 Cor.
1377 1602 1428 1641 Vl
1451 1629 1464 1650 ,
1499 1585 1567 1640 15
1593 1585 1611 1656 )
1643 1583 1798 1639 iSed
1828 1581 2024 1637 videli-

428 1691 517 1738 cet
553 1681 822 1751 Pelagiani
867 1681 990 1736 novi
1031 1678 1266 1733 lueretici
1293 1719 1307 1744 ,
1343 1675 1571 1746 religiosi
1598 1677 1619 1706 '
1657 1685 1925 1729 amatores
1969 1682 2025 1728 et

431 1775 737 1830 laudatores
763 1773 1010 1830 videntur
1035 1772 1134 1826 sibi
1164 1784 1284 1826 esse
1312 1777 1618 1824 sanctorum
1642 1808 1657 1829 ,
1691 1767 1734 1820 si
1773 1779 1878 1820 non
1924 1779 2025 1818 au-
2075 1793 2082 1800 -

427 1865 589 1920 deant
634 1865 813 1920 dicere
858 1862 1185 1934 imperfectae
1229 1861 1348 1915 illos
1399 1860 1562 1914 fuisse
1607 1857 1854 1922 virtutis,
1900 1872 2021 1911 cum

429 1961 530 2015 hoc
561 1959 878 2014 conﬁteatur
906 1957 1011 2012 Vas
1051 1955 1327 2013 electionis
1352 1996 1366 2017 ,
1411 1953 1500 2023 qui
1543 1951 1891 2007 considerans
1933 1949 2020 2004 tibi

430 2049 604 2104 adhuc
623 2061 794 2116 esset,
817 2059 872 2104 et
889 2048 1010 2120 quia
1038 2063 1234 2118 corpus
1259 2046 1400 2117 quod
1421 2045 1780 2113 corrumpitur
1797 2084 1811 2107 ,
1835 2055 2024 2110 aggra-

427 2153 518 2197 vat
543 2143 772 2196 animam
803 2141 975 2213 (Sep.
1007 2157 1058 2195 tx
1083 2183 1098 2204 ,
1131 2141 1200 2195 15
1223 2142 1264 2211 ),
1291 2137 1412 2192 Non
1439 2138 1557 2208 quia
1577 2138 1692 2208 jam
1711 2136 2019 2207 acceperim,

427 2235 540 2302 ait,
569 2244 658 2288 aut
679 2235 792 2307 jam
818 2237 1068 2306 perfectus
1092 2233 1188 2286 sim
1209 2248 1230 2286 :
1261 2233 1442 2302 fratres
1462 2271 1478 2296 ,
1507 2245 1598 2301 ego
1619 2244 1699 2282 me
1725 2231 1892 2300 ipsum
1921 2243 2025 2281 non

427 2326 647 2380 arbitror
669 2325 1083 2398 apprehendisse.
1119 2325 1186 2379 Et
1211 2325 1369 2395 paulo
1399 2331 1527 2393 post
1568 2333 1744 2378 tamen
1769 2362 1784 2386 ,
1831 2319 1923 2390 qui
1965 2333 2027 2375 se

429 2426 721 2490 negaverat
757 2431 878 2474 esse
921 2417 1214 2489 perfectum
1239 2458 1254 2481 ,
1306 2416 1560 2487 Quotquot
1603 2431 1720 2486 ergo
1769 2413 2020 2487 perfecti,

427 2510 601 2581 inquit
625 2553 640 2576 ,
671 2511 767 2565 hoc
794 2512 1052 2582 sapiamus
1082 2509 1358 2582 (Philipp.
1389 2525 1444 2563 ttt
1465 2551 1479 2574 ,
1511 2507 1580 2562 12
1602 2551 1618 2574 ,
1651 2508 1718 2563 15
1744 2547 1761 2576 ,
1791 2503 1900 2580 15)
1928 2525 1940 2560 :
1970 2515 2026 2560 ut

428 2605 740 2660 ostenderet
761 2604 1053 2659 secundum
1085 2603 1238 2658 istius
1277 2603 1402 2656 vitae
1444 2601 1660 2654 modum
1688 2613 1810 2654 esse
1833 2615 2025 2668 quam-

428 2698 552 2753 dam
585 2697 966 2768 perfectionem
985 2739 1000 2764 ,
1033 2697 1188 2766 eique
1219 2693 1529 2764 perfectioni
1557 2693 1662 2749 hoc
1685 2707 1898 2764 quoque
1924 2692 2024 2747 de-

429 2790 603 2861 putari
628 2832 642 2854 ,
671 2790 716 2845 si
746 2803 806 2846 se
831 2791 1055 2860 quiSque
1075 2787 1284 2844 noverit
1303 2787 1538 2840 nondum
1561 2799 1682 2840 esse
1702 2783 2021 2855 perfectum.

429 2884 568 2954 Quid
596 2885 738 2939 enim
770 2881 1058 2955 perfectius
1077 2923 1090 2947 ,
1123 2880 1319 2951 quidve
1343 2878 1364 2911 ³
1392 2877 1742 2934 excellentius
1769 2877 1824 2931 in
1855 2877 2021 2931 veteri

430 2977 628 3048 populo
651 2974 1021 3030 sacerdotibus
1047 2972 1284 3027 sanctis?
1315 2971 1380 3025 Et
1421 2979 1598 3025 tamen
1641 2969 1721 3022 eis
1769 2967 2026 3038 praecepit

429 3071 574 3127 Deus
600 3069 921 3126 sacriﬁcium
975 3069 1220 3138 primitus
1253 3081 1348 3136 pro
1393 3066 1506 3120 suis
1547 3062 1739 3118 oderre
1791 3064 2026 3132 peccatis

433 3163 639 3236 (Leuit.
669 3177 720 3216 ιι
744 3204 758 3228 ,
794 3163 846 3227 7,
875 3169 924 3214 et
947 3175 1072 3226 ινι,
1095 3157 1190 3229 6).
1247 3157 1313 3212 Et
1357 3155 1484 3227 quid
1520 3156 1755 3210 sanctius
1793 3155 1846 3208 in
1887 3167 2026 3207 novo

427 3257 628 3328 populo
657 3252 974 3323 Apostolis?
1005 3253 1069 3306 Et
1099 3261 1274 3306 tamen
1300 3250 1554 3322 praecepit
1581 3249 1658 3303 eis
1685 3248 1940 3302 Dominus
1971 3248 2024 3301 in

428 3348 673 3404 oratione
700 3347 880 3401 dicere
903 3387 917 3410 ,
941 3345 1158 3402 Dimitte
1185 3345 1327 3400 nobis
1355 3344 1522 3398 debita
1552 3351 1741 3397 nostra.
1774 3341 2023 3397 Omnium

428 3439 592 3510 igitur
617 3439 826 3509 piorum
855 3435 954 3491 sub
980 3435 1082 3490 hoc
1105 3451 1271 3492 onere
1299 3433 1658 3505 corruptibilis
1687 3433 1864 3488 carnis
1891 3441 1940 3487 et
1971 3433 2024 3486 in

429 3531 586 3586 istius
613 3530 736 3584 vitae
767 3527 1074 3584 inﬁrmitate
1102 3527 1427 3598 gementium
1457 3540 1580 3596 spes
1609 3541 1716 3581 una
1742 3535 1853 3588 est,
1882 3525 2024 3596 quod

430 3623 747 3679 advocatum
802 3621 1061 3677 habemus
1111 3620 1178 3675 ad
1222 3619 1431 3675 Patrem
1459 3618 1481 3650 δ
1527 3618 1710 3674 Jesum
1751 3617 2024 3673 Christum

427 3717 632 3787 justum
657 3755 674 3784 ,
705 3727 760 3772 et
795 3717 910 3785 ipse
943 3723 1028 3770 est
1053 3715 1296 3770 exoratio
1341 3721 1682 3784 peccatorum
1723 3722 2025 3768 nostrorum

435 3806 1010 3882 (lJoan.tt,i,2).

503 3899 730 3955 CAPUT
763 3899 848 3954 Vl.
869 3927 945 3940 —-
967 3898 1056 3952 16.
1080 3897 1350 3952 Calumnia
1378 3896 1442 3950 de
1470 3903 1674 3966 peccato
1707 3897 1761 3950 in
1802 3894 2024 3951 Christo.

431 3992 642 4050 Justum
673 3991 694 4024 '
722 3990 1037 4047 advocatum
1059 4006 1166 4045 non
1193 3989 1389 4044 habent
1412 3989 1518 4054 illi,
1546 3988 1634 4059 qui
1665 3997 1787 4042 sunt
1814 4003 1840 4041 a
1867 3988 2030 4058 justis

435 4083 686 4158 (etiamsi
717 4082 830 4136 sola
873 4084 974 4136 ista
1023 4091 1167 4136 esset
1208 4079 1552 4151 diﬁcreutia)
1602 4081 1654 4134 in
1701 4081 2028 4135 contrarium

433 4176 700 4247 longeque
723 4175 964 4230 discreti.
996 4174 1165 4241 Quem
1191 4174 1394 4244 justum
1434 4173 1750 4230 advocatum
1799 4173 1938 4229 absit
1973 4181 2032 4228 ut

434 4267 675 4321 dicamus
699 4307 715 4333 ,
744 4267 884 4322 sicut
911 4265 1010 4336 ipsi
1055 4265 1446 4321 calumniantur
1466 4306 1480 4332 ,
1530 4283 1550 4318 ι
1577 4265 1757 4320 carnis
1797 4265 2032 4320 necessi-

436 4366 544 4412 tate
571 4357 850 4412 mentitum
886 4373 901 4412 ε
937 4375 956 4409 ι
1003 4357 1096 4411 sed
1154 4357 1386 4412 dicimus
1419 4373 1540 4412 eum
1589 4358 1642 4412 in
1683 4357 2032 4414 similitudine

434 4451 613 4504 carnis
644 4449 844 4520 peccati
875 4447 942 4504 de
969 4459 1188 4519 peccatu
1207 4447 1495 4504 damnasse
1518 4459 1791 4520 peccatum
1831 4451 1850 4522 (
1875 4449 2027 4510 Rom.

437 4559 527 4597 vttt
555 4585 568 4608 ,
596 4543 630 4598 5
650 4541 694 4616 ).
722 4543 874 4610 Quod
898 4541 1124 4598 fortasse
1163 4542 1250 4597 ἱειί
1286 4556 1392 4597 non
1437 4543 1797 4614 intelligentes
1822 4553 1875 4599 et
1893 4545 2032 4600 calu-

440 4637 676 4691 mniandi
697 4637 986 4706 cupiditate
997 4636 1202 4700 caecati,
1217 4651 1376 4707 quam
1397 4635 1623 4692 diversis
1638 4637 1809 4692 modis
1829 4638 2031 4709 peccati

440 4745 636 4785 nomen
662 4733 714 4784 in
744 4729 1035 4800 Scripturis
1063 4730 1262 4785 sanctis
1308 4731 1434 4800 poni
1473 4730 1646 4786 soleat
1682 4733 1989 4801 ignorantes
2011 4772 2028 4799 ,

439 4831 716 4896 peccatum
739 4820 940 4876 Christi
964 4820 1233 4876 afﬁrmare
1279 4836 1376 4876 nos
1410 4822 1631 4890 iactant.
1661 4821 1898 4877 Dicimus
1927 4822 2031 4876 ita-

440 4933 544 4986 que
571 4914 843 4970 Christum
869 4954 884 4979 ,
911 4922 966 4970 et
993 4915 1197 4968 nullum
1229 4913 1481 4969 habuisse
1511 4924 1787 4985 peccatum
1813 4957 1828 4983 ,
1857 4929 1958 4970 nec
1981 4916 2032 4969 in

441 5009 617 5064 anima
644 5051 658 5074 ,
681 5021 783 5062 nec
808 5008 860 5061 in
881 5021 1042 5062 carne
1067 5023 1082 5072 ;
1115 5016 1169 5061 et
1196 5005 1536 5076 suscipiendo
1557 5022 1774 5062 carnem
1804 5007 1857 5062 in
1885 5007 2035 5062 simi-

442 5099 666 5155 litudine
692 5101 872 5153 carnis
899 5099 1105 5169 peccati
1151 5098 1218 5154 de
1263 5109 1481 5168 peccato
1517 5099 1798 5156 damnasse
1847 5115 2036 5170 pecca-

443 5204 576 5250 tum.
607 5193 761 5262 Quod
793 5193 1122 5249 Subobscure
1167 5193 1236 5248 ab
1277 5193 1533 5264 Apostolo
1581 5194 1781 5250 dictum
1826 5195 2036 5251 duobus

445 5286 620 5344 modis
645 5284 910 5340 solvitur:
957 5285 1070 5340 sive
1093 5285 1216 5356 quia
1241 5300 1422 5339 rerum
1453 5285 1829 5342 similitudines
1858 5287 2037 5342 solent

445 5393 631 5435 earum
660 5393 837 5435 rerum
869 5377 1176 5434 nominibus
1203 5377 1498 5448 nuncupari
1524 5421 1538 5447 ,
1569 5395 1794 5450 quarum
1834 5381 2038 5437 similes

507 5593 1304 5732 “me!
1331 5670 1392 5708 οκ

515 5723 620 5784 fax
644 5719 750 5771 tttss.
775 5719 1063 5784 addidimus,
1081 5719 1362 5784 perfectius,
1387 5719 1581 5783 quidue.

509 5779 756 5854 restes:
781 5783 915 5854 βαίην
1340 5779 1551 5854 Emme
1604 5844 1634 5854 ..

502 5835 529 5870 θ
557 5841 695 5904 aditi,
736 5840 882 5894 istum
903 5835 927 5894 ἐ
951 5843 1186 5894 mendose
1219 5835 1286 5894 'et
1327 5843 1733 5896 dissentientibus
1766 5850 1875 5898 Ias.

1047 362 1320 420 caurus
1365 361 1544 438 pnas
1582 359 1958 418 EPISTOLAS
1995 357 2562 429 PELAGIANORUM,
2604 361 2662 417 s.
2703 333 3068 420 adeusrtut

2129 483 2292 544 sunt,
2325 485 2383 530 ut
2407 476 2578 546 ipsam
2609 477 3007 533 similitudinem
3033 480 3210 534 carnis
3243 481 3450 550 peccati
3491 481 3736 538 voluisse

2129 567 2454 638 intelligatur
2483 569 2772 638 Apostolus
2795 569 3068 640 appellare
3094 581 3372 640 peccatum
3404 590 3419 624 ς
3459 573 3578 628 sive
3603 575 3736 644 quia

2130 661 2388 716 sacriﬁcia
2419 678 2515 731 pro
2547 663 2778 730 peccatis
2803 673 3020 732 peccata
3045 665 3455 735 appellabantur
3481 666 3534 721 in
3565 669 3682 736 lege
3712 711 3732 734 ,

2130 769 2248 824 quae
2274 756 2452 810 omnia
2489 756 2671 826 ﬁgurat
2717 756 2930 812 fuerunt
2971 761 3148 814 carnis
3187 761 3420 828 Christi,
3461 762 3604 832 quod
3648 773 3742 818 est

2130 861 2314 901 verum
2345 857 2402 902 et
2430 848 2646 901 unicum
2675 847 2992 904 sacriﬁcium
3018 865 3112 918 pro
3135 851 3368 920 peccatis
3389 893 3406 920 ,
3423 867 3532 907 non
3553 854 3734 908 solum

2131 937 2218 991 his
2257 953 2377 1008 quae
2419 939 2670 994 universa
2717 940 2770 993 in
2815 939 3141 1010 Baptismate
3183 941 3495 1008 diluuntur,
3540 961 3732 999 verum

2131 1029 2291 1084 etiam
2323 1030 2407 1086 his
2436 1047 2554 1100 quae
2581 1041 2702 1101 post
2725 1047 2792 1086 ex
2827 1030 2994 1102 hujus
3026 1033 3148 1086 vita:
3192 1033 3500 1088 inﬁrmitate
3537 1035 3728 1090 subre'

2130 1131 2297 1190 punt;
2325 1134 2548 1192 propter
2577 1139 2696 1192 qum
2732 1124 2970 1193 quotidie
3016 1125 3266 1180 universa
3303 1125 3356 1180 in
3393 1127 3634 1181 oratione
3659 1127 3736 1181 ad

2133 1211 2300 1266 Deum
2331 1212 2526 1266 clamat
2567 1212 2804 1269 Ecclesia
2828 1255 2841 1280 ,
2882 1213 3098 1269 Dimitte
3131 1216 3273 1270 nobis
3310 1215 3476 1271 debita
3513 1228 3688 1273 nostra
3713 1237 3738 1284 ,-

2132 1313 2188 1359 et
2213 1303 2556 1360 dimittuntur
2603 1306 2758 1362 nobis
2800 1323 2890 1378 per
2942 1308 3214 1379 singulare
3265 1310 3584 1365 sacriﬁcium
3631 1325 3742 1379 pro

2133 1397 2396 1465 peccatis,
2430 1398 2572 1469 quod
2607 1401 2895 1468 Apostolus
2924 1401 3214 1456 secundum
3261 1403 3426 1472 legem
3467 1403 3694 1472 loquens
3719 1443 3738 1466 ,

2133 1503 2242 1542 non
2270 1489 2528 1544 dubitavit
2571 1489 2846 1560 appellare
2893 1500 3192 1560 peccatum.
3241 1491 3393 1547 Unde
3435 1503 3518 1548 est
3565 1494 3738 1548 etiam

2135 1581 2264 1635 illud
2294 1580 2410 1651 ejus
2437 1583 2604 1638 multo
2632 1582 2932 1638 evidentius
2953 1623 2971 1652 ,
3001 1601 3101 1639 nec
3140 1586 3320 1656 aliquo
3365 1586 3504 1640 bivio
3547 1588 3740 1655 cujus-

2133 1687 2292 1742 quam
2323 1671 2683 1744 ambiguitatis
2711 1674 2976 1729 incertum
3009 1693 3023 1730 :
3059 1676 3394 1732 Obsecramus
3413 1695 3506 1748 pro
3531 1677 3746 1734 Christo

2133 1763 2449 1818 reconciliari
2477 1763 2587 1819 Deo
2610 1780 2629 1818 :
2654 1781 2770 1818 eum
2807 1766 2896 1834 qui
2935 1783 3037 1820 non
3071 1779 3274 1821 noverat
3307 1779 3567 1840 peccatum
3589 1811 3605 1836 ,
3641 1787 3746 1839 pro

2133 1855 2276 1908 nobis
2306 1865 2564 1924 peccatum
2592 1858 2710 1928 fecit
2735 1899 2750 1922 ,
2783 1867 2840 1911 ut
2869 1875 2962 1912 nos
2987 1859 3145 1913 simus
3165 1861 3368 1932 justitia
3393 1861 3490 1914 Dei
3515 1863 3569 1916 in
3597 1863 3740 1932 ipso.

2135 1949 2202 2020 (ll
2227 1947 2348 2004 Cor.
2375 1967 2427 2016 v,
2457 1951 2528 2006 20
2563 1961 2608 2004 et
2634 1949 2749 2023 21).
2789 1949 2922 2007 Nam
2959 1953 3100 2022 quod
3127 1955 3376 2023 superius
3401 1969 3746 2010 commemo-

2135 2041 2252 2097 ravi
2273 2085 2288 2108 ,
2321 2041 2400 2096 De
2427 2053 2630 2115 peccato
2651 2043 2910 2098 damnavit
2930 2055 3224 2115 peccatum;
3248 2047 3372 2115 quia
3399 2061 3503 2102 non
3531 2049 3744 2103 dictum

2133 2143 2216 2188 est
2239 2175 2255 2200 ,
2291 2133 2366 2188 De
2391 2145 2611 2206 peccato
2641 2150 2738 2190 suo
2762 2178 2777 2202 ,
2805 2144 2982 2205 potest
3007 2137 3270 2206 quiSpiam
3295 2139 3375 2191 sic
3397 2138 3700 2208 intelligere
3725 2182 3744 2208 ,

2133 2235 2194 2280 ut
2221 2226 2367 2281 dicat
2389 2243 2513 2282 eum
2539 2227 2610 2284 de
2639 2237 2860 2298 peccato
2886 2227 3193 2284 Judazorum
3231 2229 3514 2286 damnasse
3543 2246 3746 2300 pecca-

2135 2327 2278 2385 tum;
2312 2321 2435 2390 quia
2463 2320 2530 2376 de
2555 2331 2776 2392 peccato
2801 2337 2988 2376 eorum
3013 2363 3030 2390 ,
3053 2323 3144 2394 qui
3165 2338 3288 2379 eum
3315 2323 3696 2380 cruciﬁxerunt
3727 2367 3745 2390 ,

2134 2413 2328 2468 factum
2357 2423 2440 2468 est
2469 2423 2527 2468 ut
2551 2417 2866 2487 sanguinem
2892 2430 3044 2469 suum
3069 2417 3120 2470 in
3145 2417 3518 2473 remissionem
3545 2418 3708 2473 funde
3729 2449 3745 2458 -

2134 2516 2218 2560 ret
2243 2513 2586 2575 peccatorum
2615 2525 2630 2562 :
2661 2506 2766 2562 hoc
2795 2523 2923 2562 vero
2949 2510 2988 2575 ι,
3021 2507 3112 2562 ubi
3139 2507 3334 2564 dicitur
3378 2508 3524 2564 Deus
3561 2509 3742 2578 ipsum

2133 2596 2409 2652 Christum
2435 2639 2450 2664 ,
2485 2597 2576 2668 qui
2605 2614 2712 2653 non
2743 2607 2965 2654 noverat
2989 2609 3266 2668 peccatum
3289 2642 3304 2667 ,
3333 2599 3524 2656 fecisse
3548 2615 3750 2672 pecca-

2134 2698 2250 2744 tum
2274 2731 2287 2754 ,
2318 2704 2425 2743 non
2453 2689 2584 2743 mihi
2613 2692 3022 2746 convenientius
3047 2690 3262 2747 videtur
3289 2693 3546 2762 intelligi,
3578 2708 3750 2763 quam

2133 2780 2404 2838 Christum
2435 2783 2632 2840 factum
2663 2783 2984 2840 sacriﬁcium
3017 2800 3116 2854 pro
3145 2785 3379 2856 peccatis
3403 2827 3419 2852 ,
3453 2795 3508 2840 et
3538 2787 3606 2840 ob
3639 2785 3752 2841 huc

2133 2877 2460 2947 appellatum
2493 2893 2614 2932 esse
2643 2887 2942 2948 peccatum.

2133 3011 2140 3018 α
2206 2987 2434 3050 CAPUT
2463 2989 2571 3044 Vll.
2594 3021 2667 3031 —
2687 2991 2774 3046 17.
2803 2989 3073 3047 Calumnia
3099 2993 3164 3048 de
3203 2995 3493 3065 impletionc
3547 3013 3754 3067 prlece—

2135 3093 2342 3155 ptorum
2368 3085 2422 3138 in
2476 3087 2650 3156 futura
2693 3085 2818 3140 vita.
2871 3085 3003 3166 Quis
3055 3095 3230 3141 autem
3277 3087 3412 3142 ferat
3461 3103 3556 3142 eos
3599 3089 3752 3158 obji-

2103 3187 2259 3234 ‘cere
2311 3177 2502 3244 nobis,
2539 3197 2558 3230 ‹
2587 3178 2728 3248 quod
2779 3179 2906 3248 post
2940 3179 3385 3234 resurrectionem
3430 3181 3562 3235 tales
3621 3198 3756 3251 pro-

2135 3286 2320 3326 cessus
2341 3270 2549 3325 futuros
2566 3285 2686 3327 esse
2707 3272 2948 3326 dicamus
2967 3313 2982 3338 ,
3007 3281 3067 3326 ut
3089 3273 3162 3327 ibi
3189 3273 3444 3343 incipiant
3465 3274 3712 3330 homines
3731 3320 3749 3342 ,

2135 3373 2257 3433 quae
2297 3361 2384 3416 hic
2427 3362 2734 3429 noluerint,
2777 3363 2875 3418 Dei
2909 3364 3159 3419 mandata
3199 3365 3514 3436 complere:
3551 3385 3572 3420 s
3612 3382 3756 3438 quo-

2135 3455 2280 3508 niam
2305 3453 2534 3508 dicimus
2556 3493 2572 3520 ,
2605 3453 2678 3509 ibi
2703 3453 2925 3509 omnino
2951 3455 3154 3509 nullum
3204 3456 3440 3512 futurum
3465 3472 3584 3513 esse
3617 3474 3754 3529 pec-

2135 3555 2316 3600 catum
2341 3586 2356 3612 ,
2388 3560 2489 3600 uec
2512 3560 2634 3600 cum
2661 3545 2838 3616 aliqua
2861 3548 3063 3615 peccati
3085 3547 3378 3617 cupiditate
3397 3549 3708 3605 conﬂictum
3733 3569 3750 3616 ;

2138 3649 2390 3711 tanquam
2414 3640 2517 3711 ipsi
2541 3641 2773 3696 audeant
2795 3641 2896 3696 hoc
2921 3657 3117 3712 negare
3134 3643 3155 3694 ἲ
3172 3641 3498 3712 Sapientiam
3528 3659 3754 3714 quoque

2137 3741 2190 3786 et
2215 3733 2576 3800 cognitionem
2607 3733 2702 3788 Dei
2729 3741 2854 3787 tunc
2873 3733 3058 3805 perﬁci
3079 3735 3133 3788 in
3155 3735 3309 3790 nobis
3328 3778 3342 3802 ,
3366 3743 3422 3790 et
3438 3736 3490 3790 in
3517 3737 3754 3792 Domino

2139 3834 2340 3882 tantam
2368 3827 2808 3893 exsultationem,
2836 3837 2893 3881 ut
2920 3841 2984 3882 ea
3014 3827 3082 3882 sit
3111 3827 3266 3900 plena
3297 3839 3352 3884 et
3379 3844 3505 3885 vera
3535 3831 3756 3884 securi-

2139 3929 2221 3975 tas
2246 3962 2262 3988 ,
2291 3921 2413 3991 quis
2445 3921 2699 3993 negabit,
2724 3921 2825 3976 nisi
2851 3928 2962 3975 tam
2989 3937 3211 3978 aversus
3237 3922 3306 3978 sit
3335 3938 3365 3977 a
3393 3939 3519 3978 vero
3543 3966 3560 3991 ,
3589 3933 3647 3979 ut
3675 3925 3756 3981 ob

2141 4011 2242 4066 hoc
2265 4011 2333 4066 ad
2367 4027 2484 4066 eam
2531 4013 2810 4082 pervenire
2845 4028 2955 4068 non
3001 4015 3210 4084 possit?
3247 4014 3446 4070 Verum
3487 4015 3600 4072 haec
3637 4033 3754 4074 non

2138 4112 2297 4160 erunt
2319 4103 2372 4160 iu
2405 4105 2690 4175 praeceptis
2715 4147 2730 4168 .
2753 4105 2848 4160 sed
2871 4106 2924 4160 in
2946 4121 3131 4162 eorum
3158 4123 3280 4178 quae
3301 4108 3388 4164 hic
3408 4109 3754 4166 observanda

2139 4207 2264 4254 sunt
2291 4201 2512 4270 praemio
2543 4209 2953 4270 praeceptorum.
2985 4201 3224 4272 Quorum
3275 4204 3488 4275 quidem
3541 4220 3756 4274 praece-

2139 4301 2354 4361 ptorum
2386 4299 2726 4370 contemptus
2771 4294 2862 4348 illo
2893 4309 2997 4349 non
3041 4296 3282 4364 perducit
3315 4297 3382 4351 ad
3425 4299 3704 4368 praemium
3733 4342 3750 4366 ,

2139 4381 2234 4438 sed
2264 4381 2355 4437 hic
2383 4382 2619 4438 studium
2647 4393 2913 4455 praecepta
2943 4387 3191 4442 servandi
3217 4389 3384 4459 gratia
3414 4389 3509 4444 Dei
3539 4390 3754 4446 tribuit.

2140 4473 2270 4541 Qua:
2298 4475 2342 4528 si
2373 4473 2500 4544 quid
2533 4474 2690 4529 etiam
2723 4475 2774 4529 in
2806 4477 2884 4531 eis
2923 4479 3204 4548 praeceptis
3242 4481 3418 4536 minus
3459 4491 3709 4538 servatur
3733 4526 3752 4552 ,

2139 4565 2369 4635 ignoscit
2395 4607 2409 4632 ,
2444 4575 2662 4637 propter
2689 4567 2833 4638 quod
2860 4569 3064 4626 orando
3088 4571 3314 4626 dicimus
3335 4615 3350 4638 ,
3379 4583 3435 4628 et
3457 4615 3471 4638 ,
3509 4573 3624 4628 Fiat
3653 4592 3755 4628 vo-

2142 4657 2310 4710 luntas
2337 4665 2460 4724 tua;
2487 4666 2580 4725 et,
2629 4657 2844 4715 Dimitte
2887 4661 3031 4717 nobis
3069 4663 3236 4718 debita
3282 4675 3456 4720 nostra
3510 4666 3752 4740 (Matth.

2142 4764 2194 4802 vr
2223 4790 2240 4816 ,
2268 4747 2338 4805 10
2356 4758 2402 4804 et
2435 4749 2566 4822 12).
2597 4752 2692 4806 Hic
2714 4769 2842 4823 ergo
2863 4765 3186 4827 praeceptum
3212 4765 3314 4822 est,
3335 4769 3392 4813 ιιι
3424 4776 3530 4816 non
3558 4777 3760 4832 pecce-

2142 4855 2264 4896 mus
2294 4859 2308 4894 :
2341 4841 2412 4896 ibi
2441 4843 2715 4912 praemium
2741 4887 2756 4912 ,
2788 4861 2890 4900 non
2919 4862 3076 4918 posse
3103 4865 3346 4920 peccare.
3393 4853 3490 4908 Hic
3534 4869 3748 4924 praece-

2142 4943 2294 5006 ptum
2339 4944 2454 5002 est,
2501 4944 2558 4990 ut
2577 4936 2858 4993 desideriis
2901 4943 3105 5010 peccati
3151 4959 3253 4999 non
3285 4945 3600 5003 obediamus
3628 4966 3642 5002 :
3671 4949 3754 5005 ibi

2143 5028 2461 5098 praemium,
2495 5037 2552 5083 ut
2590 5029 2856 5086 desideria
2899 5035 3101 5102 peccati
3145 5051 3254 5092 non
3299 5037 3614 5096 habeamus.
3647 5041 3755 5098 ilic

2143 5128 2472 5191 praeceptum
2499 5129 2616 5188 est,
2647 5120 2924 5194 Intelligite
2943 5142 3062 5196 ergo
3082 5169 3096 5192 ,
3125 5129 3210 5198 qui
3235 5129 3528 5202 insipientes
3552 5134 3669 5188 estis
3693 5135 3754 5190 in

2145 5212 2367 5285 papula;
2395 5219 2443 5266 et
2472 5211 2649 5280 stulti,
2696 5216 2972 5286 aliquando
3003 5220 3166 5288 sapite
3209 5219 3400 5292 (Psal.
3431 5240 3554 5280 xcut
3575 5267 3588 5292 ,
3622 5225 3654 5281 8
3680 5227 3701 5298 )
3737 5246 3750 5282 :

2147 5303 2219 5359 ibi
2251 5305 2528 5374 praemium
2551 5315 2633 5361 est
2655 5348 2672 5374 ,
2695 5307 2852 5378 plena
2883 5312 3140 5380 sapientia
3161 5325 3217 5369 et
3239 5315 3468 5383 perfecta
3491 5319 3752 5389 cognitio.

2157 5395 2396 5452 Videmus
2437 5398 2582 5454 enim
2615 5415 2749 5453 nunc
2793 5418 2881 5470 per
2925 5403 3184 5468 speculum
3222 5407 3275 5459 in
3317 5408 3588 5480 (enigmata
3609 5451 3624 5476 ,
3673 5412 3758 5470 ait.

2147 5489 2472 5558 Apostolus;
2503 5500 2622 5545 tunc
2649 5499 2818 5546 autem
2849 5493 2979 5564 facie
3003 5494 3076 5548 ad
3107 5497 3308 5566 faciem.
3353 5497 3506 5553 Nunc
3544 5502 3648 5554 scio
3683 5519 3752 5558 ex

2148 5590 2290 5651 parte
2313 5597 2330 5646 ;
2361 5589 2478 5635 tunc
2507 5593 2674 5638 autem
2699 5599 2999 5655 cognoscam
3027 5589 3160 5642 sicut
3187 5599 3233 5645 et
3259 5593 3487 5662 cognitus
3515 5611 3628 5648 sum
3684 5597 3706 5666 (
3729 5597 3748 5652 Ι

2149 5670 2265 5725 Cor.
2294 5687 2425 5740 xm,
2451 5671 2582 5746 12).
2606 5674 2706 5730 Hic
2727 5687 3049 5747 praeceptum
3071 5689 3156 5736 est
3179 5724 3194 5747 ,
3217 5679 3489 5738 Essultote
3509 5683 3626 5740 Deo
3649 5689 3746 5740 ad-

2215 5855 2230 5884 ι
2247 5851 2323 5901 sic
2337 5859 2444 5902 Mss.
2473 5857 2528 5902 At
2549 5851 2685 5914 editi,
2711 5851 2800 5904 hoc
2820 5857 2975 5907 verba.
