3984 6506
253 502 403 570 jutort
416 506 585 552 nostro
599 497 779 571 (Psal.
795 516 960 568 Lux,
975 499 1056 570 2);
1072 507 1130 558 et
1147 542 1163 565 ,
1179 498 1449 557 Exsultate
1465 541 1480 566 ,
1490 499 1619 570 justi
1637 541 1650 566 ,
1668 500 1721 552 in
1735 499 1833 552 Do-

264 593 391 645 uino
408 589 570 657 (Psal.
589 606 780 656 xxxu,
799 591 852 664 1)
873 611 887 647 :
913 593 984 647 ibi
1007 593 1278 662 prtemium
1297 601 1380 647 est
1398 635 1413 660 ,
1433 593 1700 648 exsultare
1712 608 1837 663 per-

264 682 395 737 fecto
410 691 459 736 et
475 680 726 735 ineil‘abili
748 683 1238 752 gaudio.Postremo
1258 684 1309 736 in
1330 693 1594 752 prmeepto
1609 684 1832 751 positum

263 783 372 839 est,
387 772 527 826 Beati
543 773 625 842 qui
643 775 874 829 esuriant
888 784 935 829 et
949 776 1120 830 sitiunt
1132 776 1380 845 justitiam
1403 792 1422 830 :
1445 776 1494 829 in
1516 777 1730 844 prtcmio
1751 791 1836 829 au-

262 875 360 918 tem
394 905 410 929 ,
458 863 708 930 Quoniam
759 864 860 934 ipsi
919 864 1276 919 saturabuntur
1321 864 1551 935 (Matth.
1615 881 1683 930 ν,
1733 863 1830 936 6).

261 953 438 1019 Unde,
479 968 697 1024 quaeso,
731 957 1142 1018 saturabuntur,
1186 956 1285 1009 nisi
1331 956 1471 1024 quod
1511 957 1752 1011 esuriunt
1777 965 1835 1017 et

258 1045 481 1098 sitiunt?
504 1045 634 1113 Quis
661 1045 822 1114 igitur
850 1047 921 1100 ita
942 1088 957 1113 ,
999 1061 1104 1100 non
1147 1047 1316 1100 solum
1359 1063 1387 1100 a
1431 1047 1646 1110 divino,
1678 1047 1769 1100 sed
1802 1064 1831 1101 a

257 1151 410 1192 sensu
441 1152 649 1206 quoque
675 1137 934 1192 abhorret
960 1139 1193 1193 humano
1219 1183 1230 1201 ,
1255 1140 1342 1209 qui
1371 1139 1510 1195 dicat
1537 1140 1590 1194 in
1617 1140 1830 1195 homine

260 1236 450 1283 tantam
479 1243 600 1283 esse
632 1244 788 1297 posse
810 1230 1070 1298 justitiam
1095 1272 1109 1296 ,
1141 1247 1258 1284 cum
1295 1232 1362 1284 ab
1403 1232 1494 1285 illo
1525 1232 1754 1285 esuritor
1777 1241 1832 1286 et

257 1319 424 1372 sititur
443 1359 457 1383 ,
489 1327 684 1388 quanta
708 1321 814 1373 erit
837 1361 849 1382 ,
877 1336 994 1374 cum
1023 1337 1087 1375 ex
1110 1321 1198 1376 illa
1225 1323 1588 1376 saturabitur?
1608 1323 1829 1390 Quando

256 1418 422 1464 autem
453 1411 719 1464 esurimus
750 1413 1064 1483 sitimusque
1087 1413 1344 1482 justitiam
1369 1456 1384 1480 ,
1408 1415 1451 1468 si
1474 1414 1604 1470 fides
1635 1416 1828 1470 Christi

256 1501 427 1569 vigilat
453 1502 503 1554 in
539 1502 689 1555 nobis
713 1543 729 1569 ,
761 1504 888 1572 quid
928 1520 1023 1558 nos
1063 1504 1160 1558 nisi
1207 1504 1476 1559 Christum
1519 1506 1723 1562 esurire
1765 1521 1828 1560 ac

256 1595 394 1648 sitire
421 1595 748 1649 credendum
778 1597 899 1651 est?
943 1596 1041 1660 Qui
1065 1602 1228 1667 factus
1257 1607 1327 1651 est
1354 1598 1496 1652 nobis
1520 1599 1769 1667 sapientia
1795 1615 1828 1651 a

256 1689 354 1742 Deo
377 1699 423 1742 et
445 1691 649 1758 justitia
675 1701 722 1742 et
747 1692 1080 1759 sanctiﬁcatio
1124 1700 1171 1745 et
1199 1691 1473 1762 redemptio
1495 1709 1516 1758 ;
1545 1702 1616 1756 ut,
1650 1708 1824 1761 quem-

253 1783 520 1836 admodum
565 1785 810 1851 scriptum
852 1793 960 1849 est,
1009 1784 1109 1850 Qui
1167 1784 1448 1855 gloriatur,
1491 1786 1545 1837 in
1606 1783 1826 1838 Domino

252 1876 486 1946 glorietur
515 1875 535 1945 (
562 1875 581 1929 l
611 1873 732 1929 Cor.
764 1891 820 1941 ι,
868 1877 937 1930 '50
959 1915 975 1942 ,
1004 1877 1064 1930 3i
1098 1876 1138 1947 ).
1171 1875 1238 1930 Et
1263 1876 1382 1946 quia
1427 1877 1586 1931 modo
1627 1878 1678 1930 in
1704 1893 1822 1930 eum

253 1984 352 2021 non
402 1967 647 2022 videntes
692 1967 994 2034 credimus,
1041 1967 1167 2023 ideo
1207 1969 1416 2025 sitimus
1459 1969 1826 2039 esurimusque

246 2059 518 2130 justitiam.
566 2060 829 2129 Quamdiu
857 2062 995 2116 enim
1021 2075 1203 2116 sumus
1225 2061 1280 2115 in
1304 2076 1528 2131 corpore
1547 2105 1560 2126 ,
1584 2063 1824 2132 peregri-

251 2167 432 2206 namur
459 2167 487 2204 a
521 2153 750 2206 Domino
782 2170 796 2205 :
836 2169 934 2223 per
962 2152 1118 2207 ﬁdem
1147 2152 1289 2207 enim
1319 2154 1649 2208 ambulamus
1671 2195 1686 2221 ,
1716 2170 1821 2208 non

249 2257 340 2311 per
364 2242 597 2312 speciem
657 2243 680 2316 (
706 2242 748 2297 ll
777 2242 895 2297 Cor.
923 2259 975 2309 v,
1005 2242 1038 2298 6
1061 2285 1076 2309 ,
1105 2243 1136 2298 7
1161 2243 1198 2312 ).
1247 2243 1412 2309 Quem
1453 2258 1571 2298 cum
1625 2243 1824 2299 videri-

248 2350 359 2387 mus
385 2336 424 2398 ί,
450 2335 826 2402 pervenientes
853 2336 1032 2403 utique
1051 2335 1115 2388 ad
1143 2335 1376 2404 speciem
1402 2377 1415 2401 ,
1442 2335 1822 2392 exsultabimus

245 2427 430 2497 gaudio
457 2429 802 2483 inenarrabili
833 2428 854 2500 (
881 2428 899 2481 l
930 2427 1072 2483 Petr.
1119 2445 1174 2495 ι,
1206 2429 1238 2483 8
1267 2428 1283 2497 )
1317 2447 1330 2482 :
1364 2438 1418 2484 et
1461 2439 1582 2484 tunc
1618 2431 1822 2499 justitia

245 2519 632 2582 Saturabimur;
662 2521 783 2588 quia
811 2534 950 2574 nunc
972 2520 1020 2573 ei
1049 2521 1135 2588 pio
1158 2519 1424 2574 desiderio
1443 2521 1686 2585 dicimus,
1717 2521 1820 2576 Sa-

245 2611 448 2662 turabor
474 2626 590 2664 cum
611 2610 1021 2680 manifestabitur
1048 2610 1209 2681 gloria
1235 2620 1321 2663 tua
1358 2610 1531 2682 (Psal.
1565 2628 1649 2667 xvr
1668 2654 1681 2675 ,
1707 2613 1817 2685 15).

322 2702 398 2755 18.
440 2702 606 2768 Quam
636 2716 769 2755 vero
794 2710 896 2768 est,
925 2716 1028 2755 non
1059 2701 1177 2755 dico
1198 2701 1495 2770 impudens,
1519 2705 1611 2757 sed
1636 2704 1818 2758 insana

243 2797 511 2865 superbia,
536 2795 768 2850 nendum
799 2810 918 2850 esse
942 2795 1171 2866 aequales
1195 2795 1410 2865 Angelis
1440 2797 1552 2860 Dei,
1585 2806 1638 2852 et
1667 2808 1820 2865 puta-

245 2903 308 2942 re
355 2902 414 2940 se
454 2887 556 2954 jam
597 2902 752 2955 posse
795 2886 992 2942 habere
1015 2887 1268 2957 justitiam
1314 2887 1566 2958 aequalem
1609 2889 1821 2959 Angelis

253 2975 392 3040 Dei;
421 2992 520 3032 nec
555 2977 732 3031 intueri
763 2987 868 3032 tam
913 2993 1154 3047 magnum
1200 2986 1254 3032 et
1295 2987 1536 3032 sanctum
1577 2979 1817 3046 virum',

257 3068 352 3138 qui
399 3069 573 3138 utique
601 3070 756 3138 ipsam
793 3070 1014 3139 justitiae
1047 3070 1419 3140 perfectionem
1448 3072 1710 3126 esuriebat
1737 3080 1819 3126 at-

245 3177 356 3230 que
388 3162 620 3225 sitiebat,
653 3163 863 3231 quando
891 3163 1250 3232 magnitudine
1269 3165 1646 3218 revelationum
1677 3166 1824 3218 nole-

245 3251 561 3316 batextolli;
605 3267 702 3307 nec
736 3263 932 3319 tamen,
964 3263 1019 3307 ut
1067 3270 1169 3306 non
1212 3255 1570 3318 extolleretur,
1604 3257 1822 3310 arbitrio

243 3359 336 3398 suo
363 3346 728 3416 voluntatique
753 3347 1067 3402 commissus
1095 3345 1228 3410 est',
1275 3347 1364 3400 sed
1394 3347 1594 3416 accepit
1632 3350 1820 3401 stimu-

243 3437 346 3491 lum
372 3441 550 3493 caruis
574 3481 588 3500 ,
618 3439 865 3510 angelum
893 3449 1090 3494 satana
1110 3481 1125 3505 ,
1169 3440 1256 3510 qui
1282 3455 1402 3494 eum
1429 3441 1818 3509 colaphizaret;

243 3542 454 3602 propter
481 3533 624 3602 quod
668 3533 947 3588 Dominum
979 3541 1060 3587 ter
1084 3533 1315 3602 rogavit,
1347 3543 1401 3586 ut
1429 3533 1727 3590 discederet
1755 3536 1822 3591 ab

245 3640 345 3688 eo;
374 3623 616 3694 dixitque
636 3626 685 3679 ei
712 3626 984 3690 Dominus,
1017 3626 1211 3696 Sufﬁcit
1236 3627 1324 3680 tibi
1351 3629 1514 3697 gratia
1541 3645 1820 3693 mea;nam

242 3717 389 3770 uirtus
415 3717 469 3769 in
494 3716 798 3784 inﬁrmitate
825 3717 1085 3786 perﬁcitur
1109 3716 1187 3787 (ll
1220 3715 1338 3772 Cor.
1365 3734 1433 3772 xu
1457 3760 1471 3782 ,
1499 3719 1597 3773 7—9
1620 3719 1660 3790 ).
1693 3718 1822 3787 Qum

243 3810 423 3874 virtus,
458 3810 560 3864 nisi
589 3811 655 3864 ad
685 3825 842 3879 quam
872 3811 1101 3877 pertinet
1126 3826 1232 3866 non
1259 3813 1473 3867 extolli?
1499 3813 1563 3867 Et
1590 3815 1706 3882 quis
1726 3814 1824 3868 du-

242 3900 369 3954 bitat
395 3901 497 3956 hoc
525 3902 592 3955 ad
612 3901 873 3970 justitiam
905 3903 1205 3971 pertinere?
1233 3902 1400 3972 Hujus
1433 3904 1590 3976 igitur
1604 3905 1823 3976 justitia

243 3991 568 4060 perfectione
591 4003 712 4046 sunt
731 3993 936 4061 praediti
963 3994 1146 4062 Angeli
1169 3995 1282 4061 Dei,
1304 3997 1392 4065 qui
1414 4011 1627 4067 semper
1645 3999 1826 4054 vident

247 4084 432 4138 faciem
478 4085 652 4139 Patris
695 4083 918 4157 (Matth.
949 4101 1108 4153 xvnt,
1143 4086 1242 4156 l0)
1265 4128 1280 4153 ,
1311 4103 1374 4142 ac
1401 4104 1496 4158 per
1538 4089 1637 4143 hoc
1665 4092 1824 4146 totius

247 4175 515 4229 Trinitatis
535 4220 551 4241 ,
581 4177 701 4246 quia
743 4193 840 4245 per
868 4176 1056 4231 Filium
1091 4177 1269 4232 vident
1310 4179 1362 4232 in
1391 4178 1587 4249 Spiritu
1618 4191 1821 4238 sancto.

245 4267 379 4321 Nihil
405 4277 485 4321 est
507 4277 682 4321 autem
710 4268 809 4320 ista
831 4269 1156 4323 revelatione
1181 4269 1457 4324 sublimius
1480 4289 1495 4326 :
1522 4288 1619 4326 nec
1647 4283 1822 4329 tamen

249 4363 565 4431 Angelorum
615 4362 892 4430 quisquam
935 4362 1018 4414 illa
1063 4363 1504 4431 contemplatione
1534 4365 1822 4421 luatantium

248 4455 601 4510 necessarium
629 4453 786 4507 habet
815 4453 1060 4522 angelum
1091 4462 1310 4516 satanas,
1333 4469 1363 4508 a
1387 4470 1493 4524 quo
1521 4457 1824 4526 colaphize-

249 4555 365 4610 tur,
393 4563 458 4601 ne
484 4546 632 4600 illum
675 4555 817 4600 tanta
862 4545 1168 4614 magnitudo
1210 4546 1551 4602 revelationis
1580 4549 1820 4604 extollat.

253 4640 396 4696 Hane
435 4639 822 4710 perfectionem
853 4639 1063 4693 virtutis
1107 4638 1286 4707 utique
1328 4641 1564 4695 nondum
1597 4642 1824 4698 habebat

249 4732 516 4800 apostolus
543 4731 772 4796 Paulus,
802 4729 1036 4784 nondum
1067 4730 1286 4800 aequalis
1315 4733 1526 4801 Angelis
1561 4733 1653 4788 Dei
1686 4753 1697 4787 :
1733 4735 1825 4789 sed

249 4824 416 4878 inerat
455 4824 530 4877 illi
558 4823 853 4878 extollendi
883 4838 944 4878 se
976 4823 1279 4887 inﬁrmitas,
1311 4840 1428 4894 quae
1459 4841 1551 4894 per
1580 4827 1824 4896 angelum

246 4915 404 4969 etiam
430 4926 630 4968 satana:
674 4915 844 4969 fuerat
871 4915 1268 4984 comprimenda
1290 4954 1305 4980 ,
1339 4931 1404 4970 ne
1442 4917 1824 4970 revelationmn

247 5006 605 5075 magnitudine
631 5006 998 5060 extolleretur.
1021 5005 1329 5075 Quanquam
1357 5007 1530 5076 itaque
1553 5008 1720 5076 ipsum
1745 5023 1830 5061 sa-

249 5106 421 5149 tanam
451 5096 612 5150 elatio
638 5097 806 5165 prima
828 5095 1079 5165 dejecerit
1107 5115 1120 5150 :
1149 5108 1322 5151 tamen
1350 5113 1588 5152 summus
1610 5099 1697 5153 ille
1718 5114 1830 5153 me-

248 5191 398 5246 dicus
418 5231 432 5255 ,
460 5190 548 5260 qui
580 5189 717 5244 bene
747 5189 822 5242 uti
849 5189 995 5243 novit
1019 5191 1176 5244 etiam
1205 5189 1358 5243 malis
1377 5230 1390 5254 ,
1423 5191 1490 5243 de
1519 5192 1706 5260 angelo
1746 5207 1830 5245 sa-

250 5292 387 5337 tana:
415 5282 656 5337 adhibuit
675 5290 859 5337 contra
887 5281 1128 5335 elationis
1151 5281 1358 5347 vitium,
1388 5281 1617 5348 salubre,
1644 5299 1830 5352 quam-

249 5377 329 5428 vis
351 5375 628 5429 molestum
652 5373 1095 5428 medicamentum
1116 5389 1131 5436 ;
1152 5373 1286 5426 sicut
1308 5373 1418 5426 fieri
1441 5375 1715 5428 consuevit
1735 5390 1831 5428 an-

250 5465 492 5530 tidotum,
523 5467 685 5521 etiam
709 5465 779 5520 de
806 5464 1142 5534 serpentibus
1168 5474 1353 5519 contra
1380 5481 1580 5520 venena
1611 5481 1829 5536 serpen-

321 5645 336 5676 ι
363 5647 434 5695 Sic
611 5645 731 5712 aditi
755 5658 893 5712 vero,
1289 5651 1345 5696 Et
1377 5644 1520 5706 paulo
1559 5652 1682 5709 post,
1717 5648 1832 5712 quia

250 5719 378 5755 suun:
399 5721 464 5759 ea:
484 5705 730 5759 desiderio
752 5705 976 5758 dicimus.

319 5769 498 5839 tam.
524 5775 572 5839 es

324 5831 346 5861 ³
364 5831 569 5883 Vaticani
583 5831 714 5892 Mss,
734 5831 1039 5883 conuitium:
1052 5836 1139 5884 est.

1613 383 1812 438 LIBER
1849 383 2174 442 TERTIUS.

1949 510 2078 554 tum.
2121 502 2256 570 Quid
2295 511 2374 558 est
2402 519 2548 574 ergo,
2582 504 2776 576 Sumsit
2803 505 2892 562 tibi
2932 508 3095 579 gratia
3120 525 3267 576 mea;
3296 511 3417 579 nisi,
3447 529 3515 569 ne

1943 589 2238 647 deficiendo
2275 596 2588 649 succumbas
2613 597 2710 651 sub
2733 598 2956 668 colapho
2982 602 3152 671 angeli
3179 604 3414 657 satante'l
3445 603 3513 658 Et

1943 683 2066 754 quid
2092 695 2194 750 est,
2233 684 2400 740 Virtus
2425 687 2477 740 in
2512 688 2804 754 inﬁmitate
2832 693 3126 759 perﬁcitur;
3173 693 3272 748 nisi
3311 695 3430 764 quia
3456 695 3510 751 in

1943 774 2044 829 isto
2090 775 2207 829 loco
2250 777 2567 830 infirmitatis
2601 775 2852 834 hactenus
2898 784 3149 850 perfectio
3185 796 3357 854 potest
3394 802 3514 842 esse

1890 925 1893 927 _
1940 866 2167 934 virtutis,
2199 877 2254 922 ut
2281 868 2390 937 ipsa
2414 869 2717 925 infirmitate
2739 873 2754 903 ²
2786 883 3046 942 praesente
3075 877 3232 941 elatio
3259 879 3513 948 reprima-

1940 962 2062 1015 tur?
2091 962 2218 1030 Quae
2246 963 2425 1032 utique
2470 963 2767 1032 infirmitas,
2801 967 2972 1023 futura
3001 971 3391 1029 immortalitate
3419 990 3510 1030 sa-

1940 1054 2164 1107 nabitur.
2198 1053 2471 1120 Quomodo
2499 1065 2580 1110 est
2617 1060 2756 1110 enim
2803 1058 3021 1114 dicenda
3075 1065 3271 1118 sanitas
3317 1065 3503 1134 plena,

1937 1144 2025 1198 ubi
2056 1145 2212 1198 etiam
2240 1145 2305 1199 de
2328 1147 2498 1216 angeli
2528 1157 2725 1202 satame
2753 1150 2974 1219 colapho
3013 1151 3188 1207 adhuc
3215 1163 3297 1209 est
3321 1172 3508 1212 neces-

1936 1236 2072 1288 saria
2105 1235 2400 1289 medicina?

2010 1325 2096 1379 i9.
2141 1326 2214 1380 Ex
2243 1325 2345 1380 hoc
2375 1327 2567 1381 factum
2595 1337 2694 1394 est,
2723 1330 2994 1396 virtutem,
3027 1347 3145 1402 quae
3175 1350 3316 1388 nunc
3347 1346 3427 1390 est
3456 1339 3504 1392 in

1935 1415 2152 1472 homine
2191 1419 2362 1488 justo,
2395 1419 2678 1488 perfectam
2722 1422 2975 1477 hactenus
3005 1426 3299 1492 nominari,
3343 1437 3396 1482 ut
3440 1431 3504 1484 ad

1933 1506 2050 1576 ejus
2078 1507 2469 1575 perfectionem
2487 1515 2747 1580 pertineat
2775 1515 2931 1569 etiam
2961 1516 3125 1586 ipsius
3155 1517 3508 1587 imperfectio-

1932 1599 2016 1652 nis
2039 1609 2092 1653 et
2119 1599 2172 1654 in
2202 1603 2422 1656 veritate
2449 1604 2703 1673 cognitio,
2734 1614 2787 1659 et
2816 1605 2866 1660 in
2897 1607 3188 1662 humilitate
3217 1608 3502 1665 confessio.

1932 1688 2080 1745 Tunc
2115 1691 2254 1745 enim
2287 1702 2366 1746 est
2396 1694 2684 1748 secundum
2727 1697 2860 1752 hanc
2896 1697 3250 1752 infirmitatem
3284 1715 3378 1768 pro
3407 1715 3504 1755 suo

1931 1779 2145 1834 modulo
2173 1783 2405 1848 perfecta
2430 1785 2524 1836 ista
2550 1799 2704 1853 parva
2722 1785 2945 1854 justitia,
2970 1789 3180 1856 quando
3201 1790 3356 1842 etiam
3378 1791 3502 1858 quid

1932 1871 2030 1924 sibi
2056 1870 2193 1925 desit
2219 1873 2480 1943 intelligit.
2508 1876 2735 1946 Ideoque
2757 1880 3040 1947 Apostolus
3065 1891 3118 1935 et
3139 1882 3501 1948 imperfectum

1928 1970 1980 2015 et
2008 1963 2292 2031 perfectura
2322 1979 2380 2018 se
2404 1965 2529 2020 dicit
2561 1967 2813 2038 (Philipp.
2837 1986 2910 2033 ιιι,
2935 1971 3000 2024 12
3024 1982 3068 2024 ει
3099 1973 3187 2042 15)
3217 1991 3228 2026 :
3261 1974 3507 2042 imperfe-

1928 2059 2070 2105 ctum
2099 2054 2317 2119 scilicet,
2347 2057 2627 2125 cogitando
2649 2068 2900 2126 quantum
2928 2061 3001 2114 illi
3033 2062 3096 2116 ad
3125 2063 3380 2132 justitiam
3406 2065 3502 2119 de-

1901 2142 1999 2204 ,sit
2022 2182 2036 2206 ,
2065 2144 2214 2209 cujus
2261 2145 2638 2212 plenitudinem
2670 2150 2841 2204 adhuc
2871 2153 3034 2205 esurit
3064 2168 3125 2208 ac
3153 2154 3296 2219 sitit;
3327 2156 3500 2222 perfe-

1928 2240 2070 2286 ctum
2100 2245 2299 2300 autem,
2329 2237 2467 2306 quod
2513 2248 2566 2293 et
2593 2255 2742 2294 suam
2774 2240 3228 2310 imperfectionem
3258 2245 3499 2300 confiteri

1927 2338 2030 2378 non
2062 2325 2361 2393 erubescit,
2392 2337 2444 2382 et
2470 2339 2525 2382 ut
2568 2332 2839 2399 perveniat
2877 2332 3010 2386 bene
3051 2335 3306 2402 procedit.
3355 2335 3503 2392 Sicut

1926 2429 2208 2483 possumus
2233 2418 2409 2474 dicere
2439 2422 2726 2489 perfectum
2756 2438 2874 2478 esse
2893 2424 3170 2491 viatorem,
3199 2427 3346 2496 cujus
3369 2429 3500 2483 bene

1927 2518 2267 2575 promovetur
2289 2513 2527 2567 accessio
2551 2555 2566 2580 ,
2598 2515 2837 2583 quamvis
2863 2531 2966 2568 non
2996 2516 3297 2585 perﬁciatur
3325 2519 3500 2574 inten-

1927 2599 2020 2664 tio,
2045 2599 2145 2653 nisi
2168 2601 2323 2655 fuerit
2349 2601 2482 2656 facta
2506 2605 2799 2672 perventio.
2819 2604 3102 2675 Propterea
3121 2622 3238 2660 cum
3261 2609 3498 2677 dixisset,

1927 2689 2214 2744 Secundum
2233 2693 2520 2759 justitiam,
2550 2710 2660 2764 qute
2689 2695 2741 2748 in
2779 2695 2884 2764 lege
2925 2705 3029 2762 est,
3067 2698 3152 2768 qui
3181 2700 3358 2769 fuerim
3396 2701 3504 2754 sine

1923 2782 2125 2848 querela
2155 2797 2174 2835 :
2213 2798 2335 2837 mox
2375 2783 2603 2851 addidit,
2636 2784 2762 2850 Qua:
2790 2787 2914 2839 milti
2951 2789 3090 2841 lucra
3119 2793 3352 2860 fuerunt,
3399 2791 3504 2846 htec

1924 2881 2127 2941 propter
2152 2872 2402 2927 Christum
2433 2875 2616 2929 damna
2643 2894 2748 2932 esse
2773 2878 2897 2932 duxi
2929 2896 2946 2932 :
2986 2881 3321 2936 verunaamen
3350 2893 3398 2936 et
3421 2902 3503 2937 ar-

1925 2961 2080 3016 bitror
2106 2965 2270 3016 omnia
2298 2965 2537 3018 damnum
2566 2983 2672 3021 esse
2701 2980 2903 3037 propter
2929 2971 3219 3025 eminentem
3248 2975 3502 3029 scientiam

1925 3051 2108 3106 Christi
2135 3054 2258 3107 Jesu
2284 3054 2488 3108 Dontini
2515 3058 2697 3122 nostri;
2723 3070 2924 3129 propter
2949 3077 3089 3130 quem
3112 3063 3278 3116 omnia
3304 3081 3402 3118 non
3423 3083 3505 3118 so-

1925 3142 2029 3195 lum
2056 3145 2350 3197 detrimenta
2377 3146 2587 3212 credidi,
2616 3163 2786 3201 verum
2814 3152 2960 3203 etiam
2986 3161 3203 3206 stercora
3225 3157 3502 3210 existimavi

1925 3251 2057 3300 esse,
2074 3246 2125 3288 ut
2154 3235 2405 3290 Christum
2423 3239 2760 3310 lucrifaciam,
2794 3252 2838 3294 et
2867 3244 3088 3297 inveniar
3108 3246 3161 3298 in
3181 3246 3270 3300 illo
3295 3264 3393 3301 non
3415 3249 3507 3302 ha-

1926 3325 2041 3378 bens
2069 3343 2229 3378 meam
2251 3329 2504 3399 justitiam
2531 3346 2642 3397 quae
2677 3347 2738 3384 ea:
2763 3332 2868 3403 lege
2893 3344 2965 3386 est
2984 3376 2999 3400 ,
3030 3335 3116 3389 sed
3150 3353 3259 3390 eam
3295 3355 3407 3406 quae
3434 3351 3506 3394 est

1927 3435 2015 3486 per
2042 3419 2193 3486 ﬁdem
2218 3418 2424 3484 Christi,
2444 3437 2555 3490 qute
2574 3432 2645 3476 est
2672 3439 2737 3477 ex
2764 3423 2872 3478 Deo
2879 3427 3079 3494 justitia
3103 3429 3155 3481 in
3181 3431 3284 3497 ﬁde
3309 3431 3501 3502 (lbid.,

1928 3507 2057 3578 6-9).
2087 3509 2225 3565 Ecce
2249 3510 2534 3579 Apostolus
2560 3514 2849 3568 secundum
2869 3516 3125 3583 justitiam
3155 3537 3272 3590 quae
3300 3538 3362 3576 ex
3394 3524 3508 3594 lege

1926 3608 2030 3665 est,
2062 3601 2176 3654 sine
2197 3602 2411 3669 querela
2444 3618 2502 3657 se
2527 3602 2707 3669 fuisse,
2740 3621 2844 3660 non
2872 3608 3051 3677 utique
3081 3611 3507 3668 mendaciter’di-

1926 3689 2030 3755 cit;
2057 3700 2110 3745 et
2141 3699 2314 3745 tamen
2356 3691 2469 3746 hinc
2495 3709 2610 3762 qua:
2647 3695 2717 3748 illi
2757 3695 2902 3750 lucra
2928 3696 3160 3765 fuerunt,
3184 3700 3362 3770 abjicit
3388 3719 3510 3772 pro-

1926 3788 2045 3850 pter
2069 3781 2359 3845 Christum,
2385 3793 2437 3837 et
2466 3783 2680 3850 damna,
2710 3785 3047 3854 detrimenta,
3071 3799 3304 3845 stercora
3329 3795 3510 3850 existi-

1928 3883 2056 3939 mat,
2087 3889 2192 3927 non
2223 3875 2393 3928 solum
2425 3875 2558 3941 haec,
2592 3877 2686 3932 sed
2707 3887 2762 3932 et
2785 3889 2974 3934 caetera
3004 3881 3180 3937 omnia
3206 3899 3324 3953 qua:
3350 3900 3508 3956 supra

1928 3968 2394 4032 commemoravit;
2443 3979 2660 4038 propter
2690 3986 2794 4024 non
2835 3973 3214 4042 qualemlibet,
3245 3977 3338 4032 sed
3381 3980 3508 4032 emi-

1930 4069 2147 4124 nentem,
2175 4059 2310 4112 sicut
2335 4059 2446 4130 ipse
2472 4059 2618 4127 dicit,
2646 4061 2902 4115 scientiam
2932 4063 3116 4119 Christi
3144 4065 3268 4120 Iesu
3300 4067 3508 4123 Domini

1929 4151 2108 4217 nostri,
2138 4166 2294 4220 quam
2320 4152 2497 4220 procul
2528 4152 2689 4206 dubio
2711 4154 2882 4209 adhuc
2903 4157 2954 4210 in
2982 4157 3084 4212 fide
3107 4158 3352 4225 habebat,
3373 4177 3510 4216 non-

1929 4243 2052 4296 dum
2079 4242 2133 4295 in
2158 4243 2355 4311 specie.
2383 4243 2531 4297 Tunc
2553 4245 2693 4298 enim
2723 4245 2823 4300 erit
2848 4249 3090 4303 eminens
3115 4236 3308 4305 Christi
3334 4255 3510 4308 sciena

1932 4333 2024 4399 tia,
2051 4331 2261 4402 quando
2293 4333 2450 4387 fuerit
2485 4334 2554 4388 ita
2587 4336 2847 4391 revelatus
2868 4379 2881 4402 ,
2915 4346 2972 4391 ut
3000 4340 3138 4408 quod
3168 4342 3401 4397 creditur
3429 4345 3508 4398 vi-

1931 4426 2139 4480 deatur.
2168 4425 2319 4482 Unde
2347 4429 2452 4482 alio
2473 4429 2589 4482 loco
2617 4431 2688 4484 ita
2719 4430 2848 4486 dicit
2876 4449 2890 4486 :
2920 4433 3112 4488 Μονιυί
3146 4438 3274 4490 enim
3303 4439 3439 4506 estis,
3464 4449 3510 4495 et

1930 4520 2032 4571 vita
2063 4527 2223 4572 vestra
2245 4519 2534 4574 abscondita
2561 4532 2630 4575 est
2654 4540 2764 4576 cunt
2788 4523 2982 4578 Christo
2997 4526 3048 4579 in
3068 4526 3190 4581 Deo.
3214 4528 3336 4584 Cum
3358 4530 3508 4584 Chri-

1932 4620 2038 4664 stus
2067 4613 2358 4679 apparuerit
2386 4614 2484 4664 vita
2519 4623 2700 4678 vestra,
2730 4625 2848 4668 tunc
2877 4626 2922 4670 et
2949 4634 3034 4671 vos
3063 4621 3366 4690 apparebitis
3395 4639 3508 4678 cum

1931 4701 2022 4756 illo
2051 4704 2102 4755 in
2134 4705 2293 4773 gloria
2325 4703 2539 4774 (Coloss.
2565 4721 2639 4770 Ill,
2664 4707 2810 4776 3,4).
2841 4707 2973 4762 Hinc
2997 4719 3050 4764 et
3081 4711 3191 4780 ipse
3215 4713 3468 4770 Dominus
3493 4733 3506 4768 :

1938 4794 2034 4858 Qui
2063 4794 2223 4864 diligit
2243 4811 2354 4860 me,
2385 4795 2570 4864 inquit,
2604 4795 2842 4867 diligetur
2860 4817 2891 4851 a
2921 4799 3074 4855 Patre
3098 4819 3224 4868 meo,
3250 4815 3294 4858 et
3321 4822 3408 4875 ego
3433 4807 3511 4860 di-

1936 4885 2090 4954 ligam
2127 4901 2272 4952 eum,
2302 4895 2346 4938 et
2390 4887 2716 4958 manifestabo
2756 4907 2834 4942 me
2859 4892 3022 4960 ipsum
3063 4894 3140 4947 illi
3171 4893 3360 4964 (Joan.
3401 4915 3507 4964 xw,

1934 4979 1993 5032 21
2029 4977 2070 5049 ).
2102 4978 2235 5032 Hinc
2279 4977 2512 5033 Joannes
2538 4982 2860 5049 evangelista
2895 5000 2908 5035 :
2944 4983 3286 5053 Dilectissimi,
3315 4988 3505 5058 inquit,

1936 5066 2030 5136 ﬁlii
2051 5067 2145 5120 Dei
2173 5085 2360 5132 sumus,
2398 5079 2440 5122 et
2464 5070 2686 5123 nondum
2722 5073 2959 5141 apparuit
2987 5076 3121 5144 quod
3149 5077 3353 5131 erimus.
3392 5078 3514 5133 Sci-

1936 5177 2047 5213 mus
2074 5169 2237 5213 autem
2263 5163 2380 5230 quia
2407 5178 2519 5214 cum
2543 5163 2857 5231 apparuerit,
2887 5165 3072 5218 similes
3096 5167 3140 5219 ei
3159 5169 3364 5233 erimus,
3389 5187 3513 5238 quov

1937 5254 2072 5306 niam
2091 5253 2362 5306 videbimus
2388 5271 2499 5307 eum
2521 5255 2664 5307 sicuti
2685 5265 2753 5307 est
2778 5255 2816 5326 (I
2840 5254 2994 5309 Joan.
3030 5274 3106 5323 Ill,
3135 5259 3213 5329 2).
3242 5259 3389 5314 Tunc
3414 5278 3458 5314 οι
3478 5265 3512 5314 it

1936 5346 2179 5401 eminens
2207 5347 2398 5400 Christi
2419 5347 2656 5401 scientia.
2689 5347 2837 5402 Nunc
2867 5351 3007 5404 enim
3035 5361 3116 5405 est
3154 5353 3364 5421 quidem
3391 5354 3513 5407 alis-

1936 5437 2146 5491 condita
2193 5437 2246 5491 in
2292 5437 2429 5505 fide,
2480 5438 2574 5493 sed
2618 5439 2851 5493 nondum
2895 5441 3139 5497 eminens
3181 5452 3399 5513 apparet
3453 5444 3508 5499 in

1938 5529 2135 5598 specie.

2008 5621 2097 5676 20.
2139 5621 2333 5692 Abjicit
2362 5637 2490 5692 ergo
2519 5602 2656 5678 illa”
2682 5623 2869 5680 beatus
2897 5624 3091 5679 Paulus
3133 5625 3393 5695 praeterita
3426 5625 3514 5696 juv

2003 5775 2182 5888 magn,
2343 5778 2450 5842 ipsa
2775 5780 2941 5843 Abest,
2960 5791 3029 5843 in,
3053 5793 3082 5831 a
3101 5789 3206 5834 Mss.
