3984 6524
512 381 614 440 607

515 498 758 569 pudenda
782 498 958 554 carnis
983 497 1443 566 concupiscentia;
1477 513 1594 568 qure
1615 513 1725 553 non
1741 497 1838 553 ἐει
1860 512 1888 550 a
1911 496 2089 560 Patre,

515 591 608 646 sed
643 607 706 646 ex
746 590 940 644 mundo
985 598 1064 642 est
1109 587 1164 659 (Ι
1190 589 1346 642 Joan.
1389 605 1458 656 ιι,
1503 587 1592 661 16)
1622 608 1634 642 τ
1665 605 1824 660 quam
1855 589 2099 658 profecto

515 684 832 739 invenerunt
859 682 909 735 in
942 681 1246 734 hominibus
1275 683 1493 751 nuptis},
1528 697 1630 736 non
1665 682 1942 746 fecerunt;
1975 681 2096 751 quia

519 783 574 830 et
603 775 688 827 illa
718 775 770 827 in
816 773 1057 842 plurimis
1097 773 1212 828 sine
1243 773 1372 842 ipsis
1411 781 1530 840 est,
1577 783 1635 827 et
1681 775 1808 842 ipsa:
1849 775 1892 828 si
1939 786 2097 827 nemo

518 874 810 936 peccasset,
840 864 956 920 sine
1004 866 1090 920 illa
1127 880 1248 921 esse
1289 875 1593 936 potuerunt.
1623 865 1692 920 Et
1721 867 1806 920 lex
1829 875 2013 920 sancta
2043 873 2100 918 et

512 958 650 1028 justa
679 967 733 1012 et
760 958 895 1012 bona
929 957 1102 1030 (Rom.
1137 974 1238 1024 vn,
1271 955 1392 1030 42);
1434 972 1533 1012 nec
1558 959 1668 1026 ipsa
1697 967 1779 1012 est
1805 955 1974 1026 gratia
1999 996 2016 1022 ,
2044 964 2102 1011 et

515 1047 646 1102 nihil
669 1063 736 1102 ex
758 1063 818 1102 ea
841 1057 984 1102 recte
1009 1048 1066 1102 fit
1087 1050 1202 1104 sine
1226 1049 1427 1119 gratia;
1451 1049 1572 1118 quia
1598 1064 1703 1102 non
1734 1057 1815 1102 est
1835 1048 1958 1102 data
1979 1061 2098 1116 qute

517 1151 698 1212 posset
717 1142 1007 1210 vivificare,
1032 1143 1126 1198 sed
1152 1143 1599 1213 praevaricationis
1619 1158 1775 1198 causa
1803 1143 1971 1212 posita
1993 1152 2096 1208 est,

519 1244 575 1288 ut
593 1235 864 1290 convictos
891 1236 1234 1291 concluderet
1261 1237 1362 1292 sub
1387 1245 1624 1304 peccato,
1650 1245 1702 1292 et
1731 1237 2012 1306 promissio
2031 1251 2098 1290 ex

519 1327 624 1383 fide
656 1325 780 1382 Jesu
807 1327 1006 1382 Christi
1043 1328 1259 1384 daretur
1288 1329 1627 1384 credentibus
1657 1327 1852 1402 (Galat.
1885 1343 1973 1394 ιιι,
2004 1328 2096 1394 21,

519 1419 608 1486 19,
639 1417 754 1491 22).
783 1420 848 1474 Et
885 1419 1107 1474 liberum
1136 1421 1411 1474 arbitrium
1439 1421 1757 1490 captivatum
1791 1419 2002 1473 nonnisi
2031 1417 2099 1474 ad

520 1521 792 1582 peccatum
831 1512 1002 1578 valet;
1048 1512 1114 1567 ad
1143 1513 1402 1582 justitiam
1431 1529 1589 1579 vero,
1625 1513 1722 1566 nisi
1751 1512 2006 1566 divinitus
2035 1509 2102 1566 li-

519 1601 760 1656 beratum
788 1602 1155 1672 adjutumque,
1189 1619 1293 1658 non
1321 1604 1476 1657 valet.
1503 1603 1578 1656 Ac
1597 1617 1693 1672 per
1724 1603 1824 1658 hoc
1853 1612 1904 1657 et
1926 1600 2100 1658 sancti

518 1708 706 1748 omnes
726 1736 741 1760 ,
774 1694 885 1748 sive
916 1695 983 1748 ab
1010 1695 1102 1748 illo
1129 1695 1347 1764 antiquo
1375 1692 1505 1748 Abel
1549 1709 1716 1763 usque
1742 1694 1808 1748 ad
1835 1694 2100 1751 Joannem

521 1786 831 1856 Baptistam,
863 1788 975 1842 sive
1005 1788 1072 1842 ab
1098 1787 1224 1857 ipsis
1255 1787 1524 1856 Apostolis
1547 1802 1712 1856 usque
1741 1787 1806 1841 ad
1839 1788 1938 1842 hoc
1965 1797 2102 1843 tem—

519 1891 617 1947 pus
637 1917 652 1944 ,
686 1888 741 1933 et
763 1877 1014 1947 deinceps
1043 1893 1208 1948 usque
1237 1877 1302 1932 ad
1333 1879 1617 1932 terminum
1647 1879 1826 1934 sazculi
1851 1920 1866 1943 ,
1914 1881 1968 1933 in
2002 1880 2104 1933 Do-

521 1970 667 2024 mino
695 1971 940 2024 laudandi
965 1981 1086 2026 sunt
1113 2013 1127 2037 ,
1159 1987 1264 2024 non
1293 1971 1345 2024 in
1372 1985 1429 2024 se
1456 1971 1604 2040 ipsis.
1631 1971 1763 2038 Quia
1797 1981 1848 2024 et
1891 1971 2102 2026 illorum

521 2061 845 2115 anteriorum
875 2079 980 2116 vox
1003 2071 1122 2128 εει,
1150 2059 1216 2115 In
1239 2061 1456 2116 Domino
1482 2062 1773 2116 laudabitur
1794 2064 1966 2116 anima
1991 2080 2104 2117 mea

521 2151 690 2222 (Paul.
719 2169 924 2218 χχχιιι,
960 2153 1014 2224 5)
1052 2172 1066 2208 :
1107 2163 1160 2208 et
1199 2155 1419 2208 istorum
1461 2155 1816 2224 posteriorum
1863 2173 1964 2210 vox
1998 2165 2100 2222 est,

522 2242 697 2298 Gratia
733 2241 831 2296 Dei
871 2261 982 2298 sum
1019 2244 1074 2298 id
1108 2246 1244 2315 quod
1280 2262 1390 2299 sum
1431 2244 1488 2317 (Ι
1518 2246 1635 2301 Cor.
1684 2264 1770 2314 xv,
1800 2247 1911 2320 10).
1945 2248 2013 2303 Et
2035 2248 2104 2303 ad

520 2351 706 2390 omnes
731 2337 994 2404 pertinet,
1023 2335 1092 2392 Ut
1117 2337 1202 2407 qui
1231 2337 1502 2406 gloriatur,
1535 2340 1587 2392 in
1614 2338 1834 2394 Domino
1859 2338 2106 2412 glorietur

523 2423 634 2495 (Id.
671 2440 722 2488 ι,
749 2425 842 2495 51)
873 2443 886 2478 :
915 2435 968 2480 et
1010 2426 1278 2483 confessio
1305 2431 1604 2484 communis
1631 2441 1712 2485 est
1738 2433 2010 2500 omnium,
2042 2431 2106 2488 Si

523 2515 796 2569 dixerimus
827 2516 944 2585 quia
975 2527 1234 2586 peccatum
1263 2536 1361 2573 non
1393 2520 1652 2588 habemus,
1677 2539 1769 2577 nos
1791 2524 1926 2594 ipsos
1955 2523 2106 2581 aedu-

522 2608 700 2672 cimus,
730 2619 776 2661 et
795 2609 974 2664 ueritas
1001 2611 1052 2664 in
1074 2611 1214 2664 nobis
1239 2630 1338 2666 non
1361 2623 1430 2666 est
1463 2614 1516 2684 (Ι
1545 2613 1703 2670 Joau.
1731 2632 1745 2670 ι
1769 2659 1782 2682 ,
1815 2619 1891 2686 8).

593 2700 819 2755 CAPUT
843 2701 1008 2756 IX.—
1033 2703 1124 2758 ΞΒ.
1155 2702 1384 2757 Ostendit
1409 2705 1782 2762 Catholicorum
1801 2711 2103 2766 sententiam

523 2795 654 2846 inter
677 2791 1074 2846 Manichteorum
1094 2804 1140 2847 et
1163 2793 1561 2866 Pelagianorum
1591 2801 1826 2862 mediam,
1847 2810 2108 2868 utramque

522 2886 769 2960 refellere.
793 2884 896 2942 Sed
918 2886 1169 2956 quoniam
1193 2889 1244 2940 in
1269 2887 1352 2942 his
1377 2887 1610 2959 quinque
1637 2891 1800 2944 rebus
1826 2907 1958 2962 quas
1991 2909 2108 2962 pro-

527 2977 700 3047 posui,
733 2978 784 3031 in
811 2978 1006 3048 quibus
1025 2989 1267 3048 quzeruut
1289 2980 1542 3046 latebras,
1573 2989 1626 3037 ct
1651 2982 1718 3036 de
1753 2985 1948 3052 quibus
1972 3000 2105 3041 cou-

523 3075 740 3122 nectunt
766 3069 1083 3136 calumnias,
1115 3070 1306 3125 divinis
1333 3071 1684 3134 documentis
1698 3075 1997 3144 produntur
2022 3087 2104 3132 at-

523 3173 625 3226 que
653 3159 1073 3226 convincuntur;
1105 3163 1542 3231 excogitaverunt
1573 3163 1984 3220 Manichaeorum
2006 3167 2102 3222 de-

525 3248 757 3303 testabili
785 3251 1000 3304 nomine
1020 3249 1296 3320 imperitos
1327 3268 1457 3322 quos
1499 3255 1768 3323 potuerint
1794 3256 2102 3328 deterrere,

522 3355 590 3394 ne
617 3339 874 3396 adversus
900 3356 1085 3396 eorum
1113 3344 1516 3412 perversissima
1561 3345 1803 3415 dogmata
1827 3363 1983 3404 aures
2009 3365 2102 3404 ac-

520 3433 862 3488 commodent
887 3434 1136 3490 veritati:
1167 3436 1288 3506 quia
1317 3435 1520 3492 scilicet
1559 3437 1834 3494 Maniehtei
1873 3442 2105 3512 quinque

521 3524 742 3579 istorum
772 3526 870 3580 tria
913 3528 1089 3596 priora
1132 3527 1554 3597 blasphemando
1597 3531 1988 3600 condemnant;
2025 3533 2106 3589 di-

520 3625 723 3683 centes,
750 3633 920 3688 neque
971 3618 1259 3675 humanam
1289 3631 1588 3676 creaturam
1609 3665 1624 3689 ,
1659 3639 1830 3694 neque
1857 3627 2101 3696 nuptias,

521 3722 695 3777 neque
719 3707 888 3778 legem
915 3724 944 3762 a
963 3724 1174 3764 summo
1199 3720 1252 3765 et
1276 3727 1404 3767 vero
1427 3713 1537 3767 Deo
1577 3729 1698 3770 esse
1727 3715 2022 3772 institutam
2060 3719 2100 3772 ί.

520 3796 634 3852 Νοιι
661 3807 838 3854 autem
865 3801 1126 3872 accipiunt
1157 3803 1296 3872 quod
1327 3805 1528 3859 veritas
1555 3805 1704 3873 dicit,
1747 3823 1775 3860 a
1823 3807 1990 3862 libero
2019 3825 2106 3866 ar-

519 3889 682 3946 bitrio
722 3893 1000 3946 exordium
1051 3896 1343 3964 sumpsisse
1370 3906 1665 3966 peccatum,
1689 3907 1742 3953 et
1769 3915 1832 3954 ex
1859 3901 1953 3957 illo
1983 3917 2104 3960 esse

519 3998 678 4038 omne
705 3983 786 4038 vel
813 3985 984 4052 angeli
1017 3984 1100 4040 vel
1145 3985 1376 4042 hominis
1407 3990 1601 4045 malum
1636 4009 1650 4045 :
1682 3993 1802 4062 quia
1856 3996 1978 4049 mali
2011 4011 2104 4050 na-

403 4074 420 4083 °
519 4080 692 4128 turam
720 4089 932 4144 semper
953 4077 1145 4130 malam
1173 4085 1228 4132 et
1258 4079 1366 4133 Deo
1393 4092 1712 4136 coatteroam
1735 4085 1892 4140 nimis
1919 4101 1948 4139 a
1993 4087 2101 4142 Deo

519 4165 881 4222 exorbitantes
906 4167 1124 4238 credere
1154 4169 1477 4226 maluerunt.
1509 4171 1734 4228 Sanetos
1758 4191 1970 4245 quoque
1999 4179 2102 4232 Pa-

519 4255 776 4310 triarchas
795 4265 848 4310 et
877 4257 1188 4328 Pr0pbetas,
1222 4264 1433 4330 quantis
1469 4275 1695 4334 pes-sunt
1721 4271 2102 4326 exsecrationi-

520 4345 621 4402 bus
650 4347 996 4403 insectantur.
1029 4351 1164 4406 Ecce
1205 4353 1346 4408 unde
1374 4368 1434 4408 se
1465 4366 1648 4426 putant
1677 4358 1910 4416 hmretici
1951 4365 2097 4432 novi,

519 4435 928 4494 Manichaeorum
951 4443 1168 4497 nomine
1199 4443 1430 4513 objecto,
1459 4447 1564 4502 vim
1591 4448 1958 4521 subterfugere
2009 4469 2102 4510 ve-

517 4529 688 4583 ritatis
728 4548 740 4583 :
783 4531 876 4586 sed
935 4547 1040 4586 nam
1091 4535 1502 4606 subterfugiunt.
1551 4539 1851 4611 Insequitur
1904 4546 2100 4618 quippe

519 4619 629 4682 illa,
667 4630 721 4674 et
753 4623 908 4676 simul
963 4624 1283 4682 Maniclueos
1339 4629 1762 4703 Pelagianosque
1813 4636 2094 4694 subvertit.

520 4710 690 4766 llomo
711 4715 850 4767 enim
872 4715 995 4770 dum
1022 4721 1274 4786 nascitur,
1304 4723 1426 4792 quia
1463 4724 1658 4780 bonum
1683 4727 1880 4798 aliquid
1907 4740 2010 4796 est,
2041 4733 2094 4789 in

518 4813 776 4870 quantum
807 4804 968 4860 homo
1013 4817 1114 4874 est,
1173 4811 1517 4868 Manichazum
1567 4817 1856 4888 redarguit,
1891 4803 2096 4879 laudat~

520 4905 624 4959 que
671 4891 980 4950 Creatorem
1015 4899 1110 4952 :in
1139 4913 1394 4969 quantum
1447 4921 1575 4962 vero
1629 4912 1790 4966 trahit
1839 4915 2097 4987 originale

521 4993 816 5051 peccatum,
841 4986 1106 5054 Pelagium
1137 4994 1428 5066 redarguit,
1457 5007 1510 5052 et
1531 4999 1690 5056 habet
1731 4986 2092 5067 necessarium

517 5075 870 5134 Salvatorem.
891 5080 1022 5135 Nam
1051 5092 1104 5137 et
1119 5087 1258 5154 quod
1289 5091 1526 5148 sananda
1565 5093 1759 5150 dicitur
1813 5101 1912 5155 ista
1941 5114 2091 5159 natu-

519 5181 598 5230 ra,
649 5177 928 5240 utrumque
985 5176 1462 5248 repercutitzquia
1509 5199 1608 5238 nec
1647 5187 1908 5244 medicina
1961 5209 2094 5263 opus

517 5257 758 5322 haberet,
783 5262 826 5316 si
847 5279 972 5318 sana
1005 5277 1178 5332 esset,
1229 5272 1370 5339 quod
1423 5283 1507 5328 est
1547 5289 1732 5333 contra
1779 5257 2089 5355 Pelagium;

515 5365 614 5406 nec
633 5353 806 5406 sanari
839 5365 1016 5424 posset
1045 5361 1282 5425 omnino,
1306 5365 1350 5416 si
1381 5373 1638 5423 aeternum
1661 5382 1818 5442 atque
1847 5353 2094 5433 immuta-

516 5441 619 5496 bile
640 5445 834 5500 malum
861 5457 1024 5514 esset,
1056 5452 1196 5521 quod
1221 5467 1302 5509 est
1325 5469 1508 5514 contra
1537 5441 1907 5523 Maniclizeum.
1961 5471 2089 5527 ltem

512 5537 652 5604 quod
677 5541 870 5607 nuptiis
891 5583 905 5602 ,
934 5559 1064 5612 quas
1093 5545 1366 5605 laudamus
1403 5567 1432 5606 a
1479 5553 1702 5610 Domino
1736 5561 2050 5620 constitutas
2073 5607 2088 5632 ,

513 5631 992 5700 concupiscentiam
1023 5639 1198 5694 carnis
1225 5641 1588 5714 imputandum
1631 5665 1751 5708 esse
1801 5669 1910 5708 non
1956 5656 2088 5712 dici-

577 5777 597 5811 ¹
617 5781 691 5834 sic
706 5791 810 5837 us.
831 5787 965 5854 Editi,
987 5792 1223 5848 eadem.

1148 383 1423 440 CONTRA
1461 382 1640 440 DUAS
1678 378 2052 440 EPISTOLAS
2087 377 2652 450 PELAGIANORUM,
2691 380 2749 439 S.
2791 384 3156 442 AUGUSTINI

2209 510 2347 560 mus,
2379 504 2434 550 et
2461 506 2644 550 contra
2673 497 2981 566 Pelagianos
3026 507 3126 564 est,
3161 499 3250 568 qui
3301 513 3418 555 eam
3449 501 3501 556 in
3538 501 3792 558 laudibus

2207 595 2431 655 ponunt;
2461 597 2512 642 et
2533 597 2719 642 contra
2748 589 3085 656 Manichacus,
3113 592 3199 660 qui
3227 607 3342 646 eam
3373 595 3527 648 mal-.e
3552 595 3749 648 aliena:
3777 597 3795 628 ³

2207 689 2409 732 natura:
2439 680 2704 745 tribuunt;
2757 697 2876 736 cum
2927 683 2994 736 sit
3039 695 3234 738 nostra:
3287 693 3489 740 natura:
3537 687 3797 742 accidens

2208 771 2424 834 malum,
2451 785 2562 826 non
2591 772 2682 825 Dei
2737 772 3089 842 disjunctione
3117 777 3137 806 ⁸
3163 777 3540 844 separandum,
3571 779 3662 832 sed
3699 778 3798 834 Dei

2207 865 2551 922 miseratione
2580 868 2894 922 sanandum.
2915 870 3043 923 Item
3065 871 3204 940 quod
3227 870 3453 924 dicimus
3477 873 3646 943 li-gcm
3667 889 3800 928 san-

2207 966 2368 1022 ctam,
2388 967 2440 1012 et
2463 958 2684 1028 justam,
2713 967 2766 1013 et
2795 959 2987 1014 bonam
3017 961 3191 1026 (Rom.
3213 977 3304 1025 vn,
3329 961 3444 1032 12),
3465 979 3570 1016 non
3593 963 3800 1033 justifi—

2207 1049 2390 1104 caudis
2419 1051 2613 1120 impiis,
2637 1051 2732 1106 sed
2759 1051 3139 1107 convincendis
3181 1054 3447 1122 superbis,
3481 1057 3797 1124 prerat-ica.

2209 1143 2367 1196 tionis
2395 1144 2564 1212 gratia
2591 1145 2812 1213 positam
2853 1162 2865 1197 :
2891 1153 2945 1199 et
2989 1153 3174 1200 contra
3207 1145 3525 1200 Manieliazos
3549 1157 3650 1212 cst,
3675 1149 3804 1216 quia

2208 1233 2494 1288 secundum
2523 1236 2832 1304 Apostolum
2861 1237 3125 1302 laudatur;
3154 1245 3207 1291 et
3230 1247 3414 1292 contra
3437 1239 3756 1309 Pelagianos
3789 1278 3806 1306 ,

2207 1325 2329 1393 quia
2358 1325 2649 1380 secundum
2681 1329 3016 1395 Apostolmn,
3053 1343 3210 1382 nemo
3241 1343 3304 1383 ex
3333 1330 3449 1399 lege
3475 1330 3812 1396 justifientur

2208 1415 2421 1486 (Galat.
2469 1434 2572 1486 ιιι,
2629 1419 2737 1486 i9,
2801 1420 2889 1490 Η)
2952 1437 2965 1473 :
3021 1431 3076 1476 et
3123 1421 3243 1476 ideo
3295 1422 3670 1478 vivificandis'
3723 1425 3810 1478 eis

2214 1524 2348 1579 quos
2427 1509 2598 1566 littera
2680 1511 2922 1577 occidit,
2993 1512 3045 1567 id
3103 1522 3186 1569 est
3217 1555 3232 1576 ,
3307 1529 3442 1584 quos
3523 1516 3608 1569 lex
3660 1515 3810 1570 bona

2209 1600 2526 1670 praecipiens
2591 1606 3030 1672 prtevaricatioue
3119 1620 3242 1659 reos
3325 1605 3494 1672 facit,
3579 1608 3814 1676 spiritus

2207 1691 2391 1762 gratia:
2470 1693 2632 1762 gratis
2695 1695 2982 1763 opitulatur
3059 1692 3136 1769 (ll
3185 1693 3304 1749 Cor.
3361 1711 3451 1762 ιιι,
3505 1696 3598 1766 6).
3669 1697 3810 1752 item

2209 1781 2348 1852 quod
2375 1783 2648 1838 arbitrium
2695 1785 2748 1837 iu
2799 1787 2938 1840 malo
2985 1785 3492 1842 libertim‘dicimus
3539 1789 3606 1842 ad
3635 1805 3814 1860 agen-

2209 1873 2334 1928 dum
2363 1875 2559 1928 bonum
2589 1876 2754 1945 gratia
2783 1875 2878 1930 Dei
2907 1891 3028 1932 esse
3071 1877 3402 1932 liberandum
3429 1921 3442 1944 ,
3469 1889 3656 1934 contra
3703 1880 3816 1934 Pe-

2211 1965 2445 2034 lagianos
2470 1975 2552 2019 est
2580 1981 2594 2017 :
2619 1965 2759 2035 quod
2785 1976 2960 2021 autem
3000 1967 3226 2022 dicimus
3275 1969 3342 2023 ab
3395 1971 3484 2025 illo
3522 1981 3806 2036 exortum,

2209 2058 2347 2126 quod
2363 2067 2518 2112 antea
2542 2073 2650 2112 non
2679 2067 2792 2114 erat
2841 2060 3074 2126 malum,
3099 2069 3286 2116 contra
3336 2062 3658 2118 Mauichams
3697 2075 3810 2120 est.

2211 2147 2340 2202 Item
2366 2147 2510 2217 quod
2537 2159 2749 2202 sanctos
2769 2149 3104 2206 Patriarchas
3134 2161 3188 2206 et
3215 2153 3508 2222 Prophetas
3528 2156 3728 2208 debitis
3751 2159 3809 2212 in

2211 2239 2321 2294 Deo
2345 2239 2587 2294 laudibus
2618 2240 2967 2307 honoramus,
2996 2243 3277 2298 adversum
3323 2255 3405 2299 est
3448 2247 3762 2302 Manichzeis
3793 2267 3808 2302 :

2209 2333 2350 2402 quod
2381 2349 2508 2388 vero
2533 2343 2585 2389 et
2613 2335 2743 2404 ipsis
2767 2337 3010 2406 quamvis
3033 2336 3194 2406 justis
3223 2345 3278 2392 et
3307 2339 3413 2393 Deo
3459 2339 3806 2408 placentibus

2209 2424 2638 2493 pr0pitiationem
2687 2426 2896 2480 Domini
2937 2426 3102 2483 fuisse
3131 2428 3359 2482 dicimus
3399 2433 3806 2500 necessariam,

2208 2515 2492 2570 adversum
2534 2525 2616 2570 est
2667 2518 2982 2588 Pelagianis.
3032 2519 3298 2590 Utrosque
3325 2521 3484 2592 igitur
3535 2525 3810 2580 catholica

2209 2605 2360 2672 fides,
2391 2607 2526 2660 sicut
2549 2615 2834 2663 eteteteros
2861 2609 3160 2676 hiereticos,
3185 2611 3520 2669 adversarios
3563 2616 3806 2684 invenit,

2209 2707 2467 2767 utrosque
2489 2697 2789 2753 divinorum
2813 2700 3240 2758 testimoniorum
3267 2705 3584 2760 auctoritate
3613 2706 3810 2762 etluce

2211 2789 2448 2844 veritatis
2476 2791 2762 2844 convincit.

2279 2881 2506 2936 CAPUT
2530 2881 2600 2937 Χ.
2629 2913 2700 2922 -
2723 2883 2812 2938 26.
2843 2882 3114 2955 Pelagiani
3152 2885 3340 2940 latendi
3371 2887 3538 2942 locum
3587 2891 3804 2944 melinu-

2210 2981 2293 3026 tur
2328 2973 2494 3026 adhuc
2544 2974 2730 3045 injecta
2763 2991 2872 3036 non
2927 2978 3210 3031 necessaria
3251 2979 3314 3032 de
3358 2979 3542 3033 anim
3603 2981 3806 3052 origine

2209 3063 2502 3133 quastione.
2533 3064 2750 3120 Addunt
2775 3081 2906 3123 sane
2929 3068 2995 3122 ad
3029 3069 3350 3124 latebrarum
3377 3086 3596 3126 suarum
3626 3075 3802 3128 nebu—

2210 3154 2289 3208 las
2309 3154 2594 3224 Pelagiani,
2621 3156 2688 3210 de
2711 3157 2916 3228 origine
2934 3159 3125 3213 anima:
3143 3175 3246 3214 non
3265 3163 3626 3216 necessariam
3647 3179 3802 3233 qua:-

2210 3246 2456 3308 stiouem;
2485 3246 2550 3302 ad
2574 3247 2675 3301 hoc
2690 3259 2747 3304 ut
2771 3265 2860 3304 res
2877 3249 3202 3315 manifestas,
3236 3252 3460 3308 aliarum
3489 3271 3666 3310 rerum
3697 3257 3800 3312 ob-

2209 3339 2767 3406 seuritateturbaudo,
2809 3343 3098 3396 moliantur
3147 3343 3344 3398 latendi
3391 3346 3588 3400 locum.
3637 3348 3804 3403 Aiunt

2208 3429 2368 3494 enim,
2407 3448 2426 3482 ι
2461 3445 2559 3485 ιιοε
2595 3431 2892 3486 animarum
2943 3433 3214 3490 traducem
3255 3451 3372 3490 cum
3423 3439 3630 3507 peccati
3687 3449 3796 3494 tra-

2206 3518 2342 3574 duce
2369 3521 2628 3576 contueri.
2660 3540 2679 3573 ι
2709 3522 2860 3590 Quod
2883 3525 2972 3579 ubi
2997 3535 3051 3579 et
3077 3528 3290 3596 quando
3343 3528 3396 3582 in
3443 3545 3664 3596 eorum,
3711 3533 3802 3602 qui

2207 3611 2497 3668 defendunt
2521 3613 2773 3668 adversus
2811 3615 2941 3671 istos
2979 3616 3296 3672 catholicam
3327 3619 3517 3686 fidem,
3559 3621 3642 3675 vel
3687 3637 3804 3676 se:h

2210 3701 2460 3756 monibus
2488 3703 2754 3758 audierint
2779 3745 2792 3769 ,
2824 3706 2908 3760 vel
2935 3705 3124 3761 litteris
3143 3707 3390 3778 legerint,
3437 3713 3640 3765 nescio.
3663 3711 3802 3778 Quia

2207 3793 2306 3846 etsi
2339 3793 2554 3849 invenio
2581 3810 2610 3847 a
2641 3794 2925 3850 Catholicis
2951 3796 3016 3850 de
3045 3797 3140 3850 hac
3163 3813 3225 3853 re
3269 3799 3468 3870 aliquid
3493 3804 3754 3872 scriptum
3783 3821 3800 3870 ;

2207 3884 2441 3939 nondum
2471 3895 2652 3940 contra
2685 3887 2814 3942 istos
2842 3889 3010 3942 fuerat
3056 3891 3293 3946 veritatis
3319 3903 3562 3962 suscepta
3607 3893 3802 3950 defen-

2205 3981 2306 4044 sio,
2329 3993 2501 4048 neque
2533 3979 2582 4032 id
2606 3979 2858 4050 agebatur
2887 3989 2944 4034 ut
2973 3980 3050 4035 eis
3071 3983 3503 4052 reSponderetur.
3539 3985 3646 4041 Sed
3693 3987 3800 4044 hoc

2205 4067 2344 4133 dico,
2377 4077 2482 4122 tam
2511 4069 2846 4124 manifestum
2875 4085 2992 4126 esse
3017 4075 3308 4128 secundum
3339 4075 3644 4145 Scripturas
3673 4095 3800 4136 sau~

2205 4169 2318 4214 etas
2339 4161 2596 4230 originale
2623 4172 2928 4232 peccatum,
2978 4174 3136 4235 atque
3193 4167 3298 4223 hoc
3347 4169 3540 4224 dimitti
3583 4172 3800 4228 lavacro

2205 4253 2620 4322 regenerationis
2647 4255 2696 4306 in
2725 4255 2977 4323 parvulis.
3011 4265 3152 4310 tanta
3181 4257 3304 4313 tidei
3331 4261 3612 4316 catholica:
3649 4265 3796 4318 anti-

2203 4343 2402 4412 quitate
2423 4352 2580 4414 atque
2607 4347 2920 4402 auctoritate
2947 4348 3232 4412 firmatum,
3265 4361 3370 4406 tam
3413 4353 3554 4408 clara
3605 4355 3792 4410 Eccle-

2203 4437 2296 4491 siae
2319 4437 2630 4492 celebritate
2657 4439 3014 4508 notissimum,
3035 4442 3354 4514 utquidquid
3375 4445 3442 4500 de
3463 4447 3656 4500 anima:
3683 4451 3794 4502 οτι-

2201 4529 2322 4598 gine
2346 4529 2626 4598 cujuslibet
2656 4531 2996 4601 inquisitione
3045 4534 3128 4588 vel
3175 4534 3532 4592 afﬁrmatione
3573 4538 3796 4594 disseri-

2204 4630 2307 4690 tur,
2339 4622 2384 4676 si
2407 4632 2591 4678 contra
2621 4624 2720 4678 hoc
2737 4627 2825 4690 sit,
2854 4642 3038 4682 verum
3086 4643 3205 4684 esse
3255 4645 3360 4683 non
3409 4632 3600 4700 possit.
3648 4631 3794 4700 Qua-

2201 4725 2419 4785 propter
2443 4717 2682 4787 quisquis
2703 4719 2784 4772 vel
2813 4718 2880 4774 de
2908 4722 3082 4774 anima
3114 4722 3194 4776 vel
3247 4723 3314 4778 de
3365 4741 3708 4798 quacumque
3739 4744 3796 4784 re

2200 4806 2422 4870 obscura
2457 4807 2506 4861 id
2527 4807 2770 4875 adstruit,
2801 4811 2939 4866 unde
2989 4812 3088 4868 hoc
3119 4814 3262 4884 quod
3287 4818 3650 4886 verissunum,
3676 4819 3796 4876 fune

2200 4895 2531 4952 (latissimum
2563 4901 2944 4962 ,nolissimum
2982 4913 3097 4972 est,
3129 4905 3408 4972 destruat,
3441 4924 3554 4964 Slve
3599 4913 3670 4964 sit
3707 4913 3798 4968 ille

2201 4989 2358 5052 filius,
2383 4990 2492 5044 sive
2515 4991 2758 5047 inimicus
2783 4994 3060 5064 Ecclesite,
3087 5009 3176 5052 aut
3195 5001 3544 5070 corrigendus
3569 5013 3676 5064 est.
3703 5015 3800 5062 aut

2201 5081 2492 5136 cavendus.
2515 5081 2620 5138 Sed
2651 5085 2738 5140 hic
2757 5087 2826 5141 sit
2847 5089 3004 5158 hujus
3031 5091 3316 5148 voluminis
3357 5095 3476 5150 linis
3504 5137 3520 5162 ,
3547 5105 3610 5150 ut
3649 5099 3798 5154 aliud

2199 5173 2432 5230 habeant
2453 5191 2569 5245 qua:
2590 5191 2886 5248 sequuntur
2911 5183 3208 5238 exordium.

2261 5265 2285 5340 ξ
2302 5267 2402 5340 pic,
2425 5265 2614 5340 aliena,
2639 5270 2910 5340 additur_ex
2933 5279 3038 5322 Mss.
3065 5281 3242 5326 Deerat
3263 5275 3388 5340 apud
3429 5283 3500 5326 Er.
3529 5287 3582 5330 et
3605 5288 3720 5330 nov.
3745 5289 3802 5332 At

2197 5326 2322 5392 apud
2347 5335 2446 5392 itm.
2475 5326 2752 5392 legebatur,
2785 5332 2915 5384 alte.

2261 5389 2435 5451 militi,
2462 5389 2780 5444 distinctione.

2262 5450 2282 5482 ³
2305 5450 2438 5510 F/liti,
2451 5453 2801 5562 Jusligcandis.
2831 5465 2898 5528 .At
2919 5466 3044 5520 Mss,
3085 5457 3422 5526 ttitiﬁcandis;
3455 5464 3588 5528 quod
3613 5465 3800 5518 melius

2262 5515 2466 5562 suondet
2493 5529 2576 5562 ver
2611 5531 2658 5562 ο.
2683 5517 2876 5562 occidit-

2195 5517 2466 5586 respondet
2493 5517 2658 5575 verbo,
2683 5517 2876 5590 occidit.
3031 5517 3040 5520 ⁷
3179 5517 3187 5526 ’
3395 5517 3415 5594 _'
3471 5517 3486 5528 ’
3788 5517 3792 5518 ν

2197 5574 2281 5658 mf
2303 5576 3088 5658 31‘"!5.’_“".'.9.t‘94£fb'ftiumsri
3101 5583 3152 5657 it!
3173 5585 3351 5658 ηιαξιιιη
3367 5585 3590 5658 hbeam
3615 5589 3792 5658 Abest.

2193 5639 2287 5711 fut,
2310 5649 2360 5711 ἰι
2548 5639 2819 5711 gallicauis
2847 5650 2900 5693 et
2945 5647 3206 5711 Vaticanis;
3235 5650 3402 5711 inque
3461 5651 3581 5710 ipsis
3629 5639 3798 5700 omni;

2310 5696 2506 5772 legitur,
2539 5699 2590 5772 in
2611 5701 2754 5772 male.
2779 5705 3034 5772 sicsupra,
3077 5696 3206 5772 libro
3225 5696 3414 5772 1,111.6,
3435 5696 3798 5772 dﬂigi};

2350 5762 2554 5836 litteram
2569 5763 2620 5814 in
2789 5762 3006 5836 quidem,
3023 5762 3120 5820 sed
3141 5785 3234 5822 non
3255 5762 3456 5824 liberrim
3470 5771 3524 5824 in
3545 5762 3669 5826 huic
3685 5762 3800 5824 esse

2194 5820 2321 5882 quod
2344 5821 2571 5874 liberator
2593 5839 2690 5876 non
