3984 6500
1520 303 1724 361 LIBER
1758 300 2103 372 QUARTUS.

3336 304 3445 366 610

204 438 3449 472 FW

1178 532 1649 644 LIBER
1731 531 2494 661 QUARTUS.

507 726 758 798 02“16.c‘?5
778 725 830 775 ίο
860 720 1689 798 αιῖξοιίορδ.φφὶ¹ἓέιξ9ἓβ³3ἓ¹μυίὲ
1709 716 2852 798 .⁵¹ΞΡΕἿ3’Σ¹³“ΞᾸῘ¹Ϊίῗξ-ξξῖῗέἒφηέῗωίξηέἒὲ
2865 725 3058 798 31’9"!“
3078 725 3304 798 “ﬁmi-“2
3340 741 3451 791 qua

540 779 1017 861 εςῆειριωβθρωεαω
1042 782 1418 861 ,νειξςίξξιοτξιίη
1440 783 1727 861 cessimus
1748 779 2187 861 discessere“!
2208 779 2673 861 εξιὲξίὲιὲξὲθὲξιξι
2703 779 2928 861 letalis?
2947 779 3447 861 ,εαξὲίοεειρι-ρε-ὶιιεωὲ

185 843 317 903 laude
336 843 643 912 nuptiarum,
668 848 816 897 laude
853 844 1007 912 legis,
1042 843 1192 912 laude;
1213 844 1357 912 liberi
1392 843 1574 912 arbitrii
1594 878 1609 901 ,
1643 843 1865 912 etlaude
1877 849 2153 912 sanctorum
2175 854 2187 890 :
2217 853 2371 912 penes
2392 854 2502 904 qua:
2526 843 2679 912 capita
2703 857 2797 912 non
2813 911 2817 912 ί
2835 857 2911 912 ma

3008 849 3273 898 Manichaeis
3306 849 3451 913 quam

186 902 428 964 catholicis
443 925 519 971 re;
534 902 724 974 ugnare
746 922 804 958 se
822 902 1061 974 Pelagiani
1084 905 1492 974 maliguejactant
1512 918 1524 952 :
1551 918 1659 953 cum
1682 904 1762 953 illa
1785 904 2004 974 quinque
2024 903 2081 950 ad
2096 902 2194 974 hoc
2207 902 2397 974 referre
2410 902 2675 974 noscantur
2691 939 2705 962 ,
2731 911 2785 974 ut
2807 902 3044 974 triplicem
3068 921 3284 974 errorem
3308 902 3451 974 suum

187 974 461 1032 ωαωωις
487 964 667 1033 ιίειῖψθ
686 971 786 1038 duo
802 964 984 1038 priora,
1009 976 1065 1018 ut
1088 964 1271 1038 negent
1292 964 1529 1038 originale
1550 964 1835 1038 peccatum}
1857 965 1954 1038 duo
1973 966 2244 1038 sequentia,
2269 971 2322 1038 ut
2343 964 2547 1038 gratiam
2578 972 2787 1038 statuant
2809 964 3076 1038 secundum
3098 973 3268 1038 merita
3312 972 3450 1033 dari;

450 1041 509 1083 ιιι
529 1034 795 1101 ψωθία

873 1044 902 1079 ε
923 1024 1018 1079 vim
1041 1024 1289 1091 ρθαῇωω
1308 1024 1405 1076 non
1420 1024 1837 1091 habuissedlcant.
1862 1024 2080 1091 ostendit
2118 1024 2409 1091 augustinus
2440 1033 2669 1091 utrasque
2708 1026 2924 1091 ham-ses
2940 1062 2956 1086 ,
2994 1032 3354 1081 uanichteorum
3399 1024 3452 1083 et

189 1085 573 1160 ielagianorum,
597 1093 716 1160 hinc
725 1092 840 1142 inde
864 1085 1581 1160 oppositasetparitenexosas
1602 1087 1713 1160 fidei
1737 1087 1981 1160 caurolica;
1997 1121 2013 1145 ,
2045 1099 2137 1148 qua
2168 1085 2443 1160 proﬁtemur
2460 1085 2682 1160 _priuium
2697 1089 2910 1160 ,bonam
2925 1085 3044 1160 esse
3067 1099 3281 1160 naturam
3303 1106 3331 1141 a
3355 1101 3454 1160 Deo

190 1148 606 1214 boﬁconditani;
629 1155 718 1203 sed
744 1166 853 1203 eam
876 1148 1037 1201 tamen
1058 1148 1300 1202 salvat'ore
1321 1149 1543 1214 indigere
1562 1158 1759 1212 prOpter
1781 1148 2016 1214 originale
2041 1155 2314 1214 peccatum,

2417 1147 2475 1196 od
2501 1160 2561 1211 ex
2601 1149 2735 1209 primi
2760 1148 2965 1200 hominis
2988 1154 3379 1211 praevaricatione
3405 1156 3453 1203 in

2398 1160 2414 1195 ι

190 1161 309 1209 bono
330 1161 606 1214 conditam;
629 1161 718 1203 sed
744 1166 853 1203 eam
876 1161 1037 1201 tamen
1058 1161 1300 1202 salvatore
1321 1161 1543 1212 inungere
1562 1161 1759 1212 propter
1781 1161 2016 1220 originale
2041 1161 2314 1219 peccatum,
2323 1161 2475 1257 £100
2501 1161 2561 1196 εκ
2601 1161 2735 1221 ιλιζιωι
2760 1161 2965 1200 ιιοιηιηιδ
2988 1161 3379 1224 βΐίθνεινξωιίοηθ
3405 1161 3453 1203 ill

188 1232 350 1271 ames
390 1217 711 1280 pertransiit:
738 1223 841 1265 tum
862 1214 1040 1280 deinde
1062 1215 1215 1263 bonas
1235 1224 1346 1261 esse
1383 1213 1604 1280 nuptias,
1642 1224 1760 1260 vere
1798 1223 1828 1261 a
1849 1217 1948 1280 Deo
1981 1216 2256 1280 institutas;
2295 1222 2320 1257 s
2410 1208 2600 1280 malam
2640 1223 2670 1280 ι]
2689 1222 2791 1258 sam
2827 1219 3297 1280 concupiscentiam,
3342 1227 3454 1278 quae

192 1269 362 1343 impius
383 1269 559 1343 secum
582 1290 644 1326 ex
670 1283 871 1343 peccato
893 1288 906 1324 :
925 1277 1315 1343 bonamquoque
1342 1269 1466 1321 esse"
1481 1273 1579 1343 Dei
1592 1272 1786 1343 legem,
1808 1271 1897 1322 sed
1920 1272 1986 1343 ita
2003 1278 2055 1343 ut
2082 1280 2329 1343 peccatum
2341 1270 2575 1343 ostendat
2594 1269 2911 1343 solummodo,
2936 1269 3030 1321 non
3047 1272 3179 1343 tollat
3202 1288 3215 1322 :
3243 1269 3452 1343 liher'um

188 1330 313 1392 certe
329 1342 586 1390 arbitrium
609 1330 795 1387 natura:
813 1337 1016 1387 hominis
1035 1330 1394 1393 iusifum'esse;
1420 1347 1547 1383 nunc
1568 1330 1731 1383 tanien
1752 1330 1818 1383 ita
1836 1334 2126 1394 captivatum
2142 1366 2157 1389 ,
2182 1339 2234 1380 ut
2255 1330 2313 1394 ad
2341 1330 2601 1379 faciendam
2621 1332 2850 1394 justitiam
2883 1330 2976 1382 non
3003 1333 3160 1384 valeat
3179 1370 3193 1391 ,
3219 1337 3312 1384 nisi
3344 1349 3456 1385 cum

189 1391 325 1453 fuerit
346 1415 438 1465 per
460 1400 667 1464 gratiam
686 1398 946 1448 liberatum
966 1412 985 1465 :_
1004 1405 1196 1447 sanctos
1210 1391 1485 1465 autem'seu
1508 1397 1618 1444 novi
1633 1408 1725 1465 seu
1745 1391 1929 1465 veteris
1951 1394 2241 1465 testamenti
2278 1391 2645 1465 {uisseAquideln
2683 1406 2798 1465 vera
2832 1394 3016 1465 justitia
3051 1397 3313 1465 prteditos,
3357 1411 3454 1446 non

192 1452 396 1528 perfeci:
435 1452 635 1528 ﬁumen,
677 1474 774 1528 nec
805 1467 901 1528 tam
942 1458 1205 1528 plena,__ut
1236 1458 1493 1528 caruerint.
1517 1458 1648 1528 omni
1690 1463 1902 1528 peccato.
1933 1461 2019 1528 Διιι⁸
2060 1452 2385 1528 linemprol'ert
2425 1452 2639 1528 tivpriani
2670 1452 3008 1528 _et__amhrosii
3051 1452 3327 1528 gestimouia
3368 1471 3458 1521 pro

191 1513 411 1577 amna
430 1522 529 1573 me
542 1561 559 1586 ,
593 1513 817 1587 quaedam
837 1520 903 1571 de
924 1513 1145 1583 originali
1166 1524 1366 1582 peccato
1380 1554 1395 1579 ,
1433 1517 1525 1567 alia
1545 1518 1610 1567 de
1628 1513 1796 1581 gratiae
1817 1517 2055 1580 adjutorio
2071 1552 2084 1575 ,
2114 1513 2278 1564 ultima
2305 1513 2370 1563 de
2392 1513 2647 1578 primatis
2663 1517 2866 1578 justitite
2888 1516 3278 1580 imperfectione.

1600 1629 2063 1669 ψ

255 1751 479 1809 CAPUT
535 1748 822 1806 PRIMUM.
876 1777 947 1790 ——
999 1749 1050 1803 i.
1101 1746 1327 1802 Latebrta
1373 1743 1770 1816 Pelagianorum

194 1849 417 1918 quinque.
440 1845 575 1900 Post
599 1844 715 1898 haec
748 1858 868 1912 qua:
906 1841 1244 1896 tractavimus
1274 1881 1291 1906 ,
1341 1839 1638 1909 quibusque
1679 1850 1769 1891 re-

193 1938 515 2008 spondimus,
532 1934 720 1989 eadem
742 1942 1010 2003 repetunt,
1026 1947 1249 2003 quorum
1264 1931 1630 2001 redarguimus
1644 1927 1773 1998 Epi-

195 2030 396 2092 stulam;
428 2027 764 2083 seddiverso
784 2024 963 2080 modo.
998 2023 1131 2079 Nam
1184 2024 1332 2094 prius
1380 2038 1442 2079 ea
1480 2036 1770 2093 proposue-

196 2130 310 2177 runt
336 2119 491 2175 nobis
517 2118 855 2189 objicientes,
901 2131 1019 2187 quae
1049 2115 1192 2170 velut
1246 2129 1521 2185 perperam
1569 2113 1771 2168 sentia-

195 2227 342 2267 mus:
371 2217 562 2283 postea
589 2224 722 2263 vero
748 2207 875 2278 quid
906 2207 1003 2276 ipsi
1042 2206 1274 2262 sentiant
1298 2212 1648 2276 exponentes,
1682 2218 1774 2259 ea-

199 2304 314 2360 dem
340 2319 372 2358 a
390 2305 665 2357 contrario
693 2300 1062 2364 reddiderunt;
1104 2298 1359 2354 addentes
1400 2298 1506 2353 duo
1531 2295 1774 2368 quaedam

196 2411 309 2465 qua:
336 2409 440 2448 non
461 2393 739 2458 dixerant,
768 2392 820 2447 id
849 2400 950 2456 est,
981 2409 1001 2444 ι
1031 2392 1356 2463 Baptismum
1377 2405 1436 2446 se
1459 2390 1640 2445 dicere
1654 2404 1775 2443 om-

196 2486 346 2541 nibus
365 2484 612 2540 aetatibus
639 2484 1035 2547 necessarium;
1077 2502 1095 2534 ι
1131 2490 1205 2549 et,
1235 2501 1254 2535 ι
1285 2482 1387 2537 Per
1435 2479 1606 2536 Adam
1626 2495 1779 2551 .mor-

200 2586 300 2633 tem
320 2578 386 2632 ad
415 2593 512 2634 nos
538 2577 823 2640 transisse,
869 2591 973 2629 non
1000 2575 1241 2630 crimina.
1275 2592 1295 2627 ι
1326 2573 1457 2641 Quae
1508 2587 1607 2629 suo
1658 2572 1777 2628 loco

198 2680 251 2724 et
270 2670 381 2739 ipsa
412 2667 690 2723 tractanda
716 2675 863 2723 sunt.
895 2666 1127 2722 Proinde
1149 2666 1274 2736 quia
1307 2666 1586 2735 superiore
1614 2665 1774 2728 libro,

199 2776 354 2831 quem
377 2760 534 2815 modo
547 2760 967 2829 explicavimus,
985 2759 1221 2829 quinque
1262 2772 1439 2813 rerum
1468 2771 1563 2813 eos
1591 2755 1779 2810 obten-

200 2849 331 2905 dere
356 2850 626 2905 obstacula
652 2850 886 2904 diximus
911 2890 925 2915 ,
977 2849 1030 2904 in
1080 2850 1271 2919 quibus
1309 2863 1493 2904 eorum
1533 2847 1778 2917 dogmata

205 2942 425 2996 inimica
446 2943 627 3012 gratiae
644 2942 734 2998 Dei
763 2951 820 2996 et
839 2942 1116 2997 catholicae
1148 2942 1268 2997 lidei
1292 2941 1605 2997 delitescant
1629 2984 1644 3008 ,
1666 2941 1783 2996 lau-

214 3030 289 3086 de
313 3032 509 3086 scilicet
531 3043 802 3099 creaturze,
831 3032 987 3087 laude
1013 3036 1313 3102 nuptiarum
1334 3074 1351 3099 ,
1402 3032 1558 3089 laude
1608 3032 1743 3102 legis
1762 3073 1777 3096 ,

204 3124 370 3178 laude
413 3123 559 3178 liberi
605 3124 831 3189 arbitrii,
878 3124 1034 3180 laude
1080 3133 1422 3179 sanctorum:
1449 3124 1780 3181 commodius

211 3230 331 3269 esse
358 3215 618 3282 arbitror,
647 3216 830 3270 omnia
854 3230 973 3285 qua:
1010 3214 1341 3283 defendunt,
1383 3231 1607 3286 quorum
1652 3229 1783 3270 con-

213 3307 361 3361 traria
414 3306 569 3362 nobis
618 3306 912 3376 objiciunt,
960 3307 1253 3377 generatim
1286 3308 1304 3338 ⁸
1349 3304 1693 3377 distinguere,
1728 3315 1784 3361 et

206 3413 319 3467 quae
348 3398 559 3454 illorum
590 3397 657 3452 ad
686 3398 812 3468 quid
840 3399 1062 3453 istorum
1094 3399 1329 3470 quinque
1365 3400 1663 3469 pertineant
1684 3398 1781 3454 de-

206 3499 522 3556 monstrare,
554 3498 615 3543 ut
632 3487 915 3544 dilucidior
942 3496 997 3544 et
1023 3489 1234 3545 brevior
1258 3492 1280 3523 ²
1306 3490 1419 3561 ipsa
1443 3489 1786 3545 distinctione

210 3579 368 3648 possit
382 3594 506 3635 esse
534 3588 719 3633 nostra
741 3579 1040 3648 responsio.

273 3668 497 3724 CAPUT
514 3670 672 3724 ll.—
697 3668 755 3723 2.
782 3668 920 3723 Laus
972 3677 1253 3734 creatum;
1302 3669 1416 3723 laus
1460 3670 1787 3739 nuptiarum;

210 3762 318 3816 laus
342 3761 498 3832 legis;
523 3762 637 3818 laus
662 3763 806 3816 liberi
828 3763 1054 3829 arbitrii;
1078 3762 1190 3817 laus
1217 3773 1528 3816 sanctorum.
1553 3762 1787 3818 Laudem

211 3864 484 3919 creaturae,
532 3854 677 3924 quod
728 3855 795 3909 ad
829 3869 997 3926 genus
1049 3854 1339 3910 humanum
1383 3855 1571 3911 attinet
1596 3897 1612 3923 ,
1654 3855 1791 3912 unde

212 3961 350 4003 nunc
412 3949 641 4018 quaestio
696 3956 782 4004 est
807 3990 825 4018 ,
896 3949 980 4004 his
1033 3950 1309 4005 sententiis
1360 3959 1723 4020 exsequuntur
1774 3967 1787 4004 :

215 4056 239 4090 1
268 4040 419 4107 Quod
469 4040 802 4095 nascentium
840 4039 1083 4095 conditor
1115 4040 1256 4097 Deus
1310 4042 1413 4107 sit,
1444 4041 1642 4112 ﬁliique
1698 4040 1792 4096 ho-

220 4130 415 4185 minum
441 4145 578 4201 opus
604 4131 713 4187 sint
755 4130 887 4198 Dei;
936 4139 992 4191 et
1034 4140 1306 4203 peccatum
1356 4148 1516 4189 omne
1570 4149 1677 4188 non
1726 4133 1793 4190 de

218 4230 437 4289 natura,
491 4221 586 4276 sed
637 4222 703 4276 de
751 4222 1025 4279 voluntate
1069 4224 1376 4280 descendat.
1415 4243 1435 4277 ι
1466 4224 1600 4280 Huic
1649 4225 1791 4281 laudi

218 4322 469 4368 creawrte
521 4314 827 4384 applicant,
885 4333 903 4366 ι
943 4314 1095 4381 Quod
1135 4316 1382 4371 omnibus
1435 4318 1679 4377 aetatibus
1708 4317 1789 4393 di-

220 4413 339 4458 cunt
360 4420 481 4460 esse
527 4404 856 4474 Baptismum
885 4407 1261 4472 necessarium,
1293 4416 1351 4463 ut
1400 4427 1422 4461 ι
1454 4410 1654 4465 scilicet
1680 4428 1699 4461 ί
1726 4410 1793 4465 il—

222 4497 532 4553 lacreatura
548 4499 603 4553 in
634 4499 729 4555 Dei
762 4498 900 4554 filios
946 4498 1245 4569 adoptetur,
1272 4514 1377 4555 non
1426 4501 1567 4571 quod
1594 4502 1792 4573 aliquid

223 4602 287 4643 ex
313 4590 621 4658 parentibus
642 4589 839 4657 trahat,
868 4590 1008 4659 quod
1032 4590 1101 4644 sit
1121 4591 1335 4647 lavacro
1376 4594 1795 4662 regenerationis

223 4681 557 4750 expiandum.
588 4700 610 4735 ι
644 4681 778 4737 Huic
801 4681 939 4736 laudi
961 4681 1273 4753 adjungunt,
1305 4690 1359 4738 et
1393 4701 1412 4734 ‹
1455 4683 1597 4753 quod
1642 4683 1798 4738 Chri-

224 4780 353 4826 stum
380 4773 668 4828 Dominum
688 4773 831 4828 nulla
854 4773 1036 4828 dicunt
1056 4774 1260 4828 macula
1284 4775 1487 4844 peccati
1523 4774 1688 4831 fuisse
1711 4791 1800 4832 re-

227 4879 492 4935 spersum,
520 4874 777 4937 quantum
806 4866 994 4921 attinet
1020 4866 1085 4920 ad
1114 4866 1230 4937 ejus
1263 4865 1537 4923 infantiam
1573 4886 1586 4924 :
1620 4887 1640 4922 ι
1676 4870 1797 4941 quia

222 4956 336 5025 ejus
363 4972 584 5012 carnem
633 4957 705 5013 ab
739 4957 884 5012 omni
931 4956 1174 5027 peccati'
1220 4959 1534 5027 contagione
1580 4960 1801 5030 purissi-

224 5064 385 5116 mam,
420 5064 529 5105 non
547 5049 858 5104 excellentia
879 5049 1089 5120 propria
1111 5056 1164 5103 et
1179 5049 1348 5120 gratia
1374 5049 1629 5121 singulari
1658 5093 1674 5118 ,
1704 5051 1797 5107 sed

224 5141 599 5197 communione
627 5148 852 5208 natura},
876 5156 993 5210 quae
1035 5140 1283 5195 omnibus
1328 5141 1467 5197 inest
1512 5141 1800 5199 infantibus

227 5243 553 5286 asseverant.
578 5231 657 5286 Eo
677 5231 908 5301 pertinet
926 5231 1108 5295 etiam,
1143 5230 1282 5301 quod
1312 5249 1331 5283 ‹
1365 5230 1433 5286 de
1471 5233 1663 5287 animae
1688 5234 1798 5289 ori-

227 5323 351 5392 gine
382 5341 402 5377 ι
434 5323 680 5378 inserunt
702 5321 1085 5393 quaestionem:
1112 5322 1191 5377 sic
1217 5323 1410 5377 animze
1441 5321 1637 5405 (Ebristi
1660 5339 1801 5380 coae-

231 5427 391 5482 quare
412 5414 693 5487 molientes
720 5427 904 5468 omnes
929 5413 1133 5467 animas
1156 5413 1525 5484 parvulorum,
1554 5430 1687 5486 quas
1706 5430 1804 5473 vo-

235 5501 350 5558 lunt
385 5520 504 5561 esse
546 5504 790 5560 similiter
836 5503 976 5558 nulla
1029 5505 1229 5573 peccati
1277 5507 1482 5563 macula
1534 5521 1800 5577 aspersas.

298 5657 317 5726 ξ
341 5658 547 5726 Fiam

1875 1738 2099 1810 Pr0pter
2150 1740 2251 1796 hoc
2294 1742 2451 1796 etiam
2502 1743 2706 1811 dicunt,
2739 1762 2760 1797 ι
2796 1745 2874 1800 Ex
2931 1746 3100 1801 Adam
3150 1749 3283 1804 nihil
3326 1751 3457 1806 mali

1878 1832 2130 1887 transisse
2159 1847 2253 1901 per
2284 1840 2540 1900 cazte‘ros,
2568 1835 2675 1889 nisi
2717 1845 2941 1891 mortem
2970 1854 2984 1889 :
3016 1854 3133 1908 quae
3180 1855 3282 1895 non
3312 1856 3457 1896 sem-

1875 1935 1973 1991 per
1991 1932 2073 1977 est
2096 1924 2316 1988 malum,
2354 1942 2375 1976 ι
2410 1924 2673 1995 inquiunt,
2702 1944 2723 1978 ι
2763 1942 2883 1982 cum
2931 1938 2985 1983 et
3032 1931 3355 2000 martyribus
3386 1933 3459 1988 sit

1876 2028 2036 2068 causa
2063 2014 2421 2083 praemiorum,
2450 2024 2505 2072 et
2529 2016 2616 2071 vel
2643 2016 2836 2071 bonam
2880 2018 2960 2073 vel
2984 2021 3182 2075 malam
3231 2021 3335 2077 dici
3376 2024 3455 2078 fa-

1877 2105 2004 2169 ciat,
2031 2122 2136 2160 non
2186 2106 2440 2161 resolutio
2487 2122 2793 2179 corporum,
2849 2125 2967 2179 quae
3016 2112 3459 2168 excitabunturin

1880 2197 2024 2252 omni
2052 2212 2247 2267 genere
2268 2197 2543 2252 hominum
2572 2239 2587 2262 ,
2633 2197 2729 2254 sed
2781 2201 3091 2255 meritorum
3138 2203 3415 2257 diversitas
3437 2243 3454 2270 ,

1880 2307 1999 2362 quae
2023 2291 2090 2346 de
2120 2291 2347 2346 humana
2401 2292 2645 2348 libertate
2686 2293 2963 2365 contingit.
3004 2313 3024 2346 ι
3051 2294 3177 2350 Haec
3221 2295 3462 2351 scribunt

1883 2383 1936 2437 in
1967 2381 2066 2438 hac
2097 2383 2333 2453 Epistula
2355 2384 2421 2439 de
2441 2384 2599 2440 laude
2624 2394 2900 2441 creaturae.

1950 2474 2173 2544 Nuptias
2199 2490 2327 2532 vero
2348 2476 2640 2532 secundum
2682 2476 2982 2545 Scripturas
3009 2477 3245 2543 laudant,
3291 2495 3312 2531 ι
3338 2477 3460 2548 quia

1884 2567 2139 2622 Dominus
2164 2567 2215 2622 in
2261 2569 2550 2638 Evangelio
2599 2568 2853 2637 loquitur,
2887 2567 2988 2633 Qui
3034 2569 3149 2639 fecit
3185 2569 3248 2622 ab
3290 2569 3454 2633 initio,

1883 2659 2163 2714 masculum
2191 2668 2238 2713 et
2263 2659 2503 2728 feminam
2521 2660 2636 2731 fecit
2660 2675 2742 2713 eos
2768 2658 2980 2731 (Matth.
3007 2674 3121 2723 xIx,
3149 2657 3229 2730 4),
3248 2668 3295 2713 et
3311 2658 3460 2722 dixit,

1884 2747 2120 2816 Crescite,
2149 2760 2196 2804 et
2237 2750 2664 2822 multiplicamini,
2699 2760 2745 2804 et
2772 2750 2959 2821 replete
2987 2759 3171 2803 terram
3196 2769 3216 2802 ι
3246 2748 3396 2819 (Gen.
3425 2766 3465 2817 ι,

1885 2839 2000 2914 28).
2042 2824 2295 2909 Quamvis
2322 2840 2424 2896 hoc
2479 2856 2585 2897 non
2629 2842 2679 2896 in
2726 2856 2791 2896 eo
2852 2842 2970 2896 loco
3013 2841 3324 2912 Evangelii,
3371 2841 3467 2898 sed

1887 2941 2060 2990 tamen
2093 2936 2147 2990 in
2172 2935 2288 3006 lege
2334 2935 2403 2990 sit
2446 2937 2723 3007 scriptum.
2769 2937 2985 2992 Addunt
3026 2938 3208 3004 etiam,
3264 2956 3283 2989 ‹
3321 2937 3468 3004 Quod

1886 3042 2004 3098 ergo
2023 3025 2156 3082 Deus
2167 3029 2449 3097 conjunxit,
2473 3028 2624 3082 homo
2645 3045 2745 3083 non
2756 3038 2952 3099 separet
2978 3048 2998 3081 ι
3019 3027 3233 3099 (Matth.
3256 3045 3369 3096 xxx,
3389 3029 3467 3099 6).

1886 3118 2016 3186 Quae
2040 3118 2201 3173 verba
2225 3119 2529 3189 evangelica
2555 3120 2912 3190 agnoscimus.

1957 3210 2018 3265 in
2043 3210 2197 3266 laude
2226 3211 2357 3281 legis
2376 3211 2583 3278 dicunt,
2618 3231 2638 3264 ‹
2670 3212 2922 3268 Veterem
2966 3212 3137 3284 legem
3179 3214 3469 3269 secundum

1890 3302 2200 3371 Apostolum
2230 3302 2431 3373 justam
2469 3312 2522 3358 et
2555 3312 2792 3359 sanctam
2837 3312 2895 3359 et
2934 3305 3123 3360 bonam
3150 3304 3327 3376 (Rom.
3373 3322 3469 3372 vn,

1892 3393 2012 3464 12),
2043 3394 2460 3450 custodientibus
2487 3396 2739 3450 mandata
2767 3410 2886 3464 sua,
2924 3411 2988 3451 ac
3016 3413 3109 3466 per
3148 3398 3306 3453 tidem
3330 3399 3473 3468 juste

1889 3485 2207 3552 viventibus,
2234 3486 2371 3541 sicut
2390 3486 2673 3557 Prophetis
2697 3496 2752 3542 et
2777 3487 3101 3543 Patriarchis
3120 3489 3472 3561 omnibusque

1893 3578 2113 3643 sanctis,
2147 3578 2309 3632 vitam
2334 3578 2573 3648 potuisse
2595 3577 2839 3634 conferre
2864 3588 3195 3649 perpetuam.
3236 3599 3255 3632 ι

1965 3667 2022 3723 1n
2051 3667 2208 3724 laude
2250 3668 2404 3723 liberi
2451 3668 2657 3724 arbitrii
2701 3669 2898 3735 dicunt,
2964 3687 2983 3721 ι
3019 3670 3271 3725 Liberum
3328 3671 3473 3726 arbi-

1895 3760 2053 3815 trium
2078 3774 2185 3814 non
2215 3758 2459 3830 periisse,
2489 3774 2610 3814 cum
2651 3759 2897 3830 loquatur
2927 3761 3183 3817 Dominus
3226 3778 3320 3833 per
3349 3777 3473 3833 pro-

1895 3851 2109 3922 phetam
2135 3870 2149 3908 :
2180 3850 2243 3908 Si
2266 3852 2522 3907 volueritis
2543 3861 2589 3907 et
2616 3852 2877 3907 audieritis
2917 3870 3014 3920 me,
3057 3870 3170 3926 qua:
3197 3856 3327 3910 bona
3355 3864 3473 3910 sunt

1897 3951 2043 3999 terra:
2068 3944 2223 3999 edetis
2241 3960 2262 3999 :
2297 3945 2342 4000 si
2361 3944 2621 3999 nolueritis
2647 3953 2696 3999 et
2717 3961 2817 3999 non
2842 3946 3103 4003 audieritis
3128 3988 3140 4011 ,
3162 3947 3364 4018 gladius
3386 3964 3472 4004 vos

1896 4037 2115 4091 comedet
2132 4035 2284 4109 (Isai.
2316 4053 2353 4103 ι,
2388 4037 2467 4103 19,
2497 4034 2611 4110 εο).
2634 4037 2713 4091 Ac
2736 4053 2830 4107 per
2847 4038 2948 4093 hoc
2965 4047 3021 4093 et
3035 4040 3259 4107 gratiam
3283 4042 3468 4096 unius-

1896 4131 2153 4201 cujusque
2192 4130 2390 4186 bonum
2421 4130 2746 4200 propositum
2802 4130 3085 4201 adjuvare,
3151 4149 3253 4188 non
3295 4143 3470 4197 tamen

1898 4220 2194 4277 reluctandi
2237 4220 2470 4275 studium
2493 4220 2701 4275 virtutis
2728 4221 3032 4284 immittere,
3059 4223 3185 4292 quia
3228 4239 3481 4294 persona-

1897 4331 2016 4371 rum
2045 4317 2283 4386 acceptio
2308 4331 2413 4370 non
2443 4326 2527 4371 est
2548 4316 2685 4385 apud
2708 4316 2876 4371 Deum
2905 4336 2925 4369 ›
2959 4316 3137 4393 (Rom.
3179 4335 3237 4387 ιι,
3257 4318 3369 4391 il).

1968 4408 2151 4464 Laude
2193 4421 2493 4464 sanctorum
2531 4424 2651 4463 sese
2691 4418 3000 4481 contegunt,
3039 4411 3300 4480 dicentes,
3330 4431 3350 4464 ε
3384 4412 3481 4466 Ba-

1900 4501 2090 4570 ptisma
2116 4498 2347 4569 perfecte
2370 4499 2614 4555 homines
2642 4501 2932 4557 innovare:
2963 4502 3223 4573 siquidem
3252 4504 3482 4574 Aposto-

1900 4588 1981 4644 lus
2008 4588 2157 4644 testis
2196 4590 2284 4655 sit,
2330 4595 2419 4659 qui
2447 4604 2542 4660 per
2590 4591 2859 4646 lavacrum
2905 4607 3055 4663 aqua!
3083 4593 3373 4649 Ecclesium
3414 4595 3481 4650 de

1901 4678 2158 4735 Gentibus
2218 4689 2454 4734 sanctam
2522 4680 2638 4737 lleri
2704 4683 3200 4755 immaculatamque
3263 4695 3482 4742 testatur
3527 4723 3551 4733 κ

1902 4770 2116 4842 (ΕρΙκε.
2163 4786 2220 4837 v,
2268 4769 2381 4844 26).
2425 4771 2674 4828 Sanctum
2720 4791 2930 4846 quoque
2969 4777 3221 4847 Spiritum
3274 4791 3482 4836 mentes

1904 4860 2069 4916 bonas
2090 4861 2141 4915 in
2176 4862 2405 4932 antiquis
2442 4863 2707 4932 adjuvisse
2746 4868 3093 4937 temporibus,
3117 4870 3327 4928 dicente
3360 4889 3486 4942 pro-

1905 4952 2060 5023 pheta
2107 4952 2173 5007 ad
2207 4953 2373 5007 Deum
2402 4995 2417 5020 ,
2465 4953 2689 5025 Spiritus
2734 4957 3046 5015 tuusbonus
3088 4960 3295 5017 deducet
3332 4979 3410 5017 me
3434 4964 3486 5018 in

1904 5044 2035 5097 viam
2058 5053 2243 5097 rectam
2273 5042 2444 5114 (Psal.
2475 5060 2635 5112 CXLII,
2660 5046 2771 5117 l0).
2796 5047 2993 5106 Omnes
3021 5066 3230 5123 quoque
3246 5054 3486 5126 Prophe-

1905 5147 1986 5192 tas
2010 5146 2065 5192 et
2106 5140 2390 5209 Apostolus
2420 5140 2504 5195 vel
2546 5152 2783 5210 sanctos,
2821 5152 2929 5200 tam
2960 5147 3084 5202 novi
3109 5164 3264 5219 quam
3293 5153 3488 5207 veteris

1907 5227 2254 5297 Testamenti,
2298 5232 2487 5302 quibus
2512 5233 2651 5290 Deus
2682 5236 3041 5293 testimonium
3086 5240 3350 5310 perhibet,
3378 5259 3484 5298 non

1906 5317 1960 5373 in
1986 5320 2383 5390 comparatione
2420 5322 2821 5393 sceleratorum,
2868 5327 2962 5383 sed
3010 5330 3190 5399 regula
3235 5330 3485 5386 virtutum

1903 5409 2075 5481 justos
2097 5409 2265 5468 fuisse
2291 5430 2306 5468 :
2330 5413 2380 5467 iu
2409 5412 2587 5470 futuro
2601 5426 2780 5472 autem
2798 5426 3036 5488 tempore
3050 5423 3345 5477 mercedem
3370 5439 3490 5480 esse

1910 5511 2017 5558 tam
2046 5502 2305 5559 bonorum
2335 5522 2577 5576 operum,
2610 5524 2766 5579 quam
2798 5512 3077 5567 malorum.
3110 5513 3369 5569 thtcrum
3399 5532 3491 5571 ue-

1908 5596 2103 5652 minem
2149 5611 2327 5668 posse,
2365 5616 2482 5669 quae
2530 5600 2616 5655 hic
2647 5605 3046 5674 contempserit,
3097 5606 3205 5661 illic
3245 5607 3492 5664 mandata

1909 5689 2207 5759 perﬁcere;
2239 5690 2359 5760 quia
2387 5690 2579 5747 dixerit
2610 5694 2916 5763 Apostolus,
2970 5694 3177 5764 Oportet
3211 5713 3302 5751 nos
3323 5697 3491 5750 mani-

1912 5777 2086 5850 festari
2129 5790 2246 5835 ante
2282 5778 2500 5839 tribunal
2542 5782 2748 5855 Christi,
2788 5792 2845 5839 ut
2893 5794 3111 5858 reportet
3155 5788 3493 5861 unusquisque
