3984 6514
532 432 627 490 δη
1137 419 1410 487 CONTRA
1446 416 1626 477 DUAS
1665 410 2032 471 EPISTOLAS
2068 406 2618 481 PELAGIANORUM,
2658 409 2718 466 S.
2756 408 3121 473 AUGUSTINI
3672 405 3780 462 612

532 545 737 615 propria
777 538 1018 607 corporis,
1054 532 1329 590 secundum
1374 528 1706 607 quodpessit,
1740 525 1845 593 sive
1874 522 2083 607 panum,

530 636 632 688 sive
654 632 837 685 malum
873 647 892 679 ι
931 626 996 699 (Il
1021 623 1138 680 Cor.
1168 639 1224 691 v,
1256 621 1364 694 10).
1484 618 1493 645 ⁸
2060 630 2069 649 ε

598 723 652 775 1η
686 719 767 774 his
794 716 1037 787 omnibus
1072 713 1319 789 quidquid
1344 711 1527 766 dicunt
1552 709 1621 783 de
1651 707 1807 763 laude
1834 713 2095 762 creaturae

527 790 684 880 atque
708 805 1031 880 nuptiarum,
1063 802 1130 865 ad
1156 803 1256 858 hoc
1285 798 1483 858 referre
1503 807 1782 864 conantur,
1818 807 1873 855 ut
1896 813 1999 851 non
2026 795 2096 853 sit

526 897 781 967 originale
803 906 1072 967 peccatum
1102 912 1116 949 :
1143 892 1395 966 quidquid
1420 891 1488 947 de
1515 890 1670 945 laude
1700 890 1828 961 legis
1856 898 1911 943 et
1941 887 2093 961 liberi

525 987 749 1055 arbitrii,
778 984 992 1053 adhoc,
1024 992 1081 1040 ut
1102 978 1272 1053 gratia
1303 997 1407 1045 non
1450 980 1661 1050 adjuvet
1690 978 1793 1043 nisi
1826 978 2092 1044 meritum,

528 1092 593 1132 ac
616 1078 693 1132 sic
715 1077 882 1147 gratia
902 1076 1010 1143 jam
1048 1086 1154 1151 non
1200 1074 1272 1128 sit
1298 1073 1471 1151 gratia
1497 1091 1510 1127 :
1534 1069 1783 1151 quidquid
1827 1069 1893 1147 de
1940 1067 2095 1125 laude

522 1144 846 1243 sanctorum,
874 1166 939 1239 ad
965 1168 1085 1234 hoc,
1106 1148 1172 1240 ut
1191 1166 1294 1221 vita
1328 1144 1572 1219 mortalis
1600 1164 1651 1217 in
1685 1144 1882 1218 sanctis
1913 1160 2094 1216 videa-

526 1271 613 1321 tur
642 1277 744 1331 non
772 1260 967 1337 habere
982 1269 1274 1328 peccatum,
1306 1271 1406 1310 nec
1427 1255 1496 1308 sit
1520 1255 1597 1309 eis
1618 1254 1974 1309 necessarium
1996 1268 2095 1325 pro

512 1332 850 1421 dimittendis
880 1336 1208 1423 debitis'suis
1227 1332 1432 1417 precari
1450 1345 1636 1401 Deum.
1664 1344 1669 1349 ’
1990 1334 2013 1349 ’“

595 1439 818 1513 CAPUT
863 1438 945 1513 ill.
972 1467 1039 1479 --
1062 1437 1310 1491 Catholici
1353 1444 1608 1501 naturam,
1644 1436 1867 1506 nuptias,
1915 1435 2093 1506 legem,

527 1512 734 1603 liberiop
760 1512 1040 1603 (inbilrimn,
1067 1538 1112 1581 et
1130 1538 1329 1582 sanctos
1349 1527 1420 1599 sic
1448 1524 1677 1591 laudant,
1709 1535 1761 1579 ut
1782 1523 2097 1595 Pelagianos

527 1620 677 1675 simul
701 1630 746 1674 et
775 1619 1080 1673 Manichwos
1120 1619 1374 1670 damnent.
1420 1618 1517 1669 Ista
1548 1616 1746 1670 nefaria
1776 1615 2019 1684 dogmata
2045 1623 2099 1669 et

527 1711 843 1766 damnabilia
871 1712 922 1763 in
953 1710 1049 1763 hac
1075 1708 1334 1777 tripartita
1357 1706 1613 1759 divisione
1639 1705 1876 1773 quisquis
1922 1714 2099 1759 mente

518 1802 779 1859 'catholica
804 1803 1072 1868 exhorret,
1112 1788 1250 1854 illius
1270 1801 1502 1869 quinque
1532 1799 1734 1866 partita:
1766 1796 1995 1851 latebras
2018 1792 2100 1851 iti-

526 1897 790 1965 sidiasqoe
810 1895 1027 1959 devitet,
1055 1900 1212 1961 atque
1243 1894 1309 1944 ita
1337 1892 1773 1957 interutrumt'lue
1794 1887 1861 1942 sit
1890 1896 2094 1953 cautus,

526 1996 584 2040 ut
608 1986 684 2038 sic
707 1985 937 2038 declinet
981 1982 1345 2039 Manichwum,
1397 1994 1462 2032 ne
1498 1992 1555 2031 se
1586 1977 1812 2031 inclinet
1860 1978 1913 2030 in
1942 1977 2099 2031 Pela-

526 2077 701 2147 gium;
730 2087 1018 2142 rursusque
1038 2072 1106 2125 ita
1133 2086 1189 2124 sc
1220 2069 1502 2138 scjuttgata
1534 2067 1848 2135 Pelagianis,
1882 2082 1949 2120 ne
1972 2081 2102 2121 con-

516 2165 709 2236 iungat
736 2162 1069 2226 Manichrcis;
1101 2170 1192 2214 aut
1211 2161 1256 2213 si
1284 2160 1335 2212 in
1357 2150 1757 2225 alterutrisjam'
1776 2163 2002 2220 tenetur,
2028 2160 2102 2212 ne

531 2258 609 2311 sic
644 2271 701 2309 se
746 2271 774 2308 a
816 2253 1135 2325 quibuslibet
1179 2244 1359 2305 alteris
1379 2259 1533 2305 eruat
1558 2250 1597 2315 ί,
1637 2250 1766 2302 utin
1811 2249 2004 2303 alteros
2030 2248 2102 2302 ir-

530 2355 665 2402 ruat.
696 2346 957 2401 Videntur
990 2343 1183 2413 quippe
1219 2343 1356 2395 inter
1400 2354 1456 2394 se
1493 2354 1611 2395 esse
1639 2340 1924 2402 contrarii;
1972 2354 2102 2408 quo-

527 2438 668 2491 niam
712 2436 944 2505 quinque
968 2434 1055 2488 illa
1090 2432 1366 2487 Manichazi
1405 2430 1752 2499 vituperando
1778 2441 1836 2484 se
1875 2420 2101 2483 manife-

528 2536 691 2595 stant,
734 2526 1010 2596 Pelagiani
1052 2523 1314 2578 laudando
1354 2538 1411 2577 se
1439 2522 1723 2576 occultant.
1769 2522 2103 2590 Quapropter

528 2629 781 2689 utrosque
830 2619 1045 2673 damnat
1088 2625 1244 2687 atque
1270 2616 1486 2679 devitat,
1528 2615 1769 2685 quisquis
1811 2614 2101 2670 secundum

527 2712 762 2782 regulam
790 2708 1062 2764 catholicae
1090 2708 1211 2762 tldei
1231 2707 1309 2762 sic
1339 2707 1390 2760 in
1421 2706 1726 2763 hominibus
1769 2707 2103 2760 nascentibus

527 2804 594 2859 de
623 2802 761 2859 bona
790 2811 1032 2855 creatura
1060 2800 1237 2855 carnis
1262 2808 1317 2853 et
1340 2799 1532 2852 animae
1580 2792 1841 2868 gloriticat
1879 2798 2102 2852 Creato-

526 2908 671 2958 rem,
720 2891 858 2962 quod
887 2888 990 2944 non
1033 2890 1143 2944 vult
1170 2889 1538 2953 ~MiilllChiBlls;
1586 2898 1640 2942 ut
1669 2897 1843 2942 tamen
1890 2884 2104 2958 propter

526 2983 732 3048 vitium,
752 2980 893 3052 quod
917 2981 969 3034 in
998 2994 1093 3035 eos
1116 2992 1213 3049 per
1244 2987 1515 3049 peccatum
1548 2977 1952 3047 primi;hominis
1977 2988 2101 3050 per-

529 3072 759 3139 transiit,
786 3071 1016 3126 fat'eatur
1033 3077 1088 3125 et
1112 3070 1346 3139 parvulis
1364 3069 1720 3124 necessarium
1753 3068 2100 3134 Salvatorem,

527 3162 671 3233 quod
700 3177 802 3217 non
829 3161 941 3215 vult
962 3159 1207 3229 Pelagius
1235 3176 1247 3211 :
1276 3159 1354 3213 sic
1378 3159 1631 3213 discernit
1659 3158 1856 3212 malum
1899 3159 2104 3229 puden-

526 3253 610 3311 da:
646 3250 1086 3320 concupiscentia:
1120 3266 1153 3304 a
1200 3250 1435 3304 bonitate
1463 3249 1803 3318 .nuptiarum,
1835 3257 1893 3303 ut
1929 3264 2104 3319 neque

526 3342 830 3403 Maniclmis
854 3341 1041 3397 similis
1065 3340 1203 3395 unde
1227 3339 1491 3394 nascimur
1518 3341 1714 3409 culpet,
1748 3354 1922 3409 neque
1944 3340 2107 3396 Pela-

528 3434 697 3504 gianis
734 3432 924 3493 similis
963 3430 1104 3489 unde
1145 3430 1516 3485 confundimur
1558 3429 1737 3485 laudet
1764 3448 1778 3484 :
1805 3430 1883 3485 sic
1925 3416 2098 3501 legem

530 3524 864 3603 wﬂoysen
888 3532 1123 3581 sanctam
1148 3530 1201 3578 et
1215 3522 1490 3591 justam‘et
1514 3522 1707 3575 bonam
1735 3536 1767 3576 a
1795 3522 1904 3576 Deo
1920 3531 2104 3577 sancto

529 3625 585 3673 et
614 3617 757 3687 justo
781 3624 836 3671 et
854 3615 1010 3675 εὐοηο
1037 3614 1214 3668 datam
1244 3627 1363 3669 esse
1405 3611 1680 3680 defendit,
1727 3612 1869 3682 quod
1919 3621 2102 3668 contra

529 3708 843 3778 Apostolum
866 3714 1023 3775 negat
1041 3703 1394 3769 Manichacus;
1438 3712 1493 3756 ut
1519 3717 1639 3758 eam
1666 3701 1809 3757 dicat
1835 3712 1889 3757 et
1918 3706 2104 3771 pecca-

531 3808 639 3859 tum
671 3797 976 3863 ostendere,
1025 3812 1129 3852 non
1168 3804 1344 3865 tamen
1387 3795 1591 3859 tollere,
1641 3802 1696 3849 et
1734 3794 1995 3863 justitiam
2018 3795 2106 3864 ju-

531 3891 678 3958 bere,
708 3904 819 3945 non
834 3897 1008 3949 tamen
1033 3887 1185 3955 dare,
1214 3886 1355 3958 quod
1381 3902 1564 3942 rursus
1581 3896 1763 3943 contra
1789 3887 2103 3958 Apostolum

531 3993 689 4053 negat
710 3982 955 4051 Pelagius
980 3998 993 4034 :
1023 3981 1101 4035 sic
1124 3981 1319 4036 asserit
1346 3980 1569 4034 liberum
1596 3980 1896 4043 arbitrium;
1918 3990 1974 4034 ut
1997 3996 2103 4037 non

530 4090 594 4131 ex
624 4084 809 4134 natura
850 4072 1030 4131 nescio
1072 4086 1177 4141 qua
1215 4070 1624 4138 sempermala,
1658 4087 1776 4140 qua:
1825 4069 1970 4123 nulla
2000 4079 2101 4136 est,

531 4164 849 4233 sedesipso
875 4161 1351 4230 arbitrioicoepisse
1379 4160 1521 4215 dicat
1549 4169 1604 4215 et
1635 4161 1808 4230 angeli
1835 4171 1890 4216 et
1927 4161 2104 4217 homi-

532 4258 616 4317 nis
634 4256 856 4319 malum.
887 4252 1027 4323 quod
1068 4254 1260 4310 evertit
1298 4252 1543 4309 hatresim
1586 4251 1958 4318 Manichteatn;
2006 4268 2106 4307 nec

530 4346 656 4415 ideo
687 4355 862 4423 tamen
892 4358 1051 4413 posse
1073 4343 1332 4411 captivam
1361 4343 1704 4407 voluntatem,
1738 4343 1836 4396 nisi
1872 4343 1961 4397 Dei
1985 4359 2106 4413 gra—
2136 4390 2141 4397 .

536 4439 629 4505 tia,
678 4435 942 4505 reSpirare
990 4435 1065 4502 iu‘
1087 4434 1354 4497 salubrem
1399 4433 1718 4500 libertatem,
1751 4435 1892 4504 quod
1918 4437 2107 4489 evertit

533 4528 779 4599 haeresim
805 4527 1139 4596 Pelagianam
1172 4542 1187 4579 :
1217 4525 1298 4585 sic
1321 4524 1497 4580 laudat
1526 4525 1581 4581 in
1632 4526 1743 4583 Deo
1768 4536 1981 4580 sanctos
2011 4527 2109 4579 ho-

533 4598 704 4675 mines
731 4618 822 4671 Dei
849 4604 952 4673 non
981 4616 1152 4682 solum
1174 4631 1239 4671 ex
1266 4615 1683 4683 manifestatoin
1713 4631 1875 4671 carne
1894 4615 2108 4671 Christo

535 4720 590 4765 et
634 4710 903 4778 deinceps,
955 4723 1134 4775 verum
1174 4707 1334 4763 etiam
1387 4707 1723 4774 superiorum
1764 4716 2103 4777 temporum,

538 4813 672 4869 quos
697 4797 893 4865 audent
913 4795 1277 4873 blasphemare
1294 4794 1599 4859 Manichaei;
1633 4805 1690 4851 ut
1707 4806 1881 4857 tamen
1898 4797 1964 4853 de
1981 4798 2110 4867 ipsis

540 4892 660 4961 plus
685 4889 865 4960 credat
886 4887 1014 4969 ipsis
1036 4886 1431 4954 conﬁtentibus,
1460 4902 1615 4956 quam
1644 4888 1938 4959 Pelagianis
1957 4905 2107 4946 men-

518 4982 812 5057 tientibus.
837 4978 1452 5050 Sanctorumeuimmox
1471 4990 1572 5047 est,
1602 4979 1661 5037 Si
1682 4981 1958 5036 dixerimus
1983 4983 2104 5054 quia

537 5083 915 5155 peccatumnon
928 5071 1189 5158 (tabernas,
1221 5085 1310 5139 nos
1330 5070 1794 5141 ipsosseducimus,
1845 5081 1893 5127 et
1921 5073 2106 5127 veritas

535 5167 589 5223 in
614 5148 755 5239 nobis
773 5179 870 5219 non
895 5148 1035 5239 est,“
1050 5160 1207 5233 ξΙρᾳη.
1236 5159 1379 5233 1,8).

728 5254 820 5333 _l.l"l‘1
833 5252 1075 5327 [Vg-ﬂe
1082 5252 1231 5325 laude
1239 5253 1808 5328 ctealuw,;Pelagiani,
1817 5255 2108 5313 ΠαιὶσΙιαὶ.

541 5330 641 5425 υἱέ
654 5348 735 5423 ita,
751 5330 819 5403 se
826 5345 1159 5421 habentibus,
1177 5343 1301 5417 quid
1328 5346 1551 5416 prodest
1572 5348 1795 5403 novellis
1822 5346 2105 5415 hazreticis,

534 5440 765 5507 inimicis
778 5434 1157 5509 crucisCiiristi
1168 5436 1425 5507 etvdivintn
1438 5438 1885 5506 oppugnatoribus
1900 5440 2109 5508 gratiae,

535 5529 676 5602 quod
704 5546 734 5585 a
759 5529 1165 5604 Manichgeorum
1190 5541 1372 5582 errore
1392 5528 1507 5597 sani
1529 5528 1789 5592 videntur,
1807 5538 1863 5584 et
1885 5530 1988 5584 alia
2015 5545 2113 5585 sua

530 5622 835 5701 pestileptia
863 5620 1192 5703 moriuntur?
1208 5618 1345 5687 Quid
1365 5619 1445 5676 eis
1461 5619 1696 5688 prodest,
1712 5622 1851 5691 quod
1878 5621 1930 5676 in
1953 5620 2113 5678 laude

542 5758 621 5868 tu;
840 5764 936 5818 En,
952 5754 1102 5859 alteri
1130 5761 1298 5808 servet.
1320 5762 1450 5818 hom,
1473 5753 1640 5809 alteris
1868 5762 2114 5824 cstigan-

2199 528 2456 583 creaturte
2480 520 2680 599 dicunt,
2704 538 2735 591 δ
2764 521 2931 576 Deum
2953 521 3148 576 bonum
3178 518 3507 576 nascentium
3530 518 3779 574 condito-

2190 612 2331 680 rem,
2359 610 2455 681 per
2479 622 2635 682 quem
2661 610 2800 667 facta
2835 620 2958 666 sunt
2986 610 3185 677 omnia,
3214 610 3438 680 ejusque
3479 624 3616 681 opus
3650 624 3773 664 esse

2196 701 2331 779 ﬁlios
2371 702 2666 779 hominum,
2702 722 2723 757 ι
2760 718 2894 773 quos
2933 701 3205 763 Manichazi
3251 701 3436 757 dicunt
3473 716 3612 777 opus
3654 716 3776 756 esse

2190 778 2453 871 principis
2477 778 2850 859 tenebrarum;
2897 807 3018 849 cum
3045 792 3183 848 inter
3208 801 3479 862 utrosque,
3509 790 3597 851 vel
3636 790 3777 859 apud

2198 897 2447 958 utrosque
2477 888 2569 942 Dei
2588 894 2829 942 creatura
2850 927 2865 952 ,
2903 901 3021 957 quae
3042 895 3124 941 est
3152 882 3207 939 in
3237 883 3525 961 infantibus
3546 882 3783 957 pereat?

2199 980 2420 1051 Utrique
2447 982 2586 1037 enim
2634 980 2823 1036 nolunt
2854 974 2971 1035 eam
3000 976 3199 1034 Christi
3219 992 3383 1033 carne
3429 983 3485 1033 et
3519 976 3782 1045 sanguine

2194 1070 2411 1151 liberari
2442 1088 2456 1127 :
2482 1070 2557 1147 illi
2583 1070 2704 1141 quia
2734 1066 2901 1140 ipsam
2940 1083 3158 1124 carnem
3188 1076 3248 1143 et
3276 1067 3596 1138 sanguinem‘
3616 1065 3781 1121 Chri-

2199 1162 2291 1229 sti,
2316 1169 2566 1231 tanquam
2592 1158 2709 1221 hac
2736 1158 2955 1219 omnino
2991 1158 3049 1215 in
3078 1157 3294 1219 homine
3328 1156 3414 1214 vel
3454 1172 3520 1212 ex
3562 1154 3788 1215 homine

2188 1267 2306 1335 ‘non
2346 1252 2655 1322 susceperit,
2701 1251 3016 1335 destruunt;
3042 1250 3130 1331 isti
3169 1254 3393 1317 autem,’
3416 1250 3541 1321 quia
3574 1247 3786 1335 nullum

2202 1342 2398 1411 malum
2434 1334 2608 1400 inesse
2636 1328 2927 1405 iurantibus
2966 1325 3232 1407 asserunt,
3265 1340 3408 1399 unde
3453 1356 3550 1411 per
3588 1324 3789 1397 Sacra-

2204 1444 2434 1491 mentunt
2463 1436 2907 1510 carnis-hujus‘et
2951 1434 3227 1509 sanguinis
3254 1435 3578 1510 liberentur.
3629 1432 3790 1510 Iacet

2194 1510 2340 1595 inter
2369 1525 2488 1581 illos
2519 1522 2570 1581 in
2608 1504 2845 1603 parvulis
2876 1504 3115 1591 humana
3157 1504 3401 1601 creatura
3447 1504 3790 1589 institutione

2194 1619 2361 1693 bona,
2393 1619 2771 1689 propagatione
2799 1619 3017 1683 vitiata;
3048 1617 3204 1671 bonis
3220 1617 3330 1671 suis
3355 1616 3616 1671 conﬁtens
3645 1616 3794 1685 Opti—

2208 1727 2352 1764 mum
2402 1710 2754 1780 conditorem,
2784 1710 2938 1764 malis
2988 1710 3098 1764 suis
3122 1722 3367 1780 quaerens
3391 1707 3792 1780 misericordis-

2204 1800 2394 1855 simum
2436 1772 2864 1869 redilm'ptore'm;
2912 1772 3239 1855 Manichaeos'
3275 1772 3485 1854 habéns.‘
3516 1776 3791 1854 bonolum

2194 1896 2431 1946 ‘suorum‘
2459 1884 2891 1961 vituperatores,‘
2915 1884 3225 1961 Pelagianos
3265 1870 3476 1945 habens
3518 1890 3789 1945 malorum

2205 1978 2420 2037 Snorum
2447 1984 2750 2053 negatores,
2784 1980 3045 2053 utrosque
3064 1976 3455 2053 persecutores:
3500 1979 3572 2037 Et
3595 1994 3793 2053 quam-

2206 2074 2286 2128 vis
2316 2090 2408 2144 per
2434 2074 2709 2129 infantiam
2745 2073 2889 2145 loqui
2925 2068 3031 2129 non
3059 2070 3253 2139 valeat,
3293 2072 3470 2149 Specie
3484 2063 3678 2147 tamtan
3712 2081 3796 2126 ta-

2206 2164 2387 2221 cita’et
2412 2166 2714 2221 infirmitate
2740 2164 2919 2221 abdita
2949 2163 3175 2237 ‘impiam
3197 2155 3491 2221 vanitatem‘
3519 2173 3796 2220 utrorum-

2208 2273 2313 2327 que
2338 2258 2640 2327 compcllat,
2673 2266 2725 2311 et
2753 2256 2860 2339 illis
2886 2256 3087 2325 dicens,
3117 2256 3199 2333 Ab
3221 2269 3288 2311 eo
3326 2242 3574 2326 Qui'bona
3617 2262 3793 2329 creat,

2180 2350 2185 2355 ’
2207 2348 2408 2403 credite
2436 2348 2523 2402 me
2548 2348 2758 2415 creari;
2784 2354 2843 2401 'et
2869 2344 3206 2427 iStis‘dicens,
3229 2344 3310 2401 Ab
3334 2344 3398 2399 eo
3422 2344 3513 2427 qui
3537 2346 3625 2399 ine
3639 2346 3793 2400 crea-

2209 2439 2330 2502 vit,‘
2371 2436 2530 2493 sinite
2580 2438 2679 2491 me
2713 2426 2912 2491 senarii
2955 2434 3287 2490 Manichacus
3328 2432 3668 2491 ‘dicit:Nihil
3709 2441 3799 2490 est

2211 2526 2373 2596 hujus‘
2397 2526 2752 2595 infantis,nisi
2778 2523 2953 2581 suum
2974 2524 3439 2591 bona'liberanda;
3462 2514 3660 2582 caetera
3685 2541 3796 2582 non

2200 2617 2273 2670 ad
2302 2617 2464 2673 Dettm
2502 2602 2718 2681 bonum,
2747 2617 2841 2672 sed
2875 2617 2941 2670 ad
2967 2618 3267 2688 principem
3288 2616 3637 2672 tenebrarum
3665 2619 3794 2688 per-

2207 2709 2425 2763 tinentla
2452 2710 2744 2779 respuenda
2769 2711 2808 2764 ⁸.
2839 2702 3151 2780 Peldgi'rlnus
3176 2706 3309 2765 dicit
3331 2705 3681 2779 t‘lm‘o‘hnjus
3709 2709 3795 2764 in-

2208 2797 2367 2853 fantis
2414 2799 2544 2853 nihil
2583 2806 2669 2854 est
2705 2799 3213 2869 liberandum,qula‘
3253 2782 3798 2855 totum"ostendimns

2207 2889 2433 2944 salvum.
2465 2890 2639 2945 Ambo
2662 2886 2987 2945 mentiuntur
3013 2906 3027 2944 :
3050 2888 3146 2945 sed
3162 2890 3273 2958 jam
3306 2882 3589 2945 mitidr‘eSt
3619 2889 3798 2945 aruis

2206 2976 2694 3050 solius‘accusator,
2738 2981 3016 3052 quam'qui
3040 2981 3109 3035 in
3133 2980 3451 3036 universnnr'
3467 2982 3493 3015 ⁸
3510 2981 3794 3036 convinci-

2210 3080 2296 3127 tur
2339 3074 2532 3128 sazvire
2572 3073 2833 3128 laudator.
2881 3072 2993 3129 Sed
3028 3082 3128 3128 nec
3178 3071 3502 3128 Manichacus
3547 3071 3796 3128 humana:

2198 3162 2401 3216 animae
2420 3162 3127 3233 subvenit,'blasphemando
3143 3152 3604 3219 auctorem‘tOtins
3628 3163 3797 3219 homi-

2209 3255 2294 3309 nis
2322 3255 2518 3323 Deum;
2560 3270 2659 3311 nec
2686 3250 3001 3326 Pelagianos
3024 3256 3273 3310 ﬂuuiana:
3300 3254 3538 3311 infantiae
3560 3255 3797 3312 divinam
3826 3276 3835 3281 ·

2190 3347 2473 3418 gratiam"
2490 3348 2780 3405 subvenire
2807 3348 3087 3418 permittit,
3116 3345 3361 3417 negando
3378 3346 3643 3419 originale
3672 3362 3799 3418 pee-

2192 3449 2407 3494 -catum;
2449 3429 2588 3493 Deus
2627 3450 2755 3509 ergo
2796 3440 3080 3495 miseretur
3123 3453 3222 3510 per
3248 3420 3585 3495 catholicam
3615 3439 3795 3508 tidem,

2198 3538 2341 3600 quae
2354 3520 2632 3601 utramque
2644 3524 3014 3601 redarguendo
3042 3524 3355 3601 perniciem,
3375 3530 3577 3586 'infanti
3600 3532 3800 3588 Subve—

2211 3621 2290 3675 nit
2314 3622 2379 3676 ad
2408 3623 2665 3687 salutem;
2695 3623 2997 3679 Manichzeis
3022 3622 3225 3691 dicens,
3248 3622 3452 3679 *Audite
3479 3625 3802 3695 Apostolum

2210 3713 2549 3777 clamantem,
2582 3712 2800 3768 Nescitis
2830 3716 2948 3785 quia
2985 3731 3171 3785 corpus
3205 3723 3420 3771 vestrum
3448 3718 3695 3788 teinplum
3732 3727 3806 3772 est

2209 3807 2265 3860 in
2293 3805 2430 3861 vobis
2476 3804 2702 3876 Spiritus
2745 3808 2905 3860 sancti
2930 3805 3119 3880 (lCor.
3145 3820 3218 3874 vt,
3251 3806 3378 3879 πυτ
3420 3817 3475 3862 et
3498 3806 3679 3863 Deum
3712 3807 3802 3862 bo-

2210 3908 2338 3952 num
2369 3907 2662 3953 creatorem
2700 3897 2899 3953 credite
2940 3902 3248 3968 corporum,
3302 3900 3426 3970 quia
3472 3912 3583 3955 non
3629 3910 3805 3971 potest

2212 4004 2332 4046 esse
2363 3990 2616 4059 templum
2641 3990 2871 4061 Spiritus
2898 3992 3065 4046 sancti
3092 4000 3227 4062 Optis
3262 3991 3522 4062 principis
3552 3988 3807 4047 tenebra-

2206 4099 2327 4138 rum
2360 4102 2373 4138 :
2406 4083 2701 4154 Pelagianis
2746 4084 2957 4150 dicens,
3025 4083 3091 4138 In
3122 4084 3485 4161 .‘iniquilatilms
3535 4070 3811 4157 conceptus

2212 4182 2315 4242 est,
2341 4182 2387 4227 et
2411 4175 2463 4228 in
2486 4176 2697 4243 peccatis
2724 4188 2843 4230 eum
2874 4184 3035 4230 mater
3061 4158 3183 4246 ejus
3227 4172 3279 4230 in
3301 4176 3443 4231 utero
3472 4178 3607 4233 aluit
3629 4168 3807 4251 (Psal.

2213 4266 2373 4335 1,7),
2403 4278 2558 4334 quem
2588 4266 2892 4335 conspicitis
2923 4266 3220 4338 parvulum.
3242 4269 3518 4337 Quid‘emn
3540 4254 3809 4341 tan‘quain

2213 4357 2282 4411 ab
2301 4358 2442 4411 omni
2474 4358 2856 4412 noxa'liberum
2873 4360 3220 4424 defendendo,
3238 4356 3343 4415 non
3366 4358 3685 4437 permittitis
3722 4379 3815 4435 per

2213 4448 2591 4518 indulgentiam
2619 4448 3066 4504 liberari?'-Nemo
3103 4452 3322 4505 mundus
3349 4468 3382 4505 a
3402 4450 3575 4517 sorde,
3613 4468 3712 4507 nec
3738 4456 3820 4506 in-

2216 4543 2331 4612 fans
2349 4543 2496 4609 cuius
2519 4549 2589 4594 est
2617 4541 2717 4596 diei
2739 4540 2892 4598 unius
2909 4543 3186 4611 vita'super
3212 4548 3395 4597 terram
3441 4539 3567 4618 (Job
3613 4558 3739 4611 nv,
3762 4544 3818 4611 5,

2194 4646 2315 4685 sec.
2367 4630 2558 4703 LXX).
2608 4632 2778 4688 Sinite
2835 4633 3087 4687 miserum
3130 4626 3503 4689 remissitmein
3557 4628 3821 4706 accipere

2216 4730 2554 4791 peccaton
2574 4764 2589 4788 ,
2640 4738 2735 4792 per
2759 4739 2879 4779 enm
2910 4723 3001 4793 qui
3026 4723 3173 4778 solus
3192 4739 3292 4780 nec
3328 4738 3526 4794 parvus
3548 4720 3677 4783 nec'
3704 4724 3824 4782 ms-

2215 4826 2352 4883 gnus
2378 4815 2549 4883 potuit
2577 4815 2770 4871 habere
2788 4820 3090 4886 peccatum.

2288 4905 2343 4960 5.
2367 4903 2504 4970 Quid
2543 4907 2620 4960 eis
2642 4906 2804 4976 igitur
2847 4907 3082 4977 prodest,
3132 4907 3275 4979 quod
3313 4906 3526 4976 dicunt,
3580 4928 3603 4964 α
3633 4909 3823 4968 Omne

2220 5005 2492 5064 peccatum
2517 5010 2620 5051 non
2638 4997 2716 5051 ~de
2751 5004 2971 5065 natura,
3000 4999 3096 5054 sed
3121 5000 3191 5056 de
3204 4996 3481 5056 voluntate
3505 5000 3825 5059 descende-

2217 5103 2318 5155 re;
2354 5109 2374 5143 ι
2419 5096 2473 5147 et
2501 5090 2803 5147 Manichaeis
2820 5092 3022 5147 malam
3062 5102 3301 5149 naturam
3341 5091 3645 5150 dicentibus
3685 5108 3824 5151 caa-

2218 5198 2332 5240 sam
2360 5199 2480 5241 esse
2507 5183 2735 5254 peccati,
2764 5184 2922 5255 hujus
2946 5185 3225 5241 sententia
3246 5182 3482 5242 Veritate'
3500 5184 3777 5243 resistere
3805 5206 3819 5243 :

2219 5277 2431 5346 quando
2459 5276 2701 5330 nolentes
2730 5275 3029 5332 admittere'
3056 5272 3314 5347 originale
3340 5270 3651 5347 pecchtum',
3687 5294 3821 5335 cum

2213 5376 2274 5423 ‘et
2299 5369 2470 5439 ipsum
2501 5368 2615 5436 sine
2638 5367 2801 5423 dubio
2836 5368 2903 5423 de
2929 5369 3099 5437 primi
3131 5367 3361 5424 hominis
3380 5368 3662 5427 voluntate
3718 5373 3822 5427 de-

2208 5460 2461 5527 scendat,
2509 5457 2715 5515 faciunt
2756 5458 2878 5514 reos
2920 5454 3286 5529 parml'os‘de
3337 5470 3566 5532 corpore
3620 5463 3823 5521 exire?

2283 5632 2722 5745 ﬁt};an
2743 5630 3030 5697 respuenda.
3048 5635 3338 5713 concinam

2282 5731 2513 5831 ξ”ιῖἶ
2959 5756 3014 5810 επ
3036 5757 3327 5831 πάκτων

2285 5820 2307 5854 ³
2327 5827 2379 5871 tn
2400 5827 2529 5881 tu,
2930 5822 2959 5847 λ·
3080 5820 3142 5847 ---ι

2220 5710 2248 5748 π
