3984 6496
533 357 641 414 615

539 471 642 526 Per
666 482 823 523 unum
845 464 1096 520 hominem
1124 461 1352 515 intrasse
1376 464 1653 530 peccatum.
1683 452 1810 507 Haec
1832 449 1972 505 enim
1998 454 2124 502 sunt

538 563 813 636 superiora
840 558 999 613 verba
1026 556 1163 624 ejus.
1186 540 1516 609 Commendat
1544 557 1730 611 autem,
1758 545 1950 615 inquit,
1978 555 2122 597 suam

536 655 831 709 charitatem
861 649 998 703 Deus
1024 648 1079 701 in
1106 646 1268 711 nobis,
1292 644 1533 714 quoniam
1559 658 1673 695 cum
1703 639 1869 692 adhuc
1896 642 2122 705 peccato-

537 763 616 801 res
643 759 878 806 essemus,
903 738 1133 795 Christus
1158 754 1251 809 pro
1285 736 1426 791 nobis
1452 744 1677 789 mortuus
1702 740 1809 796 est;
1836 729 1993 783 multo
2015 741 2122 779 ma-

540 840 616 910 gis
645 834 918 909 justi/icati
953 848 1085 887 nunc
1115 832 1170 885 in
1203 829 1449 902 sanguine
1475 826 1657 899 ipsius,
1689 822 1816 878 salvi
1853 820 2037 874 erimus
2060 816 2123 871 ab

532 932 613 985 ira
640 946 731 1002 per
757 929 944 999 ipsum.
974 924 1034 981 Si
1071 925 1206 979 enim
1244 938 1360 978 cum
1399 919 1594 975 inimici
1628 931 1866 977 essemus,
1898 910 2122 965 reconci-

537 1024 647 1078 liati
688 1037 861 1077 sumus
899 1018 1007 1073 Deo
1052 1033 1142 1089 per
1184 1024 1394 1070 mortem
1428 1012 1552 1066 Filii
1589 1011 1738 1081 ejus;
1764 1007 1924 1061 multo
1964 1004 2123 1074 magis

535 1112 865 1178 reconciliati,
888 1111 1013 1167 salvi
1039 1111 1224 1165 erimus
1245 1110 1300 1162 in
1325 1107 1427 1161 vita
1454 1105 1634 1175 ipsius.
1665 1100 1786 1154 Non
1824 1098 1988 1153 solum
2023 1112 2122 1149 au-

538 1219 660 1273 tem,
687 1203 776 1260 sed
803 1213 849 1258 et
876 1203 1148 1275 gloriantes
1173 1201 1228 1255 in
1264 1199 1368 1253 Deo
1393 1214 1481 1269 per
1504 1195 1684 1249 Jesum
1719 1191 1977 1246 Christum
2016 1187 2125 1241 Do-

541 1299 733 1352 minum
756 1306 1003 1359 nostrum,
1030 1309 1116 1364 per
1140 1308 1286 1363 quem
1314 1300 1360 1343 et
1391 1304 1523 1342 nunc
1550 1282 2010 1340 reconciliationem
2039 1295 2125 1332 ac-

537 1392 782 1462 cepimus.
825 1387 1025 1443 Deinde
1071 1383 1343 1454 subjungit
1387 1400 1401 1437 :
1453 1380 1669 1450 Propter
1716 1377 1809 1430 hoc
1855 1375 1985 1428 sicut
2036 1388 2125 1440 per

534 1498 694 1538 unum
720 1481 971 1536 hominem
998 1488 1256 1547 peccatum
1285 1476 1337 1529 in
1362 1474 1495 1527 hunc
1531 1470 1776 1525 mundum
1809 1469 2012 1522 intravit
2031 1506 2047 1533 ,
2078 1475 2124 1519 et

544 1594 635 1650 per
661 1584 920 1644 peccatum
943 1588 1115 1637 mors;
1142 1580 1189 1625 et
1216 1570 1287 1624 ita
1323 1569 1377 1622 in
1406 1583 1576 1622 omnes
1608 1564 1830 1619 homines
1864 1570 2122 1633 pertrans-

537 1672 617 1739 iit,
658 1669 713 1723 in
757 1683 857 1736 quo
895 1681 1064 1720 omnes
1106 1669 1433 1734 peccaverunt
1467 1658 1484 1729 (
1513 1657 1663 1712 Rom.
1686 1671 1741 1721 v,
1770 1653 1900 1710 8-12
1922 1653 1963 1723 ).
1987 1651 2122 1720 Quid

537 1760 954 1830 tergiversantur
993 1751 1296 1825 Pelagiani?
1323 1750 1379 1807 Si
1420 1748 1667 1804 omnibus
1715 1744 2014 1801 necessaria
2043 1751 2125 1798 est

536 1848 899 1906 reconciliatio
929 1861 1025 1917 per
1047 1845 1336 1907 Christum,
1366 1856 1466 1913 per
1490 1854 1676 1894 omnes
1705 1837 1914 1893 transiit
1933 1850 2121 1906 pecca-

536 1950 672 2006 tum,
702 1956 809 2011 quo
853 1936 1053 1993 inimici
1098 1935 1312 2000 fuimus,
1346 1941 1403 1986 ut
1428 1945 1564 2001 opus
1594 1927 1929 1985 reconciliari
1962 1926 2123 1980 habe-

536 2048 740 2089 remus.
761 2030 888 2086 Hazc
906 2027 1271 2085 reconciliatio
1292 2024 1447 2080 estin
1474 2023 1686 2077 lavacro
1706 2017 2122 2090 regenerationis

535 2135 590 2179 et
631 2123 826 2178 Christi
870 2135 1032 2175 carne
1073 2128 1125 2174 et
1172 2116 1448 2186 sanguine,
1483 2115 1598 2169 sine
1635 2128 1741 2182 quo
1785 2126 1882 2165 nec
1916 2109 2120 2179 parvuli

533 2221 763 2287 possunt
794 2212 995 2267 habere
1022 2210 1183 2263 vitam
1214 2209 1268 2262 in
1297 2205 1621 2275 semetipsis.
1653 2203 1803 2259 Sicut
1839 2203 1981 2256 enim
2029 2199 2124 2254 fuit

532 2321 672 2363 unus
696 2305 764 2361 ad
793 2313 1019 2359 mortem
1053 2310 1268 2372 propter
1297 2311 1597 2371 peccatum,
1629 2297 1709 2351 sic
1733 2306 1816 2351 est
1844 2295 1862 2326 ⁸
1890 2309 2026 2349 unus
2053 2292 2121 2347 ad

535 2397 700 2453 vitam
745 2403 964 2467 propter
1006 2394 1286 2464 justitiam.
1318 2390 1455 2459 Quia
1492 2390 1622 2444 sicut
1659 2388 1712 2441 in
1747 2386 1911 2440 Adam
1953 2400 2123 2439 omnes

531 2493 838 2555 moriuntur,
864 2489 938 2543 ita
967 2498 1014 2543 ct
1038 2488 1089 2541 in
1109 2485 1308 2542 Christo
1337 2500 1507 2538 omnes
1527 2482 1910 2550 viviﬁcabuntur
1935 2478 1975 2550 (Ι
1999 2477 2116 2532 Cor.

530 2597 622 2650 xv,
649 2581 748 2652 22)
774 2597 789 2635 :
819 2589 875 2635 et
898 2580 1029 2634 sicut
1054 2594 1143 2648 per
1170 2576 1321 2631 unius
1350 2573 1587 2628 delictum
1612 2573 1664 2627 in
1694 2588 1865 2625 omnes
1892 2570 2121 2625 homines

531 2673 599 2728 ad
640 2671 1129 2734 condemnationem,
1156 2669 1229 2722 ita
1264 2677 1311 2722 et
1343 2683 1430 2737 per
1452 2665 1603 2719 unius
1623 2663 2040 2736 justiﬁcationem
2065 2662 2120 2714 in

532 2781 705 2820 omnes
751 2763 976 2817 homines
1021 2760 1089 2814 ad
1126 2758 1545 2830 justiﬂcationem
1582 2758 1696 2810 vita
1730 2753 1903 2825 (Rom.
1925 2749 2116 2825 v,18).

533 2856 665 2926 Quis
689 2856 946 2911 adversus
976 2853 1092 2908 haec
1118 2850 1410 2922 apostolica
1440 2848 1602 2902 verba
1635 2856 1777 2901 tanta
1805 2847 1996 2900 duritia
2027 2859 2121 2899 ne-

534 2951 707 3007 fanda:
748 2948 1037 3021 impietatis
1079 2945 1381 3010 obsurduit,
1424 2952 1483 2999 ut
1524 2942 1606 2997 his
1653 2942 1848 2998 auditis
1890 2951 2119 2997 mortem

534 3046 652 3102 sine
690 3053 911 3116 peccato
952 3042 1003 3096 in
1044 3054 1142 3095 nos
1179 3054 1278 3110 per
1303 3037 1471 3092 Adam
1520 3036 1776 3091 transisse
1810 3034 2117 3100 contendat,

541 3138 645 3193 nisi
683 3144 1077 3207 oppugnatores
1104 3133 1285 3202 gratia:
1317 3130 1433 3197 Dei,
1462 3129 1661 3184 inimici
1690 3130 1864 3183 crucis
1888 3127 2119 3183 Christi?

535 3232 773 3299 Quorum
807 3229 925 3284 finis
953 3227 1297 3284 estinteritus
1316 3223 1572 3294 (Philipp.
1600 3238 1678 3289 ιιι,
1710 3222 1775 3277 18
1788 3231 1834 3275 et
1854 3219 1965 3291 l9),
1990 3220 2033 3274 si
2066 3220 2118 3274 in

537 3320 641 3378 hac
669 3318 1029 3377 obstinatione
1056 3316 1385 3372 duraverint.
1416 3314 1613 3369 Verum
1645 3314 1758 3369 haec
1783 3313 1979 3367 dixisse
2003 3308 2119 3366 suf-

535 3417 697 3482 ficiat,
729 3423 949 3491 propter
982 3426 1167 3468 eorum
1215 3410 1360 3464 illam
1403 3407 1691 3462 versutiam
1731 3405 2114 3476 serpentinam,

532 3523 637 3581 qua
663 3507 851 3562 volunt
891 3514 1096 3560 mentes
1129 3516 1475 3572 corrumpere
1515 3500 1784 3569 simplices
1807 3501 1851 3566 ³,
1879 3510 1933 3555 et
1960 3514 2118 3554 aver—

534 3608 649 3658 tere
673 3614 705 3653 a
730 3596 1007 3655 catholicae
1032 3595 1155 3650 fidei
1182 3594 1445 3658 castitate,
1468 3592 1632 3647 veluti
1659 3591 1813 3646 laude
1840 3600 2115 3646 creatura.

606 3688 834 3747 CAPUT
875 3687 936 3742 V.
1002 3716 1074 3727 —
1123 3686 1177 3743 9.
1243 3684 1324 3739 De
1392 3683 1545 3738 laude
1588 3683 1900 3753 nuptiarum.
1952 3682 2119 3737 Porro

532 3792 710 3839 autem
735 3781 804 3836 de
831 3777 989 3835 laude
1018 3777 1320 3848 nuptiarum
1377 3775 1504 3845 quid
1552 3774 1631 3830 eis
1680 3774 1931 3843 prodest,
1979 3774 2118 3843 quod

532 3876 792 3931 adversus
837 3869 1156 3926 Manichaaos
1181 3910 1195 3934 ,
1246 3867 1335 3936 qui
1381 3866 1591 3935 nuptias
1642 3879 1748 3918 non
1776 3864 1885 3919 Deo
1914 3879 2040 3917 vero
2065 3872 2122 3919 et

535 3968 680 4025 bono
707 3966 998 4036 assignant,
1042 3961 1137 4018 sed
1169 3959 1391 4031 principi
1434 3957 1795 4021 tenebrarum,
1827 3957 1912 4011 isti
1942 3955 2120 4010 verbis

535 4078 679 4118 vera:
731 4057 941 4131 pietatis
989 4056 1256 4111 obsistunt
1306 4053 1564 4118 dicentes,
1623 4069 1642 4102 ι
1702 4051 1821 4120 quia
1867 4048 2121 4104 Dominus

535 4153 589 4211 in
620 4150 909 4223 Evangelio
958 4147 1209 4218 loquitur,
1268 4144 1366 4211 Qui
1416 4144 1534 4216 fecit
1581 4141 1643 4196 ab
1703 4142 1870 4208 initio,
1918 4156 2120 4194 mascu-

537 4246 643 4300 lum
693 4253 738 4297 et
786 4240 1028 4313 feminam
1069 4238 1186 4308 fecit
1230 4253 1313 4290 eos
1360 4234 1589 4307 (Matth.
1617 4250 1728 4300 nx,
1751 4234 1786 4288 4
1811 4230 1854 4305 ),
1886 4242 1933 4288 et
1976 4232 2118 4299 dicit,
2152 4294 2160 4303 ,

536 4332 773 4397 Crescite,
802 4338 847 4385 et
875 4326 1306 4399 multiplicamini,
1347 4334 1393 4378 et
1430 4324 1620 4393 replete
1663 4332 1846 4376 terram
1885 4320 2051 4395 (Gen.
2079 4338 2118 4388 ι,

534 4426 648 4497 28).
680 4423 831 4492 Quod
871 4439 988 4493 ergo
1026 4419 1163 4474 Deus
1207 4418 1498 4489 conjunxit,
1528 4417 1677 4470 homo
1722 4432 1823 4469 non
1869 4423 2064 4485 separet
2097 4434 2117 4467 ι

536 4518 553 4589 (
585 4517 769 4572 Matth.
797 4530 915 4580 xIx,
943 4513 977 4568 6
996 4511 1058 4583 )‘l
1094 4510 1233 4580 Quid
1271 4510 1349 4566 eis
1389 4509 1491 4563 hoc
1530 4507 1780 4579 prodest,
1813 4522 1908 4577 per
1935 4521 2122 4561 verum

535 4608 793 4662 seducere
817 4607 884 4659 ad
914 4603 1141 4659 falsum?
1172 4602 1284 4657 Hoc
1330 4601 1472 4656 enim
1517 4600 1720 4665 dicunt,
1764 4608 1824 4654 ut
1867 4599 1934 4652 ab
1977 4599 2122 4653 omni

537 4713 674 4752 noxa
713 4695 863 4752 liberi
894 4694 915 4727 ³
937 4695 1082 4750 nasci
1121 4693 1409 4749 credantur
1450 4691 1697 4755 infantes,
1721 4707 1785 4746 ac
1809 4692 1886 4745 sic
1909 4707 2018 4745 non
2043 4692 2124 4747 eis

538 4803 672 4859 opus
700 4788 771 4842 sit
800 4783 952 4842 Deo‘
972 4783 1304 4841 reconciliari
1337 4799 1431 4854 per
1456 4782 1745 4846 Christum,
1779 4796 1883 4836 non
1915 4782 2120 4838 haben-

539 4881 684 4936 tibus
712 4879 879 4934 ullum
906 4877 1165 4948 originale
1194 4886 1492 4946 peccatum,
1523 4886 1737 4946 propter
1762 4874 1901 4945 quod
1931 4889 2123 4930 recon-

539 4973 738 5028 ciliatio
757 4970 1059 5027 necessaria
1099 4977 1184 5023 est
1228 4968 1474 5023 omnibus
1520 4982 1615 5038 per
1657 4984 1844 5033 unum,
1880 4968 1967 5039 qui
2007 4969 2124 5023 sine

539 5072 761 5135 peccato
784 5062 932 5117 venit
959 5062 1011 5115 in
1044 5059 1299 5115 mundum
1324 5076 1340 5115 :
1364 5059 1499 5115 sicut
1523 5060 1761 5114 omnium
1787 5061 1809 5093 ⁸
1840 5059 1993 5115 facta:
2021 5061 2123 5115 ini-

540 5155 756 5212 micitiae
784 5163 907 5210 sunt
935 5168 1030 5225 per
1053 5168 1240 5219 unum,
1272 5167 1366 5223 per
1391 5167 1547 5224 quem
1587 5164 1860 5223 peccatum
1907 5153 2123 5210 intravit

603 5399 623 5433 ί
645 5398 855 5449 Vaticani
878 5404 1006 5459 κει,
1030 5395 1104 5448 sic
1120 5401 1186 5447 et.

602 5459 883 5534 {Quiin
933 5466 1041 5509 Mss.
1060 5497 1073 5521 ,
1131 5471 1229 5524 qua
1269 5464 1499 5534 conantur
1541 5460 2054 5534 deciperensimplilces.

605 5473 623 5494 -
651 5473 876 5534 nauticam
935 5473 1073 5521 uss,
1131 5473 1229 5524 qua
1269 5473 1499 5510 conantur
1541 5473 1651 5511 uec:
1738 5473 1764 5511 e
1795 5473 2054 5525 ssmpttces.

605 5522 628 5556 ³
649 5521 808 5596 Iidem.
846 5528 978 5596 Mss...
1009 5534 1098 5586 per
1132 5534 1299 5596 nexum.
1337 5521 1568 5596 seducere
1602 5473 1904 5587 αιῖεῖαιιαεεδ
1926 5526 2126 5588 decipu-

540 5583 820 5696 ωδιῶξιίαὺ
1007 5581 1105 5670 item
1124 5581 1320 5657 aliperi,
1342 5592 1438 5633 etc.
1472 5647 1482 5657 υ
1707 5581 1716 5587 ’
1850 5650 1860 5661 ν

605 5708 623 5720 .
644 5710 681 5720 _.
759 5644 1320 5720 :_ovuie€.'w°'w‘m
1348 5657 1585 5720 τρυιιεεον
1618 5655 1725 5720 ηερ·
1752 5654 2026 5720 minus.

604 5708 715 5779 fsto
905 5708 1024 5758 Editi
1055 5721 1189 5779 .vero
1230 5717 1333 5758 Am.
1355 5715 1409 5759 et
1450 5714 1545 5773 Er.,
1589 5708 1711 5760 sicut
1731 5709 1877 5761 enim.
1901 5712 2124 5775 Lov.,sic

540 5766 1166 5833 enim;omisso,otmiwn.

1135 344 1410 405 CONTRA
1446 339 1626 399 DUAS
1662 332 2036 395 EPISTOLAS
2073 327 2635 396 PELAGIANORUM,
2675 327 2735 385 S.
2776 325 3147 384 AUGUSTINI
3665 348 3753 410 δίο

2234 442 2291 496 in
2329 442 2603 497 mundum.
2643 440 2794 510 Quod
2837 441 3102 497 catholice
3140 438 3385 508 creditur.
3414 459 3505 516 pro
3534 454 3757 519 salvanda

2232 544 2420 589 natura
2446 534 2721 590 hominum
2747 534 2892 588 salva
2919 534 3074 589 laude
3095 535 3392 604 nuptiarum
3417 557 3429 593 :
3451 544 3562 610 quia
3582 554 3758 620 Ituptia.

2234 643 2350 682 rum
2379 628 2494 685 laus
2523 635 2605 683 est
2627 627 2768 698 justa
2800 628 3065 700 copulatio
3104 644 3345 697 sexuum,
3374 649 3473 688 non
3502 638 3659 708 iniqua
3683 645 3763 703 de.

2230 718 2403 774 fensio
2447 716 2713 773 vitiorum.
2754 720 2824 773 At
2857 734 2956 792 per
2993 719 3095 775 hoc
3131 735 3251 775 cum
3292 722 3371 777 isti
3412 724 3653 786 laudando
3683 753 3763 792 nu.

2230 811 2391 881 ptias,
2422 826 2451 865 a
2474 810 2780 866 Maniclueis
2812 812 3052 866 homines
3076 811 3142 866 ad
3170 827 3230 866 se
3258 812 3395 882 ipsos
3418 818 3587 875 volunt
3614 827 3765 883 lt'adu.

2228 916 2384 967 cere;
2415 912 2624 956 mutare
2652 902 2756 956 illis
2782 903 3026 957 morbum
3049 903 3288 972 cupiunt,
3320 922 3419 960 non
3450 922 3644 968 sanare.

2317 992 2404 1046 10.
2445 990 2522 1045 De
2546 992 2695 1046 laude
2714 994 2857 1063 legis.
2880 992 3085 1047 Rursus
3116 994 3168 1047 in
3207 994 3357 1050 laude
3401 997 3525 1068 legis
3559 1005 3669 1072 qttid
3700 1010 3767 1066 eis

2229 1083 2468 1153 prodest,
2489 1083 2627 1152 quod
2645 1093 2827 1138 contra
2846 1084 3167 1138 Manichwos
3184 1102 3363 1139 verum
3380 1088 3572 1158 dicunt,
3589 1100 3766 1164 quando

2230 1192 2293 1232 ex
2326 1176 2429 1232 hoc
2457 1177 2523 1231 ad
2548 1177 2675 1232 illud
2696 1178 2879 1233 volunt
2905 1177 3120 1243 ducere,
3145 1178 3284 1249 quod
3304 1178 3481 1235 falsum
3499 1198 3666 1243 contra
3692 1208 3743 1247 ca

2232 1269 2459 1326 tholicos
2487 1270 2962 1327 sentiuntiDicunt
2985 1276 3127 1326 enim
3157 1289 3171 1326 :
3205 1290 3225 1324 ‹
3254 1271 3444 1343 Legem
3474 1278 3619 1333 etiam
3648 1294 3769 1338 vete-

2230 1376 2342 1416 rem
2359 1362 2648 1417 secundum
2667 1364 3003 1433 Apostolum,
3011 1363 3207 1434 justam
3225 1372 3280 1418 et
3294 1375 3521 1420 sanctam
3539 1381 3589 1424 et
3607 1372 3771 1433 bonam

2228 1455 2457 1511 fatemur
2486 1453 2661 1529 (Rom.
2684 1473 2777 1520 vn,
2807 1457 2919 1527 12),
2960 1473 3078 1527 qua:
3110 1456 3523 1512 custodientibus
3562 1468 3770 1527 mandata

2228 1564 2347 1612 sua,
2369 1565 2432 1603 ac
2461 1564 2557 1619 per
2584 1548 2739 1604 fidem
2767 1549 2912 1619 juste
2937 1549 3259 1613 viventibus,
3288 1550 3420 1604 sicut
3451 1551 3704 1623 Prophetis
3728 1572 3771 1614 cl

2232 1638 2575 1707 Patriarcbis,
2600 1639 2953 1711 omnibusque
2975 1641 3174 1694 sanctis
3191 1642 3354 1694 vitam
3380 1644 3543 1712 potuit
3563 1649 3774 1705 conferre

2231 1741 2562 1804 perpetuam.
2593 1752 2613 1786 ›
2639 1733 2844 1800 Quibus
2864 1734 3042 1789 verbis
3060 1733 3407 1790 callidissime
3436 1739 3609 1804 positis
3630 1740 3773 1811 legem

2229 1834 2418 1881 contra
2439 1828 2661 1897 gratiam
2695 1828 2929 1882 laudant.
2954 1828 3138 1898 Neque
3156 1828 3303 1883 enim
3332 1828 3415 1883 lex
3444 1830 3546 1892 illa,
3572 1838 3777 1901 quamvis

2223 1916 2367 1987 justa
2396 1927 2452 1973 et
2477 1928 2662 1973 sancta
2691 1929 2745 1973 et
2774 1922 2934 1986 bona,
2963 1918 3211 1974 omnibus
3239 1918 3348 1973 illis
3378 1919 3660 1977 hominibus
3684 1926 3775 1992 Dei,

2228 2009 2322 2065 sed
2364 2010 2498 2066 fides
2539 2026 2657 2080 quae
2699 2011 2751 2065 in
2791 2011 3003 2066 Christo
3030 2022 3130 2077 est,
3162 2010 3328 2065 vitam
3373 2013 3538 2081 potuit
3568 2014 3779 2072 conferre

2228 2110 2559 2173 perpetuam.
2591 2103 2715 2158 Haec
2742 2103 2883 2158 enim
2913 2103 3169 2172 fidesper
3196 2101 3540 2157 dilectionem
3566 2116 3781 2176 operatur

2228 2192 2248 2263 (
2270 2191 2438 2247 Galat.
2465 2210 2515 2259 ν,
2540 2192 2636 2265 6),
2681 2209 2787 2248 non
2836 2194 3132 2249 secundum
3175 2192 3414 2248 litteram
3451 2209 3564 2265 qua:
3596 2198 3777 2267 occidit,

2227 2284 2322 2339 sed
2351 2285 2643 2340 secundum
2672 2286 2915 2355 Spiritum
2945 2287 3034 2355 qui
3065 2285 3309 2340 vivificat
3336 2285 3356 2356 (
3380 2286 3419 2339 Il
3446 2282 3559 2341 Cor.
3590 2302 3661 2353 ιιι,
3684 2290 3779 2360 6):

2224 2378 2293 2432 ad
2325 2394 2483 2449 quam
2508 2380 2599 2435 Dei
2626 2380 2850 2450 gratiam
2883 2379 2966 2434 lex
2998 2384 3064 2434 de
3096 2380 3540 2449 praevaricatione
3567 2383 3780 2437 terrendo

2226 2478 2481 2540 tanquam
2509 2472 2829 2541 paedagogus
2858 2470 3098 2540 perducit
3125 2472 3139 2534 (
3167 2469 3349 2525 Colat.
3378 2487 3455 2536 nt,
3478 2470 3600 2543 24),
3640 2481 3690 2527 ιιι
3718 2472 3779 2527 sic

2226 2563 2529 2619 conferatur
2571 2564 2797 2630 homini,
2838 2564 2979 2635 quod
3023 2563 3275 2621 conferre
3321 2565 3435 2634 ipsa
3478 2582 3579 2619 non
3616 2564 3773 2635 potuit.

2226 2654 2346 2710 Istis
2377 2671 2605 2725 namque
2632 2657 2807 2711 verbis
2845 2672 3032 2712 eorum
3051 2699 3067 2725 ,
3100 2658 3301 2727 quibus
3338 2656 3539 2722 dicunt,
3567 2676 3584 2709 ι
3613 2656 3775 2728 Legem

2228 2747 2509 2818 Pmpbetis
2532 2756 2585 2801 et
2612 2747 2934 2802 Patriarchis
2960 2749 3319 2819 omnibusque
3342 2749 3539 2804 sanctis
3568 2750 3776 2804 ntandata

2227 2840 2343 2910 ejus
2365 2839 2704 2894 servantibus
2720 2840 2881 2894 vitam
2899 2840 3138 2912 potuisse
3156 2838 3410 2896 conferre
3429 2852 3738 2909 perpetuam;
3757 2860 3771 2892 I

2224 2930 2520 3001 reSpondet
2547 2931 2857 3001 Apostolus,
2885 2930 2947 2986 Si
2976 2946 3065 3002 per
3090 2933 3255 3003 legem
3272 2932 3497 3004 justitia,
3523 2948 3632 3003 ergo
3654 2930 3776 2986 Chri-

2224 3033 2331 3078 stus
2358 3024 2515 3095 gratis
2542 3034 2771 3078 mortuus
2799 3034 2869 3079 est
2900 3022 3009 3096 (Id.
3041 3040 3101 3092 ιι,
3132 3024 3257 3095 21).
3291 3022 3355 3081 Si
3379 3042 3442 3080 ea:
3466 3027 3570 3096 lege
3592 3027 3773 3080 fueredi-

2225 3126 2323 3185 tas,
2342 3118 2457 3187 jam
2486 3133 2586 3171 non
2612 3133 2676 3172 ea:
2703 3117 3037 3189 promissione
3063 3116 3173 3190 (Id.
3202 3133 3287 3186 ιιι,
3320 3117 3432 3190 18).
3456 3119 3515 3173 Si
3540 3119 3590 3172 hi
3614 3119 3688 3189 qui
3709 3135 3778 3188 per

2225 3211 2403 3282 legent,
2434 3211 2655 3265 lueredes
2674 3220 2831 3275 sunt;
2851 3210 3108 3265 exinanita
3134 3219 3212 3265 est
3243 3211 3392 3281 ﬁdes,
3416 3223 3463 3265 et
3486 3223 3705 3266 evacuate
3720 3222 3777 3265 est

2225 3302 2491 3368 promissio
2514 3300 2689 3373 (Rom.
2712 3317 2785 3368 tv,
2811 3301 2923 3371 14).
2951 3301 3084 3370 Quia
3102 3312 3279 3356 autem
3300 3303 3354 3356 in
3379 3303 3487 3374 lege
3506 3320 3639 3356 nemo
3654 3303 3778 3374 justi-

2225 3395 2408 3465 ficatur
2433 3395 2574 3465 apud
2598 3393 2785 3461 Deum,
2812 3395 3138 3466 manifestum
3163 3403 3265 3460 est,
3297 3396 3419 3466 quia
3438 3384 3600 3464 justus
3623 3411 3682 3449 ea:
3700 3394 3779 3465 ﬁde

2223 3487 2362 3540 uiuit.
2398 3484 2509 3540 Lex
2545 3496 2713 3540 autem
2753 3502 2856 3541 non
2897 3497 2968 3541 est
3009 3502 3072 3540 ex
3105 3486 3253 3555 fide;
3277 3488 3386 3550 sed,
3418 3486 3516 3554 Qui
3540 3486 3693 3556 fecerit
3715 3501 3776 3550 ea,

2224 3581 2349 3633 vivet
2372 3579 2427 3633 in
2453 3578 2557 3634 illis
2574 3576 2769 3649 (Galat.
2793 3594 2871 3644 ιιι,
2894 3579 2953 3634 11
2976 3588 3021 3632 et
3046 3580 3155 3647 12).
3175 3578 3339 3648 Quod
3362 3594 3426 3634 ex
3447 3581 3560 3650 lege
3579 3578 3783 3633 testimo-

2224 3670 2371 3723 nium
2419 3678 2895 3724 commemoratum
2947 3670 3014 3723 ab
3059 3670 3326 3740 Apostolo
3373 3670 3627 3741 propter‘
3652 3670 3782 3721 vitam

2226 3760 2574 3831 temporalem
2603 3759 2934 3831 intelligitur,
2963 3768 3181 3831 propter
3210 3763 3371 3830 cujus
3408 3759 3700 3816 amittendae
3731 3758 3786 3812 ti-

2224 3852 2736 3909 morem'f'aciebant
2781 3854 3023 3909 homines
3062 3855 3197 3925 legis
3230 3870 3419 3926 opera,
3453 3870 3555 3909 non
3584 3869 3644 3909 ex
3672 3851 3783 3914 fide;

2223 3949 2348 4017 quia
2369 3948 2388 3978 ²
2415 3957 2838 4017 transgressores
2866 3947 2997 4018 legis
3023 3948 3215 4004 eadem
3250 3949 3372 4021 lege
3399 3966 3429 4003 a
3457 3948 3647 4022 populo
3661 3946 3790 4018 jube-

2226 4039 2422 4095 bantur
2444 4040 2636 4095 occidi.
2659 4040 2766 4095 Ant
2788 4041 2835 4096 si
2859 4042 3019 4096 altius
3040 4042 3456 4114 intelligendum
3477 4052 3577 4109 est,
3603 4049 3791 4112 propter

2224 4140 2386 4195 vitam
2418 4150 2670 4195 aeternam
2702 4142 2957 4211 scriptum
2989 4158 3128 4209 esse,
3154 4144 3262 4211 Qui
3299 4148 3477 4216 fecerit
3504 4164 3583 4214 ea,
3612 4147 3722 4200 siuet
3750 4145 3792 4197 in

2225 4230 2330 4285 illis
2374 4229 2558 4299 (Leuit.
2590 4247 2741 4299 xvnt,
2772 4230 2828 4304 5)
2859 4252 2871 4287 :
2902 4234 3024 4290 ideo
3070 4236 3148 4290 sic
3196 4253 3521 4308 expressum
3567 4248 3646 4294 est
3684 4236 3791 4306 legis

2227 4322 2534 4393 imperium,
2573 4332 2634 4378 ut
2672 4324 2956 4380 infirmitas
2983 4327 3218 4384 hominis
3249 4331 3304 4386 in
3336 4348 3398 4387 se
3427 4322 3540 4402 ipsa
3571 4331 3794 4387 deficiens

2226 4414 2291 4469 ad
2326 4414 2563 4471 facienda
2592 4431 2712 4487 qum
2739 4417 2825 4472 lex
2853 4419 3099 4489 imperat,
3130 4420 3201 4477 de
3228 4426 3405 4494 gratia
3431 4424 3528 4479 Dei
3559 4425 3716 4494 ponus
3739 4435 3791 4475 ex

2229 4505 2332 4561 fide
2375 4515 2643 4577 quaereret
2685 4509 3026 4578 adjutorium,
3057 4512 3211 4583 cujus
3250 4515 3622 4571 misericordia
3659 4513 3793 4569 etiam

2226 4595 2365 4651 fides
2411 4596 2524 4667 ipsa
2570 4596 2817 4653 donatur.
2863 4599 2939 4655 lta
2984 4603 3182 4672 quippe
3226 4603 3463 4661 habetur
3505 4606 3663 4672 fides,
3690 4606 3795 4658 sicin

2226 4688 2495 4759 unicuique
2519 4690 2657 4744 Deus
2686 4691 2901 4760 partitus
2929 4702 3001 4748 est
3029 4711 3326 4751 mensuram
3354 4698 3479 4766 fidei
3505 4697 3525 4768 (
3549 4697 3689 4753 Rom.
3717 4712 3795 4761 xu,

2227 4780 2262 4836 ὅ
2287 4780 2328 4852 ).
2357 4780 2415 4835 Si
2443 4782 2584 4836 enim
2614 4797 2719 4837 non
2743 4800 2774 4838 a
2799 4797 2859 4838 se
2888 4785 3020 4855 ipsis
3049 4788 3272 4852 habent,
3302 4790 3401 4846 sed
3429 4790 3688 4860 accipiunt
3712 4787 3795 4841 ho-

2226 4872 2399 4928 mines
2429 4872 2675 4941 spiritum
2711 4875 2921 4929 virtutis
2956 4885 3010 4932 et
3047 4877 3333 4935 charitatis
3368 4888 3426 4935 et
3448 4879 3795 4939 continentiae;

2227 4965 2368 5021 unde
2390 4964 2519 5021 dicit
2541 4966 2824 5038 idemipse
2852 4968 3041 5024 doctor
3064 4968 3344 5038 Gentium,
3372 4971 3496 5027 Non
3525 4973 3652 5027 enim
3676 4986 3797 5024 accc-

2214 5058 2393 5129 _pimus
2415 5056 2649 5127 spiritum
2678 5059 2890 5124 timoris,
2918 5061 3008 5114 sed
3030 5062 3231 5118 virtutis
3260 5073 3309 5117 et
3337 5064 3600 5120 charitatis
3627 5073 3671 5118 et
3693 5077 3797 5116 con-

2227 5148 2449 5203 tinentia:
2476 5148 2558 5219 (ll
2592 5147 2723 5204 Tim.
2750 5166 2788 5215 1,
2821 5151 2895 5222 7)
2920 5170 2933 5205 :
2960 5152 3198 5222 profecto
3227 5155 3496 5226 accipitur
3523 5157 3674 5211 etiam
3703 5152 3799 5221 spi-

2226 5242 2361 5298 ritus
2377 5241 2518 5307 fidei,
2542 5242 2610 5299 de
2631 5259 2733 5313 quo
2759 5244 2906 5310 dicit,
2934 5243 3186 5301 Habentes
3213 5258 3390 5302 autem
3415 5250 3643 5305 eumdem
3665 5244 3799 5315 spiri—

2227 5343 2332 5389 tum
2361 5335 2481 5404 fidei
2509 5336 2527 5406 (
2556 5335 2597 5390 ll
2628 5335 2747 5392 Cor.
2768 5354 2840 5405 IV,
2865 5339 2934 5393 15
2954 5337 2996 5410 ).
3026 5339 3224 5395 Verum
3250 5356 3386 5412 ergo
3409 5341 3542 5397 dicit
3570 5341 3649 5395 lex
3674 5356 3686 5391 :
3711 5335 3797 5401 Qui

2226 5427 2395 5500 fecerit
2417 5444 2497 5495 ea,
2526 5428 2650 5482 uiuet
2674 5428 2727 5483 in
2754 5429 2874 5484 illis.
2898 5429 3006 5485 Sed
3031 5439 3088 5486 ut
3114 5430 3276 5487 faciat
3299 5447 3365 5489 ea
3392 5442 3449 5488 et
3474 5433 3612 5488 vivat
3637 5430 3683 5485 in
3709 5427 3793 5492 eis,

2226 5534 2334 5575 non
2380 5521 2465 5576 lex
2509 5536 2627 5592 quae
2657 5520 2760 5578 hoc
2803 5522 3047 5594 imperat,
3081 5524 3177 5579 sed
3213 5523 3353 5580 fides
3387 5534 3472 5580 est
3498 5520 3794 5582 necessaria.

2290 5654 2309 5721 ξ
2330 5652 2553 5721 Galliam
2569 5662 2696 5717 Mss.,
2721 5661 2805 5707 aut
2827 5662 3038 5721 prqpter,

2231 5715 2464 5829 ἓξὲξ,
2510 5730 2619 5781 qua
2646 5713 2766 5768 :'et
2827 5713 2996 5781 "intra,
3031 5715 3235 5782 iubebat
3289 5718 3473 5770 occidi.
3498 5713 3793 5770 autem
