3984 6486
233 259 326 321 ert
1549 254 1746 311 LIBER
1784 256 2120 325 QUARTUS.

234 391 343 448 qum
368 374 467 428 hoc
491 372 762 442 impetrat.
789 369 916 438 Qua:
944 375 1119 424 tamen
1148 365 1301 434 ﬁdes,
1325 375 1383 422 ut
1412 364 1525 421 hare
1554 369 1795 438 accipere

231 473 513 530 mereatur,
540 451 656 533 ipsa
679 463 850 532 gratis
874 453 1047 516 datur.

295 577 385 632 11.
412 574 685 644 Nusquam
709 581 891 628 autem
916 571 1001 626 isti
1029 570 1224 625 inimici
1249 571 1433 641 gratia:
1467 570 1532 624 ad
1561 572 1802 625 eamdem

228 671 445 744 gratiam
496 665 870 723 vehementius
915 663 1317 733 oppugnandam
1348 663 1661 717 occultiores
1689 677 1802 717 mo-

231 763 423 816 liuntur
443 756 663 814 insidias
683 795 698 823 ,
726 770 884 826 quam
912 754 1000 809 ubi
1039 754 1206 822 legem
1252 751 1466 807 laudant
1487 794 1501 817 ,
1525 768 1641 822 qua:
1688 752 1804 808 sine

227 848 554 906 dubitatione
576 844 835 901 laudanda
859 853 958 900 est.
998 844 1193 912 Legem
1237 842 1429 912 quippe
1459 842 1681 898 diversis
1723 843 1804 897 lo-

229 942 500 996 cutionum
545 937 720 992 modis
744 945 800 991 et
849 936 1102 990 varietate
1157 933 1437 988 verborum
1479 933 1532 987 in
1561 934 1804 989 erunibus

229 1026 673 1102 disputationibus
695 1027 806 1083 suis
827 1027 1009 1080 volunt
1038 1025 1261 1096 intelligi
1288 1025 1510 1095 gratiam
1535 1064 1553 1092 ,
1595 1035 1651 1080 ut
1699 1027 1804 1079 sci-

228 1125 350 1181 licet
370 1137 402 1176 a
433 1121 659 1176 Domino
678 1111 790 1174 Deo
808 1117 1123 1188 adjutorium
1153 1117 1466 1188 cognitionis
1493 1116 1803 1184 habeamus,

230 1229 330 1286 quo
351 1228 414 1268 ea
442 1227 564 1284 quae
591 1208 825 1266 facienda
846 1217 969 1263 sunt
995 1207 1333 1272 noverimus;
1372 1221 1476 1262 non
1501 1207 1804 1276 inspiratio-

231 1319 348 1360 trern
376 1299 677 1357 dilectionis
701 1339 717 1364 ,
749 1307 808 1353 ut
844 1298 1053 1368 cognita
1083 1306 1266 1352 sancto
1303 1311 1484 1352 amore
1512 1296 1763 1351 faciamus
1785 1338 1802 1365 ,

231 1408 345 1466 quae
367 1392 586 1464 proprie
608 1391 625 1424 ¹
651 1390 822 1461 gratia
845 1399 948 1445 est.
977 1385 1110 1442 Nam
1140 1387 1359 1443 scientia
1388 1387 1518 1457 legis
1543 1388 1656 1442 sine
1675 1388 1805 1442 cha-

231 1487 382 1542 ritate
407 1483 593 1549 inﬂat,
617 1497 722 1536 non
751 1479 977 1535 mdiﬁcat
1004 1520 1019 1545 ,
1062 1477 1352 1533 secundum
1392 1477 1636 1533 eumdem
1674 1491 1805 1547 apo-

232 1575 420 1631 stolum
459 1570 795 1642 apertissime
817 1569 1077 1624 dicentem
1098 1608 1114 1634 ,
1143 1567 1365 1622 Scientia
1389 1568 1550 1637 inﬂat,
1588 1567 1806 1622 eharitas

231 1683 340 1721 vero
362 1665 589 1734 aediﬁcat
617 1661 659 1734 (Ι
687 1659 806 1716 Cor.
841 1676 967 1725 vm,
1021 1659 1096 1729 1).
1136 1659 1264 1727 Qum
1311 1658 1572 1713 sententia
1620 1658 1806 1712 similis

229 1765 308 1812 est
324 1755 373 1810 ei
388 1797 406 1822 ,
430 1769 537 1824 qua
558 1753 758 1807 dictum
776 1760 858 1806 est
876 1791 892 1817 ,
916 1749 1103 1803 Littera
1125 1748 1305 1802 occidit
1327 1780 1340 1813 ,
1372 1749 1577 1817 spiritus
1592 1747 1808 1816 viviﬁcat

232 1837 296 1919 (ll
320 1847 437 1900 Cor.
469 1860 556 1909 ιιι,
585 1842 662 1915 6).
686 1841 853 1909 Quale
877 1849 959 1895 est
992 1839 1133 1895 enim
1157 1879 1173 1905 ,
1213 1839 1436 1893 Scientia
1480 1839 1624 1908 inﬂat
1643 1853 1663 1902 ;
1701 1839 1806 1893 tale

229 1945 339 2000 est,
369 1935 564 1989 Littera
600 1934 782 1987 occidit
813 1949 832 1987 :
860 1940 912 1987 et
940 1932 1093 2000 quale
1130 1938 1241 1996 est,
1274 1930 1494 1984 Charitas
1540 1931 1759 1998 a'di/icat
1784 1947 1805 1996 ,-

229 2026 330 2081 Iale
351 2033 468 2088 est,
525 2023 750 2093 Spiritus
778 2023 1028 2090 vivi/ient;
1060 2019 1180 2089 quia
1211 2019 1442 2074 Charitas
1482 2019 1573 2074 Dei
1618 2019 1805 2074 diﬁ'usa

227 2127 307 2172 est
331 2116 383 2169 in
404 2113 657 2168 cordibus
678 2113 874 2166 nostris
894 2127 988 2181 per
1005 2110 1257 2179 Spiritum
1283 2117 1522 2163 sanctum
1547 2149 1561 2173 ,
1592 2110 1678 2179 qui
1709 2110 1806 2164 da-

228 2215 308 2262 tus
331 2213 415 2260 est
437 2205 592 2259 nobis
616 2191 792 2273 (Rom.
825 2218 855 2254 v
879 2243 894 2268 ,
936 2199 1012 2273 5).
1041 2200 1285 2272 Cognitio
1315 2201 1492 2272 itaque
1515 2202 1646 2272 legis
1684 2201 1806 2256 facit

225 2294 511 2367 superbum
540 2293 1004 2364 praevaricatorem
1037 2309 1051 2346 :
1080 2306 1176 2361 per
1197 2291 1392 2345 donum
1423 2299 1598 2346 autem
1626 2292 1802 2345 chari-

225 2384 346 2440 tatis
375 2383 607 2438 delectat
636 2381 772 2450 legis
814 2396 933 2436 esse
973 2381 1246 2435 factorem.
1290 2380 1405 2436 Non
1463 2395 1589 2451 ergo
1637 2381 1804 2450 legem

223 2488 536 2532 evacuamus
562 2487 658 2542 per
683 2471 840 2526 ﬁdem
866 2513 882 2538 ,
932 2471 1023 2526 sed
1052 2471 1224 2541 legem
1251 2472 1530 2526 statuimus
1559 2469 1669 2541 (Id.
1700 2488 1754 2526 ιιι
1785 2512 1800 2538 ,

223 2567 311 2640 51)
343 2585 358 2622 :
387 2581 507 2636 qua:
529 2563 786 2620 terrendo
825 2563 969 2617 ducit
995 2562 1060 2618 ad
1089 2553 1268 2618 ﬁdem.
1324 2562 1448 2618 ldeo
1491 2563 1685 2633 quippe
1721 2563 1803 2618 lex

221 2660 353 2716 iram
382 2665 633 2728 operatur
657 2655 767 2727 (Id.
799 2671 852 2709 iv
875 2697 888 2716 .
922 2657 1009 2726 l5)
1034 2695 1049 2720 ,
1078 2664 1136 2710 ut
1160 2656 1345 2710 territo
1361 2664 1520 2726 atque
1546 2671 1805 2710 converso

221 2750 558 2820 adjustitiam
604 2748 737 2818 legis
784 2747 1104 2817 implendam
1127 2789 1143 2815 ,
1174 2748 1268 2803 Dei
1295 2747 1659 2803 misericordia
1685 2763 1807 2819 gra-

224 2844 354 2898 tiam
384 2841 631 2912 largiatur
656 2844 677 2873 ¹
700 2882 715 2903 ,
748 2855 845 2910 per
871 2839 1048 2894 Jesum
1076 2838 1343 2893 Christum
1370 2838 1650 2892 Dominum
1705 2853 1804 2893 no-

230 2941 410 2988 strum
438 2948 456 2985 ξ
481 2932 568 3001 qui
587 2941 664 2987 est
691 2931 788 2984 Dei
809 2929 1064 2998 sapientia
1103 2927 1149 2997 (l
1176 2927 1292 2982 Cor.
1338 2944 1386 2994 ι,
1432 2927 1522 3000 50)
1543 2970 1558 2996 ,
1585 2929 1651 2984 de
1701 2944 1805 2998 qua

237 3025 490 3090 scriptum
507 3030 608 3087 est,
637 3020 817 3091 Legem
843 3027 889 3073 et
917 3018 1310 3073 misericordiam
1343 3019 1394 3072 in
1438 3019 1610 3090 lingua
1640 3027 1806 3088 portat

231 3104 414 3185 (Prov.
442 3129 531 3180 tn,
558 3130 654 3167 sec.
683 3111 860 3184 LXX)
890 3129 902 3164 :
943 3112 1108 3181 legem
1129 3149 1144 3176 ,
1171 3127 1274 3182 qua
1319 3118 1543 3175 terreat;
1591 3112 1804 3166 miseri-

222 3203 460 3259 cordiam
478 3243 496 3271 ,
526 3219 627 3274 qua
648 3204 930 3261 subveniat
959 3219 972 3254 :
1002 3203 1170 3273 legem
1193 3217 1290 3272 per
1314 3217 1526 3257 servum
1550 3243 1565 3267 ,
1598 3203 1779 3258 miseri

226 3295 455 3350 cordiam
502 3311 601 3366 per
639 3311 698 3350 se
732 3288 904 3365 ipsum
937 3313 951 3347 ε
984 3295 1152 3365 legem
1191 3303 1440 3365 tanquam
1487 3296 1537 3350 in
1567 3295 1755 3350 baculo
1785 3335 1803 3364 ,

224 3401 376 3456 quem
407 3387 554 3441 misit
582 3386 806 3442 Elismus
826 3386 892 3440 ad
925 3386 1088 3440 ﬁlium
1119 3385 1290 3441 viduae
1328 3387 1724 3455 suscitandum,
1753 3395 1809 3444 et

225 3491 325 3530 non
347 3478 681 3543 resurrexit;
713 3476 775 3532 Si
801 3469 931 3530 enim
955 3477 1073 3530 data
1100 3486 1223 3530 esset
1252 3477 1364 3544 lex,
1403 3495 1517 3548 qua:
1545 3489 1707 3548 posset
1729 3480 1806 3532 vi-

225 3567 422 3635 siﬁcare
440 3608 456 3633 ,
484 3567 694 3620 omnino
722 3583 784 3622 ea:
813 3565 920 3636 lege
942 3575 1064 3620 esset
1082 3567 1286 3636 justitia
1321 3565 1512 3638 (Galat.
1547 3584 1634 3633 ιιι,
1673 3569 1763 3638 21)
1787 3584 1803 3635 ;

225 3657 646 3712 misericordiam
666 3673 796 3712 vero
826 3666 1069 3726 tanquam
1115 3657 1168 3710 in
1199 3656 1313 3725 ipso
1339 3657 1570 3725 Elismo,
1613 3661 1700 3728 qui
1747 3659 1808 3712 ﬁ-

225 3761 400 3818 guram
429 3747 630 3802 Christi
659 3762 852 3818 gerens
873 3787 889 3813 ,
918 3755 1127 3801 mortuo
1163 3746 1476 3802 viviﬁcando
1516 3749 1692 3817 magni
1721 3763 1807 3802 sa-

228 3839 479 3893 cramenti
512 3839 660 3892 velut
704 3837 837 3892 Novi
875 3837 1198 3892 Testamenti
1253 3837 1634 3908 signiﬁcatione
1677 3854 1806 3895 con-

226 3927 428 3999 junctus
449 3937 536 3984 est
558 3929 645 3998 (IV
677 3929 806 3999 Reg.
835 3944 890 3984 tv
912 3970 926 3994 ,
959 3929 1176 4000 29-35).
1255 3971 1258 3974 .

295 4019 518 4076 CAPUT
545 4020 636 4074 Vl.
675 4049 749 4060 -—
773 4019 859 4073 12.
893 4019 968 4073 De
988 4019 1137 4073 laude
1166 4020 1306 4074 liberi
1350 4020 1564 4076 arbitrii.
1594 4021 1807 4077 Inseru-

232 4110 389 4164 tabilis
412 4111 640 4181 quaestio.
669 4109 799 4166 Item
824 4109 962 4179 quod
986 4110 1240 4166 adversus
1259 4111 1578 4167 Manicbmos
1595 4113 1809 4169 laudant

234 4201 450 4256 liberum
480 4201 759 4255 arbitrium
788 4241 802 4265 ,
826 4200 1140 4255 adhibentes
1177 4201 1539 4271 prepheticum
1570 4206 1807 4260 testimo-

234 4293 404 4357 nium,
437 4292 498 4348 Si
525 4293 781 4346 volueritis
823 4301 870 4346 et
916 4292 1177 4346 audieritis
1220 4309 1299 4347 me
1320 4334 1336 4361 ,
1392 4309 1504 4362 qua:
1528 4295 1658 4349 bona
1694 4305 1809 4350 sunt

235 4393 369 4437 teme
394 4384 549 4437 edetis
576 4401 596 4450 ;
621 4384 666 4436 si
685 4391 854 4436 autent
874 4385 1134 4438 nolueritis
1180 4393 1226 4437 et
1253 4401 1352 4438 non
1391 4388 1648 4441 audieritis
1691 4404 1768 4441 me
1790 4429 1806 4455 ,

233 4475 424 4543 gladius
452 4491 539 4528 vos
567 4485 822 4528 consumet
849 4472 996 4545 (lsai.
1029 4490 1068 4542 ι,
1101 4475 1166 4530 19
1197 4485 1242 4529 et
1266 4475 1357 4546 20)
1395 4495 1406 4530 :
1439 4477 1564 4546 quid
1606 4479 1682 4533 eis
1711 4479 1810 4535 hoc

235 4565 480 4634 prodest?
509 4564 940 4635 quandoquidem
993 4579 1098 4618 non
1136 4575 1240 4618 tam
1267 4576 1448 4620 contra
1495 4568 1810 4625 Manichmos

236 4657 550 4723 defendunt,
577 4673 735 4726 quam
768 4666 949 4712 contra
979 4657 1273 4712 Catholicos
1301 4659 1556 4714 extollunt
1586 4659 1810 4714 liberum

236 4750 524 4804 arbitrium.
557 4749 646 4804 Sic
675 4750 818 4805 enim
846 4750 1029 4804 volunt
1057 4750 1274 4820 intelligi
1299 4751 1438 4821 quod
1467 4751 1663 4808 dictum
1685 4762 1766 4807 est
1792 4795 1807 4820 ,

239 4837 294 4890 Si
322 4839 570 4892 volueritis
596 4849 642 4892 et
669 4839 928 4892 audieritis
954 4855 1032 4894 me
1048 4856 1068 4904 ;
1100 4848 1343 4908 tauquam
1372 4841 1424 4894 in
1469 4841 1579 4911 ipsa
1609 4858 1810 4911 procee-

231 4927 388 4985 dente
409 4930 680 4984 voluntate
705 4929 775 4983 sit
802 4931 1173 5000 conscquentis
1201 4932 1445 4986 meritum
1484 4935 1696 5003 gratim;
1750 4950 1812 4989 ac

235 5021 310 5076 sic
332 5021 496 5091 gratia
518 5021 630 5090 jam
680 5036 784 5074 non
823 5020 890 5075 sit
913 5022 1077 5089 gratia
1098 5058 1113 5087 ,
1143 5036 1259 5090 qua:
1283 5036 1386 5076 non
1418 5031 1500 5077 est
1539 5025 1763 5093 gratuita
1793 5060 1808 5091 ,

235 5125 350 5166 cum
381 5111 619 5165 redditur
642 5110 839 5166 debita.
885 5110 941 5166 Si
966 5121 1140 5166 autem
1171 5112 1248 5167 sic
1276 5111 1628 5183 intelligerent
1669 5115 1810 5185 quod

236 5200 428 5255 dictum
453 5210 568 5263 est.
612 5200 674 5254 Si
719 5199 970 5254 volueritis
989 5243 1002 5264 ,
1031 5210 1086 5254 ut
1116 5201 1275 5256 etiam
1306 5202 1474 5272 ipsam
1500 5205 1690 5260 bonam
1721 5222 1813 5261 vo-

239 5289 486 5345 luntatem
513 5290 661 5344 illum
693 5305 989 5359 praeparare
1005 5293 1402 5362 conliterentur,
1425 5293 1491 5350 de
1532 5311 1636 5366 quo
1678 5297 1812 5352 scri-

305 5512 322 5584 ξ
359 5517 430 5560 Er.
469 5521 523 5558 et
559 5518 704 5584 ων..
743 5513 966 5584 ρι’ρρνὶιιἒ
995 5522 1194 5584 ᾼιηηθι
1218 5525 1366 5584 _Mss._,
1414 5521 1622 5584 proprie.

305 5574 323 5603 '
362 5578 426 5621 tta
468 5582 574 5623 uss.
638 5583 692 5623 Αι
737 5574 888 5635 editi,
934 5574 1023 5625 Dei
1066 5574 1446 5632 misericordium
1496 5574 1654 5648 gratia
1708 5583 1808 5635 lar-

323 5639 413 5682 tur.

323 5639 413 5682 tur.

245 5634 322 5695 φα
599 5715 676 5774 ΞΑ
693 5734 830 5775 scr.
880 5721 1155 5780 Ausus-r.
1189 5720 1268 5782 Χ.

3370 279 3474 336 618

1909 381 2052 438 ptum
2072 381 2149 426 est
2174 413 2186 435 ,
2226 371 2552 444 I’rwparatur
2576 371 2804 439 voluntas
2839 398 2871 437 a
2913 378 3126 439 Domino
3154 385 3330 458 (Prov.
3365 408 3479 458 vin,

1909 475 2007 514 sec.
2041 453 2207 533 LXX)
2238 480 2250 516 :
2284 475 2527 536 tauquam
2550 463 2797 528 catholici
2825 453 3220 540 uterenturhoe
3247 453 3483 535 testimo;

1907 545 2026 617 nio,
2056 561 2109 606 et
2148 570 2252 608 non
2305 558 2471 611 solum
2523 559 2763 617 harresitn
2799 574 3031 622 veterem
3075 569 3484 626 Manichaeorum

1908 645 2178 700 vinem-ent
2201 688 2214 711 ,
2247 648 2338 702 sed
2367 664 2554 705 novam
2579 649 2974 724 Pelagianorum
2997 675 3100 715 non
3121 663 3413 719 conderent
3444 667 3483 716 ⁸.

1982 735 2066 792 15.
2095 732 2228 802 Quid
2256 738 2332 792 eis
2377 736 2621 809 prodest,
2649 745 2788 813 quod
2835 747 2888 802 in
2935 744 3090 806 laude
3145 753 3307 822 ipsius
3333 756 3485 811 liberi

1908 826 2145 894 arbitrii,
2175 846 2194 879 ι
2227 821 2447 899 gratiam
2478 833 2657 889 dicunt
2685 837 2936 905 adjuvare
2962 844 3373 918 uniuscujusque
3392 847 3490 902 bo-

1909 934 2032 972 num
2061 923 2425 989 propositum?
2457 942 2475 976 ι
2507 922 2618 980 Hoc
2642 928 2756 982 sine
2779 933 3027 1000 scrupulo
3047 937 3373 1006 acciperetur
3401 954 3491 995 ca-

1909 1007 2105 1064 tholice
2132 1009 2367 1081 dictum,
2420 1014 2462 1067 si
2509 1031 2611 1068 non
2662 1017 2714 1072 in
2740 1017 2880 1074 bono
2927 1026 3196 1092 proposito
3238 1030 3486 1086 meritum

1909 1111 2196 1169 ponerent,
2219 1105 2307 1158 cui
2334 1106 2522 1160 merito
2543 1107 2650 1176 jam
2681 1125 2883 1166 merces
2907 1116 3199 1172 secundum
3220 1119 3454 1177 debitum
3470 1162 3487 1190 ,

1909 1205 2013 1243 non
2065 1192 2353 1247 secundum
2383 1195 2602 1264 gratiam
2641 1197 2983 1268 redderetur;
3015 1198 3106 1260 sed
3139 1208 3490 1281 intelligerent

1908 1273 2354 1338 etconﬁterentur
2373 1287 2528 1340 etiam
2557 1289 2726 1358 ipsum
2756 1291 2950 1348 bonum
2973 1273 3332 1368 prepositum:
3349 1304 3490 1371 quod

1908 1385 2240 1441 consequens
2265 1373 2479 1444 adjuvat
2509 1379 2703 1447 gratia,
2733 1397 2838 1437 non
2883 1398 3000 1440 esse
3032 1387 3267 1456 potuisse
3314 1392 3364 1445 in
3397 1392 3492 1446 ho-

1909 1461 2086 1527 mine,
2117 1461 2162 1516 si
2189 1475 2291 1517 non
2328 1467 2651 1535 prmcederet
2696 1473 2884 1541 gratia.
2915 1475 3190 1542 Quomodo
3241 1481 3382 1536 enim
3409 1491 3492 1538 cst

1909 1544 2138 1609 hominis
2167 1554 2362 1610 bonum
2388 1561 2716 1628 propositum
2741 1565 2858 1621 sine
2899 1568 3184 1626 miserante
3209 1573 3356 1642 prius
3385 1575 3490 1630 Do-

1908 1640 2086 1708 mino;
2115 1658 2232 1698 cum
2260 1646 2372 1716 ipsa
2392 1648 2460 1703 sit
2489 1649 2622 1705 bona
2647 1653 2886 1710 voluntas
2904 1698 2920 1723 ,
2961 1673 3079 1728 quae
3114 1640 3437 1730 praiparatur
3459 1682 3488 1720 a

1909 1733 2171 1789 Domino?
2198 1730 2346 1804 Quod
2369 1748 2546 1794 autem
2572 1757 2692 1797 cum
2723 1736 3014 1816 dixissent,
3049 1769 3069 1803 ί
3106 1754 3328 1822 gratiam
3360 1771 3493 1825 quo-

1907 1837 2009 1891 que
2055 1824 2306 1891 adjuvare
2349 1830 2754 1904 uniuscujusque
2803 1841 3126 1908 propositum
3176 1824 3407 1915 bonum,
3465 1867 3485 1901 ι

1908 1925 2029 1965 mox
2060 1913 2402 1986 addiderunt,
2439 1937 2458 1971 ι
2495 1935 2600 1974 non
2633 1933 2806 1980 tamen
2829 1929 3105 1986 reluctanti
3131 1936 3362 1992 studium
3391 1913 3491 1994 vir-

1913 2003 2042 2062 tutis
2072 2004 2394 2064 immittere:
2441 2028 2463 2063 s
2492 2023 2672 2083 posset
2722 2015 2856 2072 bene
2904 2019 3158 2094 intelligi,
3198 2027 3242 2081 si
3291 2044 3395 2083 non
3423 2031 3492 2086 ab

1907 2091 2022 2146 istis
2042 2136 2056 2160 ,
2085 2103 2306 2164 quorum
2337 2112 2522 2156 sensus
2552 2112 2707 2160 notus
2727 2115 2840 2175 est,
2867 2091 3151 2166 diceretur.
3191 2116 3491 2175 Reluctanti

1906 2184 2048 2238 enim
2081 2179 2223 2255 prius
2253 2189 2462 2246 auditus
2492 2194 2512 2225 ³
2534 2193 2726 2250 divina:
2746 2200 3036 2257 vocationis
3063 2204 3174 2274 ipsa
3203 2207 3295 2262 Dei
3324 2212 3490 2278 gratia

1907 2285 2220 2342 procuratur
2237 2317 2253 2344 ,
2275 2293 2337 2334 ac
2362 2279 2554 2336 deinde
2582 2284 2634 2337 in
2661 2285 2751 2340 illo
2769 2287 2876 2356 jam
2902 2305 3006 2345 non
3053 2294 3345 2353 reluctante
3373 2309 3490 2356 stu-

1908 2355 2053 2420 dium
2101 2367 2308 2424 virtutis
2357 2361 2681 2430 accenditur.
2722 2377 3098 2440 Verumtamen
3143 2388 3196 2442 in
3245 2393 3491 2451 omnibus

1907 2471 2026 2526 qua:
2052 2458 2276 2529 quisque
2295 2463 2403 2532 agit
2441 2467 2729 2524 secundum
2762 2470 2925 2526 Deum
2943 2513 2960 2540 ,
2992 2477 3354 2537 misericordia
3375 2485 3492 2554 ejus

1910 2549 2162 2616 prmveuit
2192 2565 2310 2604 eum
2334 2553 2503 2621 (Psal.
2535 2572 2693 2623 LVIII,
2721 2560 2832 2630 11).
2853 2561 3003 2629 Quod
3028 2567 3110 2622 isti
3139 2571 3343 2640 nolunt,
3367 2549 3491 2645 quia

1908 2651 2014 2690 non
2037 2653 2155 2693 esse
2176 2640 2463 2710 Catholici,
2495 2647 2588 2700 sed
2604 2647 2872 2720 Pelagiani
2891 2655 3088 2711 vohmt.
3107 2659 3324 2718 Multum
3346 2640 3490 2723 enim

1908 2725 2136 2784 delectat
2161 2730 2484 2800 impietatem
2511 2737 2828 2806 superbam,
2861 2753 2918 2798 ut
2943 2745 3102 2801 etiam
3151 2751 3202 2804 id
3226 2754 3364 2821 quod
3395 2771 3491 2811 co-

1907 2818 2045 2889 gitur
2071 2821 2311 2877 conﬁteri
2363 2839 2391 2876 a
2442 2825 2664 2882 Domino
2714 2831 2928 2901 datum,
2961 2851 3066 2892 non
3111 2840 3209 2895 sibi
3237 2818 3489 2903 donatum

1906 2905 2147 2968 videatur
2166 2929 2283 2970 esse
2306 2957 2321 2982 ,
2352 2917 2446 2971 sed
2499 2919 2764 2976 redditum
2795 2941 2808 2976 :
2837 2934 2895 2980 ut
2947 2928 3149 2984 scilicet
3188 2932 3280 2988 ﬁlii
3309 2938 3489 3004 perdi-

1911 3004 2068 3060 tionis
2088 3045 2102 3071 ,
2123 3022 2226 3085 non
2249 3007 2614 3078 promissionis
2633 3054 2647 3077 ,
2673 3014 2772 3084 ipsi
2801 3017 3086 3076 credantur
3105 3039 3164 3080 se
3217 3025 3387 3082 bonos
3412 3027 3490 3085 fe-

1907 3095 2077 3160 cisse,
2106 3105 2159 3150 et
2175 3083 2315 3152 Deus
2334 3097 2445 3168 jam
2470 3100 2623 3156 bonis
2651 3083 2763 3160 ase
2805 3106 2934 3178 ipsis
2975 3112 3207 3182 elTectis,
3249 3132 3348 3187 pro
3390 3121 3494 3176 isto

1908 3201 2090 3242 eorum
2122 3204 2280 3258 opere
2307 3190 2539 3246 debitum
2565 3198 2838 3264 praemium
2866 3203 3180 3264 reddidisse.

1981 3279 2067 3333 M.
2103 3277 2178 3333 lta
2208 3295 2434 3352 namque
2450 3284 2556 3341 illis
2575 3295 2745 3342 tumor
2768 3291 2881 3360 ipse
2905 3309 3062 3350 aures
3083 3299 3260 3355 cordis
3277 3303 3492 3360 obstru-

1908 3369 2024 3437 xit,
2053 3378 2234 3425 utnon
2257 3373 2503 3441 audiant,
2536 3376 2670 3444 Quid
2694 3381 2823 3433 enim
2851 3382 3002 3440 habes
3031 3389 3167 3458 quod
3218 3408 3318 3446 non
3345 3412 3494 3450 acccc

1911 3460 2028 3528 pisti
2051 3459 2091 3530 (l
2119 3460 2234 3515 Cor.
2263 3478 2313 3517 tv
2337 3503 2352 3530 ,
2382 3464 2477 3534 7)?
2506 3481 2609 3520 non
2633 3469 3010 3540 audiant,Sine
3029 3494 3108 3532 me
3126 3481 3254 3535 nihil
3287 3488 3492 3552 potestis

1911 3550 2076 3618 facere
2104 3547 2280 3618 (Joan.
2306 3567 2374 3605 xv
2398 3593 2412 3617 ,
2443 3553 2497 3624 5)
2527 3572 2542 3608 :
2571 3571 2675 3611 non
2717 3560 2966 3629 audiant,
3011 3565 3242 3624 Charitas
3287 3547 3350 3627 ea;
3387 3575 3494 3631 Deo

1910 3643 1982 3692 est
2023 3639 2063 3708 (l
2089 3638 2244 3693 Joan.
2279 3656 2330 3695 tv
2353 3682 2368 3708 ,
2403 3641 2454 3712 7)
2482 3661 2494 3696 :
2525 3660 2628 3700 non
2665 3649 2914 3719 audiant,
2973 3654 3112 3710 Deus
3157 3663 3371 3728 partitus
3420 3676 3494 3720 est

1913 3742 2202 3783 mensuram
2230 3731 2351 3800 ﬁdei
2381 3733 2554 3803 (Rom.
2585 3752 2656 3790 xu
2679 3779 2692 3801 ,
2717 3740 2773 3809 3)
2798 3759 2811 3794 :
2837 3758 2940 3795 non
2971 3746 3218 3816 audiant,
3269 3752 3494 3822 Spiritus

1909 3819 1994 3872 ubi
2018 3821 2120 3873 vult
2141 3822 2299 3891 spirat
2326 3822 2499 3895 (Joan.
2524 3842 2611 3893 ιιι,
2637 3828 2692 3901 8)
2725 3847 2740 3895 ;
2767 3841 2821 3885 et
2840 3875 2854 3897 ,
2887 3833 2984 3898 Qui
3010 3839 3190 3907 spiritu
3217 3819 3322 3897 Dei
3335 3862 3495 3916 agun-

1911 3919 2024 3974 tur,
2057 3911 2110 3963 Ιιὶ
2136 3913 2230 3980 ﬁlii
2255 3923 2370 3966 sunt
2395 3913 2493 3970 Dei
2518 3917 2690 3986 (Rom.
2732 3937 2824 3975 vut
2846 3964 2860 3988 ,
2906 3925 2994 3998 M)
3028 3945 3040 3981 :
3077 3945 3182 3985 non
3230 3911 3446 3990 audiant
3475 3979 3490 4004 ,

1913 3999 2077 4054 Nemo
2103 4010 2258 4072 potest
2278 4005 2442 4060 venire
2460 4007 2527 4060 ad
2554 4025 2632 4062 me
2654 4051 2668 4075 ,
2698 4013 2792 4066 nisi
2814 4015 2964 4082 fuerit
2990 4023 3035 4072 ei
3071 4021 3245 4078 datunt
3273 4043 3304 4079 a
3338 3999 3496 4084 Patre

1911 4106 2019 4143 meo
2040 4089 2216 4159 (Joan.
2252 4108 2303 4146 vt
2323 4135 2336 4158 ,
2368 4095 2456 4164 66)
2488 4108 2502 4150 :
2536 4113 2642 4152 non
2668 4102 3036 4174 audiautquod
3068 4111 3264 4168 Esdras
3287 4118 3489 4181 scribit,

1911 4179 2208 4236 Benedictus
2229 4193 2299 4237 est
2326 4183 2570 4242 Dominus
2591 4200 2788 4258 patrum
2809 4207 3111 4266 nostrorum,
3137 4205 3222 4273 qui
3245 4207 3340 4260 hoc
3360 4179 3495 4263 dedit

1911 4271 1963 4324 in
1983 4287 2070 4325 cor
2084 4273 2213 4341 regis
2236 4316 2250 4339 ,
2274 4274 2554 4344 clari/icore
2580 4280 2781 4336 domum
2807 4302 2951 4341 suam
2974 4330 2988 4355 ,
3019 4307 3131 4362 quae
3148 4271 3225 4349 est
3259 4297 3310 4351 in
3333 4298 3492 4354 Jeru-

1912 4361 2066 4414 salem
2090 4361 2178 4433 (lll
2209 4361 2363 4418 Esdr.
2393 4382 2481 4421 vnt
2503 4409 2516 4434 ,
2560 4368 2652 4440 28)
2687 4391 2698 4424 :
2729 4390 2832 4428 non
2861 4361 3074 4436 audiant
3113 4387 3251 4453 quod
3282 4403 3376 4456 per
3400 4391 3494 4445 Je-

1913 4453 2132 4506 t'emiam
2161 4453 2290 4508 dicit
2314 4455 2566 4514 Dominus
2587 4501 2600 4524 ,
2634 4462 2699 4515 Et
2726 4465 2949 4521 timorem
2969 4487 3132 4526 meum
3169 4453 3298 4531 dabo
3332 4480 3384 4533 in
3408 4497 3496 4534 cor

1912 4559 2086 4596 eorum
2109 4584 2122 4610 ,
2147 4555 2251 4598 uta
2281 4563 2356 4599 me
2385 4564 2484 4602 non
2505 4552 2770 4620 recedant,
2799 4569 2842 4609 et
2864 4559 3069 4615 visitabo
3098 4581 3182 4619 eos
3205 4609 3220 4634 ,
3266 4578 3318 4622 ut
3340 4572 3494 4626 bonos

1915 4649 1996 4687 eos
2023 4634 2206 4704 faciant
2232 4629 2441 4705 (Jerem.
2468 4655 2607 4694 xxxii
2630 4682 2644 4708 ,
2674 4644 2741 4698 40
2761 4658 2807 4698 et
2833 4648 2920 4719 11)
2957 4668 2972 4704 :
3004 4629 3337 4728 maximeque
3363 4663 3493 4720 illud

1915 4737 2009 4808 per
2029 4724 2356 4812 Ezechielem
2388 4729 2695 4797 prephctam
2719 4777 2732 4799 ,
2763 4737 2847 4791 ubi
2871 4755 3086 4808 prorsus
3112 4724 3495 4812 Deus-ostendit

1915 4806 2076 4870 nullis
2106 4831 2164 4870 se
2207 4809 2476 4873 hominum
2509 4820 2659 4878 bonis
2700 4830 2901 4886 meritis
2950 4841 3256 4907 provocari,
3298 4855 3355 4899 ut
3401 4863 3494 4912 ens

1916 4906 2287 4976 bonoslaciat,
2315 4910 2367 4964 id
2407 4920 2489 4967 est
2511 4955 2523 4977 ,
2548 4915 2858 4976 ohedientes
2911 4928 3171 4986 mandatis
3201 4936 3346 5001 suis;
3399 4906 3493 4995 sed

1916 4999 2090 5068 potius
2114 4998 2228 5054 haec
2251 4999 2329 5055 eis
2356 5016 2414 5057 se
2442 5006 2734 5064 retribuere
2757 5011 2890 5066 bona
2929 5032 3023 5083 pro
3053 5021 3203 5075 malis
3221 5065 3235 5086 ,
3280 5041 3494 5096 prnpu-r

1916 5105 1975 5144 se
2003 5091 2172 5158 ipsmn
2204 5089 2305 5145 hoc
2333 5091 2602 5161 faciendo,
2654 5114 2758 5153 non
2790 5115 3004 5172 propter
3026 5108 3162 5164 illos.
3188 5089 3439 5170 Ait-enim
3475 5137 3491 5173 :

1917 5179 2043 5233 Haec
2069 5181 2186 5232 dicit
2215 5179 2457 5237 Dominus
2486 5184 2622 5239 Deus
2646 5231 2659 5252 ,
2689 5190 2797 5261 Ego
2823 5193 2956 5262 facio
2978 5237 2993 5262 ,
3021 5215 3120 5253 non
3145 5215 3350 5272 propter
3376 5222 3490 5275 vos,

1917 5269 2094 5326 domus
2117 5264 2283 5328 Israel
2308 5274 2328 5306 ⁸
2346 5316 2362 5343 ,
2383 5277 2471 5330 sed
2497 5289 2698 5348 prapter
2716 5299 2892 5338 nomen
2914 5303 3076 5341 meum
3094 5305 3342 5362 sanctum,
3361 5300 3495 5367 quod

1983 5405 1998 5436 ⁸
2023 5412 2084 5490 ιιι.
2100 5406 2242 5478 editis
2259 5410 2434 5490 omissa
2457 5419 2530 5490 est
2555 5414 2783 5474 particula
2803 5429 3004 5480 negans,
3032 5427 3083 5471 et
3102 5431 3356 5490 mutatum,
3383 5442 3492 5482 cou-

1919 5466 2103 5525 derent,
2135 5469 2204 5528 in,
2239 5478 2546 5522 contereretu.

1980 5530 2000 5559 ⁸
2019 5528 2156 5607 editi,
2180 5529 2356 5607 aditus.
2377 5535 2597 5607 titpaulo
2622 5537 2893 5607 postuloco,
2928 5541 3142 5607 studium
3172 5545 3376 5607 virtutis,
3407 5551 3493 5602 ha-

1916 5589 2054 5670 beant”,
2067 5590 2276 5670 lspirit-us
2299 5589 2500 5670 virtutis.
2529 5589 2742 5670 Utroque
2760 5597 2866 5649 loco
2979 5589 3402 5670 Mss.

1983 5651 2164 5713 δωιιι,
2203 5661 2297 5717 Ego
2335 5654 2536 5718 faciam,
2582 5651 2749 5710 domus
2794 5663 2976 5722 Israel;
3015 5651 3491 5740 omissuri-igripr

2917 5749 2946 5821 ί
2964 5745 3210 5825 Vingt.)
