3984 6512
496 329 602 390 619

493 432 797 519 profanastis
824 444 875 500 in
902 441 1127 516 gentibus
1145 482 1161 506 ,
1192 456 1290 510 quo
1312 435 1538 492 intrastis
1562 435 1720 502 illuc;
1745 442 1792 489 et
1839 433 1995 486 sancti
2001 433 2036 500 fi
2049 461 2067 471 -

492 540 614 594 cabo
651 551 827 592 nomen
859 547 1021 588 meum
1063 545 1336 601 magnum,
1366 526 1500 594 quod
1550 527 1872 597 profanatum
1902 533 1975 577 est
2019 522 2071 575 in

492 628 717 700 gentibus
736 667 749 691 ,
775 633 821 678 et
848 621 1154 693 profanastis
1179 620 1231 673 in
1257 618 1418 673 medio
1446 632 1619 671 eorum
1645 632 1665 671 :
1692 625 1738 669 et
1758 616 1913 668 scient
1947 630 2073 685 gen-

494 731 565 783 tes
591 717 709 787 quia
734 730 822 786 ego
841 728 952 767 sum
982 711 1256 787 Dominus,
1283 708 1404 762 dicit
1428 706 1627 760 Adonei
1656 705 1896 759 Dominus
1918 746 1932 770 ,
1961 720 2073 757 cum

492 807 831 875 sanctiﬁcatus
851 802 995 873 fuero
1015 801 1067 854 in
1088 799 1228 854 vobis
1247 805 1362 852 ante
1381 797 1552 851 oculos
1587 811 1793 860 eorum,
1841 802 1889 847 et
1937 794 2074 846 acci-

491 899 629 967 piam
670 910 757 949 vos
795 892 859 947 de
893 889 1118 963 gentibus
1141 930 1155 955 ,
1184 897 1231 943 et
1273 886 1586 958 congregabo
1628 900 1715 941 vos
1757 900 1820 939 ea:
1846 884 2074 940 omnibus

493 986 636 1041 terris
656 1025 671 1054 ,
699 990 745 1039 el
770 981 1007 1037 inducam
1033 995 1120 1035 vos
1140 980 1195 1033 in
1239 986 1423 1033 terram
1447 985 1659 1030 vestram
1680 993 1700 1041 ,'
1732 982 1777 1029 et
1810 991 2073 1046 aspergam

490 1089 641 1146 super
658 1089 743 1128 vos
763 1087 943 1143 aquam
971 1069 1212 1123 mundam
1233 1109 1247 1132 ,
1278 1077 1324 1120 et
1358 1064 1720 1119 mnndabimini
1745 1064 1807 1116 ab
1846 1065 2072 1117 omnibus

489 1164 823 1219 immunditiis
842 1161 1017 1217 vestris
1035 1200 1051 1226 ,
1078 1169 1125 1216 et
1155 1158 1406 1213 mandabo
1424 1172 1551 1222 vos;
1578 1165 1627 1210 et
1655 1156 1783 1209 dabo
1822 1154 1958 1209 vobis
1986 1171 2074 1209 car

491 1271 671 1310 novum
695 1295 710 1320 ,
748 1262 795 1309 et
813 1253 1045 1326 spiritum
1068 1267 1245 1306 novum
1276 1249 1404 1303 dabo
1440 1249 1491 1301 in
1514 1246 1694 1312 vobis;
1725 1255 1771 1300 et
1815 1250 2073 1316 auferetur

492 1363 578 1400 cor
605 1343 858 1415 lapideum
882 1341 946 1396 de
988 1357 1139 1396 came
1177 1350 1373 1405 vestra,
1415 1346 1460 1392 et
1496 1336 1625 1390 dabo
1644 1336 1784 1391 vobis
1826 1352 1916 1390 cor
1960 1352 2076 1389 car-

491 1449 676 1498 neum;
700 1442 746 1487 et
772 1432 1003 1502 spiritum
1022 1445 1181 1485 meum
1204 1428 1332 1483 dabo
1352 1429 1402 1481 in
1430 1425 1563 1481 vobis
1582 1467 1596 1489 ,
1629 1434 1676 1479 et
1726 1426 1912 1498 faciam
1937 1433 1992 1479 ut
2018 1425 2072 1479 in

492 1524 927 1599 justiﬁcationibus
945 1522 1066 1577 meis
1085 1520 1346 1575 ambulctis
1369 1561 1381 1584 ,
1409 1527 1453 1572 et
1472 1517 1662 1587 judicia
1681 1533 1788 1571 mea
1808 1515 2073 1572 observetis

491 1625 539 1668 et
563 1614 779 1685 faciatis.
806 1612 872 1668 Et
898 1619 1016 1682 post
1041 1610 1301 1681 aliquanta
1329 1623 1424 1679 per
1452 1606 1696 1663 eumdem
1725 1606 1895 1676 ipsum
1944 1621 2067 1678 pro-

491 1705 708 1777 phetam
739 1721 753 1758 :
784 1702 905 1758 Non
945 1710 1150 1775 propter
1175 1717 1260 1756 vos
1283 1742 1298 1766 ,
1357 1699 1558 1770 inquit,
1602 1714 1692 1770 ego
1735 1698 1868 1768 facio
1889 1739 1905 1764 ,
1951 1698 2072 1752 dicit

499 1798 744 1853 Dominus
793 1796 965 1862 Deus;
1005 1803 1180 1850 notum
1214 1793 1305 1848 erit
1353 1792 1531 1845 vobis:
1572 1790 1969 1858 confundimini,
2023 1798 2071 1844 et

491 1887 758 1942 erubescite
785 1886 848 1941 de
874 1885 965 1940 viis
989 1883 1193 1950 vestris,
1220 1883 1400 1935 domus
1438 1877 1619 1933 Israel.
1650 1878 1772 1933 Haec
1797 1879 1918 1933 dicit
1957 1878 2069 1932 Do-

490 1979 657 2032 minus
677 1976 813 2031 Deus
839 1991 860 2031 :
891 1972 955 2029 In
974 1974 1055 2028 die
1082 1989 1179 2044 quo
1207 1971 1456 2025 mundabo
1486 1985 1571 2022 vos
1613 1969 1674 2022 ab
1716 1969 1943 2024 omnibus
1968 1969 2068 2023 ini—

489 2065 757 2134 quitatibus
773 2064 945 2120 vestris
967 2103 981 2127 ,
1013 2070 1060 2117 et
1078 2061 1376 2115 constituam
1397 2059 1618 2113 civitates
1644 2100 1658 2122 ,
1682 2068 1727 2112 et
1741 2056 2070 2127 aedificaban-

488 2167 570 2208 tur
601 2155 823 2221 deserta,
854 2163 900 2208 et
925 2162 1058 2208 terra
1085 2152 1415 2207 exterminata
1441 2150 1736 2221 operabatur
1762 2150 1779 2181 ⁸
1809 2190 1824 2216 ,
1870 2166 1961 2219 pro
2010 2164 2069 2204 eo

487 2245 624 2315 quod
651 2243 978 2299 exterminata
996 2250 1069 2297 est
1088 2250 1203 2295 ante
1222 2241 1395 2295 oculos
1420 2240 1584 2296 omnis
1614 2240 1972 2311 prwtereuntis.
2000 2239 2070 2293 Et

489 2334 652 2389 dicent
681 2350 700 2389 :
746 2332 906 2389 Terra
949 2333 1040 2388 illa
1064 2332 1424 2399 exterminata,
1455 2333 1594 2404 facta
1618 2338 1690 2385 est
1716 2331 1844 2384 sicut
1895 2330 2069 2385 hortus

488 2425 779 2495 voluptatis,
803 2432 849 2478 et
871 2423 1093 2478 civitates
1113 2423 1320 2476 desertis
1339 2428 1384 2475 et
1407 2420 1750 2476 exterminata!
1776 2429 1825 2477 et
1848 2418 2065 2488 eff'ossce,

487 2515 693 2569 munita:
714 2513 967 2569 sederunt.
999 2512 1064 2565 Et
1106 2512 1257 2566 scient
1301 2518 1470 2582 gentes
1514 2525 1836 2579 quaecumque
1884 2509 2071 2562 relictte

490 2606 675 2676 fuerint
701 2607 753 2660 in
781 2606 991 2661 circuitu
1045 2614 1235 2670 vestro,
1285 2602 1403 2674 quia
1430 2618 1522 2673 ego
1551 2601 1794 2656 Dominus
1822 2600 2068 2670 adiﬁcavi

488 2698 763 2751 destructas
785 2736 801 2763 ,
831 2694 1054 2768 plantan
1073 2694 1446 2748 exterminatus.
1473 2691 1581 2762 Ego
1604 2691 1852 2746 Dominus
1875 2692 2067 2746 locutus

488 2804 597 2842 sum
622 2829 638 2856 ,
668 2797 715 2841 et
740 2787 853 2858 feci.
884 2785 1011 2841 Hcce
1029 2785 1149 2840 dicit
1172 2784 1423 2839 Dominus
1452 2798 1474 2839 :
1499 2783 1677 2837 Adhuc
1699 2783 1792 2837 hoc
1818 2782 2068 2854 inquiram

490 2878 663 2932 domui
685 2877 851 2933 Israel
879 2886 935 2932 ut
961 2879 1143 2949 faciam
1167 2876 1279 2944 eis;
1324 2874 1665 2947 multiplicabo
1691 2890 1774 2929 eos
1800 2879 1928 2929 sicut
1955 2890 2068 2930 ovcs

490 2971 747 3037 homines,
789 2971 919 3024 sicut
951 2985 1063 3025 oves
1082 2976 1318 3035 sanctas,
1364 2968 1495 3023 sicut
1536 2983 1649 3021 oves
1693 2964 1974 3022 Jerusalem
2012 2967 2067 3022 in

489 3061 659 3113 diebus
683 3060 823 3131 festis
842 3060 951 3130 ejus
967 3074 987 3115 :
1011 3059 1082 3113 sic
1093 3067 1239 3113 erunt
1258 3058 1476 3112 civitates
1490 3057 1594 3112 illa:
1611 3057 1868 3123 desolatce,
1904 3057 2068 3128 plena:

488 3150 654 3205 ovium
680 3149 966 3214 hominum,
1009 3156 1056 3203 et
1083 3148 1237 3203 scient
1277 3148 1395 3220 quia
1423 3163 1514 3219 ego
1557 3144 1807 3202 Dominus
1852 3145 2067 3218 (Ezech;

494 3254 657 3293 xxxvn
676 3278 691 3304 ,
712 3235 921 3311 22-38).

562 3328 653 3382 15.
690 3326 827 3394 Quid
874 3325 1130 3382 remansit
1169 3326 1295 3396 pelli
1337 3325 1666 3394 morticinae,
1716 3325 1854 3382 unde
1899 3327 2068 3397 possit

495 3417 703 3484 inﬂari,
742 3426 795 3472 et
826 3416 1175 3488 dedignetur,
1207 3416 1415 3486 quando
1439 3416 1696 3486 gloriatur
1715 3456 1730 3480 ,
1759 3415 1815 3469 in
1844 3416 2065 3471 Domino

491 3507 746 3578 gloriari?
773 3506 910 3574 Quid
936 3508 983 3562 ei
1021 3507 1309 3571 remansit,
1339 3505 1552 3577 quando
1593 3505 1846 3576 quidquid
1874 3505 2067 3560 dixerit

491 3616 549 3655 se
570 3600 788 3665 fecisse,
812 3605 870 3653 ut
909 3611 975 3653 eo
1017 3597 1350 3667 prtecedente
1377 3596 1605 3651 hominis
1643 3598 1834 3652 merito
1858 3596 1926 3652 ab
1963 3597 2064 3671 ho;-

492 3691 637 3745 mine
682 3697 900 3755 exorto,
934 3688 1073 3742 Deus
1115 3688 1500 3758 subsequenter
1527 3687 1686 3742 iaciat
1727 3703 1833 3759 quo
1877 3687 2065 3761 dignus

490 3789 575 3836 est
618 3779 778 3834 homo
796 3817 813 3845 ,
838 3778 1246 3849 respondebitur
1263 3819 1279 3844 ,
1304 3779 1674 3834 reclamabitur
1690 3820 1705 3845 ,
1731 3779 2066 3834 contradice-

493 3882 609 3939 tur,
640 3871 749 3942 Ego
777 3871 929 3942 facio,
950 3869 1039 3925 sed
1063 3879 1264 3941 propter
1290 3886 1469 3925 nomen
1492 3887 1655 3924 meum
1679 3879 1906 3925 sanctum
1922 3912 1937 3937 ,
1965 3887 2067 3926 non

495 3973 699 4032 propter
737 3976 823 4014 vos
847 3976 938 4031 ego
965 3959 1097 4029 facio
1117 4001 1133 4024 ,
1174 3960 1294 4013 dicit
1330 3957 1577 4015 Dominus
1607 3959 1781 4015 Deus?
1823 3961 1962 4016 Nihil
1988 3961 2066 4017 sic

494 4051 685 4108 evertit
716 4050 1026 4120 Pelagianos
1062 4048 1326 4114 dicentes,
1375 4049 1597 4119 gratiam
1641 4049 1733 4105 Dei
1777 4050 2063 4106 secundum

496 4143 682 4198 merita
708 4149 887 4196 nostra
915 4138 1048 4194 dari.
1080 4138 1229 4207 Quod
1252 4139 1460 4209 quidem
1493 4138 1606 4211 ipse
1636 4140 1906 4209 Pelagius,
1938 4148 1992 4196 et
2020 4140 2066 4196 si

497 4247 603 4288 non
646 4229 958 4306 corrigendo
981 4230 1024 4295 ³,
1053 4238 1227 4283 tamen
1266 4228 1553 4284 orientales
1589 4228 1796 4299 jutlices
1833 4229 2066 4286 timendo

498 4324 786 4380 damnavit.
838 4322 977 4379 Nihil
1018 4321 1095 4377 sic
1136 4321 1325 4376 evertit
1369 4310 1641 4375 hominum
1692 4324 2065 4392 prmsumptio-

502 4430 623 4472 nem
644 4414 930 4472 dicentium
947 4454 961 4478 ,
995 4412 1102 4469 Nos
1128 4413 1347 4469 facimus
1365 4455 1381 4480 ,
1402 4422 1461 4468 ut
1482 4427 1780 4468 mercamur
1803 4428 1921 4469 cum
1952 4415 2069 4484 qui-

501 4509 599 4563 bus
633 4507 789 4563 faciat
810 4507 967 4561 Deus.
1017 4504 1322 4573 Respondet
1357 4503 1508 4558 vobis
1537 4519 1643 4557 non
1676 4504 1951 4576 Pelagius,
1973 4504 2067 4561 sed

499 4603 614 4668 ipse
640 4598 892 4651 Dominus
911 4638 925 4663 ,
952 4594 1062 4667 Ego
1083 4595 1246 4666 facio,
1268 4604 1314 4647 et
1344 4609 1442 4647 non
1462 4602 1665 4665 propter
1690 4608 1800 4659 vos,
1829 4597 1917 4648 sed
1951 4611 2069 4665 pro-

503 4700 608 4760 pter
628 4704 805 4743 nomen
830 4704 992 4742 meum
1028 4696 1273 4740 sanctum.
1304 4685 1437 4753 Quid
1462 4685 1602 4739 enim
1640 4687 1861 4754 potestis
1892 4686 2068 4743 facere

502 4780 628 4835 boni
670 4779 737 4834 de
760 4780 921 4834 corde
945 4791 1049 4832 non
1079 4777 1259 4831 bono?
1283 4776 1351 4832 Ut
1377 4788 1553 4832 autem
1584 4777 1820 4833 habeatis
1852 4794 1947 4833 cor
1966 4779 2067 4834 bo-

505 4884 628 4929 num
651 4909 666 4935 ,
699 4867 867 4931 Dabo,
896 4867 1092 4934 inquit,
1126 4865 1260 4920 vobis
1292 4882 1379 4919 cor
1403 4879 1584 4919 novum
1605 4908 1620 4931 ,
1649 4875 1696 4920 et
1720 4868 1948 4938 spiritum
1969 4886 2066 4923 no-

502 4978 618 5016 vum
675 4960 696 4992 ³
724 4960 851 5013 dabo
894 4958 1047 5013 vobis.
1088 4957 1348 5028 Numquid
1393 4958 1616 5028 potestis
1657 4958 1866 5026 dicere,
1914 4959 2066 5017 Prius

498 5132 739 5240 minsas,
760 5123 888 5189 quod
914 5128 1074 5174 amen
1091 5123 1141 5173 in
1166 5123 1501 5186 manusa'iptis
1534 5127 1589 5174 et
1623 5123 1673 5172 in
1704 5124 1952 5176 Ezechiele
1978 5126 2067 5177 ha-

535 5199 661 5239 etur.

562 5253 579 5284 ι
606 5248 739 5311 editi,
765 5243 1132 5311 prwparabitur.
1173 5251 1230 5311 at
1260 5251 1367 5311 Mss.
1386 5277 1403 5305 ,
1440 5242 1729 5311 operabitur,
1763 5253 1924 5311 graece
1961 5256 2063 5309 est,

562 5256 579 5284 ι
606 5256 739 5306 Edili,
765 5256 1132 5311 prwparaounr.
1173 5256 1230 5295 Δῑ
1260 5256 1367 5294 uss.
1386 5277 1403 5305 ,
1440 5256 1729 5306 operaouur.
1763 5256 1924 5297 Graece
1961 5256 2063 5309 est,
2164 5256 2166 5261 '

496 5308 850 5376 ergasthesetas,
864 5313 944 5376 ⁸ιιι
969 5307 1091 5356 intra
1112 5319 1186 5376 _ex
1212 5307 1428 5376 boc__ipso
1448 5304 1553 5357 loco
1568 5306 1827 5376 Ezechielis
1850 5311 2068 5376 Augusti-
2159 5351 2166 5359 .

498 5368 591 5423 nus
606 5372 810 5434 verbum
832 5368 964 5420 idem
1000 5369 1191 5432 passive
1213 5369 1422 5433 positum
1438 5369 1637 5431 repetit,
1675 5375 1721 5419 et
1740 5368 2065 5434 operabimtur

496 5432 852 5501 ειψωιὲεηιιιη-
916 5491 1074 5501 ,.
1446 5494 1461 5501 _
1534 5488 1547 5501 .

561 5497 583 5527 ⁸
614 5493 834 5559 Gallicani
880 5498 937 5559 e_t_
957 5491 1181 5559 __Va_ticani
1222 5498 1365 5559 rats-3.,
1414 5494 1461 5539 et
1499 5491 1547 5542 si
1588 5501 1682 5542 non
1724 5505 1775 5543 se
1819 5504 2063 5559 corrigen-

500 5555 579 5605 do.
606 5561 657 5605 Et
680 5555 803 5603 intra
818 5590 833 5614 ,
847 5551 988 5614 ,aTihit
1009 5553 1080 5604 sic
1100 5550 1265 5602 evertit
1284 5552 1423 5600 hanc.

565 5614 740 5672 δεᾱιιί,
779 5613 1000 5677 spiritum
1034 5626 1209 5665 meum.
1255 5619 1384 5674 Mss,
1417 5624 1619 5677 novum;
1639 5615 1877 5678 quomodo
1897 5627 2058 5681 supra,

499 5689 581 5726 σοι·
607 5688 793 5726 novum.
1391 5699 1397 5705 '

1091 326 1360 384 CONTRA
1406 322 1581 379 DU.-\S
1622 319 1987 376 EI’lSTOL.\S
2014 318 2068 372 Pl

2172 317 2567 387 tGIANORUM,
2613 321 2669 378 S.
2712 322 3073 381 AUGUSTINI

3644 331 3753 386 6‘20

2182 432 2561 487 ambulavimus
2606 434 2656 488 in
2701 433 3167 505 justilicationibus
3210 436 3357 508 ejus,
3403 449 3454 494 et
3492 441 3756 510 judicium

2178 523 2292 592 ejus
2312 522 2709 579 observavimus
2726 565 2742 591 ,
2765 534 2819 580 et
2846 524 3068 581 fecimus
3088 535 3146 581 ut
3172 525 3312 597 digni
3341 542 3608 599 essemus,
3631 533 3758 602 qui-

2179 611 2278 667 bus
2303 612 2321 645 ³
2346 612 2569 682 gratiam
2614 626 2765 668 suam
2802 613 2990 669 daret?
3012 614 3149 684 Quid
3186 617 3323 670 enim
3356 617 3478 671 boni
3510 617 3762 676 faceretis

2178 703 2422 758 homines
2452 704 2613 770 mali;
2654 714 2708 759 et
2736 705 3002 774 quomodo
3042 705 3143 761 ista
3174 705 3311 762 bona
3339 707 3613 776 faceretis,
3652 711 3760 766 nisi

2176 795 2301 851 boni
2328 797 2556 852 essetis?
2580 793 2649 853 Ut
2676 806 2851 851 autem
2880 797 3121 853 homines
3147 798 3253 854 sint
3274 799 3396 854 boni
3414 843 3429 866 ,
3460 800 3581 870 quis
3609 802 3756 866 facit,

2178 888 2276 942 nisi
2306 888 2393 943 ille
2414 888 2501 957 qni
2530 886 2684 955 dixit,
2717 886 2783 941 Et
2811 888 3018 943 visitabo
3037 905 3121 944 eos
3138 930 3155 958 ,
3178 899 3233 944 ut
3249 905 3334 944 eos
3359 891 3511 946 bonos
3533 893 3721 959 faciam
3737 910 3761 959 ;

2177 986 2231 1034 et
2255 979 2341 1049 qui
2370 979 2538 1044 dixit,
2568 979 2816 1050 Spiritum
2855 997 3020 1035 meum
3044 981 3173 1036 dabo
3212 983 3265 1037 in
3288 984 3453 1051 vobis,
3494 993 3541 1038 et
3566 987 3760 1056 faciam

2176 1069 2310 1122 utin
2347 1068 2793 1140 justi/icationibus
2830 1071 2950 1126 meis
2990 1072 3279 1141 ambuletis,
3325 1081 3371 1127 et
3398 1076 3599 1146 judicia
3643 1091 3758 1129 mea

2174 1158 2438 1213 observetis
2477 1167 2523 1213 et
2551 1159 2790 1231 faciatis?
2830 1160 2976 1216 Itane
3018 1161 3253 1216 nondum
3298 1165 3755 1234 evigilatisinon-

2176 1247 2298 1302 dum
2321 1249 2542 1313 auditis,
2576 1248 2786 1304 Faciam
2818 1257 2872 1304 ut
2908 1251 3204 1318 ambuletis,
3229 1252 3417 1321 faciam
3454 1262 3509 1307 ut
3527 1254 3761 1309 observe-

2178 1338 2273 1404 tis,
2319 1347 2622 1407 postremo,
2672 1339 2855 1410 faciam
2896 1350 2955 1393 ut
2996 1341 3237 1412 faciatis?
3275 1340 3411 1409 Quid
3455 1342 3629 1399 adhuc
3659 1358 3762 1399 vos

2176 1428 2408 1483 inﬂatis?
2432 1429 2539 1484 Nos
2564 1429 2775 1500 quidem
2801 1430 3155 1498 ambulamus,
3176 1447 3360 1487 verum
3390 1441 3502 1499 est;
3530 1448 3629 1489 nos
3660 1433 3765 1490 ob-

2174 1535 2448 1577 servamus
2470 1560 2483 1586 ,
2514 1535 2610 1577 nos
2640 1521 2859 1577 facimus
2885 1539 2898 1574 :
2930 1521 3025 1577 sed
3051 1522 3142 1578 ille
3166 1521 3290 1578 facit
3317 1532 3374 1578 ut
3393 1524 3756 1591 ambulemus,

2173 1616 2231 1663 ut
2254 1610 2630 1678 observemus,
2664 1618 2722 1664 ut
2761 1609 3033 1666 faciamus.
3063 1610 3189 1667 Haec
3215 1621 3298 1668 est
3324 1614 3489 1684 gratia
3531 1614 3627 1669 Dei
3658 1615 3764 1670 bon

2174 1698 2271 1755 nos
2316 1699 2513 1756 faciens
2556 1715 2683 1767 nos,
2713 1700 2826 1756 haec
2868 1710 2951 1756 est
2992 1703 3354 1759 misericordia
3397 1705 3512 1773 eius
3540 1720 3760 1773 prceve-

2172 1790 2326 1845 niens
2372 1805 2489 1846 nos.
2513 1790 2649 1858 Quid
2679 1798 2949 1846 merentur
2990 1791 3233 1858 deserta,
3272 1801 3329 1849 et
3360 1796 3755 1863 exterminata,

2172 1887 2226 1934 et
2252 1878 2479 1942 ell'ossa;
2524 1896 2643 1949 quze
2673 1888 2849 1935 tamen
2889 1880 3322 1949 :edilicabuntur,
3356 1891 3411 1937 et
3451 1887 3760 1954 operabun-

2170 1977 2286 2036 tur,
2318 1978 2373 2025 et
2415 1971 2753 2026 munientur?
2779 1970 3045 2042 Numquid
3071 1972 3186 2028 haec
3213 1988 3311 2044 pro
3331 1974 3532 2029 meritis
3557 1976 3757 2032 descr-

2168 2060 2363 2127 tionis,
2395 2062 2877 2127 exterminationis,
2923 2062 3223 2119 cll‘ossionis
3261 2065 3412 2119 sum?
3439 2066 3608 2121 Absit.
3647 2067 3756 2124 lsu

2172 2151 2309 2203 enim
2337 2150 2524 2204 merita
2553 2150 2688 2205 mala
2718 2160 2869 2218 sunt,
2899 2151 3011 2205 haec
3041 2167 3258 2207 munera
3288 2153 3446 2208 bona.
3493 2154 3758 2210 Reddun-

2171 2248 2258 2295 tur
2288 2241 2466 2310 itaque
2493 2241 2647 2295 malis
2676 2242 2815 2297 bona
2845 2259 2858 2295 :
2886 2243 3107 2312 gratuita
3130 2257 3292 2313 ergo,
3316 2259 3419 2299 non
3449 2243 3663 2313 debita;
3698 2253 3758 2303 et

2171 2331 2292 2386 ideo
2344 2333 2532 2404 gratia.
2572 2333 2718 2405 Ego,
2764 2334 2934 2405 inquit
2976 2335 3263 2403 Dominus,
3313 2334 3426 2407 Ego
3476 2336 3752 2394 Dominus.

2169 2422 2355 2479 Nonne
2397 2433 2449 2479 te
2492 2425 2591 2480 ista
2619 2439 2722 2480 vox
2762 2425 3096 2495 comprimit,
3144 2441 3178 2481 ο
3207 2425 3434 2481 humana
3463 2429 3754 2498 superbia,

2171 2529 2288 2584 qua:
2312 2512 2445 2569 dicis
2464 2555 2478 2579 ,
2511 2514 2625 2583 Ego
2662 2513 2801 2570 facio
2819 2556 2834 2583 ,
2868 2523 2926 2570 ut
2951 2530 3160 2571 merear
3186 2530 3217 2570 a
3246 2518 3468 2572 Domino
3495 2517 3755 2575 editioni

2170 2611 2328 2674 atque
2359 2604 2621 2672 plantari?
2646 2604 2829 2660 Nonne
2856 2605 3036 2673 audis,
3069 2604 3190 2660 Non
3215 2615 3419 2679 propter
3436 2623 3522 2662 vos
3547 2625 3637 2680 ego
3668 2613 3751 2680 fa-

2169 2697 2247 2750 cio
2274 2712 2295 2752 :
2323 2694 2436 2768 Ego
2467 2695 2715 2751 Dominus
2749 2698 2997 2767 mdiﬁcavi
3034 2698 3343 2766 destructas,
3387 2701 3611 2771 plantavi
3654 2716 3755 2756 ea:-

2170 2789 2462 2843 terminatas
2481 2804 2501 2844 :
2531 2787 2644 2859 Ego
2688 2788 2934 2844 Dominus
2971 2791 3169 2846 locutus
3195 2808 3308 2847 sum
3328 2832 3343 2857 ,
3372 2802 3419 2847 et
3446 2795 3542 2864 feci
3589 2809 3609 2849 :
3645 2810 3756 2849 non

2170 2888 2343 2933 tamen
2374 2889 2576 2952 prapter
2597 2895 2684 2936 vos
2701 2923 2717 2948 ,
2744 2880 2833 2935 sed
2857 2889 3062 2952 propter
3090 2899 3270 2938 nomen
3291 2900 3455 2937 meum
3475 2884 3757 2939 sanctum?

2169 2970 2297 3038 Quis
2323 2957 2635 3040 multiplicat
2657 2972 2792 3026 sicut
2828 2986 2959 3027 oves
2981 2971 3255 3039 homines,
3288 2973 3423 3028 sicut
3450 2989 3578 3029 oves
3616 2990 3753 3030 san-

2169 3069 2315 3129 ctas,
2362 3063 2499 3117 sicut
2536 3077 2665 3118 oves
2691 3061 2983 3133 Jerusalem
3017 3065 3179 3132 :quis
3228 3063 3354 3119 facit
3395 3073 3451 3120 ut
3504 3066 3755 3122 civitates

2168 3153 2272 3209 ilhc
2301 3153 2549 3208 desolata:
2573 3154 2744 3223 plente
2760 3154 2866 3208 sint
2885 3153 3060 3208 ovium
3085 3153 3356 3209 hominum
3376 3197 3390 3221 ,
3422 3156 3524 3210 nisi
3544 3156 3633 3211 ille
3655 3156 3751 3225 qui

2167 3246 2408 3316 Sequitur
2444 3253 2498 3300 et
2539 3245 2697 3312 dicit,
2747 3245 2813 3299 Et
2844 3246 3002 3301 scient
3044 3248 3161 3317 quia
3196 3264 3287 3319 ego
3319 3247 3606 3303 Dominus?
3638 3247 3751 3305 Sed

2168 3337 2357 3406 quibus
2385 3328 2571 3392 ovibus
2592 3336 2892 3392 hominibus
2917 3337 3131 3408 implet,
3165 3339 3317 3393 sicuti
3339 3349 3420 3395 est
3443 3340 3747 3409 pollicitus,

2167 3427 2440 3494 civitates,
2484 3437 2660 3482 utrum
2698 3442 2834 3498 quas
2876 3428 3108 3496 invenit,
3153 3444 3218 3482 an
3248 3444 3380 3500 quas
3406 3430 3568 3485 facit?
3592 3430 3748 3486 Psal-

2169 3534 2312 3573 mum
2344 3521 2758 3590 interrogemus;
2786 3534 2911 3575 ecce
2938 3520 3257 3590 respondet,
3286 3521 3562 3576 audiamus
3592 3540 3606 3575 :
3641 3520 3749 3575 Ve-

2168 3603 2299 3667 nite,
2355 3603 2622 3656 adoremus
2657 3610 2703 3657 et
2741 3602 3062 3673 procidamus
3087 3604 3168 3671 ei,
3208 3613 3255 3657 et
3293 3606 3547 3675 ploremus
3587 3607 3751 3660 antc‘

2171 3692 2442 3746 Dominum
2482 3693 2569 3762 qui
2592 3691 2712 3762 fecit
2750 3708 2874 3760 nos;
2907 3693 3029 3763 quia
3051 3695 3159 3763 ipse
3189 3703 3262 3748 est
3285 3693 3423 3747 Deus
3451 3705 3655 3761 noster,
3701 3704 3753 3750 et

2168 3799 2259 3838 nos
2298 3783 2515 3855 populus
2554 3798 2755 3853 pascua
2798 3784 2942 3851 ejus,
2979 3792 3029 3838 et
3050 3799 3163 3838 oves
3191 3801 3370 3839 manus
3417 3784 3527 3856 ejus
3569 3784 3749 3855 (Psal.

2168 3889 2322 3941 xcw,
2354 3875 2387 3932 6
2414 3885 2459 3929 et
2484 3875 2561 3946 7).
2591 3874 2707 3943 Ipse
2735 3875 2895 3945 igitur
2915 3873 3043 3930 facit
3073 3890 3202 3930 oves
3221 3917 3237 3943 ,
3263 3877 3451 3946 quibus
3476 3876 3751 3931 desolatas

2168 3965 2383 4034 impleat
2396 3965 2653 4019 civitates.
2680 3964 2815 4033 Quid
2836 3966 3026 4021 mirum
3044 3967 3068 4020 ?
3084 3965 3517 4035 Quandoquidem
3536 3967 3611 4021 illi
3630 3968 3751 4020 nni-

2166 4070 2244 4111 ca:
2286 4055 2369 4111 ovi
2417 4054 2642 4122 dicitur,
2673 4054 2776 4111 hoc
2818 4061 2932 4120 est,
2978 4056 3265 4122 Ecclesiae,
3301 4056 3452 4125 cujus
3504 4056 3748 4110 membra

2167 4155 2291 4203 sunt
2339 4161 2527 4202 omnes
2550 4161 2678 4203 oves
2707 4146 2947 4202 homines
2992 4165 3006 4200 :
3052 4146 3311 4214 Quoniam
3341 4161 3439 4216 ego
3493 4161 3612 4200 sum
3643 4147 3749 4200 Do-

2167 4239 2342 4294 minus
2366 4239 2453 4310 qui
2483 4238 2617 4294 l'acio
2646 4247 2719 4294 te.
2750 4238 2886 4308 Quid
2918 4239 3045 4293 mihi
3071 4237 3315 4293 obtendis
3344 4238 3569 4295 liberum
3597 4239 3747 4292 arbi-

2169 4330 2364 4396 trium,
2412 4329 2554 4399 quod
2600 4329 2668 4384 ad
2712 4329 3005 4386 faciendam
3047 4330 3302 4399 justitiam
3347 4329 3570 4385 liberum
3634 4346 3743 4385 non

2168 4422 2286 4487 erit,
2321 4422 2420 4477 nisi
2447 4421 2561 4476 ovis
2585 4420 2748 4476 lueris
2774 4420 2832 4476 ’ἲ
2857 4421 2955 4489 Qui
2984 4420 3106 4475 facit
3135 4420 3291 4491 igitur
3313 4434 3440 4475 oves
3464 4419 3741 4487 homines,

2168 4512 2283 4582 ipse
2312 4512 2379 4568 ad
2408 4511 2764 4568 obedientiam
2789 4511 3007 4582 pietatis
3036 4511 3292 4567 humanas
3335 4510 3527 4567 liberat
3551 4511 3746 4566 volun-

2168 4609 2321 4659 tates.

2241 4694 2326 4749 ili.
2360 4693 2465 4749 Sed
2504 4708 2667 4764 quare
2695 4693 2825 4748 istos
2870 4692 3109 4747 homines
3148 4705 3275 4748 oves
3311 4692 3465 4755 facit,
3512 4699 3567 4746 et
3613 4691 3747 4746 istos

2169 4800 2274 4839 non
2304 4783 2459 4852 facit,
2489 4784 2626 4854 apud
2655 4797 2812 4854 quem
2853 4798 2959 4838 non
3005 4791 3083 4838 est
3113 4782 3349 4852 acceptio
3388 4796 3744 4853 personarum

2173 4876 2344 4946 (Rom.
2377 4893 2442 4942 ιι,
2474 4876 2602 4949 ll)?
2646 4877 2760 4946 Ipsa
2785 4885 2867 4932 est
2907 4877 3161 4946 qumstio,
3206 4891 3361 4947 quam
3388 4876 3577 4931 beatus
3601 4876 3748 4946 Apo-

2167 4968 2336 5023 stolus
2360 4967 2618 5022 curiosius
2644 4982 2799 5037 quam
2841 4966 3083 5035 capacius
3108 4965 3523 5035 propellentibus
3551 4966 3622 5020 ait
3640 5006 3655 5033 ,
3702 4965 3755 5019 0

2166 5058 2316 5111 homo
2336 5099 2351 5123 ,
2399 5068 2453 5111 tu
2495 5058 2605 5125 quis
2628 5073 2680 5110 es
2715 5064 2768 5110 ut
2799 5055 3099 5127 respondeas
3124 5054 3233 5109 Deo
3253 5055 3280 5109 ?
3321 5054 3586 5125 Numquid
3627 5057 3754 5110 dicit

2115 5191 2118 5193 λ
2168 5149 2455 5217 figmentum
2476 5148 2519 5201 ei
2545 5148 2631 5218 qui
2660 5163 2712 5201 se
2742 5147 2885 5214 finxit
2904 5187 2919 5211 ,
2949 5146 3116 5212 Quare
3141 5147 3212 5200 sic
3235 5163 3312 5200 me
3333 5147 3491 5218 fecisti
3515 5145 3626 5217 (Id.
3657 5163 3711 5201 rx
3735 5189 3753 5213 ,

2164 5237 2297 5311 20)?
2321 5237 2435 5308 Ipsa
2465 5245 2548 5293 est
2577 5238 2800 5307 quaestio
2820 5278 2835 5302 ,
2857 5252 2979 5307 qua:
2994 5234 3060 5290 ad
3083 5235 3230 5291 illam
3257 5236 3481 5307 pertinet
3501 5237 3753 5291 altitudi-

2231 5434 2261 5509 ξ.
2274 5439 2325 5483 ιιι
2345 5440 2415 5493 3.,
2440 5438 2493 5484 ut
2516 5433 2653 5509 digni
2671 5447 2896 5496 essemus,
2920 5441 2970 5487 ut
2990 5433 3179 5500 quibus.
3217 5440 3292 5484 Er.
3328 5434 3475 5499 Lugd.
3504 5442 3627 5485 Ven.
3668 5451 3758 5486 sc-

2165 5503 2264 5546 Cllli
2285 5509 2467 5545 sumus.
2532 5503 2588 5545 Μ.
3064 5534 3067 5537 ς

2229 5559 2402 5627 ἓι-οιεν
2426 5557 2619 5627 “tl-el“
2646 5556 2762 5627 editi.
2787 5563 2838 5607 οι
3003 5563 3137 5627 ante
3173 5618 3204 5627 ξ.
3299 5618 3310 5627 .
3348 5624 3384 5627 -_
3579 5616 3591 5627 .

2193 5617 2490 5740 J-Caltlimn‘i
2517 5626 2642 5681 Mss.,
2666 5619 2762 5670 nisi
2802 5619 2901 5670 ovis
2920 5617 3081 5682 fuerit.
3106 5618 3312 5669 \‘aticani
3348 5624 3474 5679 Mss,
3495 5617 3591 5668 utsi
3626 5618 3755 5670 libe-

2167 5692 2193 5729 r
2245 5692 2323 5728 um
2364 5693 2465 5729 uen
