3984 6498
209 315 296 378 Gil
1364 322 1375 331 ‘
1548 310 1745 366 LIBER
1784 306 2129 376 QUARTUS.

213 446 350 495 nem,
377 442 537 499 quam
568 428 880 501 perspicere
906 426 1089 483 volens
1135 426 1273 483 idem
1315 425 1620 495 apostolus,
1652 439 1787 494 quo-

215 525 327 581 dam
351 521 507 578 modo
529 522 751 591 expavit
769 562 786 586 ,
807 530 862 577 et
888 519 1201 576 exclamavit
1226 535 1239 572 :
1277 517 1321 573 0
1344 517 1555 571 altitudo
1589 517 1789 570 divitia-

216 632 319 671 rum
353 612 613 682 sapientiae
639 620 686 665 et
709 610 933 666 scientia:
967 609 1098 664 Dei!
1124 624 1275 679 quam
1298 606 1643 662 inscrutabilia
1673 612 1789 658 sunt

213 706 395 778 judicia
421 704 567 775 ejus,
614 713 663 757 et
688 700 1051 774 inuestigabiles
1073 701 1165 755 uite
1192 700 1338 771 ejus!
1370 699 1494 767 Quis
1532 698 1664 752 enim
1701 714 1792 750 eo.

218 797 376 868 gnorit
433 810 636 849 sensum
697 792 950 848 Domini?
1007 800 1094 846 aut
1141 791 1253 861 quis
1303 790 1621 844 consiliarius
1682 790 1792 859 ejus

220 889 308 960 fuit
329 887 354 940 .’
374 886 475 939 Aut
510 886 625 955 quis
650 884 793 956 prior
818 883 952 938 dedit
987 882 1097 948 illi,
1127 891 1173 938 et
1196 882 1494 936 retribuetur
1529 881 1611 935 ei?
1651 879 1793 948 Quo-

225 977 356 1032 niam
393 993 457 1030 ea:
483 977 624 1048 ipso,
669 985 717 1030 et
761 991 849 1047 per
883 974 1075 1046 ipsum,
1128 972 1254 1027 etin
1298 972 1408 1043 ipso
1433 982 1548 1025 sunt
1593 971 1796 1025 omnia:

221 1068 313 1138 ipsi
332 1067 493 1138 gloria
512 1066 565 1119 in
582 1065 773 1119 alecula
799 1063 1094 1119 sazculorum
1122 1060 1297 1133 (Rom.
1332 1076 1410 1127 χι,
1442 1061 1652 1128 53-56).
1680 1061 1793 1115 Non

226 1146 396 1230 itaque
426 1159 580 1212 istam
612 1157 840 1213 scrutari
868 1155 1095 1210 audeant
1118 1154 1512 1209 inscrutabilem
1540 1154 1795 1224 qumstio-

223 1266 338 1307 nem
362 1292 379 1315 ,
409 1248 501 1321 qui
535 1247 785 1302 meritum
808 1256 931 1305 ante
954 1246 1174 1317 gratiam
1192 1285 1207 1311 ,
1236 1254 1291 1300 et
1331 1243 1448 1300 ideo
1471 1245 1581 1315 jam
1611 1252 1795 1299 contra

225 1342 440 1414 gratiam
484 1337 864 1404 defendentes,
916 1337 1121 1407 priores
1166 1336 1352 1390 volunt
1394 1334 1521 1390 dare
1548 1335 1690 1400 Deo,
1742 1341 1801 1389 ut

226 1436 546 1493 retribnatur
566 1432 681 1499 eis;
713 1430 920 1501 priores
959 1430 1135 1500 utique
1177 1428 1306 1483 dare
1342 1426 1613 1498 quodlibet
1644 1442 1709 1481 ex
1740 1426 1801 1480 li-

227 1527 350 1584 bere
375 1525 597 1581 arbitrio
619 1564 637 1590 ,
668 1532 728 1579 ut
767 1524 837 1577 sit
860 1522 1026 1592 gratia
1054 1520 1391 1576 retribuenda
1422 1535 1518 1590 pro
1544 1518 1796 1589 praemio:

226 1629 276 1673 et
314 1615 583 1685 sapienter
608 1612 941 1682 intelligant,
986 1611 1070 1665 vel
1099 1609 1325 1666 ﬁdeliter
1362 1610 1610 1676 credant,
1638 1610 1799 1666 etiam

226 1706 361 1778 quod
386 1720 445 1761 se
474 1712 699 1775 putant,
726 1702 933 1773 priores
958 1700 1198 1767 dedisse,
1231 1699 1298 1755 ab
1325 1700 1416 1755 illo
1445 1716 1509 1756 ex
1539 1715 1644 1771 quo
1679 1709 1803 1756 sunt

228 1797 431 1862 omnia,
473 1809 570 1851 uer
594 1807 755 1864 quem
794 1799 918 1847 sunt
959 1790 1133 1845 omnia
1155 1831 1170 1855 ,
1202 1790 1256 1845 in
1285 1804 1391 1861 quo
1419 1798 1543 1845 sunt
1582 1791 1759 1845 omnia
1784 1830 1800 1858 ,

230 1886 545 1959 percepisse.
573 1882 682 1940 Cur
702 1891 879 1938 autem
909 1882 1009 1937 iste
1025 1881 1283 1950 accipiat,
1314 1880 1405 1937 ille
1430 1896 1534 1937 non
1560 1882 1801 1951 accipiat,

229 1995 343 2036 cum
368 1978 528 2034 ambo
575 1992 685 2031 non
725 1982 1030 2031 mereantur
1052 1973 1297 2043 accipere
1317 2012 1331 2039 ,
1362 1980 1417 2027 et
1444 1973 1681 2043 quisquis
1708 1987 1803 2029 eo-

230 2088 342 2127 rum
385 2070 654 2140 aecepcrit
680 2069 732 2137 ‘,
763 2066 1000 2124 indebite
1040 2066 1298 2137 accipiat,
1346 2066 1488 2121 vires
1525 2079 1649 2120 suas
1695 2079 1808 2121 me-

231 2164 440 2226 tiantur,
473 2170 528 2216 et
558 2159 778 2215 fortiora
805 2174 865 2213 se
897 2173 999 2212 non
1022 2165 1325 2213 scrutentur
1359 2155 1542 2228 (Eccli.
1571 2172 1663 2223 ιιι,
1687 2154 1804 2228 22).

229 2253 461 2310 Sufﬁciat
496 2253 576 2308 eis
607 2252 745 2307 scire
766 2249 908 2322 quod
934 2265 1037 2305 non
1067 2249 1138 2304 sit
1179 2249 1428 2321 iniquitas
1454 2248 1592 2319 apud
1618 2248 1805 2304 Deum.

228 2343 355 2413 Cum
381 2343 526 2398 enim
553 2341 700 2397 nulla
733 2341 925 2396 merita
950 2340 1241 2396 invenisset
1265 2339 1589 2410 Apostolus,
1619 2338 1809 2409 quibus

229 2433 389 2490 Jaeob
430 2432 707 2503 geminum
756 2430 899 2502 apud
951 2430 1117 2486 Deum
1172 2429 1500 2501 prrecederet
1544 2427 1806 2483 fratrem:

233 2523 368 2591 Quid
407 2539 528 2593 ergo
555 2521 809 2586 dicemus,
854 2520 1059 2590 inquit?
1087 2519 1331 2590 numquid
1373 2526 1445 2573 est
1485 2517 1625 2590 apud
1647 2516 1812 2572 Deum

229 2615 505 2685 iniquitas?
534 2612 698 2668 Absit.
727 2610 900 2683 Moysi
923 2612 1057 2667 enim
1081 2611 1200 2665 dicit
1229 2625 1248 2664 :
1280 2608 1559 2664 Μίδα-εὐοῖ
1587 2609 1669 2662 cui
1715 2608 1813 2662 mi-

229 2715 392 2760 sertus
433 2719 555 2769 ero;
597 2713 644 2757 et
688 2702 1085 2759 misericordiam
1123 2699 1372 2772 prwslabo
1410 2700 1493 2753 cui
1531 2698 1813 2753 misericors

232 2801 399 2869 fuero.
422 2795 587 2867 Igitur
626 2811 726 2850 non
744 2794 982 2861 volentis,
1023 2810 1179 2863 neque
1216 2792 1492 2856 canentis,
1545 2790 1634 2844 sed
1662 2789 1812 2843 mise-

235 2892 395 2967 rantis
418 2900 489 2943 est
513 2888 623 2942 Dei.
648 2887 813 2943 Grata
838 2888 908 2941 sit
933 2901 1061 2957 ergo
1085 2886 1239 2941 nobis
1282 2884 1398 2955 ejus
1441 2882 1667 2954 gratuita
1710 2881 1814 2936 mi-

240 2982 481 3045 seratio,
506 2980 696 3035 etiamsi
737 2979 855 3034 haec
881 2977 1139 3050 profunda
1194 2977 1421 3032 insoluta
1466 2976 1536 3031 sit
1562 2974 1815 3046 qumstio.

251 3074 384 3142 Qua:
425 3081 589 3127 tamen
630 3080 851 3127 eatenus
894 3071 1155 3135 solvitur,
1198 3078 1455 3138 quatenus
1499 3082 1617 3121 eam
1661 3065 1820 3121 solvit

238 3165 385 3220 idem
412 3164 677 3234 apostolus
694 3205 710 3231 ,
758 3164 978 3219 dicens:
1009 3161 1071 3218 Si
1095 3170 1260 3215 autent
1287 3159 1423 3214 Deus
1450 3158 1618 3213 volens
1650 3166 1818 3213 esten-

237 3255 356 3313 dere
401 3260 531 3312 iram
573 3266 622 3312 et
650 3257 998 3312 demonstrare
1027 3254 1300 3326 potentiam
1334 3269 1477 3308 suam
1497 3293 1513 3319 ,
1559 3251 1727 3305 attulit
1767 3250 1819 3305 in

239 3349 395 3403 multa
418 3349 667 3418 patientia
690 3364 814 3403 uasa
851 3348 944 3400 ira:
960 3388 977 3413 ,
1017 3361 1129 3416 qua:
1175 3348 1395 3415 perfecta
1420 3351 1537 3398 sunt
1565 3342 1618 3395 in
1644 3340 1818 3412 perdi-

238 3441 452 3507 tionem,
489 3448 616 3494 etut
638 3448 784 3494 notas
810 3442 994 3510 faceret
1032 3436 1231 3490 divitias
1276 3434 1451 3505 gloriw
1488 3448 1594 3487 ante
1620 3433 1673 3486 in
1701 3446 1823 3485 uasa

240 3532 626 3599 adserit-ordire,
663 3545 778 3602 quia
803 3528 1105 3600 praeparavit
1146 3527 1200 3581 in
1236 3526 1452 3597 gloriam
1504 3522 1677 3595 (Rom.
1725 3536 1821 3589 rx,

241 3624 421 3693 H—l6,
441 3623 538 3691 22,
553 3625 670 3696 ‘23).
688 3624 771 3679 Ira
785 3622 982 3693 quippe
1007 3637 1111 3676 non
1135 3619 1394 3685 redditur,
1413 3618 1515 3673 nisi
1530 3616 1728 3680 debita,
1757 3632 1826 3674 ne

238 3718 312 3773 sit
328 3718 578 3788 iniquitas
595 3716 737 3787 apud
757 3716 920 3772 Deum
954 3731 967 3766 :
1002 3710 1361 3769 misericordia
1380 3724 1508 3766 vero
1527 3709 1687 3764 etiam
1703 3722 1824 3763 cum

243 3809 507 3878 praebetur
535 3807 801 3872 indebita,
833 3821 939 3862 non
965 3813 1047 3861 est
1087 3804 1335 3873 iniquitas
1376 3800 1512 3871 apud
1544 3800 1731 3855 Deum.
1762 3800 1829 3852 Et

242 3898 370 3954 hinc
410 3898 712 3969 intelligunt
756 3911 882 3951 vasa
909 3892 1287 3951 misericordia:
1307 3931 1322 3958 ,
1375 3905 1533 3961 quam
1554 3888 1780 3960 gratuita
1805 3888 1826 3920 ²

243 3990 351 4044 illis
370 3986 738 4045 misericordia
766 3985 1083 4056 praabeatur,
1099 3981 1249 4054 quod
1277 3982 1368 4036 irae
1394 3980 1537 4036 vasis
1561 3994 1682 4034 cum
1708 3977 1828 4048 quia-

243 4080 348 4135 bus
370 4087 455 4135 est
499 4078 579 4134 eis
625 4075 939 4147 perditionis
983 4088 1142 4129 causa
1170 4081 1224 4128 et
1274 4084 1447 4125 massa
1494 4069 1825 4133 communis,

245 4171 328 4225 ira
354 4171 531 4226 debita
553 4177 609 4225 et
630 4168 774 4240 justa
803 4166 1129 4236 rependitur.
1148 4150 1287 4219 llaec
1307 4164 1417 4232 jam
1447 4163 1576 4216 satis
1604 4162 1708 4215 sint
1731 4160 1831 4214 ad-

248 4278 436 4319 versus
475 4275 601 4329 eos,
645 4265 735 4331 qui
764 4275 861 4330 per
886 4257 1089 4314 arbitrii
1114 4255 1411 4311 libertatem
1436 4253 1712 4308 destruere
1739 4265 1835 4305 τοι·

249 4357 368 4410 lunt
390 4356 576 4427 gratia:
603 4354 922 4424 largitatem.
1292 4392 1295 4395 γ

325 4446 545 4504 CAPUT
560 4437 846 4501 Vll.-—l7.
869 4441 942 4495 De
957 4441 1105 4495 laude
1118 4447 1422 4494 sanctorum.
1443 4434 1667 4490 Ecclesia
1684 4433 1834 4503 hujus

253 4540 489 4609 temporis
514 4554 617 4592 non
642 4545 716 4591 est
739 4534 848 4591 sine
871 4532 1068 4588 macula
1091 4539 1141 4585 et
1181 4546 1330 4601 ruga.
1360 4527 1386 4582 1
1395 4526 1573 4581 nsidite
1598 4523 1836 4595 Pelagia-

253 4647 450 4684 norum.
494 4627 652 4696 Quod
680 4640 809 4683 vero
836 4623 990 4680 laude
1015 4628 1349 4687 sanctorum,
1395 4619 1582 4674 nolunt
1625 4632 1722 4672 nos
1758 4614 1836 4670 af-

254 4722 398 4783 fectu
444 4721 588 4775 illius
616 4716 888 4774 Publieani
913 4713 1117 4771 esurire
1155 4721 1211 4768 et
1233 4712 1380 4767 sitire
1417 4708 1672 4780 justitiam
1693 4750 1708 4775 ,
1741 4706 1837 4762 sed

256 4812 493 4866 vanitate
516 4810 659 4865 illius
687 4806 942 4863 Pharismi
969 4814 1221 4875 tanquam
1244 4808 1508 4857 saturatos
1546 4799 1839 4869 plenosque

258 4911 472 4958 ructare
512 4899 665 4974 (Luc.
697 4914 869 4964 ινιιι,
900 4895 1119 4967 10-14);
1163 4893 1289 4964 quid
1333 4893 1412 4948 eis
1440 4890 1658 4962 prodest
1696 4886 1840 4958 quod

259 4994 515 5051 adversus
556 4991 910 5055 Maniehmos,
959 4987 1047 5057 qui
1090 4984 1355 5056 Baptisma
1409 4982 1715 5046 destruunt,
1754 4977 1840 5032 isti

258 5088 476 5151 dicunt,
509 5104 528 5137 ι
558 5082 829 5154 Baptismo
867 5078 1096 5150 perfecte
1124 5075 1368 5131 homines
1392 5071 1662 5138 innovari,
1693 5088 1712 5122 ι
1759 5076 1843 5124 at-

259 5192 371 5246 que
396 5177 463 5230 ad
489 5175 593 5229 hoc
610 5172 851 5243 Apostoli
878 5169 1131 5224 adhibent
1154 5164 1513 5222 testimonium
1532 5205 1546 5228 ,
1579 5180 1598 5213 ‹
1628 5159 1715 5232 qui
1748 5168 1843 5228 per

262 5269 532 5322 lavacrum
560 5280 711 5336 aqua:
753 5261 1044 5318 Ecclesium
1070 5258 1138 5313 de
1171 5256 1416 5329 gentibus
1453 5261 1690 5308 sanctam
1727 5248 1845 5304 ﬁeri

260 5358 765 5424 immaculatamque
805 5360 1026 5408 testatur
1053 5368 1074 5403 ι
1102 5348 1318 5421 (Ephes.
1347 5362 1380 5401 v
1399 5380 1415 5413 ,
1444 5344 1571 5416 26);
1602 5356 1722 5397 cum
1750 5353 1847 5394 su-

265 5450 438 5519 perbo
481 5462 640 5504 sensu
686 5455 845 5516 atque
871 5456 1121 5516 perverso
1149 5448 1334 5497 contra
1376 5438 1643 5494 orationes
1679 5432 1847 5505 ipsius

344 5638 359 5668 ¹
385 5636 519 5693 editi,
553 5636 828 5696 acceperat._
857 5631 1022 5696 Aptius
1052 5636 1192 5696 Iussa,
1224 5623 1522 5696 acceperit“
1643 5695 1648 5696 ί
1705 5681 1821 5696 ___..

342 5698 365 5728 ²
384 5684 519 5755 Editi,
541 5708 651 5745 cum
668 5684 907 5765 'gratuita:
927 5698 982 5742 Et
1008 5689 1148 5752 infra,
1172 5684 1361 5755 "gratim
1384 5684 1673 5751 largitorem.
1702 5684 1849 5733 casti-

269 5768 454 5819 gantur
475 5770 536 5806 ex
561 5762 908 5818 manuscripts.

3365 314 3472 372 622

1897 423 2147 480 Ecclesia:
2174 439 2299 481 suas
2324 432 2571 481 exserant
2594 424 3016 497 disputationes?
3039 426 3151 484 Iloc
3180 427 3324 482 enim
3347 444 3468 498 pro-

1897 526 2078 586 pterea
2132 516 2345 583 dicunt,
2375 526 2431 572 ut
2481 516 2725 573 credatur
2774 518 3009 574 Ecclesia
3053 527 3174 589 post
3223 527 3465 576 sanctum

1898 604 2251 675 Baptismum,
2285 607 2338 661 in
2368 623 2471 678 quo
2498 606 2555 661 ﬁt
2578 609 2811 662 omnium
2842 609 3083 664 remissio
3110 620 3470 680 peccatorum,

1900 696 2121 752 ulterius
2158 714 2263 753 non
2310 700 2503 755 habere
2552 710 2825 770 peccatum
2868 717 3031 756 zeum
3076 702 3331 759 adversus
3375 718 3471 760 eos

1900 788 1986 843 illa
2010 804 2040 843 a
2070 790 2198 845 solis
2218 798 2336 846 ortu
2358 805 2521 860 usque
2549 791 2613 846 ad
2644 808 2887 846 occasum
2909 794 3151 849 onmibus
3177 794 3285 849 suis
3306 810 3473 849 mem-

1899 879 2011 935 bris
2048 881 2242 936 clamet
2286 880 2352 935 ad
2398 880 2593 947 Deum,
2644 881 2853 936 Dimitte
2898 884 3039 938 nobis
3091 883 3256 937 debita
3302 895 3473 939 nostra

1902 964 2113 1045 (Matth.
2158 988 2208 1026 vi
2231 1013 2246 1035 ,
2295 970 2403 1042 12).
2435 971 2568 1038 Quid
2588 1012 2604 1036 ,
2633 971 2773 1041 quod
2815 972 2974 1028 etiam
3002 973 3019 1006 ⁸
3046 972 3113 1027 de
3158 990 3215 1029 se
3264 974 3390 1043 ipsis
3421 976 3473 1028 in

1904 1062 2001 1118 hac
2029 1077 2187 1116 causa
2233 1062 2277 1116 si
2326 1061 2751 1131 interrogentur,
2798 1062 2921 1131 quid
2967 1063 3323 1131 respondeant
3370 1080 3476 1120 non

1902 1153 2211 1209 inveniunt?
2233 1153 2287 1209 Si
2316 1154 2456 1208 enim
2485 1153 2716 1209 dixerint
2741 1170 2797 1207 se
2815 1168 2918 1208 non
2942 1153 3135 1208 habere
3162 1166 3432 1225 peccatum
3459 1174 3471 1207 :

1902 1246 2190 1315 reSpondet
2229 1246 2308 1300 eis
2336 1246 2600 1309 Joannes,
2631 1244 2773 1314 quod
2815 1259 2875 1299 se
2918 1246 3059 1315 ipsos
3096 1244 3395 1315 decipiant,
3425 1253 3477 1300 et

1902 1338 2098 1393 veritas
2126 1337 2177 1391 in
2204 1336 2282 1391 eis
2306 1351 2410 1391 non
2452 1337 2522 1390 sit
2550 1334 2595 1409 (l
2636 1335 2791 1390 Joan.
2821 1351 2871 1398 ι,
2899 1334 2979 1406 8).
3009 1335 3065 1391 Si
3092 1345 3268 1390 autem
3307 1337 3478 1391 conli-

1905 1434 2081 1483 tentur
2111 1435 2322 1495 peccata
2348 1440 2476 1492 sua;
2508 1441 2627 1481 cum
2675 1442 2734 1481 se
2777 1426 2941 1480 velint
2964 1440 3085 1482 esse
3108 1426 3304 1480 Christi
3357 1441 3478 1481 cor-

1906 1517 2050 1587 poris
2092 1517 2365 1583 membra,
2412 1517 2676 1587 quomodo
2726 1517 2827 1572 erit
2876 1517 3003 1571 illud
3053 1532 3273 1586 corpus,
3306 1517 3358 1571 id
3400 1526 3484 1573 est

1906 1608 2141 1664 Ecclesia
2162 1650 2176 1675 ,
2204 1608 2256 1662 in
2284 1609 2386 1664 isto
2432 1607 2606 1664 adhuc
2634 1616 2871 1679 tempore
2901 1608 3131 1679 perfecte
3156 1611 3199 1677 ',
3233 1609 3368 1664 sicut
3396 1608 3483 1664 isti

1906 1702 2152 1773 sapiunt,
2191 1700 2309 1757 sine
2359 1702 2566 1757 macula
2611 1710 2665 1757 et
2710 1717 2868 1773 ruga,
2897 1702 3047 1771 cujus
3094 1703 3331 1758 membra
3376 1718 3484 1758 non

1904 1793 2235 1850 mendaciter
2260 1795 2583 1849 conlitentur
2626 1810 2686 1849 se
2727 1793 2926 1850 habere
2963 1796 3211 1864 peccata?
3239 1795 3483 1866 Quapro-

1908 1893 2025 1954 pter
2048 1892 2103 1940 et
2137 1885 2190 1940 in
2217 1884 2543 1955 Baptismate
2579 1885 2914 1940 dimittuntur
2939 1896 3126 1942 cuncta
3154 1896 3367 1956 peccata
3388 1929 3402 1950 ,
3431 1895 3487 1942 et

1909 1989 2006 2046 per
2034 1976 2206 2045 ipsum
2236 1976 2502 2032 lavacrum
2529 1991 2679 2047 aqua:
2708 1977 2761 2030 in
2786 1977 2952 2032 verbo
2974 1977 3251 2033 exhibetur
3273 1976 3487 2033 Christo

1909 2065 2149 2131 Ecclesia
2193 2066 2309 2123 sine
2348 2067 2551 2122 macula
2593 2076 2649 2122 et
2690 2081 2820 2137 ruga
2849 2066 3063 2138 (Ephes.
3107 2084 3171 2133 v,
3197 2068 3312 2139 27).
3353 2069 3488 2135 Quia

1910 2158 2013 2214 nisi
2072 2166 2217 2213 esset
2265 2158 2527 2228 baptizata
2551 2199 2566 2224 ,
2620 2157 2946 2213 infructuose
2997 2157 3232 2227 diceret,
3280 2158 3491 2215 Dimitte

1911 2250 2056 2305 nobis
2104 2250 2270 2306 debita
2320 2258 2491 2305 nostra
2517 2266 2536 2305 :
2563 2249 2734 2306 donec
2770 2249 3087 2320 perducatur
3121 2250 3187 2306 ad
3229 2250 3485 2321 gloriam,

1882 2340 2002 2410 _ubi
2030 2340 2080 2395 ei
2110 2339 2395 2411 perfectius
2425 2341 2566 2396 nulla
2593 2341 2717 2396 insit
2738 2341 2942 2397 macula
2973 2351 3027 2397 et
3054 2356 3204 2413 ruga.

1987 2432 2076 2489 i8.
2110 2452 2131 2486 ι
2169 2433 2235 2487 Et
2255 2431 2509 2502 Spiritum
2536 2440 2780 2489 sanetum
2812 2450 2833 2485 ι
2865 2431 3131 2488 fatendum
3160 2441 3244 2488 est
3271 2449 3293 2485 ι
3329 2432 3490 2488 etiam

1915 2523 2145 2594 antiquis
2171 2524 2495 2592 temporibus
2526 2539 2546 2576 ι
2579 2518 2684 2579 non
2710 2524 2885 2579 solum
2916 2541 2937 2576 ι
2972 2531 3179 2580 mentes
3204 2523 3373 2580 bonas
3397 2526 3493 2579 ad-

1910 2615 2148 2686 juvisse,
2181 2632 2201 2669 ι
2232 2617 2375 2687 quod
2409 2625 2465 2673 et
2510 2616 2597 2671 isti
2638 2616 2856 2683 volunt;
2904 2626 3088 2671 verum
3131 2615 3291 2671 etiam
3327 2615 3495 2672 bonas

1917 2720 2009 2762 eas
2034 2704 2225 2761 fecisse
2244 2746 2258 2770 ,
2287 2706 2426 2776 quod
2455 2706 2661 2761 nolunt.
2693 2723 2714 2758 ι
2741 2706 2940 2763 Omnes
2966 2720 3177 2777 quoque
3200 2706 3497 2777 Prophetas

1916 2804 1972 2852 et
1999 2797 2284 2867 Apostolus
2307 2798 2390 2853 vel
2433 2807 2645 2853 sanctos
2669 2805 2725 2853 et
2759 2797 3095 2869 evangelicos
3125 2807 3182 2854 et
3206 2796 3453 2869 antiquos
3473 2834 3490 2866 ,

1918 2888 2109 2957 quibus
2134 2889 2277 2944 Deus
2302 2889 2659 2945 testimonium
2686 2889 2960 2960 perhibet,
2990 2905 3097 2945 non
3126 2890 3181 2945 in
3210 2905 3491 2961 comparas

1921 2981 2064 3035 tione
2084 2981 2483 3047 sceleratorum,
2510 2980 2604 3036 sed
2618 2980 2800 3051 regula
2816 2982 3065 3036 virtutum
3078 2982 3252 3051 justos
3277 2981 3456 3048 fuisse,
3472 3000 3490 3035 ο

1919 3087 2026 3128 ιιοιι
2055 3071 2272 3128 dubium
2299 3081 2413 3137 est;
2436 3071 2576 3141 quod
2612 3071 2894 3128 adversum
2921 3079 3003 3126 est
3040 3071 3344 3128 Manichaeis
3363 3113 3378 3139 ,
3406 3071 3498 3141 qui

1920 3162 2253 3218 Patriarchas
2302 3161 2701 3231 Prophetasque
2739 3161 3108 3231 blasphemant
3158 3177 3174 3216 :
3219 3161 3313 3217 sed
3355 3161 3500 3233 quod

1922 3253 2204 3309 adversum
2230 3260 2314 3309 est
2356 3261 2411 3309 et
2438 3252 2734 3323 Pelagianis
2754 3293 2771 3320 ,
2798 3251 3107 3322 interrogati
3135 3266 3323 3308 omnes
3347 3252 3415 3307 de
3439 3267 3501 3308 so

1924 3347 2053 3414 ipsis
2078 3361 2198 3402 cum
2226 3346 2277 3401 in
2306 3346 2406 3402 hoc
2432 3360 2656 3416 corpore
2674 3344 2966 3415 degerent,
2997 3358 3098 3399 una
3118 3358 3249 3400 voce
3274 3358 3501 3399 cuneor—

1925 3440 2141 3496 dissima
2194 3438 2616 3509 responderent,
2669 3438 2730 3492 Si
2779 3437 3053 3491 dixerimus
3088 3436 3208 3504 quia
3243 3444 3504 3506 peccatum

1927 3550 2027 3589 non
2053 3532 2290 3586 habemus
2307 3564 2325 3598 ,
2346 3546 2437 3585 nos
2460 3530 2596 3600 ipsos
2620 3528 2902 3583 seducimus
2921 3567 2936 3593 ,
2979 3537 3029 3582 et
3060 3527 3242 3582 veritas
3280 3527 3333 3581 in
3362 3527 3504 3581 nobis

1928 3644 2027 3682 non
2055 3634 2131 3680 est
2154 3624 2197 3695 (Ι
2229 3623 2458 3689 Joan.t,
2485 3622 2565 3692 8).
2602 3639 2622 3673 ι
2661 3621 2715 3675 In
2762 3621 2938 3674 futuro
2961 3626 3137 3674 autem
3176 3627 3442 3688 tempore,
3477 3636 3500 3671 ι

1928 3716 2228 3789 negandum
2279 3730 2384 3769 non
2411 3723 2522 3779 est,
2560 3729 2579 3765 ι
2615 3711 2917 3766 mercedem
2963 3718 3214 3765 essetam
3243 3708 3505 3764 bonorum

1929 3824 2151 3879 operum
2176 3821 2333 3877 quam
2359 3806 2651 3867 malorum;
2677 3811 2732 3857 et
2759 3801 2956 3857 nemini
2987 3800 3200 3870 praecipi
3221 3842 3235 3864 ,
3263 3813 3382 3870 qum
3421 3800 3507 3855 hic

1931 3899 2344 3968 contempserit,
2376 3897 2482 3952 illic
2525 3894 2771 3953 mandata
2814 3892 3068 3962 perficere
3098 3900 3113 3944 :
3153 3909 3172 3944 ι
3203 3890 3296 3947 sed
3334 3889 3507 3962 picnze

1927 3994 2146 4066 justitiie
2181 3990 2510 4047 saturitatem
2532 3987 2575 4051 ⁸.
2604 3987 2692 4041 ubi
2731 3990 3003 4055 peccatum
3029 3997 3147 4039 esse
3169 3997 3276 4036 non
3303 3982 3504 4052 possit,

1933 4103 2051 4159 qum
2077 4085 2164 4141 hic
2210 4100 2240 4138 a
2286 4082 2483 4138 sanctis
2506 4079 2740 4137 esuritur
2781 4086 2835 4133 et
2871 4077 3080 4143 sititur,
3110 4074 3199 4131 hic
3222 4075 3422 4145 sperari
3452 4074 3505 4129 in

1936 4190 2220 4252 prmcepto,
2249 4178 2318 4234 ibi
2343 4175 2542 4247 percipi
2582 4174 2636 4229 in
2661 4172 2909 4243 prmmio,
2932 4170 3285 4241 eleemosynis
3309 4176 3363 4223 et
3383 4182 3509 4223 ora-

1934 4272 2167 4329 tionibus
2192 4266 2631 4339 impetrantibus,
2663 4271 2721 4318 ut
2745 4260 2886 4334 quod
2914 4261 3000 4315 hic
3026 4260 3202 4315 minus
3237 4258 3508 4327 impletum

1937 4364 2095 4428 fuerit
2133 4361 2509 4416 mandatorum
2531 4355 2622 4411 ﬁat
2647 4353 2959 4425 impunitum
2997 4362 3092 4423 per
3133 4348 3508 4420 indulgentiam

1936 4460 2297 4527 peccaturum-

2011 4544 2101 4600 19.
2126 4542 2255 4610 Qua:
2279 4554 2398 4595 eum
2423 4538 2495 4592 ita
2521 4536 2628 4592 sint
2645 4574 2660 4598 ,
2691 4534 2935 4590 desinant
2976 4530 3249 4601 Pelagiani
3278 4530 3513 4601 quinque

1940 4638 2160 4692 istarum
2188 4645 2364 4709 rerum
2391 4621 2844 4683 insidiosissimis‘
2869 4618 3129 4685 laudibus,
3153 4618 3207 4675 id
3230 4626 3332 4686 est,
3360 4618 3515 4674 laude

1941 4731 2232 4784 creatum,
2277 4705 2432 4773 laude
2471 4714 2807 4785 nuptiarum,
2836 4710 2989 4766 laude
3038 4709 3203 4779 legis,
3251 4705 3405 4762 laude
3454 4707 3519 4763 li-

1941 4817 2055 4874 beri
2084 4812 2318 4877 arbitrii,
2362 4809 2520 4867 laude
2564 4814 2904 4871 sanctorum,
2950 4802 3100 4874 quasi
3139 4816 3169 4857 a
3197 4800 3518 4857 Manichaeo-

1942 4925 2060 4966 rum
2105 4904 2387 4962 tendiculis
2431 4903 2630 4972 ﬁngere
2666 4915 2726 4956 se
2766 4897 3010 4953 homines
3034 4894 3174 4952 velle
3214 4909 3434 4960 eruere,
3460 4903 3520 4948 ut

1945 4999 2149 5071 possint
2172 5011 2266 5051 eos
2291 4994 2399 5049 suis
2427 4991 2628 5046 retibus
2653 4984 2928 5058 implicare
2956 5004 2970 5040 :
3003 4985 3055 5040 id
3100 4992 3211 5052 est,
3238 4996 3295 5039 ut
3320 4990 3521 5054 negent

1947 5089 2202 5161 originale
2232 5089 2506 5157 peccatum
2524 5125 2538 5146 ,
2570 5091 2625 5138 et
2650 5080 2879 5152 parvulis
2903 5078 3171 5134 invideant
3194 5075 3387 5134 Christi
3416 5090 3523 5130 me-

1948 5182 2050 5239 dici
2078 5177 2365 5241 auxilium;
2412 5184 2469 5232 et
2510 5182 2565 5228 ut
2609 5172 2816 5236 dicant,
2847 5170 3065 5241 gratiam
3100 5167 3194 5223 Dei
3231 5164 3521 5223 secundum

1950 5273 2136 5330 merita
2167 5276 2345 5324 nostra
2374 5265 2518 5330 dari,
2544 5277 2606 5318 ac
2637 5262 2715 5318 sic
2751 5262 2918 5331 gratia
2954 5260 3063 5329 jam
3109 5272 3214 5313 non
3260 5258 3326 5312 sit
3353 5257 3523 5326 gratia

2015 5429 2032 5460 ι
2054 5423 2260 5474 Vaticani
2281 5426 2409 5478 Mss,
2433 5418 2613 5466 clamet
2641 5411 2707 5478 ad
2756 5409 3006 5463 Dominum
3022 5443 3038 5471 ,
3065 5405 3256 5458 Dimitte
3283 5404 3416 5459 nobis
3438 5405 3525 5458 de-

1954 5488 2052 5541 bita
2072 5490 2249 5537 nostra.
2275 5480 2362 5543 Qui
2385 5476 2579 5543 quidem
2601 5476 2762 5543 etiam.

2017 5553 2037 5583 ²
2069 5550 2143 5598 Sic
2161 5554 2266 5595 Mss.
2287 5538 2349 5592 ‘At
2369 5538 2483 5592 editi
2502 5576 2516 5595 ,
2543 5538 2773 5601 perfecta.
2848 5592 2877 5601 L
2920 5599 2927 5601 Α
3149 5590 3161 5601 _
3322 5588 3333 5600 ο

2021 5612 2041 5643 ³
2070 5590 2346 5670 Elidis—ed—
2370 5590 2513 5670 plane
2544 5590 2686 5649 istdm
2708 5592 3037 5670 saturitatem;
3068 5590 3243 5642 omisso
3261 5626 3274 5653 ,
3305 5590 3528 5654 jnstititc.

1957 5663 2232 5724 Restituitur
2249 5663 2386 5730 locus
2406 5663 2465 5730 ad
2490 5663 2855 5730 manpsqiptos
2883 5716 2895 5726 _

2024 5717 2149 5781 {sic
2163 5717 2274 5780 Mss.
2308 5728 2426 5775 mliti
2447 5735 2585 5781 vero,
2608 5717 3004 5770 inridiosissimis.
