3984 6520
451 372 555 428 6'23

452 488 626 561 (Rom.
641 503 714 550 XI,
733 486 810 554 6);
829 493 879 538 ct
895 491 947 536 ut
963 481 1140 536 dicant
1158 491 1368 535 sanctos
1392 480 1442 533 in
1464 479 1562 533 hac
1578 478 1680 532 vita
1699 492 1802 531 non
1823 475 2032 530 habuis-

450 596 510 635 se
530 589 822 648 peccatum,
846 590 907 628 ac
923 575 999 628 sic
1019 583 1301 626 cvacuetur
1321 571 1490 625 oratio
1509 570 1525 600 ⁸
1541 584 1696 639 quam
1715 568 1910 622 sanctis
1936 576 2031 620 tra-

452 670 684 738 diditqui
709 682 810 720 non
853 664 1078 718 habebat
1111 671 1404 732 peccatum,
1441 670 1496 715 et
1538 675 1632 728 per
1651 675 1806 728 quem
1835 657 2029 712 sanctis

452 761 724 815 orantibus
743 754 1020 810 dimittitur
1041 767 1198 807 omne
1215 763 1506 821 peccatum.
1527 749 1604 803 Ad
1633 748 1744 802 hmc
1770 749 1868 801 tria
1895 747 2030 800 mala

453 849 695 904 homines
717 846 956 899 incautos
977 853 1030 898 ct
1048 841 1339 896 ineruditos
1367 841 1598 910 quinque
1624 838 1832 892 illorum
1861 837 2030 890 hono-

451 954 570 994 rum
600 935 930 990 frauduleuta
961 933 1116 988 laude
1141 931 1417 987 seducunt.
1449 931 1524 984 De
1553 929 1744 999 quibus
1781 927 2030 981 omnibus

452 1030 578 1083 satis
608 1042 692 1082 me
717 1026 962 1080 cxisrimo
988 1023 1326 1092 respondisse
1348 1037 1531 1076 eorum
1547 1019 1939 1075 crudelissima:
1979 1027 2032 1073 et

452 1120 776 1190 impiissima:
807 1126 858 1172 et
887 1116 1278 1187 superbissima:
1304 1113 1540 1166 vanitati.

522 1209 749 1266 CAPUT
797 1209 930 1263 Vill.
961 1237 1033 1248 -—
1058 1205 1148 1261 20.
1184 1204 1488 1260 Testimonia
1530 1211 1746 1256 veterum
1793 1201 2032 1258 adversus

454 1303 778 1374 Pelagianos.
795 1300 896 1356 Sed
917 1299 1164 1369 quoniam
1185 1297 1384 1360 dicunt,
1411 1313 1436 1346 ι
1467 1293 1712 1348 Inimicos
1741 1307 1866 1346 suos
1890 1293 2030 1347 dicta

454 1403 637 1449 nostra
663 1392 714 1446 in
743 1390 976 1444 veritatis
1005 1388 1182 1442 odium
1207 1385 1506 1454 suscepisse
1525 1423 1540 1450 ,
1583 1394 1637 1437 ct
1671 1391 1782 1437 toto
1825 1383 2032 1452 penitus

455 1481 744 1538 Occidente
773 1495 876 1536 nou
907 1480 1080 1533 minus
1108 1477 1325 1532 stultum
1365 1491 1526 1545 quam
1574 1475 1793 1544 impium
1841 1474 2032 1542 dogma

455 1586 577 1628 esse
603 1579 926 1639 susceptum,
950 1577 1004 1623 et
1032 1565 1359 1639 simplicibus
1384 1565 1646 1634 episcopis
1675 1565 1789 1619 sine
1814 1579 2034 1634 congre-

454 1659 667 1731 gatione
693 1659 880 1731 synodi
909 1658 960 1712 in
993 1657 1122 1712 locis
1150 1655 1260 1710 suis
1287 1654 1591 1710 sedentibus
1613 1654 1676 1706 ad
1700 1653 1800 1708 hoc
1828 1653 2031 1708 confir-

457 1751 707 1806 mandum
742 1749 1184 1818 subscriptionem
1205 1755 1500 1818 queruntur
1529 1754 1823 1811 extortam;
1851 1764 1878 1797 τ
1911 1761 2032 1800 cum

459 1843 633 1912 potius
659 1857 842 1896 eorum
861 1839 1106 1910 profanas
1133 1852 1320 1892 vocum
1347 1837 1603 1891 novitates
1629 1836 1668 1906 (l
1690 1835 1823 1890 Tim.
1849 1834 2031 1909 v1.20)

458 1931 696 1986 Ecclesia
720 1928 912 1984 Christi
929 1937 985 1982 et
1008 1925 1346 1982 occidentalis
1368 1935 1421 1980 et
1439 1926 1712 1980 orientalis
1736 1925 2029 1979 horruerit:

457 2021 526 2078 ad
549 2037 726 2077 curam
745 2029 977 2076 nostram
993 2019 1242 2075 existimo
1270 2017 1551 2086 pertinere,
1578 2031 1680 2070 non
1705 2017 1872 2072 solum
1894 2015 2034 2072 Scri-

459 2125 648 2184 pturas.
660 2121 870 2167 sanctas
884 2111 1164 2166 canonicas
1184 2109 1438 2164 adversus
1461 2123 1556 2163 eos
1576 2117 1736 2164 testes
1757 2107 2029 2174 adhibere,

457 2204 602 2274 quod
636 2205 746 2274 jam
776 2203 904 2257 satis
941 2201 1196 2267 fecimus;
1227 2215 1408 2255 verum
1439 2199 1604 2254 etiam
1633 2199 1700 2254 de
1727 2207 2033 2254 sanctorum

458 2296 682 2360 litteris,
709 2293 794 2364 qui
822 2308 914 2349 cas
939 2301 1062 2347 ante
1089 2307 1186 2347 nos
1213 2291 1349 2345 fama
1375 2291 1719 2346 celeberrima
1751 2299 1805 2345 et
1835 2290 2032 2360 ingenti

457 2389 622 2460 gloria
646 2394 1036 2448 tractaverunt,
1064 2385 1238 2454 aliqua
1269 2383 1584 2437 documenta
1615 2381 1852 2452 proferre
1879 2399 1891 2434 :
1925 2397 2029 2436 non

457 2493 564 2550 quo
591 2477 858 2534 canonicis
885 2476 1056 2530 Libris
1081 2489 1109 2528 a
1139 2474 1290 2528 nobis
1312 2475 1470 2528 ullius
1496 2473 1837 2542 disputatoris
1857 2488 2035 2543 teque-

461 2582 547 2625 tur
570 2569 856 2624 auctoritas
878 2608 893 2631 ,
920 2576 1168 2636 tanquam
1200 2561 1418 2619 omnino
1445 2581 1549 2618 non
1579 2565 1813 2634 sitquod
1844 2566 2034 2620 melius

455 2675 554 2716 seu
580 2660 755 2714 verius
778 2658 845 2714 ab
871 2657 1049 2728 aliquo
1076 2656 1367 2722 catholico,
1411 2671 1568 2726 quam
1600 2656 1667 2710 ab
1706 2657 1812 2710 alio
1855 2656 2032 2710 itidem

460 2751 722 2805 catholico
749 2749 1042 2814 sentiatur;
1069 2747 1164 2803 sed
1207 2755 1262 2800 ut
1289 2747 1696 2810 admoneantur,
1727 2748 1816 2817 qui
1852 2755 2036 2816 putant

459 2843 592 2896 istos
619 2840 814 2910 aliquid
837 2839 1034 2903 dicere,
1061 2837 1506 2907 quemadmodum
1539 2836 1711 2891 dehis
1733 2839 1892 2892 rebus
1911 2845 2033 2893 ante

461 2945 596 2986 nova
641 2931 862 2985 istorum
889 2929 1185 2998 vaniloquia
1205 2969 1220 2994 ,
1251 2927 1492 2982 catholici
1538 2929 1802 2983 antistites
1829 2929 2035 3000 eloquia

461 3023 636 3078 divina
665 3022 834 3076 secuti
865 3021 1000 3086 sint;
1033 3029 1087 3075 et
1114 3024 1283 3074 sciant
1319 3035 1349 3074 a
1377 3021 1530 3076 nobis
1559 3029 1760 3075 rectam
1801 3030 1854 3076 et
1892 3025 2036 3077 anti-

459 3117 637 3185 quitus
667 3113 933 3167 fundatam
961 3111 1270 3166 catholicam
1299 3111 1454 3165 fidem
1491 3111 1748 3166 adversus
1774 3112 2033 3167 receden-

461 3213 569 3258 tem
599 3202 998 3272 Pelagianorum
1027 3200 1397 3256 haareticorum
1429 3199 1892 3270 praesumptionem
1914 3216 2036 3271 per-

464 3294 764 3361 niciemque
785 3289 1026 3347 defendi.

530 3386 621 3444 ﬁt.
653 3383 1022 3438 Deatissimum
1041 3423 1056 3449 ,
1088 3397 1284 3438 corona
1311 3383 1468 3437 etiam
1495 3382 1734 3454 martyrii
1765 3383 2037 3453 gloriosis-

458 3477 654 3535 simum
669 3475 1015 3546 Cyprianum,
1037 3489 1134 3529 nec
1161 3474 1422 3528 Africanis
1442 3483 1600 3544 atque
1621 3475 2037 3534 occidentalibus

463 3578 684 3632 tantum,
703 3583 898 3634 verum
925 3576 978 3622 et
1003 3567 1351 3621 orientalibus
1373 3566 1644 3631 Ecclesiis,
1673 3565 1811 3622 fama
1841 3567 2037 3636 prmdi-

462 3669 618 3716 caute
643 3669 700 3715 et
724 3659 920 3730 scripta
947 3659 1062 3728 ejus
1091 3658 1247 3728 longe
1275 3659 1482 3728 lateque
1513 3658 1838 3714 diffundente
1866 3661 2037 3716 notis-

462 3752 676 3818 simum,
699 3751 857 3806 etiam
881 3751 992 3820 ipse
1014 3749 1392 3804 hzoresiarchcs
1413 3751 1632 3804 istorum
1653 3751 1898 3822 Pelagius
1917 3767 2040 3808 cum

463 3845 645 3900 debito
664 3852 810 3900 certe
839 3843 1043 3898 honore
1065 3849 1466 3907 commemorat,
1497 3841 1584 3896 ubi
1612 3843 2035 3898 testimoniorum

466 3933 662 3988 librum
693 3933 930 3988 scribens
954 3973 970 3998 ,
999 3948 1122 3988 eum
1159 3948 1220 3988 se
1255 3934 1446 3986 asserit
1473 3933 1698 3998 imitari,
1735 3952 1756 3985 ς
1791 3933 1890 3989 hoc
1919 3951 1976 3989 se
2011 3953 2034 3988 ι

465 4025 648 4080 dicens
679 4043 698 4077 ι
731 4024 904 4078 facere
931 4023 999 4078 ad
1037 4023 1368 4085 Romanum,
1416 4021 1554 4092 quod
1599 4023 1689 4078 ille
1733 4023 1929 4079 fecerat
1973 4024 2039 4080 ad

465 4113 762 4182 Quirinum.
793 4132 814 4165 ι
839 4111 1121 4167 Videamus
1141 4126 1268 4181 ergo
1293 4111 1416 4180 quid
1437 4112 1504 4166 de
1526 4113 1764 4181 originali
1797 4122 2036 4184 peccato,

465 4203 604 4272 quod
639 4218 731 4272 per
757 4218 916 4256 unum
945 4201 1213 4256 hominem
1248 4201 1462 4255 intravit
1489 4202 1538 4256 in
1573 4203 1829 4257 mundum
1857 4203 2033 4275 (Rom.

465 4307 521 4358 ν,
551 4293 679 4362 12),
722 4293 946 4347 senserit
973 4291 1288 4361 Cyprianus.
1327 4291 1384 4345 lu
1423 4293 1646 4361 epistola
1685 4294 1752 4349 de
1777 4294 1947 4365 Opere
1985 4304 2040 4351 et

425 4439 428 4442 Α
468 4381 837 4452 Elecmosyuis
861 4381 932 4436 ita
961 4381 1191 4450 loquitur
1215 4398 1228 4434 :
1261 4399 1280 4432 ι
1309 4380 1442 4436 Cum
1469 4381 1724 4437 Dominus
1749 4383 2039 4442 adveniens

467 4484 710 4530 sanasset
738 4473 825 4528 illa
852 4489 967 4544 qua:
993 4473 1160 4527 Adam
1189 4481 1486 4542 portaverat
1511 4474 1749 4542 vulnera,
1766 4485 1820 4531 et
1839 4493 2040 4535 venena

467 4564 732 4634 serpentis
752 4565 965 4634 antiqua
981 4566 1002 4596 ⁹
1024 4573 1282 4630 curasset,
1306 4564 1474 4635 legem
1497 4565 1640 4620 dedit
1659 4581 1808 4633 sano,
1828 4578 1881 4623 et
1901 4583 2039 4638 pra:-

471 4655 614 4722 cepit
640 4669 706 4710 ne
735 4655 875 4708 ultra
895 4654 1005 4724 jam
1033 4663 1295 4725 peccaret,
1327 4669 1394 4710 ue
1413 4655 1540 4725 quid
1565 4659 1806 4728 peccanti
1827 4660 2042 4728 gravius

474 4745 752 4800 eveniret»
784 4744 959 4816 (Joan.
981 4762 1034 4810 ν,
1059 4746 1169 4816 14).
1203 4765 1222 4798 ι
1247 4747 1506 4802 Coarctati
1529 4763 1760 4817 eramus,
1787 4761 1842 4806 et
1865 4753 1916 4806 in
1943 4767 2046 4807 an-‘

473 4845 686 4906 gustum
707 4837 1024 4890 innocentia;
1044 4837 1440 4906 praescriptione
1457 4841 1686 4894 conclusi
1715 4858 1850 4896 :nec
1879 4843 2042 4899 habe-

473 4925 590 4982 ret'
606 4925 730 4995 quid
749 4925 1044 4996 fragilitatis
1060 4925 1302 4982 humana:
1330 4929 1606 4983 infirmitas
1625 4939 1781 4999 atque
1801 4932 2039 4988 imbecil—

472 5019 594 5073 litas
621 5017 852 5083 faceret,
897 5018 994 5072 nisi
1027 5019 1215 5072 iterum
1244 5018 1414 5088 pietas
1453 5019 1628 5074 divina
1679 5023 2000 5081 subveniens
2021 5067 2038 5094 ,

471 5107 686 5179 iustitiae
734 5115 790 5163 ct
835 5105 1214 5162 misericordias
1271 5109 1519 5176 0pcribus
1573 5112 1842 5178 ostensis,
1897 5115 2037 5172 viam

475 5196 751 5268 quamdam
785 5196 990 5251 tuendae
1015 5197 1197 5250 salutis
1221 5198 1484 5265 aperiret;
1515 5206 1572 5252 ut
1590 5200 1776 5256 sordes
1801 5213 2041 5272 postmo-

473 5289 595 5346 dum
626 5303 982 5360 quascumque
999 5287 1379 5348 coatrabimus.
1397 5288 1748 5360 clccmosynis
1765 5294 2041 5355 abluamus

473 5381 624 5452 (an.
658 5395 710 5435 xl
739 5419 752 5444 ,
799 5378 912 5448 41).
959 5378 1070 5432 lluc
1095 5378 1394 5432 testimonio
1429 5378 1557 5435 duas
1588 5380 1808 5436 istorum
1837 5384 2041 5442 falsita-

535 5555 549 5584 ¹
587 5549 746 5600 Gallic.
781 5559 906 5609 uss,
929 5550 1092 5601 ηεοώ
1113 5548 1383 5601 necessaria
1412 5549 1578 5601 oratio.

532 5615 552 5644 ³
585 5615 790 5670 sicam.
832 5619 906 5660 Er.
933 5619 1107 5662 etmss.
1129 5611 1350 5662 Gallicani
1391 5625 1450 5662 ac
1489 5613 1712 5663 Vaticani.
1751 5623 1808 5667 At
1850 5623 1959 5668 Lor.
1986 5627 2038 5670 et

467 5683 589 5736 nova
613 5669 756 5736 editio
777 5674 1006 5736 typriani,
1041 5671 1238 5736 antiqui.

536 5735 554 5766 ³
589 5734 717 5794 Apud
741 5733 822 5783 Er.
839 5733 888 5784 et
911 5742 1040 5798 ltov.,
1062 5733 1276 5785 habebat.
1303 5742 1354 5785 In
1378 5735 1512 5785 libris
1533 5733 1655 5798 aliis,
1681 5735 1884 5790 haberet.

1071 367 1336 421 CONTRA
1381 361 1557 421 DUAS
1597 358 1965 417 EPISTOLAS
2005 357 2559 424 PELAGIANORUM,
2601 359 2659 416 S.
2703 358 3068 418 AUGUSTINI

3597 362 3709 419 624

2135 482 2214 529 tes
2260 477 2408 530 testis
2455 476 2552 531 iste
2596 476 2900 548 redarguit‘
2937 493 3174 548 :unam,
3201 493 3304 552 qua
3347 479 3527 534 dicunt
3569 479 3708 534 nihil

2135 564 2380 620 vitiorum
2407 581 2469 621 ex
2497 565 2663 620 Adam
2691 565 2902 622 trahere
2929 583 3096 639 genus
3125 569 3435 635 humanum,
3463 570 3604 640 quod
3635 573 3708 626 sit

2134 656 2422 712 curandum
2451 657 2848 728 sanandumquc
2877 674 2970 730 per
2991 659 3260 716 Christum
3285 677 3299 725 ;
3328 660 3571 725 alteram,
3601 673 3710 731 qua

2134 745 2316 801 dicunt
2339 746 2539 800 nullum
2569 754 2689 816 post
2713 747 3038 816 Baptismum
3064 757 3275 804 sanctos
3295 748 3492 804 habere
3518 759 3712 819 pecca-

2136 843 2267 890 tum.
2297 836 2525 891 Rursum
2551 837 2603 891 in
2633 836 2819 892 eadem
2855 839 3078 907 epistola
3104 853 3118 894 :
3149 858 3168 892 ι
3196 839 3365 894 Ponat
3386 880 3401 906 ,
3445 858 3464 892 ι
3499 841 3710 912 inquit,

2139 943 2160 978 ί
2191 925 2549 996 unusquisque
2589 935 2714 982 ante
2747 927 2930 981 oculos
2969 928 3412 984 suosdiabolum
3442 945 3562 985 cum
3593 934 3713 988 suis

2135 1016 2320 1082 servis,
2345 1015 2396 1070 id
2426 1024 2506 1071 est
2530 1031 2648 1070 eum
2691 1016 2888 1086 populo
2932 1017 3244 1086 perditionis
3290 1033 3354 1074 ac
3393 1023 3582 1076 mortis
3605 1063 3620 1088 ,
3655 1022 3710 1076 in

2136 1107 2365 1162 medium
2396 1109 2659 1178 prosilire,
2690 1111 2896 1179 plebem
2921 1112 2942 1142 '
2971 1110 3164 1166 Chris'ti
3191 1121 3455 1182 praasente
3479 1127 3542 1168 ac
3563 1113 3712 1184 judi-

2135 1206 2289 1252 caute
2319 1198 2434 1268 ipso
2464 1201 2873 1270 comparationis
2903 1203 3146 1257 examine
3189 1213 3483 1271 provocare
3519 1205 3716 1261 dicen-

2138 1295 2271 1350 tem,
2303 1288 2415 1358 Ego
2454 1304 2552 1358 pro
2591 1290 2706 1345 istis
2727 1306 2868 1362 quos
2907 1305 3116 1348 mecum
3159 1291 3344 1360 vides,
3389 1307 3488 1351 nec
3531 1296 3719 1367 alapas

2136 1377 2331 1447 accepi,
2364 1394 2461 1433 nec
2491 1378 2695 1450 ﬂagella
2723 1382 2971 1450 sustinui,
2999 1397 3103 1438 nec
3127 1396 3339 1438 crucem
3370 1387 3580 1454 pertuli,
3609 1397 3717 1442 nec

2135 1469 2444 1538 sanguinem
2476 1468 2617 1538 fudi,
2647 1485 2746 1525 nec
2773 1471 3026 1526 familiam
3053 1487 3226 1528 meam
3254 1474 3424 1543 pretio
3449 1476 3722 1546 passionis

2136 1569 2190 1615 et
2217 1561 2420 1615 cruoris
2443 1561 2674 1626 redemi;
2707 1562 2801 1617 sed
2837 1577 2936 1618 nec
2959 1577 3180 1634 regnum
3217 1563 3294 1618 illi
3323 1565 3542 1622 cmleste
3585 1580 3720 1638 pro-

2136 1653 2308 1722 mitto,
2329 1668 2428 1709 nec
2443 1653 2508 1709 ad
2527 1655 2825 1724 paradisum
2845 1654 3092 1710 restituta
3119 1655 3516 1713 immortalitate
3535 1657 3722 1715 denuo

2135 1759 2347 1800 revoco.
2374 1764 2392 1798 ι
2415 1745 2790 1815 Respondeant
2814 1745 3108 1816 Pelagiani,
3137 1747 3349 1816 quando
3377 1747 3634 1806 fuerimus
3663 1751 3720 1806 in

2139 1835 2530 1890 immortalitate
2577 1835 2839 1904 paradisi,
2881 1845 2936 1890 et
2981 1835 3254 1906 quomodo
3295 1838 3417 1893 inde
3457 1839 3723 1896 fuerimus

2136 1925 2339 1993 expulsi
2359 1934 2461 1994 ,λιιι
2490 1940 2555 1979 eo
2589 1925 2783 1980 Christi
2814 1927 2982 1996 gratia
3011 1940 3340 1984 revocemur.
3359 1923 3438 1984 'Et
3471 1945 3595 1987 cum
3627 1933 3716 1987 in-

2137 2014 2318 2068 venire
2335 2013 2664 2083 nequiverint
2679 2015 2802 2086 quid
2815 2015 2905 2070 hic
2919 2031 3012 2086 pro
3028 2031 3120 2071 sua
3139 2017 3478 2087 perversitate
3491 2033 3725 2093 respon-

2136 2101 2323 2169 deant,
2351 2103 2624 2158 atteudant
2653 2105 3102 2175 quemadmodum
3130 2107 3451 2166 intellexerit
3485 2112 3720 2184 Cypria-

2136 2206 2235 2246 nus
2277 2193 2416 2262 quod
2455 2194 2525 2248 ait
2564 2194 2882 2263 Apostolus,
2928 2195 2996 2250 In
3037 2213 3136 2269 quo
3176 2215 3348 2254 omnes
3389 2213 3724 2272 pet-caverunt

2141 2281 2314 2352 (Rom.
2338 2300 2391 2349 ν,
2411 2284 2498 2354 12)
2528 2302 2542 2340 :
2565 2293 2617 2338 et
2643 2285 2906 2355 Pelagiani
2928 2287 3160 2344 hmretici
3185 2291 3308 2346 novi
3325 2293 3391 2348 dc
3407 2294 3726 2352 Manichmis

2136 2373 2401 2426 veteribus
2431 2373 2692 2430 haereticis
2733 2376 2866 2430 nulli
2911 2377 3172 2435 catholico
3215 2381 3444 2438 audeant
3481 2386 3724 2456 irrogare

2136 2463 2473 2531 calumniam,
2499 2479 2566 2520 ne
2597 2473 2699 2520 tam
2727 2467 3040 2522 sceleratam
3063 2469 3221 2525 etiam
3249 2475 3468 2545 martyri
3491 2467 3724 2548 antiquo

2137 2553 2398 2626 Cypriano
2417 2555 2599 2613 facere
2619 2558 2998 2633 convincuntur
3025 2559 3293 2630 injuriam.

2205 2644 2294 2698 22.
2327 2645 2438 2700 Hoc
2475 2647 2615 2701 enim
2643 2655 2697 2703 et
2738 2648 2790 2702 in
2817 2649 3037 2719 epistola
3058 2692 3072 2716 ,
3117 2652 3268 2722 cujus
3297 2653 3363 2710 de
3399 2655 3726 2716 Mortalitate

2138 2737 2318 2792 titulus
2348 2738 2668 2807 inscribitur,
2711 2741 2782 2795 ita
2819 2741 2986 2796 dicit:
3015 2761 3036 2794 ‹
3067 2743 3308 2814 Regnum
3345 2746 3478 2814 Dei,
3521 2748 3722 2806 fratres

2137 2829 2497 2896 dilectissimi,
2526 2847 2646 2888 esse
2673 2834 2835 2903 cepit
2863 2835 2916 2889 in
2945 2836 3217 2904 proximo,
3255 2840 3526 2907 praemium
3559 2843 3722 2912 vitae,

2139 2927 2194 2973 et
2211 2919 2458 2988 gaudium
2484 2922 2668 2977 salutis
2688 2931 2921 2989 aeternae,
2947 2931 3002 2979 et
3023 2934 3272 2995 perpetua
3287 2927 3490 2996 laetitia,
3515 2940 3570 2986 et
3585 2943 3728 3003 pos-

2138 3008 2306 3062 sessio
2337 3009 2562 3077 paradisi
2593 3026 2760 3081 nuper
2779 3013 2971 3068 amissa
2992 3055 3006 3082 ,
3041 3015 3236 3072 mundo
3267 3027 3577 3075 transeunte
3601 3020 3722 3090 jam

2141 3100 2376 3155 veniunt.
2409 3119 2427 3152 ›
2454 3102 2564 3156 Hoc
2603 3119 2786 3158 rursus
2831 3106 2882 3160 in
2920 3107 3104 3162 eadem
3131 3125 3148 3163 :
3179 3125 3202 3161 ι
3234 3109 3654 3181 Amplectamur,
3696 3133 3718 3168 ι

2141 3188 2332 3259 inquit,
2360 3207 2378 3241 ‹
2407 3191 2546 3246 diem
2577 3191 2664 3261 qui
2685 3193 2917 3264 assignat
2937 3196 3172 3266 singulos
3193 3197 3461 3255 domicilio
3481 3215 3598 3268 suo,
3623 3205 3724 3274 qui

2140 3293 2240 3334 nos
2266 3279 2458 3334 isthinc
2498 3289 2710 3352 ereptos
2747 3291 2800 3338 et
2842 3284 3043 3354 laqueis
3071 3289 3410 3344 smcularibus
3447 3293 3724 3350 exsolutos

2141 3370 2382 3439 paradiso
2409 3371 2648 3426 restituat
2671 3381 2725 3428 et
2753 3389 2935 3444 regno.
2971 3393 2990 3427 ι
3023 3375 3153 3432 Item
3181 3379 3232 3432 in
3261 3379 3484 3448 epistola
3511 3381 3578 3437 de
3605 3383 3719 3437 Pa-

2141 3461 2320 3515 tientia
2346 3479 2360 3515 :
2390 3479 2409 3513 ι
2443 3462 2536 3516 Dei
2561 3465 2819 3519 sententia
2847 3466 3128 3534 cogitetur,
3161 3487 3179 3520 ι
3209 3469 3396 3540 inquit,
3425 3489 3445 3523 ‹
3477 3487 3636 3542 quam
3666 3473 3724 3529 in

2140 3549 2341 3619 origine
2369 3552 2544 3605 statim
2570 3553 2752 3608 mundi
2773 3563 2826 3609 et
2845 3557 3056 3625 generis
3081 3558 3291 3614 humani
3313 3561 3481 3615 Adam
3513 3577 3724 3632 prince-

2141 3641 2215 3711 pti
2243 3643 2521 3697 immemor
2545 3652 2599 3698 et
2621 3643 2756 3699 datae
2782 3646 2911 3716 legis
2930 3655 3288 3718 transgressor
3311 3655 3518 3721 accepit
3545 3671 3561 3707 :
3589 3663 3722 3710 tunc

2141 3731 2369 3787 sciemus
2384 3748 2540 3802 quam
2565 3735 2824 3804 patientes
2842 3751 2962 3792 esse
2987 3739 3036 3791 in
3060 3738 3162 3792 isto
3181 3741 3378 3795 saeculo
3397 3741 3721 3810 debeamus,

2142 3824 2228 3894 qui
2257 3824 2334 3879 sic
2363 3826 2647 3892 nascimur,
2675 3835 2732 3881 ut
2754 3829 3011 3897 pressuris
3039 3829 3194 3885 isthic
3221 3839 3275 3886 et
3301 3834 3724 3891 conflictationi-

2143 3913 2240 3969 bus
2282 3914 2600 3972 laboremus.
2647 3917 2776 3984 Quia
2817 3919 3023 3986 audisti,
3053 3920 3240 3991 inquit,
3285 3939 3452 3976 uocem
3493 3925 3726 3980 mulieri:

2141 4011 2258 4071 tute,
2286 4013 2330 4059 et
2359 4008 2670 4060 manducasti
2697 4024 2758 4061 ea:
2781 4009 2870 4062 illa
2897 4009 3090 4076 arbore,
3120 4011 3183 4066 de
3200 4029 3298 4082 qua
3321 4017 3430 4066 sola
3459 4031 3721 4087 prccepe-

2141 4109 2252 4146 ram
2278 4094 2364 4146 tibi
2393 4111 2453 4148 ne
2479 4095 2830 4164 mamiucares,
2859 4099 3124 4153 maledicta
3143 4109 3276 4155 terra
3293 4103 3386 4156 erit
3405 4104 3460 4158 in
3481 4107 3718 4161 cautibus

2143 4185 2370 4252 aperibus
2399 4185 2518 4238 tuis.
2549 4183 2613 4238 In
2640 4186 2840 4240 tristitia
2871 4198 2920 4242 et
2959 4190 3144 4259 gemitu
3177 4191 3290 4246 edes
3314 4209 3377 4247 ex
3402 4209 3462 4247 ea
3487 4197 3724 4250 omnibus

2143 4273 2312 4329 diebus
2335 4275 2448 4329 vita:
2475 4284 2572 4328 tua:
2595 4291 2612 4328 :
2639 4277 2812 4343 spinas
2851 4287 2896 4332 et
2938 4280 3146 4334 tribulos
3186 4283 3349 4352 ejiciet
3375 4283 3500 4351 tibi;
3527 4293 3578 4339 et
3607 4288 3726 4342 edes

2145 4365 2380 4432 pabulum
2405 4367 2533 4436 agri.
2565 4365 2629 4421 In
2667 4368 2850 4423 sudore
2883 4370 3046 4424 vultus
3076 4373 3148 4425 tui
3183 4373 3298 4427 edes
3335 4391 3514 4444 panem
3555 4385 3722 4446 tuum,

2143 4454 2300 4508 donec
2338 4459 2599 4512 revertaris
2633 4459 2686 4513 in
2729 4469 2914 4514 terram
2948 4461 3012 4515 de
3052 4479 3151 4534 qua
3191 4475 3418 4536 sumptus
3457 4485 3512 4522 es
3544 4484 3564 4523 :
3591 4487 3732 4540 quo--

2143 4547 2280 4600 niam
2305 4557 2438 4603 terra
2462 4567 2532 4618 es,
2559 4559 2607 4605 et
2633 4553 2686 4606 in
2713 4563 2895 4607 terram
2915 4553 3008 4608 ibis
3034 4555 3186 4626 (Gen.
3213 4573 3288 4620 Ill.
3315 4560 3525 4631 17-19).
3551 4561 3730 4631 Hujus

2144 4640 2419 4694 scntentim
2438 4642 2648 4697 vinculo
2673 4643 2900 4713 colligati
2926 4660 3112 4701 omnes
3135 4656 3189 4701 et
3209 4649 3482 4704 constricti
3505 4665 3724 4718 sumus,

2144 4728 2313 4785 donec
2336 4741 2508 4787 morte
2535 4745 2794 4802 expuucta
2839 4735 2904 4790 de
2950 4737 3051 4791 isto
3085 4739 3280 4794 sacculo
3321 4741 3666 4797 recedam-ts.
3697 4761 3721 4797 ι

2146 4820 2378 4891 itemque
2399 4822 2450 4876 in
2476 4823 2658 4878 eadem
2687 4843 2700 4879 :
2733 4825 2890 4880 «Nam
2913 4843 3030 4882 cum
3055 4829 3105 4882 in
3130 4829 3274 4895 illa,»
3301 4831 3488 4902 inquit,
3521 4835 3732 4903 «prima

2145 4914 2560 4983 transgressione
2581 4929 2671 4984 pra
2691 4917 2828 4985 cepti
2851 4918 3072 4973 firmitas
3093 4923 3334 4990 corporis
3349 4937 3471 4978 cum
3496 4923 3732 4980 immor-

2144 5003 2345 5056 talitate
2373 5003 2710 5072 discesserit,
2743 5015 2797 5060 et
2823 5022 2942 5062 cum
2973 5020 3146 5066 morte
3174 5011 3454 5068 infirmitas
3479 5015 3730 5082 venerit,

2143 5106 2240 5146 nec
2263 5091 2428 5161 possit
2449 5093 2671 5149 ﬁrmitas
2691 5097 2874 5166 recipi,
2907 5097 3005 5152 uisi
3033 5113 3151 5153 cum
3181 5111 3392 5170 recepta
3413 5111 3470 5158 et
3501 5103 3736 5158 immor-

2143 5185 2318 5240 talitas
2347 5185 2538 5252 fuerit;
2561 5197 2773 5257 oportet
2799 5189 2850 5244 in
2875 5190 2975 5246 hac
3005 5190 3286 5262 fragilitate
3310 5203 3470 5264 atque
3493 5195 3738 5251 infirmi-

2143 5283 2250 5331 tate
2277 5279 2515 5347 corporis
2543 5278 2728 5334 luctari
2753 5295 2962 5350 semper
2983 5290 3036 5336 et
3054 5284 3326 5354 congredi.
3345 5283 3475 5354 Quae
3501 5287 3740 5342 luctatio

2143 5376 2196 5422 et
2221 5368 2529 5438 congressio
2556 5385 2659 5425 non
2687 5370 2788 5425 nisi
2817 5373 3082 5442 patientia:
3121 5382 3300 5444 potest
3327 5375 3530 5432 viribus
3557 5379 3742 5434 susti-

2145 5474 2282 5516 neri.
2311 5477 2332 5512 1

2213 5549 2306 5605 25.
2339 5549 2394 5604 lu
2421 5551 2646 5621 epistola
2675 5561 2848 5609 autem
2879 5571 3036 5625 quam
3079 5559 3292 5630 scripsit
3318 5559 3384 5616 ad
3409 5561 3748 5636 episcopum

2211 5685 2227 5750 ξ
2261 5681 2484 5750 Gallicani
2515 5691 2648 5750 uss,
2668 5671 2972 5750 oppugnat-it.

2210 5747 2230 5776 ³
2262 5745 2408 5794 tidem
2438 5751 2564 5808 Mss,
2598 5745 2749 5810 plebe.
