3984 6520
455 359 553 414 627

451 481 536 524 tua
557 469 606 522 in
629 467 784 521 cwlo‘
817 473 864 520 ct
892 463 942 518 in
973 473 1102 517 terra
1127 479 1145 516 :
1167 479 1269 518 non
1293 474 1348 517 ut
1374 463 1514 520 Deus
1539 463 1695 519 faciat
1719 463 1860 534 quod
1883 464 2011 532 vult,

451 562 544 616 sed
571 569 629 616 ut
660 575 752 614 nos
778 557 948 612 facere
978 556 1238 625 possimus
1265 555 1404 624 quod
1429 556 1566 610 Deus
1587 557 1714 610 vult.
1745 555 1875 614 Nam
1907 556 2015 610 Deo

449 652 567 722 quis
595 649 833 716 obsistit,
864 662 968 718 quo
997 646 1170 700 minus
1199 645 1340 716 quod
1383 645 1506 701 velit
1543 645 1731 701 faciat?
1759 647 1864 703 Sed
1893 649 2014 718 quia

451 743 602 796 nobis
629 757 657 794 a
689 740 899 795 diabolo
925 739 1200 794 obsistitur
1218 779 1234 804 ,
1265 753 1369 807 quo
1396 738 1566 794 minus
1595 754 1691 808 per
1717 740 1896 794 omnia
1920 753 2019 796 no-

449 844 559 888 ster
599 831 807 888 animus
831 839 990 902 atque
1013 839 1163 888 actus
1193 829 1302 884 Deo
1343 829 1694 900 obsequatur,
1723 845 1936 886 oramus
1962 840 2017 888 et

448 923 675 994 petimus
702 931 756 976 ut
784 921 873 976 fiat
897 921 950 976 in
979 921 1132 976 nobis
1155 919 1397 978 voluntas
1423 920 1537 976 Dei.
1566 919 1696 988 Quae
1739 929 1796 974 ut
1832 920 1922 978 ﬁat
1961 922 2015 975 in

445 1013 618 1080 nobis,
651 1027 784 1082 Opus
808 1020 891 1068 est
916 1013 1010 1067 Dei
1030 1012 1321 1078 voluntate,
1349 1011 1404 1066 id
1423 1019 1524 1078 est,
1551 1025 1650 1082 ope
1677 1011 1792 1082 ejus
1819 1020 1872 1066 et
1896 1026 2018 1080 pro-

449 1104 675 1158 lectione
707 1121 720 1156 :
753 1102 872 1172 quia
899 1116 1057 1158 nemo
1099 1103 1209 1158 suis
1234 1101 1433 1157 viribus
1459 1099 1613 1158 fortis
1641 1109 1753 1164 est,
1799 1101 1896 1158 sed
1921 1101 2014 1156 Dei

446 1193 770 1264 indulgentia
813 1203 866 1248 et
909 1192 1271 1248 misericordia
1314 1200 1454 1248 tutus
1491 1201 1592 1250 est.
1632 1210 1653 1246 ι
1689 1193 1817 1250 item
1859 1192 1964 1248 alio
1998 1209 2012 1247 :

453 1311 472 1346 ι
509 1293 650 1349 Fieri
690 1303 866 1348 autem
906 1293 1167 1364 petimus,
1203 1309 1224 1346 ι
1257 1291 1460 1362 inquit,
1495 1309 1516 1346 ι
1551 1291 1876 1352 voluntatem
1921 1289 2016 1350 Dei

445 1383 502 1437 in
529 1384 666 1438 coelo
694 1392 748 1438 et
775 1384 830 1440 in
853 1391 1016 1450 terra,
1045 1381 1186 1452 quod
1215 1389 1493 1452 utrumque
1515 1381 1584 1436 ad
1605 1381 2019 1436 consummatio-

369 1493 378 1511 ε
446 1489 568 1530 nem
591 1483 786 1530 nostra:
805 1473 1178 1534 incolumitatis
1201 1473 1427 1542 pertinet
1445 1481 1500 1526 et
1517 1471 1722 1526 salutis.
1741 1470 1871 1525 Nam
1893 1485 2014 1525 cum

445 1579 640 1634 corpus
666 1578 698 1620 e
727 1573 868 1618 terra
895 1573 949 1618 et
987 1562 1228 1633 spiritum
1265 1561 1627 1632 possideamus
1653 1577 1684 1616 e
1711 1561 1883 1629 caelo,
1909 1561 2016 1631 ipsi

447 1665 586 1716 terra
608 1667 660 1712 et
681 1656 873 1712 ctelum
897 1669 1080 1712 sumus
1097 1696 1114 1724 ,
1146 1665 1200 1710 et
1225 1655 1277 1710 in
1308 1663 1532 1726 utroque
1551 1695 1566 1721 ,
1599 1655 1652 1709 id
1676 1664 1756 1710 est
1775 1696 1789 1720 ,
1821 1654 1873 1708 in
1897 1669 2014 1708 cor-

447 1764 575 1818 pore
601 1757 654 1804 et
682 1749 870 1818 spiritu
901 1757 956 1804 ut
983 1749 1074 1803 Dei
1101 1747 1346 1804 voluntas
1371 1747 1462 1801 fiat
1486 1761 1718 1802 oramus.
1751 1748 1844 1802 Est
1873 1747 2013 1801 enim

449 1840 586 1898 inter
613 1853 826 1894 carnem
855 1848 912 1896 et
950 1838 1192 1910 spiritum
1219 1838 1552 1904 colluctatio,
1581 1847 1636 1892 et
1659 1837 2014 1894 discordanti—

447 1930 546 1984 bus
565 1928 818 1984 adversus
837 1943 896 1984 se
915 1929 1138 1982 invicem
1159 1927 1462 1996 quotidiana
1479 1929 1805 1998 congressio,
1829 1936 1884 1982 ut
1909 1943 2014 1982 non

447 2035 564 2089 quae
593 2018 832 2072 volumus
853 2057 868 2082 ,
899 2019 1012 2087 ipsa
1051 2017 1335 2083 faciamus,
1366 2017 1492 2072 dum
1520 2018 1738 2086 Spiritus
1778 2018 2012 2072 cwlestia

449 2119 503 2163 et
525 2108 700 2162 divina
725 2109 946 2178 qumrit,
985 2123 1110 2164 caro
1141 2117 1350 2162 terrena
1381 2117 1436 2162 et
1457 2108 1732 2168 smcularia
1759 2110 2012 2178 concupi—

443 2199 563 2254 scit.
585 2199 651 2253 Et
679 2198 798 2254 idco
821 2197 1046 2268 petimus
1067 2197 1205 2252 inter
1221 2197 1360 2253 ’duo
1379 2198 1479 2252 ista
1507 2213 1608 2268 ope
1634 2207 1686 2252 et
1705 2199 1900 2254 auxilio
1923 2199 2014 2254 Dei

443 2288 780 2344 concordiam
807 2289 954 2355 lieri;
981 2296 1040 2344 ut
1063 2287 1190 2344 dum
1215 2289 1344 2344 etin
1369 2288 1556 2358 spiritu
1582 2298 1635 2344 et
1661 2290 1712 2342 in
1741 2304 1900 2344 carne
1923 2306 2016 2344 vo-

443 2380 618 2442 luntas
647 2379 740 2440 Dei
771 2379 1004 2450 geritur,
1033 2393 1150 2449 qua:
1195 2393 1290 2449 per
1325 2393 1446 2434 eum
1473 2389 1652 2432 renata
1681 2387 1794 2444 est,
1839 2380 2014 2434 anima

443 2479 683 2526 servetur
698 2469 739 2524 ⁸.
763 2469 916 2538 Quod
929 2479 1112 2540 aperte
1131 2479 1290 2540 atque
1305 2469 1580 2526 manifeste
1595 2471 1864 2544 apostolus
1883 2473 2017 2532 Pau-

443 2561 528 2616 lus
556 2575 649 2616 sua
679 2575 809 2618 voce
833 2561 1069 2619 declarat
1099 2577 1112 2616 :
1145 2559 1274 2618 Caro
1293 2601 1308 2626 ,
1340 2561 1544 2631 inquit,
1576 2563 1880 2631 concupiscit
1915 2563 2014 2616 ad-

442 2670 611 2708 versus
634 2653 884 2724 spiritum,
909 2664 956 2708 et
983 2654 1186 2725 spiritus
1213 2653 1448 2710 adversus
1477 2669 1678 2708 carnem
1708 2670 1727 2708 :
1755 2655 1862 2708 haec
1883 2656 2013 2709 enim

443 2745 652 2802 invicem
669 2745 1014 2810 adversantur;
1051 2754 1104 2798 ut
1141 2761 1242 2800 non
1265 2761 1382 2816 quat
1396 2745 1576 2810 vultis,
1611 2746 1722 2816 ipsa
1765 2747 1960 2815 faciatis
1986 2765 2006 2800 ι

445 2833 638 2905 (Galat.
663 2851 714 2902 v,
737 2835 845 2908 l7).
869 2835 936 2892 Et
961 2835 1118 2905 paulo
1135 2843 1254 2906 post
1283 2853 1300 2891 :
1325 2835 1534 2894 «Potest
1559 2844 1614 2890 et
1635 2836 1711 2890 sic
1736 2836 2006 2906 intelligi,»

442 2926 644 2996 inquit,
683 2944 702 2978 ‹
739 2925 929 2980 fratres
957 2925 1318 2991 dilectissimi,
1345 2933 1404 2984 ut
1429 2925 1680 2996 quoniam
1720 2926 1936 2998 mandat
1961 2935 2016 2984 et

443 3015 597 3076 docet
620 3018 870 3073 Dominus
893 3018 1049 3072 etiam
1071 3017 1314 3076 inimicos
1333 3016 1570 3089 diligere,
1587 3027 1642 3074 et
1666 3032 1761 3087 pro
1782 3018 1864 3082 his
1885 3035 2015 3089 quo-

441 3125 544 3178 que
571 3109 658 3180 qui
685 3125 780 3168 nos
808 3117 1193 3180 persequuntur
1219 3122 1376 3166 orare
1401 3107 1612 3182 (Matth.
1641 3125 1694 3174 v,
1719 3110 1828 3180 44),
1863 3119 2013 3179 peta-

442 3214 560 3254 mus
584 3209 638 3257 et
662 3217 756 3272 pro
781 3200 887 3256 illis
913 3200 1004 3270 qui
1029 3199 1202 3255 adhuc
1231 3207 1370 3255 terra
1399 3208 1542 3267 sunt,
1569 3207 1624 3254 ct
1650 3200 1871 3256 necdum
1897 3216 2011 3257 cm-

442 3291 603 3354 lestcs
622 3307 742 3350 esse
761 3301 1056 3364 coeperunt,
1075 3299 1131 3347 ut
1148 3301 1202 3348 et
1219 3287 1358 3348 circa
1385 3289 1505 3347 ilfos
1523 3293 1764 3348 voluntas
1787 3293 1878 3348 Dei
1901 3293 2010 3361 fiat,

442 3397 598 3454 quam
616 3383 856 3438 Christus
874 3383 1140 3440 hominem
1156 3383 1520 3438 conservando
1536 3393 1588 3439 et
1606 3385 2013 3456 rcdintcgrando

439 3474 679 3544 perfecit.
711 3493 731 3528 ι
765 3474 1000 3545 Itemque
1025 3475 1130 3529 alio
1160 3489 1174 3528 :
1212 3491 1231 3526 ι
1259 3474 1408 3534 llunc
1435 3484 1611 3530 autem
1641 3490 1854 3545 panem,
1885 3495 1904 3528 ι
1933 3476 2014 3530 ἰη-

437 3565 570 3636 quit,
601 3584 620 3620 ι
647 3565 762 3620 dari
789 3567 940 3622 nobis
959 3564 1194 3636 quotidie
1217 3565 1564 3636 postulamus,
1583 3580 1652 3621 ne
1676 3567 1765 3636 qui
1787 3567 1840 3622 in
1861 3567 2012 3622 Chri-

437 3665 522 3710 sto
549 3671 750 3722 sumus,
778 3665 832 3712 et
857 3655 1240 3712 Eucharistiam
1268 3656 1503 3726 quotidie
1531 3656 1596 3712 ad
1625 3657 1800 3712 cibum
1827 3659 2012 3715 salutis

436 3749 724 3820 accipimus
743 3789 758 3814 ,
787 3747 1146 3804 intercedente
1171 3747 1347 3818 aliquo
1387 3747 1634 3818 graviore
1660 3747 1856 3804 delicto
1883 3749 2010 3804 dum

436 3839 661 3895 abstenti
683 3839 704 3871 ‘
731 3849 786 3896 et
811 3855 917 3901 non
941 3840 1390 3896 communicantes
1417 3855 1446 3893 a
1476 3839 1678 3898 caelesti
1708 3856 1844 3910 pane
1881 3857 2010 3912 pro-

437 3931 698 3998 hibemur,
723 3947 750 3986 a
771 3931 965 3988 Christi
989 3947 1210 4002 corpore
1235 3947 1562 4002 separemur.
1593 3951 1613 3988 ι
1647 3933 1716 3988 Ει
1741 3934 2010 4004 aliquanto

438 4035 558 4096 post
583 4025 632 4080 in
655 4023 843 4082 eadem
875 4041 890 4078 :
928 4043 948 4078 ‹
983 4024 1204 4096 Quando
1224 4036 1404 4080 autem
1429 4039 1707 4095 rogamus,
1745 4045 1766 4079 ι
1801 4026 2006 4096 inquit,

450 4134 468 4167 ι
507 4130 575 4170 ne
633 4116 684 4170 in
731 4115 1078 4172 tentationem
1122 4115 1394 4174 veniamus
1440 4115 1551 4184 (Id.
1579 4131 1661 4180 vt,
1693 4116 1882 4186 9-15),
1914 4117 2011 4172 ad-

437 4219 714 4260 monemur
736 4203 1052 4259 infirmitatis
1071 4213 1124 4259 et
1153 4204 1526 4260 imbecillitatis
1551 4214 1764 4272 nostra),
1787 4206 1910 4261 dum
1932 4207 2009 4262 sic

345 4339 348 4342 Α
437 4308 683 4364 rogamus
703 4334 716 4358 ,
744 4308 812 4348 ne
837 4293 956 4364 quis
982 4308 1042 4348 se
1083 4293 1372 4350 insolenter
1393 4294 1605 4348 extollat
1629 4335 1645 4359 ,
1674 4311 1741 4350 ne
1766 4295 1884 4366 quis
1907 4296 2010 4350 sibi

436 4383 666 4453 superbe
685 4393 842 4454 atque
865 4392 1174 4455 arroganter
1195 4383 1393 4454 aliquid
1415 4395 1672 4454 assumat,
1693 4401 1758 4440 ne
1783 4385 1900 4456 quis
1919 4397 2008 4441 aut

434 4471 782 4530 confessionis
809 4483 900 4528 aut
924 4475 1187 4548 passionis
1214 4475 1434 4546 gloriam
1475 4491 1624 4530 suam
1653 4476 1846 4542 ducat;
1885 4492 2008 4534 cum

435 4566 691 4621 Dominus
727 4567 840 4636 ipse
867 4566 1214 4622 humilitatem
1241 4567 1436 4623 docens
1461 4567 1684 4635 dixerit,
1723 4567 1936 4639 Vigilate
1961 4578 2007 4623 et

435 4667 592 4720 orate,
615 4673 676 4709 ne
699 4656 902 4710 veniatis
927 4657 978 4710 in
1004 4659 1322 4712 tentationem
1347 4658 1586 4726 :spiritus
1610 4657 1810 4728 quidem
1837 4675 2009 4730 prom-

435 4754 551 4817 ptus
577 4755 682 4810 est,
711 4763 829 4800 caro
856 4757 1019 4800 autem
1047 4747 1250 4815 inﬁrma
1282 4746 1390 4818 (Id.
1423 4764 1544 4802 xxv:
1565 4788 1579 4812 ,
1611 4749 1701 4818 41)
1735 4767 1750 4806 :
1781 4757 1838 4806 ut
1879 4749 2006 4806 dum

436 4834 691 4905 pra-cedit
715 4834 927 4888 humilis
953 4845 1006 4890 et
1034 4835 1292 4892 submissa
1333 4837 1632 4906 confessio,
1660 4846 1714 4892 et
1739 4837 1895 4896 datur
1920 4847 2006 4894 to-

437 4936 548 4978 tum
579 4923 686 4978 Deo
705 4965 718 4988 ,
746 4923 994 4994 quidquid
1019 4925 1326 4994 suppliciter
1351 4941 1472 4982 cum
1511 4927 1700 4984 timore
1725 4937 1780 4984 et
1804 4929 2006 4986 honore

439 5013 534 5070 Dei
575 5012 801 5082 petitur,
831 5013 993 5082 ipsius
1017 5013 1212 5084 pietate
1237 5024 1532 5083 praestetur.
1571 5035 1591 5068 ι
1627 5016 1754 5072 Item
1781 5019 1846 5072 ad
1873 5017 2005 5088 Qui-

435 5103 608 5157 rinmn
632 5145 645 5168 ,
676 5103 728 5158 in
749 5118 854 5173 quo
878 5119 1038 5174 opere
1065 5121 1122 5160 se
1149 5105 1386 5176 Pelagius
1415 5109 1526 5162 vult
1550 5109 1664 5178 ejus
1689 5109 2006 5166 imitatorem

436 5193 622 5258 videri,
640 5193 710 5247 ait
727 5193 778 5248 in
799 5194 930 5248 libro
949 5195 1132 5249 tertio:
1157 5213 1174 5246 ι
1196 5196 1250 5254 lu
1269 5197 1411 5252 nullo
1425 5197 1777 5266 gloriandum,
1793 5201 2005 5269 quando

438 5293 676 5342 nostrum
708 5285 836 5340 nihil
882 5286 968 5343 sit.
1009 5305 1028 5338 ›
1062 5286 1156 5342 Cui
1187 5290 1456 5358 pr0posito
1499 5289 1802 5348 testimonia
1829 5291 2008 5348 divina

494 5505 509 5570 ξ
546 5503 698 5570 editi,
736 5501 856 5570 sicut
879 5501 928 5554 in
959 5500 1294 5570 cwl0._Abest,
1337 5501 1488 5570 sicut,
1508 5504 1908 5568 amanuscriptis.

492 5567 512 5595 ³
547 5565 676 5628 Apud
697 5567 994 5676 (.Yprianum,
1019 5565 1220 5625 petimus
1241 5565 1448 5627 impense
1469 5565 1612 5616 utter.

492 5625 512 5656 ³
545 5629 728 5676 vatican
770 5635 893 5676 διες..
919 5631 1188 5676 reparatur.

489 5625 512 5656 ³
545 5625 744 5676 vaticanl
759 5625 893 5686 1155.,
913 5631 1188 5688 reparatur.

491 5688 519 5748 ᾗ
547 5689 662 5738 Editi
687 5689 762 5739 hic
779 5695 830 5738 et
852 5687 982 5736 infra
997 5693 1274 5740 constanter
1311 5687 1492 5738 habent
1507 5717 1528 5748 ,-
1545 5690 1771 5740 absentes.
1811 5696 1864 5738 At
1893 5695 2000 5738 Mss.

427 5746 646 5798 Gallicani
687 5758 738 5800 ct
773 5751 979 5802 Vaticani
1011 5761 1238 5818 semper,
1279 5746 1516 5813 abstenti;
1559 5759 1613 5804 ut
1655 5751 1780 5814 apud
1815 5753 1998 5816 Cypria-

428 5821 558 5858 ntun.

1071 353 1340 408 CONTRA
1382 352 1557 407 DUAS
1595 349 1963 405 EPISTULAS
2001 351 2558 428 PELAGlA-‘NORUM,
2595 359 2652 414 S.
2684 360 3046 419 AUGUSTINI

3599 373 3707 433 628

2125 464 2467 536 subjungens,
2489 471 2626 530 inter
2648 483 2838 530 etetera
2858 478 3032 546 posuit
3053 481 3400 549 apostolicum
3429 485 3575 554 illud,
3597 505 3708 558 quo

2125 555 2344 612 istorum
2365 562 2594 617 maxime
2613 579 2707 619 ora
2727 565 3016 621 claudenda
3039 581 3160 624 sunt
3179 589 3192 624 :
3219 573 3354 639 Quid
3373 577 3500 630 enim
3524 555 3700 646 Italia,

2123 645 2256 714 quod
2281 663 2380 700 non
2409 651 2683 720 accepisti?
2709 653 2772 709 Si
2796 665 2962 710 autem
2982 661 3244 729 accepisti,
3279 665 3399 730 quid
3423 645 3699 736 gloriaris,

2122 738 2267 804 quasi
2297 755 2396 792 non
2421 745 2670 811 acceperis
2697 744 2744 815 (ι
2767 745 2882 800 Car.
2911 763 2963 802 IV
2981 789 2997 814 ,
3026 749 3122 820 7)?
3149 749 3276 806 Item
3303 754 3356 808 in
3381 757 3606 825 epistola
3634 758 3706 814 de

2122 827 2382 885 Patientia
2407 849 2420 886 :
2449 850 2468 886 ι
2497 834 2590 889 Est
2614 837 2754 891 enim
2781 839 2952 904 nobis,
2983 859 3004 893 ι
3039 841 3226 912 inquit,
3257 863 3274 897 ι
3303 861 3422 900 cum
3453 848 3562 904 Deo
3583 849 3702 903 vir-

2123 927 2206 976 tus
2229 922 2327 980 ista
2353 927 2668 993 communis;
2685 928 2808 983 inde
2838 931 3088 1000 patientia
3115 933 3317 1004 incipit,
3337 937 3460 992 inde
3482 939 3704 995 claritas

2121 1010 2238 1080 ejus
2265 1021 2320 1066 et
2343 1013 2570 1084 dignitas
2600 1028 2758 1087 caput
2782 1021 2977 1088 sumit,
3008 1023 3156 1093 origo
3181 1033 3234 1080 et
3272 1028 3578 1097 magnitudo
3603 1045 3704 1100 pa-

2124 1101 2320 1156 tientia:
2343 1103 2454 1158 Dco
2473 1113 2690 1162 auctore
2709 1109 2966 1177 procedit.
2993 1129 3012 1162 ι

2191 1191 2281 1248 26.
2311 1193 2576 1266 Numquid
2613 1198 2714 1253 iste
2737 1209 2951 1256 sanctus
2989 1211 3092 1256 tam
3126 1206 3482 1261 memorabilis
3509 1207 3707 1264 Eccle-

2120 1283 2318 1340 siarum
2348 1285 2400 1340 in
2442 1288 2606 1344 verbo
2647 1291 2884 1346 veritatis
2926 1293 3246 1362 instructor,
3293 1297 3519 1354 liberum
3547 1301 3700 1357 arbi-

2121 1373 2278 1428 trium
2307 1385 2462 1444 negat
2503 1391 2621 1434 esse
2657 1379 2710 1434 in
2751 1381 3081 1448 hominibus,
3113 1387 3242 1454 quia
3263 1387 3370 1442 Deo
3401 1397 3568 1446 totum
3599 1393 3705 1448 tri-

2119 1461 2233 1554 buit
2255 1465 2394 1534 quod
2419 1475 2562 1522 recte
2588 1469 2851 1525 vivimus?
2874 1472 3138 1543 Numquid
3165 1477 3334 1547 legem
3359 1479 3450 1535 Dei
3476 1483 3702 1554 culpat,

2119 1553 2240 1622 quia
2257 1569 2360 1608 non
2377 1571 2444 1610 ex
2468 1557 2579 1628 ipsa
2597 1559 2614 1591 ί
2631 1559 2914 1630 justificari
2942 1563 3210 1620 hominem
3233 1569 3508 1638 significat;
3529 1553 3706 1644 quan-

2117 1647 2402 1720 doquidcm
2446 1655 2586 1723 quod
2615 1657 2703 1712 illa
2745 1657 2931 1728 jubet,
2963 1676 2992 1714 a
3024 1662 3248 1719 Domino
3293 1665 3404 1722 Deo
3447 1670 3704 1737 precibus

2119 1741 2188 1795 im
2197 1745 2506 1810 pctrandum
2531 1761 2652 1804 esse
2665 1748 2898 1805 declarat
2911 1752 2934 1805 τ
2947 1751 3210 1824 Numquid
3227 1757 3325 1812 sub
3343 1760 3556 1814 nomine
3573 1775 3704 1830 gra-

2121 1831 2206 1886 tiae
2231 1833 2396 1888 fatum
2425 1838 2650 1906 asserit,
2693 1842 2938 1909 quamvis
2967 1843 3140 1910 dicat,
3189 1845 3242 1900 in
3275 1849 3418 1902 nullo
3459 1850 3704 1920 glorian-

2119 1923 2243 1980 dum
2264 1966 2278 1989 ,
2307 1927 2518 1996 quando
2541 1938 2778 1984 nostrum
2807 1931 2934 1986 nihil
2955 1933 3062 1988 sit?
3083 1936 3344 2008 Numquid
3365 1981 3380 2004 ,
3405 1941 3541 1995 sicut
3565 1941 3658 1996 isti
3681 1983 3700 2009 ,

2121 2013 2372 2082 Spiritum
2401 2027 2640 2074 sanctum
2671 2020 2962 2090 adjutorem
3001 2024 3071 2078 ita
3100 2027 3270 2081 credit
3296 2043 3416 2083 esse
3445 2031 3660 2086 virtutis
3681 2072 3700 2100 ,

2121 2113 2368 2174 tanquam
2399 2107 2511 2176 ipsa
2557 2109 2722 2164 virtus
2764 2127 2882 2181 quae
2909 2113 2993 2168 -ab
3017 2115 3122 2172 hoc
3149 2117 3425 2187 adjuvetur
3443 2163 3458 2187 ,
3487 2122 3702 2177 oriatur

2119 2209 2186 2248 ex
2216 2196 2368 2250 nobis
2387 2238 2400 2262 ,
2441 2200 2652 2268 quando
2679 2211 2918 2258 nostrum
2948 2206 3080 2260 nihil
3105 2222 3224 2263 esse
3248 2223 3494 2266 asserens
3513 2254 3530 2280 ,
3561 2227 3702 2284 pro-

2121 2295 2238 2354 pter
2258 2286 2360 2341 hoc
2383 2289 2695 2357 Apostolum
2721 2291 2918 2349 dixisse
2939 2309 3355 2364 commemorat,
3390 2300 3528 2368 Quid
3560 2303 3704 2358 enim

2121 2377 2270 2430 habes
2289 2417 2302 2442 ,
2334 2381 2468 2448 quod
2492 2398 2592 2434 non
2617 2385 2894 2454 accepisti?
2921 2386 3272 2458 virtutemque
3307 2391 3702 2447 excellentissi-

2119 2482 2278 2532 mam,
2305 2468 2404 2522 hoc
2427 2479 2523 2534 est,
2549 2473 2876 2543 patientiam,
2905 2491 3010 2530 non
3040 2493 3070 2532 a
3101 2479 3253 2534 nobis
3281 2481 3410 2536 dicit
3435 2483 3700 2554 incipere,

2117 2575 2180 2614 ac
2203 2560 2394 2618 deinde
2419 2563 2656 2632 adjuvari
2686 2565 2886 2636 Spiritu
2919 2568 3008 2622 Dei
3033 2587 3046 2634 ;
3079 2571 3174 2626 sed
3195 2571 3261 2627 ab
3291 2573 3404 2643 ipso
3427 2585 3612 2645 caput,
3631 2576 3704 2632 ab

2118 2651 2234 2721 ipso
2259 2653 2516 2724 originem
2547 2659 2796 2714 sumere?
2825 2658 3102 2714 Postremo
3127 2679 3225 2719 nec
3251 2667 3575 2736 propositum
3599 2667 3700 2723 bo-

2118 2759 2242 2798 num
2263 2785 2277 2808 ,
2309 2760 2408 2800 nec
2451 2746 2680 2802 studium
2709 2748 2954 2816 virtutis,
2999 2765 3099 2805 nec
3137 2761 3344 2808 mentes
3385 2755 3551 2810 bonas
3577 2757 3702 2814 sine

2115 2836 2282 2905 gratia
2305 2835 2396 2890 Dei
2423 2837 2653 2907 incipere
2669 2855 2788 2896 esse
2802 2843 2823 2874 ⁸
2845 2841 2898 2895 in
2925 2841 3226 2898 hominibus
3249 2846 3553 2916 confitetur,
3571 2864 3701 2904 cum

2117 2927 2246 2982 dicit
2263 2967 2280 2995 ,
2305 2928 2360 2982 in
2387 2930 2534 2982 nullo
2559 2932 2890 3000 gloriandum
2910 2975 2926 2999 ,
2955 2935 3166 3004 quando
3187 2947 3426 2992 nostrum
3452 2937 3583 2995 nihil
3599 2940 3700 2997 sit.

2117 3017 2252 3093 Quid
2281 3027 2386 3074 tam
2413 3019 2464 3078 in
2509 3021 2676 3076 libero
2703 3023 2922 3078 arbitrio
2957 3026 3303 3081 constitutum
3322 3069 3337 3095 ,
3367 3043 3523 3098 quam
3549 3029 3701 3100 quod

2117 3106 2204 3162 lex
2221 3107 2348 3163 dicit
2365 3149 2379 3172 ,
2409 3125 2518 3166 non
2535 3111 2862 3168 adorandum
2885 3114 3081 3172 idolum
3101 3156 3114 3179 ,
3141 3129 3250 3172 non
3277 3119 3652 3174 mmchandum
3677 3161 3698 3189 ,

2115 3213 2222 3253 non
2261 3197 2602 3255 homicidium
2633 3204 3082 3271 perpetrandum?
3105 3205 3208 3262 Ista
3239 3217 3415 3263 autem
3446 3217 3570 3264 sunt
3606 3219 3700 3265 at-

2116 3302 2219 3357 que
2245 3287 2546 3358 hujusmodi
2574 3293 2796 3346 crimina
2815 3331 2832 3360 ,
2863 3309 2982 3363 qua:
3009 3295 3054 3350 si
3099 3295 3376 3367 quisquam
3403 3302 3698 3356 commise-

2116 3379 2202 3446 rit,
2225 3394 2254 3432 a
2275 3382 2510 3449 corporis
2535 3379 2736 3438 Christi
2761 3387 3135 3441 communione
3159 3397 3485 3444 removetur.
3519 3390 3587 3445 Et
3611 3399 3699 3446 ta-

2115 3483 2236 3524 men
2263 3470 2308 3524 si
2335 3470 2670 3527 beatissimus
2711 3474 3006 3544 Cyprianus
3047 3477 3130 3532 his
3159 3493 3264 3532 non
3295 3482 3700 3538 committendis

2115 3561 2444 3618 existimaret
2469 3573 2704 3618 nostram
2733 3565 2980 3624 sufﬁcere
3007 3569 3354 3638 voluntatem,
3380 3587 3482 3627 non
3511 3576 3590 3630 sic
3611 3575 3701 3630 in-

2116 3651 2374 3721 telligeret
2399 3654 2540 3723 quod
2567 3655 2620 3710 in
2647 3658 2886 3712 oratione
2911 3657 3174 3714 dominica
3199 3660 3422 3717 dicimus
3443 3703 3458 3729 ,
3489 3662 3696 3720 Panem

2114 3751 2339 3796 nostrum
2361 3745 2704 3814 quotidianum
2723 3747 2792 3800 da
2815 3747 2956 3802 nobis
2981 3749 3158 3816 hodie;
3179 3760 3237 3805 ut
3257 3750 3359 3806 hoc
3385 3767 3484 3808 nos
3507 3765 3702 3825 petere

2113 3845 2478 3900 asseveraret,
2507 3852 2572 3892 ne
2601 3838 2960 3896 intercedente
2981 3843 3158 3913 aliquo
3178 3845 3420 3914 graviore
3447 3846 3650 3904 delicto
3675 3891 3696 3916 ,

2113 3925 2238 3980 dum
2255 3927 2477 3982 abstenti
2495 3938 2546 3984 et
2565 3945 2668 3984 non
2684 3933 3138 3990 communicantes
3151 3950 3182 3990 a
3199 3935 3400 3992 caelesti
3421 3949 3559 4008 pane
3577 3955 3698 4010 pro-

2113 4015 2390 4084 bibentur,
2421 4035 2450 4072 a
2481 4019 2674 4076 Christi
2701 4037 2924 4092 corpore
2950 4039 3278 4094 separemur.
3309 4028 3696 4100 Respondeant

2112 4115 2256 4166 certe
2285 4107 2518 4164 ltmretici
2561 4112 2718 4179 novi,
2749 4115 2872 4186 quid
2903 4115 3162 4170 bonormn
3202 4119 3513 4174 meritorum
3545 4135 3693 4192 pra:-

2111 4197 2266 4253 ccdat
2295 4199 2346 4252 in
2393 4200 2694 4257 hominibus
2723 4203 2950 4258 inimicis
2989 4207 3190 4264 nomini
3233 4208 3541 4264 christiano.
3573 4210 3692 4266 Non

2112 4291 2284 4346 solum
2301 4293 2441 4346 enim
2470 4309 2577 4346 non
2605 4294 2800 4349 habent
2827 4295 3042 4362 bonum,
3063 4297 3155 4352 sed
3176 4299 3366 4354 habent
3391 4301 3550 4356 etiam
3571 4317 3694 4372 pes-

2111 4381 2302 4436 simum
2327 4385 2596 4440 meritum.
2625 4385 2694 4440 Et
2721 4394 2892 4441 tamen
2923 4389 3080 4444 etiam
3107 4389 3185 4444 sic
3208 4389 3505 4462 Cyprianus
3525 4395 3692 4451 intel-

2111 4471 2224 4542 ligit
2242 4513 2256 4538 ,
2285 4474 2430 4542 quod
2459 4476 2512 4528 in
2551 4477 2792 4532 oratione
2817 4477 3044 4534 dicimus
3063 4519 3076 4542 ,
3105 4479 3224 4534 Fiat
3251 4483 3481 4536 voluntas
3510 4493 3602 4538 tua
3635 4485 3692 4540 in

2109 4563 2232 4616 caelo
2259 4564 2378 4616 etin
2403 4573 2538 4618 terra
2561 4582 2580 4617 :
2613 4575 2669 4620 ut
2693 4575 2746 4622 et
2769 4581 2866 4636 pro
2893 4569 3142 4640 ipsis,qui
3173 4581 3387 4640 pr0pter
3413 4572 3516 4627 hoc
3545 4581 3692 4629 terra

2111 4652 2474 4724 intelliguntur
2493 4656 2515 4688 ³
2533 4697 2548 4722 ,
2581 4673 2814 4712 oremus.
2843 4657 3067 4714 Oramus
3095 4676 3221 4730 ergo
3245 4677 3350 4716 non
3375 4661 3550 4718 solum
3591 4679 3694 4734 pro

2109 4743 2412 4800 nolentibus
2433 4785 2448 4810 ,
2482 4761 2662 4800 verum
2687 4747 2846 4804 etiam
2871 4763 2968 4818 pro
2995 4752 3410 4819 repugnantibus
3434 4760 3488 4807 et
3513 4768 3692 4823 oppu-

2108 4837 2409 4908 gnantibus.
2437 4837 2571 4905 Quid
2601 4853 2728 4910 ergo
2759 4842 2984 4910 petimus
3003 4881 3018 4906 ,
3049 4843 3151 4896 nisi
3179 4851 3230 4896 ut
3263 4844 3388 4897 liant
3411 4859 3478 4898 ex
3501 4845 3694 4900 nolen-

2112 4928 2249 4984 tibus
2290 4930 2560 4994 volentcs,
2607 4945 2672 4985 ex
2705 4933 3118 5002 repugnantibus
3155 4935 3586 5002 consentientes,
3619 4951 3688 4990 ex

2109 5021 2532 5089 oppugnantibus
2575 5023 2850 5078 amantes?
2881 5024 2920 5076 A
2953 5037 3059 5092 quo
3077 5062 3093 5088 ,
3137 5023 3238 5078 nisi
3267 5023 3334 5078 ab
3363 5023 3456 5078 illo
3483 5025 3550 5079 de
3579 5037 3701 5094 quo

2109 5114 2362 5182 scriptum
2417 5123 2518 5174 cst,
2556 5113 2879 5183 Prwparat..r
2919 5115 3148 5169 voluntas
3175 5133 3206 5168 a
3235 5113 3452 5169 Domino
3499 5115 3690 5187 (Prov.

2110 5221 2196 5260 vtn
2223 5245 2236 5270 ,
2281 5221 2382 5260 scr.
2411 5204 2572 5274 LXX)
2607 5205 2628 5258 ?
2673 5205 2886 5262 Discant
2931 5220 3058 5274 ergo
3099 5221 3220 5262 esse
3258 5207 3546 5274 catholici,
3595 5209 3690 5280 qui

2109 5295 2498 5364 dedignantur,
2539 5295 2580 5348 si
2623 5293 2746 5363 quid
2789 5295 2910 5349 mali
2951 5311 3056 5350 non
3101 5295 3334 5362 faciunt,
3375 5305 3432 5352 et
3471 5298 3516 5352 si
3557 5298 3694 5368 quid

2109 5385 2232 5440 boni
2272 5385 2502 5452 faciunt,
2543 5399 2648 5440 non
2688 5385 2741 5440 in
2781 5399 2840 5442 sc
2873 5385 3042 5456 ipsis,
3083 5385 3178 5441 scd
3211 5387 3264 5441 in
3299 5387 3530 5443 Domino
3567 5389 3696 5460 glo-

2107 5475 2230 5532 riari
2242 5516 2254 5530 .

2173 5629 2190 5661 ι
2223 5627 2371 5693 Editi,
2397 5629 2618 5693 quando
2653 5641 2744 5682 non
2787 5643 2851 5680 ea:
2893 5629 3010 5693 ipso.
3049 5631 3370 5682 Emendantur
3411 5631 3470 5682 ad
3513 5640 3626 5683 Mss.

2171 5693 2191 5722 ³
2225 5695 2272 5737 In
2297 5689 2464 5750 editis,
2487 5697 2532 5740 et
2554 5705 2670 5742 esse.
2697 5693 2843 5742 Abest
2857 5727 2872 5750 ,
2893 5689 3010 5750 ét,a
3030 5701 3136 5741 Mss.

2173 5751 2193 5782 ³
2223 5751 2442 5821 Gallicani
2477 5759 2603 5821 Mss,
2627 5753 2707 5815 qui
2729 5761 2922 5816 prepter
2941 5753 3046 5816 hoc,
3079 5753 3193 5817 quia
3213 5753 3469 5807 carnaliter
3487 5751 3656 5808 vivunt
3677 5789 3698 5821 ,

2109 5819 2239 5864 terra
2261 5813 2604 5876 intelliguntur.
