3984 6490
215 324 306 383 ες,
1545 315 1743 371 LIBER
1784 315 2123 383 ausurus.
3362 327 3466 383 630

273 432 485 489 CAPBT
516 431 584 487 Χ.
611 463 683 472 -ο
701 433 796 487 27.
817 428 1056 503 Cypriani
1075 426 1353 483 testimonia
1377 425 1439 480 de
1452 426 1665 498 justitia:
1688 443 1780 480 no-

212 539 321 585 stra
342 526 745 597 imperfeclione.
778 524 909 582 Illud
936 522 1042 593 jam
1071 522 1282 577 tertium
1309 519 1582 575 videamus
1599 561 1614 585 ,
1641 519 1783 590 quod

211 636 308 676 non
335 618 506 672 minus
532 619 585 670 in
630 617 752 673 istis
794 632 951 673 onme
974 615 1169 671 Christi
1197 613 1496 672 membrum
1534 622 1589 669 et
1615 619 1783 667 totum

211 711 319 780 ejus
337 722 526 779 cerpus
549 707 831 775 exhorret,
850 707 969 777 quia
985 703 1310 761 contendunt
1325 717 1446 759 esse
1468 703 1520 757 in
1540 702 1639 759 hac
1654 703 1782 770 vita,

210 800 290 855 vel
329 797 492 853 fuisse
527 798 741 867 justos,
788 797 991 852 nullum
1035 794 1303 851 habentes.
1335 794 1552 848 omnino
1593 808 1785 863 pecca-

212 900 313 946 tum
346 889 442 961 (α).
474 888 588 957 Qua
619 888 1036 959 przesumptione
1062 886 1397 956 apertissime
1423 885 1647 940 orationi
1686 884 1785 940 do-

211 981 411 1038 minica:
434 977 844 1044 contradicunt,
874 978 1055 1048 inqua
1077 977 1251 1030 omnia
1281 975 1518 1031 membra
1544 974 1741 1030 Christi
1767 1016 1782 1042 ,

212 1073 414 1127 Dimitte
435 1072 578 1127 nobis
602 1071 770 1127 debita
793 1079 965 1125 nostra
983 1110 1000 1137 ,
1032 1069 1209 1124 veraci
1237 1067 1399 1123 corde
1423 1076 1479 1123 et
1517 1066 1785 1138 quOtidia-

213 1165 288 1219 nis
300 1163 520 1218 vocibus
536 1163 786 1218 clamant.
804 1161 1091 1216 Videamus
1105 1174 1232 1229 ergo
1247 1157 1372 1230 quid
1388 1158 1546 1212 etiam
1564 1173 1628 1212 ex
1647 1156 1749 1211 hoc
1767 1157 1784 1189 ί

212 1257 502 1331 Cyprianus
528 1257 581 1310 iu
606 1255 831 1309 Domina
856 1253 1266 1324 gloriosissimus
1292 1251 1546 1316 senserit;
1568 1250 1695 1321 quid
1718 1248 1785 1303 ad

214 1345 542 1402 instruendus
567 1345 853 1410 Ecclesias,
885 1359 987 1397 non
1019 1343 1197 1411 utique
1228 1340 1659 1406 Manichaeorum,
1691 1338 1786 1394 sed

213 1440 599 1496 Catholieorum
618 1480 634 1505 ,
664 1453 769 1493 non
791 1438 963 1493 solum
990 1435 1217 1500 dixerit,
1245 1448 1431 1488 vermn
1460 1433 1619 1487 etiam
1648 1432 1788 1485 litte-

213 1534 300 1597 ris,
324 1531 709 1601 memoriaque
738 1528 1083 1583 mandaverit.
1113 1525 1170 1580 In
1198 1525 1420 1596 epistola
1451 1524 1518 1579 de
1541 1522 1713 1593 Opere
1734 1531 1788 1578 et

215 1622 578 1693 Eleemosynis
610 1636 625 1675 :
662 1639 683 1672 ι
721 1622 1082 1690 Aguoscamus
1126 1617 1336 1685 itaque,
1385 1614 1607 1681 lratres,
1649 1634 1666 1667 ι
1704 1614 1786 1668 in-

211 1714 352 1785 quit,
389 1730 411 1767 ι
445 1711 813 1774 dilectissimi,
846 1710 1035 1764 divina:
1062 1706 1402 1778 indulgentias
1429 1706 1640 1762 salubre
1670 1721 1789 1761 mu-

213 1820 306 1857 nus
324 1845 337 1863 .
368 1810 424 1856 et
450 1801 805 1857 emundandis
824 1802 845 1833 ²
877 1798 1264 1877 purgautlisque
1294 1797 1523 1868 peccatis
1548 1796 1746 1851 nostris
1768 1839 1784 1861 ,

212 1894 294 1964 qui
322 1895 440 1949 sine
480 1892 1026 1962 aliquoconscientia:
1052 1890 1272 1946 vulnere
1313 1904 1433 1944 esse
1459 1903 1566 1944 non
1597 1903 1787 1959 possu-

214 2001 358 2050 mus,
404 1985 632 2040 medelis
661 1984 1021 2056 spiritualibns
1044 1983 1263 2038 vulnera
1293 1989 1474 2036 nostra
1517 1993 1785 2035 curemus.

211 2076 315 2132 Nec
352 2078 636 2147 quisquam
679 2075 756 2131 sic
781 2076 880 2131 sibi
906 2074 974 2131 de
1013 2088 1144 2144 puro
1172 2083 1330 2144 atque
1354 2071 1423 2127 de
1449 2070 1789 2126 immaculato

213 2176 419 2238 pectore
448 2165 783 2231 blandiatur,
824 2174 883 2220 ut
909 2162 1208 2219 innocentia
1235 2177 1330 2217 sua
1360 2160 1526 2217 fretus
1568 2160 1788 2216 medici-

213 2273 328 2312 nam
347 2273 452 2311 non
482 2263 633 2327 putet
656 2254 1008 2310 adhibendam
1025 2268 1144 2310 esse
1158 2252 1467 2308 vulneribus
1485 2268 1498 2304 :
1521 2267 1638 2307 cum
1658 2252 1791 2306 scri-

211 2358 354 2420 ptum
372 2348 461 2413 sit,
484 2347 612 2412 Quis
626 2346 921 2418 gloriabitur
944 2354 1136 2400 castum
1160 2361 1213 2398 se
1236 2343 1415 2398 habere
1438 2343 1562 2397 cor?
1577 2353 1662 2396 aut
1680 2343 1789 2415 quis

210 2438 505 2510 gloriabitur
529 2437 777 2491 mundum
802 2453 856 2491 se
894 2451 999 2491 esse
1023 2451 1055 2488 a
1082 2435 1298 2504 peccatis
1341 2432 1522 2501 (Prov.
1552 2449 1621 2490 xx
1642 2474 1655 2499 ,
1688 2430 1790 2500 9).?

212 2543 264 2588 et
298 2536 490 2589 iterum
516 2531 570 2586 in
602 2530 840 2601 Epistola
866 2544 960 2585 sua
983 2527 1217 2584 Joannes
1254 2537 1415 2598 ponat
1443 2535 1496 2582 et
1522 2526 1697 2593 dicat,
1730 2525 1792 2580 Si

212 2627 483 2682 dixerimus
502 2627 622 2699 quia
645 2634 905 2697 peccatum
928 2642 1029 2679 non
1063 2625 1303 2679 habemus
1320 2664 1336 2691 ,
1366 2639 1456 2676 nos
1490 2620 1627 2690 ipsos
1649 2619 1790 2673 deci-

213 2719 397 2789 pimus,
421 2727 467 2771 et
487 2717 668 2771 veritas
692 2716 746 2770 in
766 2714 907 2770 nobis
927 2732 1025 2769 non
1046 2724 1118 2770 est
1141 2714 1161 2746 ³
1194 2712 1237 2786 (1
1263 2710 1419 2769 Ιοαη.
1444 2726 1485 2780 t,
1509 2710 1590 2783 8).
1614 2708 1671 2766 Si
1698 2725 1793 2765 au-

214 2817 320 2863 tem
351 2824 506 2865 nemo
531 2822 646 2865 esse
672 2807 791 2864 sine
817 2816 1033 2880 pecctto
1061 2815 1255 2879 potest,
1282 2816 1336 2863 et
1361 2805 1598 2877 quisquis
1624 2818 1681 2859 se
1710 2802 1793 2857 in-

218 2899 490 2968 culpatum
516 2898 721 2966 dixerit,
748 2907 837 2953 aut
869 2898 1128 2969 superbus
1153 2905 1245 2952 aut
1271 2896 1464 2951 stultus
1491 2902 1572 2949 est
1595 2911 1609 2947 :
1633 2908 1789 2964 quam

229 2988 542 3052 necessaria,
562 3002 708 3059 quam
735 2988 962 3059 benigna
988 2995 1072 3043 est
1097 2987 1274 3042 divina
1297 2985 1580 3041 clementia
1599 3000 1614 3050 ;
1632 2999 1750 3055 qua:
1771 2981 1792 3015 ⁸

227 3095 349 3134 cum
365 3079 493 3134 sciat
516 3092 612 3132 non
634 3079 825 3134 deesse
841 3077 1040 3135 sanatis
1055 3077 1297 3149 quaedam
1325 3074 1656 3147 postmodum
1678 3074 1801 3128 vul-

216 3186 345 3226 nera
369 3212 382 3234 ,
412 3168 553 3226 dedit
579 3169 828 3226 curandis
856 3170 1031 3225 denuo
1058 3168 1414 3239 sanandisque
1434 3167 1455 3200 ⁵
1486 3164 1793 3221 vulneribus

214 3264 449 3319 remedia
475 3264 762 3320 salutaria?
790 3283 810 3318 ›
836 3264 1041 3321 Rursus
1066 3263 1119 3318 in
1146 3260 1332 3318 eadem
1356 3277 1370 3314 :
1410 3278 1429 3314 ι
1458 3259 1526 3315 Et
1544 3258 1792 3330 quoniam

214 3355 477 3424 quotidie,
515 3373 536 3408 ι
571 3356 776 3427 inquit,
812 3375 832 3411 ‹
867 3356 1056 3414 deesse
1079 3370 1184 3411 non
1223 3362 1398 3426 potest
1433 3352 1574 3424 quod
1602 3365 1793 3422 pecce-

214 3453 300 3499 tur
342 3445 395 3498 iu
435 3455 726 3516 conspectu
750 3446 880 3512 Dei;
920 3448 1175 3503 sacriﬁcia
1202 3444 1504 3517 quotidiana
1549 3458 1654 3497 non
1697 3441 1793 3498 de-

214 3534 407 3599 erant',
431 3536 625 3605 quibus
652 3542 871 3606 possent
894 3545 1105 3605 peccata
1129 3536 1277 3607 tergi.
1293 3554 1315 3590 ι
1338 3534 1470 3592 Item
1496 3534 1547 3588 in
1571 3533 1794 3605 epistola

211 3625 280 3680 de
318 3627 636 3682 Mortalitatc
667 3644 681 3682 :
720 3645 740 3679 ι
775 3626 908 3682 Cum
952 3627 1170 3682 avaritia
1192 3668 1205 3691 ,
1247 3645 1265 3679 ι
1300 3626 1504 3697 inquit,
1541 3644 1561 3678 c
1598 3623 1751 3681 nobis
1773 3664 1789 3689 ,

210 3733 330 3774 cum
355 3719 720 3791 impudicitia,
749 3733 868 3775 cum
893 3719 969 3774 ira
988 3760 1013 3787 ,
1031 3733 1150 3774 cum
1175 3717 1460 3773 ambitione
1486 3716 1793 3787 congressio

209 3816 327 3873 est;
354 3825 472 3865 cum
498 3809 802 3867 carnalibus
824 3810 986 3877 vitiis,
1016 3825 1135 3864 cum
1162 3809 1425 3865 illecebris
1449 3808 1792 3865 saecularibus

207 3899 419 3955 assidua
443 3908 497 3956 et
525 3901 750 3954 molesta
792 3900 1011 3956 luctatio
1035 3909 1116 3956 est
1147 3918 1160 3953 :
1193 3901 1409 3956 obsessa
1434 3914 1586 3955 mens
1614 3898 1790 3955 homi-

208 3992 327 4059 nis,
373 4001 431 4046 et
468 3991 703 4063 undique
727 3991 927 4047 diaboli
953 3990 1289 4047 infestatione
1315 3991 1542 4057 vallata,
1573 3992 1660 4045 vix
1696 4005 1790 4046 oc-

208 4083 376 4139 currit
413 4083 631 4153 singulis
649 4125 664 4150 ,
695 4084 781 4138 vix
807 4083 1028 4139 resistit.
1057 4083 1115 4139 Si
1140 4083 1355 4139 avaritia
1384 4090 1645 4154 prostrata
1668 4089 1750 4137 est
1772 4121 1788 4147 ,

206 4176 450 4246 exsurgit
472 4175 673 4243 libido;
703 4176 748 4231 si
775 4175 941 4231 libido
965 4190 1267 4246 compressa
1293 4183 1394 4240 est,
1419 4174 1655 4229 succedit
1678 4189 1792 4229 am-

206 4268 374 4335 bitio;
404 4269 451 4323 si
473 4268 696 4325 ambitio
723 4277 1024 4337 contempta
1050 4276 1164 4335 est,
1194 4268 1269 4322 ira
1292 4274 1614 4336 exasperat,
1643 4265 1794 4324 inﬂat

207 4359 481 4429 superbia,
508 4359 797 4415 vinolentia
825 4357 1030 4421 invitat,
1059 4358 1254 4413 invidia
1277 4357 1614 4414 concordiam
1639 4373 1789 4413 rum-

208 4453 315 4521 pit,
344 4451 634 4505 amicitiam
661 4451 807 4506 zelus
825 4450 847 4482 "
872 4449 1134 4504 abscindit
1164 4467 1177 4502 :
1208 4449 1413 4519 cogeris
1432 4449 1748 4505 maledicere
1769 4489 1785 4516 ,

208 4544 346 4615 quod
377 4544 560 4599 divina
600 4544 690 4599 lex
735 4542 1015 4614 prohibet;
1045 4542 1377 4612 compelleris
1406 4542 1620 4611 jurare,
1648 4542 1790 4614 quod

210 4654 313 4693 non
339 4639 489 4694 licet.
516 4636 618 4693 Tot
642 4636 1041 4708 persecutiones
1065 4635 1273 4690 animus
1297 4634 1531 4705 quotidie
1556 4635 1750 4705 patitur
1771 4677 1787 4705 ,

279 4848 1072 4922 fﬁlili»i"h°0-
1130 4916 1168 4922 --
1299 4916 1308 4922 .
1443 4908 1521 4922 --
1613 4911 1624 4922 -

272 4919 293 4948 ι
327 4908 486 4971 aditi,
520 4908 926 4976 utcmundaridis.
971 4918 1025 4962 At
1060 4911 1110 4960 iu
1130 4916 1237 4960 uss.
1263 4916 1315 4961 et
1335 4908 1460 4975 apud
1490 4911 1791 4976 Cyprianum,

210 4986 254 5027 et
274 4974 617 5027 ermmdandis.

272 5040 295 5069 ³
330 5039 421 5086 uie
443 5038 564 5100 apud
594 5035 879 5102 Qprianum
913 5029 1213 5102 additur,_si
1253 5038 1411 5102 autem
1447 5031 1647 5102 confessi
1670 5032 1793 5100 ﬁte-

213 5098 367 5183 timus
392 5092 587 5183 perimit:
604 5092 784 5183 ridica,
807 5092 966 5159 ﬁdelis
985 5100 1030 5144 et
1042 5092 1204 5157 justus
1235 5100 1305 5146 est
1329 5092 1575 5152 Dominus,
1598 5092 1681 5157 qui
1712 5104 1795 5142 no-

212 5159 283 5210 bis
306 5158 510 5223 peccata
531 5158 757 5209 dimittat.
811 5158 815 5159 ⁷
1688 5213 1700 5224 _

273 5224 297 5252 δ
332 5229 385 5269 ιη
410 5223 550 5269 editis
562 5230 790 5268 omissum
805 5223 928 5277 erat,
948 5228 1091 5280 quam
1113 5215 1568 5280 necessaria,_rqumrt
1593 5212 1795 5276 benigna

215 5290 283 5333 est
321 5282 496 5355 dicina
523 5281 801 5339 clementia,
838 5276 969 5343 qtae.
1004 5280 1214 5328 Habetur
1238 5279 1285 5326 in
1317 5276 1566 5355 Gallicanis
1599 5283 1709 5325 Uss.
1744 5282 1798 5326 et

214 5344 670 5463 mixti?
709 5399 1060 5464 salt‘andisque.
1117 5409 1214 5449 Am.
1260 5407 1313 5450 et
1354 5406 1460 5450 Mss.
1483 5433 1498 5460 ,
1542 5397 1794 5451 sanandis-

215 5479 490 5586 q’ls'miti,
512 5525 728 5576 deerunt.
751 5525 1048 5587 castigantur
1074 5534 1137 5572 ex
1162 5529 1264 5571 Mss.

279 5591 302 5618 ⁷
339 5596 421 5637 Er.
448 5582 496 5637 et
519 5594 647 5644 Lov.,
671 5585 826 5637 scelus
849 5582 1152 5634 :‘mendose.

282 5650 362 5711 (α)
398 5655 565 5711 ροειηιι
589 5641 704 5696 illud
728 5647 1031 5711 Pelagianum
1047 5646 1145 5711 jam
1167 5643 1440 5711 damnatum
1462 5641 1622 5711 fuerat
1644 5656 1669 5691 a
1687 5656 1798 5711 con:

220 5704 540 5818 cilio'
583 5704 861 5760 universali
892 5707 1000 5756 armi
1036 5704 1141 5756 418.
1190 5707 1303 5757 \ide
1345 5705 1492 5766 inira,
1542 5707 1588 5754 in
1612 5712 1746 5767 [nuto
1768 5704 1798 5752 ἓ

222 5782 356 5818 MN!
432 5784 526 5818 ιϐιδ.

222 5782 250 5817 Α
256 5791 267 5830 ι
290 5782 526 5831 pentum.

1890 434 1970 481 tot
1994 427 2244 496 periculis
2262 439 2443 498 pectus
2469 438 2687 502 urgetur
2706 432 2745 497 ί,
2764 441 2819 488 ct
2842 431 3069 489 delectat
3096 434 3181 488 hic
3205 434 3342 492 inter
3357 435 3470 490 diae

1889 516 1995 572 boli
2036 518 2243 588 gladios
2262 522 2283 552 ²
2310 520 2399 575 diu
2426 530 2598 588 stare;
2627 538 2747 577 cum
2792 524 2958 594 magis
2984 525 3466 596 concupiscendum

1888 609 1959 663 sit
2000 617 2054 665 et
2095 611 2417 681 optandum,
2445 613 2512 668 ad
2539 614 2807 670 Christum
2849 616 3196 674 subveniente
3233 618 3468 674 velocius

1888 710 2061 757 morte
2091 719 2396 773 properare.
2428 725 2447 758 ι
2482 705 2612 760 Item
2640 707 2693 761 in
2722 709 2832 776 ipsa
2867 725 2880 762 :
2918 727 2939 761 ι
2976 710 3240 777 Beatus...
3278 711 3465 780 inquit.

1894 811 1914 845 ί
1949 795 2221 863 apostolus
2244 794 2441 851 Paulus
2466 795 2519 850 in
2544 796 2779 866 Epistula
2805 814 2896 854 sua
2920 800 3067 869 ponit
3090 813 3142 858 et
3170 801 3317 867 dicit,
3337 800 3469 855 Mihi

1889 886 2048 941 trivere
2073 884 2300 941 Christus
2325 896 2417 951 est,
2443 895 2491 941 et
2514 888 2640 941 mori
2663 887 2858 943 lucrum
2884 889 3142 962 (Philipp.
3168 907 3207 958 t,
3228 892 3322 961 9.1)
3348 909 3361 944 :
3386 892 3469 946 lu-

1890 990 2039 1031 crum
2067 976 2356 1030 maximum
2380 984 2694 1046 computans
2715 977 2822 1047 jam
2860 980 3200 1035 saecularibus
3227 981 3425 1052 laqueis
3447 982 3470 1014 ³

1892 1082 1997 1121 non
2041 1067 2242 1131 teneri,
2267 1067 2377 1138 jam
2421 1068 2580 1123 nullis
2620 1069 2861 1139 peccatis.
2889 1079 2942 1125 et
2970 1071 3113 1126 vitiis
3153 1073 3330 1129 carnis
3369 1075 3468 1130 ob-

1891 1159 2104 1214 noxium
2132 1159 2263 1214 ﬁeri.
2303 1178 2321 1211 ι
2356 1158 2488 1216 Item
2516 1159 2582 1217 de
2603 1161 2844 1217 oratione
2867 1161 3132 1218 dominica
3152 1203 3169 1229 ,
3192 1179 3466 1233 exponens

1890 1249 2027 1318 quod
2054 1251 2280 1321 petimus
2304 1251 2542 1307 dicentes
2560 1292 2577 1319 ,
2608 1250 2966 1322 Sanctiﬁcelur
2991 1270 3171 1307 nomen
3199 1262 3377 1321 tuum;
3397 1256 3470 1312 ait

1891 1340 2030 1396 inter
2056 1351 2245 1398 caetera
2276 1359 2290 1397 :
2328 1362 2348 1397 ι
2383 1342 2528 1414 Opus
2556 1352 2640 1400 est
2666 1346 2805 1400 enim
2832 1344 2987 1400 nobis
3012 1346 3317 1415 quotidiana
3344 1363 3467 1403 san-

1890 1431 2241 1501 ctiﬁcatione,
2269 1443 2328 1489 ut
2353 1435 2442 1505 qui
2469 1435 2705 1505 quotidie
2728 1435 3085 1507 delinquimus
3105 1476 3121 1502 ,
3148 1435 3341 1494 delicta
3369 1454 3470 1493 no-

1890 1533 1998 1577 stra
2024 1515 2440 1580 sanetilicatiOue
2463 1525 2675 1580 assidua
2713 1541 3079 1596 repurgcmus.
3120 1545 3139 1579 ι
3173 1527 3380 1583 Rursus
3416 1528 3471 1583 in

1889 1614 2112 1683 eadem,
2140 1630 2259 1671 cum
2287 1626 2577 1687 exponeret
2618 1618 2757 1689 quod
2786 1618 3043 1684 dicimus,
3080 1618 3287 1676 Dimitte
3328 1621 3470 1676 nobis

1891 1704 2053 1759 debita
2079 1716 2251 1761 nostra
2294 1706 2502 1779 (Matth.
2532 1724 2615 1775 vt,
2645 1707 2678 1764 9
2697 1750 2713 1776 ,
2742 1708 2829 1782 12)
2865 1728 2878 1765 :
2915 1728 2934 1762 ι
2971 1710 3139 1779 Quam
3169 1713 3472 1769 necessarie

1890 1805 2086 1862 autem,
2119 1816 2145 1851 ι,
2173 1797 2358 1868 inquit,
2399 1817 2419 1851 ι
2447 1814 2604 1870 quam
2632 1801 2973 1869 providenter
2997 1811 3051 1857 et
3076 1803 3360 1859 salubriter
3378 1804 3471 1860 ad-

1890 1904 2203 1958 monemur,
2232 1892 2379 1963 quod
2412 1901 2720 1963 peccatores
2744 1908 2930 1950 sumus
2949 1935 2965 1960 ,
2992 1896 3081 1963 qui
3110 1912 3205 1967 pro
3240 1896 3472 1968 peccatis

1891 1998 2080 2055 rogare
2120 1985 2520 2054 compellimur;
2552 1993 2613 2041 ut
2636 1986 2761 2042 dum
2789 1986 3110 2058 indulgentia
3141 1988 3209 2045 de
3236 1989 3471 2065 Deope-

1894 2074 2057 2140 titur,
2098 2075 2439 2131 conscientia:
2467 2091 2578 2132 sum
2616 2076 2825 2132 animus
2851 2078 3193 2135 recordetur!
3234 2079 3314 2137 Ne
3353 2080 3472 2151 quis

1891 2165 1991 2220 sibi
2018 2169 2165 2236 quasi
2194 2167 2447 2223 innocens
2474 2168 2697 2238 placeat,
2715 2178 2769 2225 et
2790 2183 2849 2225 se
2870 2169 3176 2227 extollendo
3200 2171 3322 2240 plus
3346 2187 3475 2243 per-

1892 2267 2012 2323 eat,
2059 2257 2336 2313 instruitur
2364 2266 2427 2313 et
2457 2258 2678 2314 docetur
2701 2274 2922 2330 peccare
2949 2275 3007 2315 se
3046 2261 3282 2332 quotidie
3300 2304 3315 2330 ,
3344 2262 3472 2319 dum

1893 2346 2129 2415 quotidie
2146 2361 2243 2417 pro
2251 2361 2411 2418 peeca
2419 2349 2487 2404 tis
2496 2348 2711 2420 iubetur
2724 2366 2898 2407 orare.
2912 2351 3001 2408 Sic
3015 2352 3244 2424 denique
3257 2362 3311 2409 et
3321 2354 3477 2410 Joan-

1895 2453 1989 2493 nes
2032 2438 2350 2506 iutEpistola
2390 2455 2486 2496 sua
2513 2450 2694 2497 monet
2717 2440 2899 2498 dicens
2921 2484 2936 2510 ,
2968 2443 3028 2499 Si
3056 2444 3329 2500 dixerimus
3356 2447 3478 2517 quia
3506 2464 3511 2473 ·

1895 2537 2151 2600 peccatum
2177 2545 2277 2585 non
2302 2528 2572 2597 habemus,
2600 2547 2690 2585 nos
2712 2532 2848 2602 ipsos
2888 2532 3162 2604 decipimus
3182 2575 3198 2600 ,
3226 2543 3272 2588 et
3295 2535 3476 2589 veritas

1894 2619 1947 2674 in
1972 2621 2112 2675 nobis
2137 2637 2236 2676 non
2258 2632 2350 2676 est.
2382 2621 2444 2678 Si
2471 2632 2634 2676 autem
2659 2624 2872 2696 confessi
2898 2627 3140 2695 fuerimus
3165 2635 3366 2694 peccata
3386 2643 3479 2681 uo-

1895 2721 2018 2780 stra,
2046 2713 2211 2784 fidelis
2231 2723 2279 2769 et
2293 2714 2471 2785 justus
2487 2724 2558 2769 est
2577 2714 2599 2747 δ
2627 2715 2713 2787 qui
2738 2714 2880 2771 nobis
2909 2726 3114 2785 peccata
3137 2717 3352 2771 dimittat
3380 2737 3398 2771 ι
3434 2717 3477 2788 (l

1893 2802 2049 2857 Joan.
2079 2820 2131 2871 ι,
2159 2806 2193 2860 8
2221 2814 2267 2859 et
2290 2805 2383 2876 9)..
2407 2805 2593 2861 Merito
2618 2815 2672 2861 et
2696 2805 2761 2860 ad
2786 2806 3062 2874 Quirinum
3089 2807 3155 2862 de
3180 2808 3280 2863 hac
3304 2823 3365 2863 re
3384 2808 3478 2862 ab-

1896 2894 2274 2950 solutissimam
2305 2897 2624 2952 sententiam
2664 2912 2813 2952 suam
2855 2899 3167 2970 proposuit,
3209 2899 3294 2955 cui
3327 2901 3478 2956 testi-

1896 2987 2074 3043 monia
2100 2987 2278 3044 divina
2314 2989 2690 3060 subjungeret,
2728 3008 2747 3043 ι
2782 2989 3058 3047 Neminem
3088 2992 3202 3048 sine
3239 2991 3396 3048 sorde
3428 3000 3477 3047 3t

1896 3078 2012 3133 sine
2037 3087 2252 3149 peccato
2276 3094 2397 3136 esse
2433 3099 2451 3133 ι
2490 3080 2626 3153 (Lib.
2655 3082 2722 3148 5,
2751 3097 2866 3153 cap.
2892 3081 3001 3153 54)
3039 3101 3053 3143 :
3085 3083 3173 3137 ubi
3198 3083 3358 3139 etiam
3386 3084 3476 3138 illa

1899 3171 2197 3228 testimonia
2236 3174 2444 3243 posuit,
2473 3174 2664 3245 quibus
2686 3174 3030 3232 confirmatur
3055 3176 3326 3248 originale.
3346 3191 3476 3248 pec-

1896 3270 2071 3316 catum
2093 3304 2108 3330 ,
2135 3278 2255 3333 qua:
2283 3273 2542 3319 conantur
2565 3264 2651 3320 isti
2678 3264 2730 3320 in
2770 3264 2954 3322 nescio
2978 3280 3113 3336 quos
3134 3266 3268 3321 alios
3305 3282 3485 3322 novos

1898 3367 2087 3409 sensus
2128 3368 2423 3425 pravosque
2447 3364 2759 3411 convertere
2790 3373 2804 3410 :
2836 3355 2949 3412 sive
2985 3356 3125 3425 quod
3148 3357 3223 3412 ait
3262 3366 3479 3413 sanctus

1896 3444 1997 3501 Job
2016 3486 2030 3510 ,
2056 3444 2332 3502 Neminem
2357 3462 2477 3501 esse
2514 3447 2623 3501 sine
2648 3447 2798 3501 sorde
2814 3488 2830 3514 ,
2872 3463 2960 3502 nec
2993 3448 3139 3520 cujus
3163 3448 3228 3502 sit
3252 3448 3351 3502 vita
3377 3448 3477 3503 diei

1897 3537 2045 3589 unius
2070 3552 2221 3606 super
2246 3545 2431 3590 terram
2456 3535 2577 3605 (Job
2603 3554 2709 3604 XIV,
2737 3538 2772 3594 5
2795 3580 2811 3604 ,
2838 3554 2937 3592 sec.
2965 3537 3168 3610 LXX);
3194 3540 3307 3594 sive
3331 3540 3476 3610 quod

1897 3626 1950 3680 in
1977 3626 2186 3681 Psalmo
2211 3626 2419 3697 legitur,
2448 3624 2514 3681 In
2536 3626 2762 3696 facinore
2778 3637 3045 3698 conceptus
3069 3645 3200 3693 sum,
3225 3638 3270 3684 et
3289 3630 3341 3685 in
3362 3646 3478 3701 pec-

1855 3774 1863 3781 .
1897 3718 2019 3772 catis
2045 3734 2122 3772 me
2156 3728 2313 3772 mater
2336 3735 2448 3773 mea
2471 3718 2522 3772 in
2552 3728 2690 3773 utero
2714 3718 2839 3773 aluit
2866 3718 3037 3789 (Psal.
3065 3735 3130 3788 1.,
3160 3720 3236 3792 7).
3275 3720 3477 3788 Quibus

1898 3806 2214 3863 testimoniis
2232 3847 2248 3875 ,
2276 3816 2494 3878 propter
2517 3822 2612 3864 eos
2652 3808 2810 3863 etiam
2838 3809 2926 3878 qui
2944 3808 3053 3878 jam
3082 3810 3134 3864 in
3161 3819 3319 3867 atlate
3358 3826 3476 3867 ma-

1891 3896 1997 3968 jori
2035 3907 2158 3952 sunt
2183 3898 2349 3953 sancti
2370 3939 2384 3963 ,
2410 3898 2532 3969 quia
2570 3913 2668 3954 nec
2696 3897 2795 3970 ipsi
2824 3906 2949 3954 sunt
2974 3898 3091 3955 sine
3117 3899 3274 3957 sorde
3315 3910 3476 3973 atque

1896 3994 2137 4059 peccato,
2159 3986 2397 4057 adjunxit
2425 3987 2582 4041 etiam
2608 3986 2735 4043 illud
2762 3986 3051 4044 beatissimi
3071 3988 3312 4055 Joannis,
3334 3992 3477 4063 quod

1896 4077 2077 4133 multis
2098 4084 2152 4133 et
2174 4076 2293 4132 aliis
2321 4076 2453 4133 locis
2478 4092 2622 4146 saepe
2649 4086 3035 4135 commemorat
3064 4097 3079 4133 :
3112 4080 3172 4135 Si
3200 4080 3479 4138 dixerimus

1894 4169 2013 4240 quia
2040 4176 2299 4241 peccatum
2324 4185 2426 4224 non
2463 4167 2735 4241 habemus;
2763 4176 2817 4224 et
2853 4177 3050 4226 cmtera
3073 4171 3310 4241 ejusdem
3349 4188 3475 4229 sen-

1899 4260 2076 4317 tentia:
2094 4301 2109 4327 ,
2136 4277 2254 4333 quae
2282 4260 2350 4317 ab
2374 4259 2622 4317 omnibus
2645 4258 2934 4316 Calholicis
2978 4274 3086 4315 non
3114 4269 3354 4318 tacentur
3375 4263 3473 4318 ad-

1896 4366 2083 4406 versus
2110 4352 2237 4408 istos
2256 4393 2271 4420 ,
2301 4354 2390 4424 qui
2414 4368 2473 4409 se
2515 4352 2659 4423 ipsos
2684 4351 2990 4422 decipiunt,
3018 4352 3149 4409 etin
3174 4354 3254 4410 eis
3280 4355 3475 4410 veritas

1899 4454 2005 4497 non
2037 4452 2138 4496 eat.

1899 4568 1916 4623 ι
1967 4556 2059 4611 28.
2101 4555 2312 4617 Dicant,
2357 4553 2402 4608 si
2445 4553 2641 4610 audent
2677 4554 2976 4626 Pelagiani,
3019 4554 3160 4611 hunc
3208 4556 3475 4613 hominem

1898 4643 1996 4706 Dei
2024 4646 2430 4703 Manichaeorum
2463 4661 2645 4702 errore
2674 4662 2981 4716 perversum
3001 4689 3018 4716 ,
3047 4646 3168 4717 quia
3199 4649 3269 4704 ita
3297 4650 3478 4706 laudat

1898 4748 2143 4805 sanctos,
2176 4746 2234 4793 nt
2271 4747 2446 4791 tamen
2478 4736 2699 4793 fateatur
2737 4738 3007 4794 nemiuem
3046 4737 3101 4793 in
3129 4737 3230 4794 hac
3262 4738 3369 4795 vita
3408 4740 3477 4796 ad

1900 4842 2094 4889 tantam
2134 4828 2510 4902 perfectionem
2542 4829 2814 4898 pervenire
2839 4830 2860 4863 ⁵
2891 4830 3144 4900 iustitiae,
3172 4838 3231 4886 ut
3272 4832 3475 4887 nullum

1898 4924 2089 4980 habeat
2115 4922 2333 4978 cumino
2361 4927 2633 4990 peceatum
2657 4960 2673 4986 ,
2701 4921 3018 4976 sententiam
3051 4934 3201 4977 suam
3234 4922 3476 4976 testium-

1899 5016 2107 5069 niornm
2122 5012 2496 5069 canonicorum
2515 5011 2787 5083 perspicua
2804 5014 3024 5069 veritate
3038 5022 3093 5068 et
3106 5013 3283 5070 divina
3295 5025 3475 5073 aucto.

1898 5106 2056 5179 ritate
2073 5103 2414 5161 conﬁrmans.
2443 5102 2703 5173 Numquid
2728 5103 2868 5158 enim
2892 5113 3049 5175 negat
3074 5123 3094 5159 ι
3128 5105 3181 5161 in
3205 5106 3477 5176 Baptismo

1901 5197 2144 5265 universa
2172 5203 2384 5266 peccata
2421 5194 2641 5258 dimitti,
2676 5212 2696 5245 ι
2729 5193 2851 5264 quia
2879 5193 3070 5250 fatetur
3110 5211 3328 5252 manere
3364 5195 3476 5251 fra-

1901 5287 2154 5366 gilitatem
2180 5293 2338 5355 atque
2366 5283 2722 5339 inﬁrmitatem
2748 5325 2763 5350 ,
2792 5284 2933 5365 unde
2972 5300 3071 5341 nos
3098 5286 3229 5341 dicit
3253 5301 3479 5356 peccare

1889 5386 1894 5391 ’
1966 5398 1982 5429 ι
2015 5395 2235 5459 gallicaui
2261 5402 2389 5453 Mss,
2412 5398 2479 5444 tot
2501 5392 2727 5459 periculis
2750 5399 2795 5445 et
2816 5395 3023 5459 peccatis
3041 5400 3259 5459 urgetur.

1965 5460 1985 5489 ‘
2019 5458 2294 5519 sicinltlss.
2320 5464 2372 5505 et
2391 5455 2520 5519 apud
2542 5464 2617 5518 (ξε,
2635 5455 2838 5505 rianum.
2879 5464 2934 5505 At
2956 5464 3057 5505 Am.
3084 5455 3158 5505 E'r.
3181 5465 3234 5506 et
3254 5463 3386 5518 Low,
3409 5455 3481 5508 in-

1903 5525 1982 5583 ter
2001 5516 2180 5583 diaboli
2214 5516 2422 5583 laqueos.

1966 5581 1988 5647 ξ
2018 5580 2151 5647 Αριιᾴ
2180 5576 2480 5647 Cyprianum,
2502 5577 2674 5647 saeculi
2917 5636 2929 5647 .

1905 5641 1996 5752 δέ)
2021 5636 2495 5752 Αῐζριέἀιεξνμίιωιιωλ
2515 5643 2673 5704 justus
2696 5636 2765 5691 est
2792 5636 3050 5702 Dominus;
3090 5643 3144 5687 ut
3183 5648 3342 5702 sug'ra,
3386 5636 3477 5689 col.

1938 5718 1977 5751 ε..
2001 5740 2013 5752 .
2073 5718 2103 5752 ο
2129 5738 2139 5751 .
2190 5738 2201 5751 .

1940 5737 1994 5798 ’ί
2001 5740 2013 5759 ’
2027 5737 2154 5825 iiIi-".3
2188 5738 2442 5829 pertinere.
