4072 6554
499 404 596 466 o3!

499 529 620 592 post
647 517 1001 588 Baptismum,
1031 523 1085 570 ct
1117 527 1285 584 usque
1315 513 1367 566 in
1406 511 1562 580 hujus
1603 510 1722 564 vitae
1757 509 1914 563 linem
1953 522 2072 562 cum

499 609 796 665 carnalibus
833 605 972 660 vitiis
1018 604 1405 658 indesinentcm
1449 603 1464 634 ¹
1493 601 1691 656 habere
1732 598 2076 654 conflictum?

501 701 605 757 Aut
629 698 745 751 ideo
775 711 881 750 non
922 693 1267 756 meminerat,
1299 691 1423 760 quid
1459 708 1477 742 ι
1515 690 1580 744 de
1611 689 1940 754 immaculata
1971 687 2075 740 Ec-

503 789 660 844 clesia
693 805 710 838 ι
742 785 964 840 dixisset
993 783 1282 853 Apostolus
1309 781 1525 852 (Ep/tes.
1555 797 1618 844 v,
1646 779 1759 848 Ξῖ),
1789 779 1909 848 quia
1939 793 2074 846 pra:-

501 875 636 944 cepit
685 875 951 929 nemiuem
998 873 1076 929 sic
1113 872 1210 927 sibi
1257 871 1323 928 de
1365 887 1496 942 puro
1538 880 1696 940 atque
1743 869 2080 932 immaculato

503 975 714 1034 pectore
751 965 946 1020 debere
989 963 1242 1026 blandiri,
1294 969 1351 1016 nt
1393 961 1692 1018 innocentia
1739 974 1832 1013 sua
1875 959 2075 1022 fretus,

502 1057 817 1112 medicinam
850 1071 954 1110 non
995 1065 1140 1125 putet
1180 1053 1531 1122 adhibendam
1576 1067 1694 1107 esse
1739 1049 2080 1114 vulneribus?

503 1149 637 1224 Puto
663 1147 800 1224 quod
843 1145 1138 1207 concedant
1181 1145 1299 1202 novi
1331 1143 1566 1202 hazretici
1595 1143 1720 1197 huic
1746 1139 1948 1210 homini
1987 1154 2080 1200 ca-

499 1239 698 1300 tholico
721 1239 878 1304 scire,
912 1256 930 1288 ι
959 1237 1210 1311 Spiritum
1239 1244 1477 1289 sanctum
1505 1243 1710 1288 mentes
1732 1233 1899 1286 bonas
1919 1229 2080 1288 etiam

498 1330 730 1408 antiquis
758 1331 1080 1400 temporibus
1105 1328 1404 1398 adjuvisse:
1441 1346 1460 1380 ι
1493 1327 1600 1380 imo
1628 1325 1784 1390 etiam
1812 1323 1950 1395 quod
1983 1323 2080 1392 ipsi

500 1423 720 1488 nolunt,
748 1437 847 1476 nec
877 1429 1080 1476 mentes
1109 1421 1274 1476 bonas
1299 1435 1392 1476 eos
1422 1419 1520 1473 nisi
1548 1433 1646 1490 per
1669 1417 1920 1488 Spiritum
1960 1430 2084 1471 san-

500 1521 642 1572 ctum
675 1511 872 1572 habere
898 1513 1151 1582 potuisse.
1187 1511 1318 1564 Puto
1347 1503 1490 1579 quod
1523 1526 1544 1560 ι
1577 1523 1761 1564 omnes
1788 1507 2082 1576 Prophetas

502 1612 555 1662 et
584 1601 870 1672 Apostolos
897 1601 978 1656 vel
1006 1600 1270 1682 quoslibet
1297 1607 1507 1654 sanctos
1531 1639 1546 1664 ,
1579 1598 1667 1670 qui
1695 1597 1919 1652 Domino
1948 1612 2084 1670 quo-

435 1735 438 1738 .
503 1705 730 1760 cumque
772 1701 1008 1766 tempore
1051 1692 1391 1760 placuerunt,
1437 1703 1542 1743 non
1587 1687 1639 1742 in
1688 1688 2085 1758 comparatione

501 1781 905 1847 sceleratorum,
929 1799 947 1832 ι
966 1780 1098 1835 sicut
1119 1794 1215 1834 nos
1232 1778 1315 1833 isti
1333 1779 1509 1833 dicere
1524 1777 1932 1843 calumniantur,
1953 1795 1970 1826 ‹
1991 1775 2082 1831 sed

501 1873 684 1942 regula
712 1871 986 1936 virtutum,
1021 1889 1040 1923 ι
1071 1871 1206 1926 sicut
1231 1886 1290 1925 se
1319 1869 1498 1925 dicere
1525 1869 1832 1940 gloriantur,
1865 1886 1884 1920 ι
1913 1867 2084 1937 justos

502 1963 669 2019 fuisse
698 1983 716 2017 ι
747 1971 966 2018 noverat
991 1963 1286 2036 Cyprianus
1305 2005 1320 2029 ,
1352 1961 1440 2033 qui
1469 1970 1646 2016 tamen
1673 1961 1836 2016 dicit:
1869 1978 1888 2011 ι
1917 1959 2086 2014 Nemo

503 2069 626 2110 esse
661 2055 775 2108 sine
804 2064 1019 2124 peccato
1059 2063 1264 2123 potest;
1303 2061 1358 2109 et
1385 2039 1630 2132 quisquis
1665 2067 1722 2106 se
1762 2051 2084 2120 inculpatum

503 2145 734 2212 dixerit,
763 2131 854 2199 aut
881 2131 1140 2216 superbus
1159 2187 1173 2211 ,
1204 2153 1294 2199 aut
1322 2145 1517 2200 stultus
1545 2131 1644 2200 est.
1675 2163 1694 2198 ι
1727 2143 1834 2198 Nec
1869 2151 2087 2216 propter

503 2236 646 2291 aliud
681 2236 921 2316 intelligit
961 2223 1246 2316 scriptum,
1299 2235 1424 2314 Quis
1461 2235 1757 2308 gloriabitur
1794 2245 1986 2288 castum
2034 2251 2088 2288 se

504 2327 686 2381 habere
708 2327 834 2381 cor?
857 2335 943 2390 aut
971 2327 1082 2398 quis
1105 2326 1403 2404 gloriabitur
1427 2327 1670 2390 mundum
1698 2343 1751 2380 se
1779 2343 1884 2382 esse
1907 2343 1939 2380 τι
1967 2343 2086 2402 pec-

502 2419 628 2486 catis
656 2419 835 2490 (Prov.
867 2436 936 2474 xx
955 2461 968 2486 ,
999 2419 1095 2488 9)?
1125 2420 1258 2473 Puto
1288 2419 1426 2488 quod
1455 2434 1560 2484 non
1589 2419 1655 2472 ah
1684 2418 1796 2472 istis
1818 2417 2087 2482 docendus

503 2508 678 2566 fuerat
711 2509 1040 2588 Cyprianus,
1077 2509 1216 2580 quod
1263 2511 1460 2588 optime
1497 2509 1737 2578 sciebat,
1767 2529 1786 2574 ς
1823 2510 1874 2564 in
1911 2509 2086 2565 futuro

503 2608 748 2670 tempore
776 2586 1073 2654 mercedem
1101 2613 1219 2660 esse
1251 2586 1508 2652 bonorum
1545 2613 1794 2668 operum,
1827 2600 2086 2654 malorum

503 2699 682 2752 autem
710 2689 1061 2759 supplicium;
1083 2698 1330 2750 cteterum
1359 2689 1624 2746 neminem
1649 2704 1824 2759 posse,
1856 2707 1972 2760 qua:
2001 2691 2086 2746 hic

505 2767 917 2849 contempserit,
946 2779 1052 2834 illic
1080 2781 1102 2811 ³
1133 2779 1376 2833 mandata
1422 2779 1714 2850 perﬁcere:
1763 2799 1782 2832 ι
1817 2789 1872 2836 et
1911 2789 2084 2836 tamen

506 2871 665 2940 etiam
709 2871 880 2942 ipsum
923 2873 1218 2942 apostolum
1249 2872 1465 2927 Paulum
1487 2914 1501 2938 ,
1549 2872 1916 2928 mandatorum
1947 2873 2085 2928 divi-

505 2977 696 3016 norum
725 2950 828 3016 non
858 2964 1035 3034 utique
1061 2972 1504 3032 contemptorem,
1532 2981 1636 3019 non
1665 2965 1734 3020 ob
1759 2965 1901 3019 aliud
1931 2966 2086 3030 intel-

505 3051 622 3122 ligit
654 3053 948 3122 asseritque
984 3053 1214 3122 dixisse,
1249 3053 1380 3108 Mihi
1421 3056 1580 3109 vivere
1619 3053 1847 3111 Christus
1890 3065 1990 3122 est,
2041 3065 2088 3110 et

504 3144 636 3197 mori
663 3143 856 3210 lucrum
886 3143 1140 3214 (Philipp.
1173 3159 1224 3211 ι,
1255 3143 1378 3214 2t);
1410 3145 1511 3200 nisi
1539 3145 1660 3220 quia
1687 3146 1892 3214 lucrum
1923 3147 2088 3200 maxi-

503 3249 652 3288 mum
693 3234 1032 3304 computabat
1055 3275 1068 3300 ,
1091 3235 1200 3304 jam
1231 3244 1352 3305 post
1377 3235 1517 3297 hanc
1552 3237 1707 3291 vitam
1746 3239 2086 3293 saecularibus

503 3325 707 3396 laqueis
734 3313 837 3393 non
867 3325 1057 3392 teneri,
1086 3325 1195 3404 jam
1227 3326 1386 3382 nullis
1415 3327 1647 3396 peccatis
1674 3337 1728 3381 et
1749 3328 1889 3382 vitiis
1909 3329 2086 3392 carnis

503 3417 788 3485 obnoxium
821 3417 954 3483 fieri.
999 3419 1176 3474 Sensit
1211 3433 1339 3498 ergo
1381 3419 1717 3474 beatissimus
1756 3417 2082 3494 Cyprianus,

503 3518 663 3579 atque
702 3509 754 3563 in
783 3508 1077 3564 divinarum
1107 3509 1500 3581 Seripturarum
1530 3511 1752 3566 veritate
1778 3513 2044 3582 pempexit
2068 3555 2082 3578 ,

503 3600 662 3654 etiam
685 3599 918 3668 ipsorum
940 3599 1317 3678 Apostolorum
1333 3601 1573 3678 quamvis
1589 3601 1806 3670 bonam,
1824 3610 2082 3671 sanctam,

497 3693 805 3763 justamque
846 3675 1036 3759 vitam,
1089 3675 1375 3748 nonnullos
1412 3707 1580 3748 nexus
1624 3693 1958 3756 szecularium
2005 3693 2084 3747 la-

503 3797 760 3853 queorum
787 3782 948 3839 fuisse
975 3797 1312 3864 perpessam,
1329 3783 1598 3838 nonnullis
1621 3784 1853 3862 peccatis
1873 3789 1927 3837 et
1947 3783 2085 3847 vitiis

503 3872 678 3928 carnis
705 3873 1022 3940 obnoxiam;
1045 3883 1100 3928 et
1127 3873 1247 3930 ideo
1270 3887 1364 3928 eos
1388 3881 1614 3928 mortem
1645 3871 2008 3942 desiderasse,
2029 3882 2086 3929 ut

501 3963 588 4030 his
614 3963 767 4030 malis
792 3974 1054 4032 carerent,
1087 3971 1140 4020 et
1170 3975 1226 4019 ut
1253 3964 1318 4018 ad
1345 3965 1510 4032 illam,
1538 3979 1659 4035 qua:
1683 3965 1782 4019 ista
1809 3981 1912 4019 non
1939 3975 2086 4035 pate-

501 4061 683 4118 retur,
715 4067 813 4109 nec
832 4053 939 4128 jam
971 4054 1022 4107 in
1050 4053 1298 4108 mandato
1325 4053 1584 4118 facienda,
1617 4054 1711 4109 sed
1740 4055 1790 4108 in
1819 4055 2036 4124 prmmio
2063 4054 2084 4087 ³

503 4141 842 4214 percipienda
877 4151 1051 4208 esset,
1099 4142 1388 4213 perfectam
1421 4143 1678 4214 justitiam
1723 4145 2081 4214 pervenirent.

502 4233 686 4302 Neque
713 4235 859 4302 enim
883 4249 1002 4288 cum
1025 4235 1230 4296 venerit
1257 4233 1398 4304 quod
1426 4250 1640 4289 oramus
1668 4233 1904 4291 dicentes
1926 4275 1942 4300 ,
1985 4235 2083 4290 Ve-

503 4325 612 4379 niat
637 4324 658 4356 ⁸
685 4341 892 4396 regnum
921 4333 1062 4378 tuum
1097 4325 1310 4400 (Manli.
1339 4341 1428 4392 vt,
1461 4323 1590 4402 I0),
1630 4341 1735 4380 non
1767 4327 1870 4382 erit
1911 4326 1966 4381 in
1993 4328 2084 4383 illo

503 4417 600 4472 Dei
625 4403 788 4487 regno
819 4417 918 4471 ulla
940 4416 1180 4485 justitia:
1211 4432 1334 4474 cum
1358 4417 1499 4474 dicat
1525 4417 1830 4488 Apostolus,
1865 4419 1986 4474 Non
2012 4431 2084 4484 est

503 4507 636 4560 enim
669 4523 877 4578 regnum
903 4507 1001 4561 Dei
1038 4523 1152 4562 esca
1185 4517 1234 4562 et
1262 4515 1440 4578 potus,
1468 4508 1556 4563 sed
1576 4511 1778 4580 justitia
1816 4519 1864 4565 et
1892 4528 1994 4580 pax
2037 4523 2083 4566 et

504 4597 748 4667 gaudium
773 4599 824 4652 in
851 4597 1051 4669 Spiritu
1075 4587 1248 4653 sancto
1272 4598 1444 4671 (Rom.
1477 4615 1594 4667 xxv,
1618 4598 1729 4671 I7).
1759 4599 1959 4671 Nempe
1983 4602 2081 4668 ista

504 4687 604 4740 tria
633 4687 780 4742 inter
799 4699 989 4743 canera
1035 4697 1298 4758 praecepta
1341 4689 1517 4744 divina
1551 4690 1945 4760 prtecipiuntur.
1986 4692 2082 4748 Hic

507 4775 660 4830 nobis
687 4776 990 4847 praecipitur-
1012 4777 1212 4846 justitia
1237 4794 1358 4834 cum
1383 4779 1576 4834 dicitur
1593 4821 1607 4845 ,
1641 4779 1816 4835 Facite
1829 4781 2082 4852 justitiam

507 4865 801 4937 (Isai.1.vt,
853 4866 929 4939 1).
980 4867 1289 4939 Prtecipitur
1327 4885 1429 4939 pax
1472 4885 1590 4924 cum
1633 4871 1842 4937 dicitur,
1893 4871 2081 4927 Pacem

505 4959 682 5012 habete
719 4957 848 5010 inter
876 4973 962 5011 vos
993 4957 1183 5028 (Marc.
1210 4975 1266 5013 ix
1293 5001 1307 5023 ,
1339 4961 1449 5030 49).
1481 4961 1796 5030 Prmcipitur
1832 4965 2080 5033 gaudium

505 5061 626 5101 cum
668 5046 899 5112 dicitur,
949 5045 1173 5101 Gaudete
1200 5048 1252 5100 in
1297 5048 1512 5102 Domino
1554 5066 1748 5120 semper
1795 5051 2076 5125 (Philipp.

505 5153 558 5190 Iv
572 5177 586 5200 ,
613 5137 692 5204 4).
715 5135 918 5205 Negent
936 5151 1063 5206 ergo
1084 5136 1344 5206 Pelagiani
1371 5135 1485 5192 hare
1507 5137 1677 5210 futura
1703 5139 1758 5194 in
1779 5155 1942 5210 regno
1967 5143 2076 5209 Dei,

507 5227 594 5282 ubi
620 5227 735 5281 sine
773 5225 878 5280 line
906 5227 1178 5291 vivemus;
1209 5236 1300 5284 aut
1347 5241 1512 5298 usque
1539 5228 1672 5284 adeo
1695 5271 1710 5296 ,
1748 5231 1790 5284 si
1833 5231 2038 5287 videtur
2061 5241 2086 5299 ,'

504 5318 772 5374 insaniant
797 5325 855 5370 ut
874 5317 1156 5387 justitiam,
1188 5333 1368 5387 pacem
1397 5359 1411 5384 ,
1439 5319 1686 5389 gaudium
1708 5361 1722 5386 ,
1752 5323 1923 5390 qualia
1953 5334 2080 5379 sunt

505 5409 592 5464 hic
613 5409 772 5481 justis
795 5449 810 5472 ,
844 5407 964 5464 talia
1006 5419 1058 5464 et
1085 5408 1192 5464 illic
1219 5409 1384 5463 futura
1411 5425 1531 5465 esse
1553 5411 1892 5466 contendant.
1923 5413 2076 5479 Quod

565 5543 582 5574 ί
617 5549 666 5591 tn
687 5542 848 5599 editis,
868 5540 1204 5592 indesinenter.

561 5607 582 5636 ³
615 5603 758 5669 editi,
791 5604 1118 5669 contempth
1153 5603 1379 5654 mandata
1411 5603 1674 5669 perﬁcere,
1713 5607 1920 5667 omisso,
1953 5607 2070 5666 illic,

501 5665 641 5732 QII?!
654 5671 760 5732 Mss.
787 5677 852 5714 ex
878 5667 1163 5732 restituitur.

563 5725 583 5795 ξ
615 5730 686 5795 εῖτ.
715 5731 843 5795 ιρν..
875 5725 1347 5795 inpraamitmuAm.
1375 5735 1426 5778 et
1450 5735 1574 5787 Mss,
1598 5727 1645 5780 in
1669 5731 1901 5792 primum,

563 5785 580 5815 η
616 5791 712 5836 am.
738 5789 810 5832 Er.
838 5793 887 5836 et
909 5785 1038 5848 uss,
1069 5785 1301 5838 tareniat.
1562 5785 1568 5787 ⁷
1671 5785 1680 5790 ’
1882 5809 1890 5816 ·

1139 398 1406 456 CONTRA
1451 395 1626 454 DUAS
1663 393 2031 452 EPISTULAS
2071 391 2619 464 PELAGIANORUM,
2659 395 2716 450 S.
2757 395 3122 454 AUGUSTINI

3667 399 3776 458 652

2187 505 2232 560 si
2263 513 2316 560 et
2341 515 2517 572 erunt,
2543 515 2596 562 et
2625 521 2730 572 non
2752 507 2874 564 talia
2901 517 3094 573 erunt;
3127 505 3363 576 profecto
3391 522 3576 565 eorum
3603 508 3694 566 hic
3715 510 3772 568 in

2185 606 2452 666 praerepto
2476 595 2707 652 curanda
2737 605 2818 652 est
2842 597 3001 664 actio,
3036 598 3144 652 illic
3171 598 3220 651 in
3260 600 3475 668 prmmio
3505 600 3770 670 speranda

2183 685 2439 756 perfectio
2465 704 2478 740 :
2512 686 2602 740 ubi
2631 687 2968 743 saecularibus
2999 688 3119 742 ullis
3147 687 3345 758 laqueis
3370 704 3474 743 non
3503 691 3700 744 retenti
3727 694 3770 758 ⁸,

2185 778 2443 847 nullisque
2490 778 2720 847 peccatis
2756 789 2810 834 et
2846 779 2990 834 vitiis
3033 781 3206 834 carnis
3251 781 3466 836 obnoxii
3509 783 3775 852 (propter

2186 867 2326 938 quod
2345 868 2647 937 Apostolus,
2673 869 2809 923 sicut
2829 869 2928 924 hoc
2949 870 3307 928 testimonium
3327 872 3536 941 accepit
3553 870 3774 943 Cypria-

2187 969 2286 1010 nus
2306 996 2321 1020 ,
2351 955 2486 1016 mori
2515 955 2720 1012 lucrum
2751 957 2850 1012 sibi
2877 973 2998 1014 esse
3024 957 3292 1028 dicebat),
3323 959 3554 1029 perfecte
3585 962 3772 1033 diliga-

2188 1060 2308 1102 mus
2337 1047 2502 1110 Deum
2523 1088 2538 1114 ,
2587 1049 2739 1117 cujus
2773 1049 2874 1104 erit
2910 1048 3044 1110 facie
3071 1049 3134 1103 ad
3167 1049 3352 1108 faciem
3393 1054 3774 1124 contemplatio

2189 1137 2234 1210 (I
2265 1137 2382 1200 Cor.
2415 1155 2508 1200 xm
2529 1183 2546 1208 ,
2591 1141 2678 1210 12)
2704 1158 2718 1206 ;
2749 1141 2983 1210 perfecte
3025 1142 3304 1213 diligamus
3349 1151 3404 1198 et
3431 1145 3731 1222 proximum
3753 1186 3772 1213 ,

2187 1243 2309 1284 cum
2337 1231 2686 1288 manifestatis
2711 1231 3119 1302 cogitationibus
3143 1232 3323 1290 cordis
3349 1233 3490 1288 nulla
3517 1233 3685 1292 ullum
3709 1233 3779 1298 de

2189 1321 2296 1376 ullo
2329 1321 2450 1374 mali
2481 1321 2640 1376 ullius
2665 1323 2832 1392 possit
2856 1322 3145 1378 sollicitare
3167 1324 3418 1394 suSpicio.

2259 1409 2483 1472 CAPUT
2513 1411 2796 1468 XL—29.
2829 1413 3078 1468 Ambrosii
3104 1423 3276 1468 contra
3305 1413 3608 1486 Pelagianos
3633 1416 3778 1470 testi-

2188 1501 2390 1570 monia,
2415 1501 2477 1554 de
2513 1501 2748 1574 originali
2783 1513 2983 1572 peccato
3005 1545 3019 1566 ,
3049 1503 3111 1557 de
3131 1505 3296 1574 gratia
3346 1504 3440 1558 Dei
3475 1514 3520 1559 et
3549 1506 3613 1559 de
3639 1521 3778 1578 pra:-

2189 1590 2572 1660 sentis'justitiw
2591 1592 2986 1663 imperfectione.
3009 1591 3116 1650 Sed
3141 1602 3194 1648 et
3219 1596 3238 1624 ²
3255 1593 3363 1663 jam
3389 1594 3779 1664 gloriosissimo

2193 1681 2410 1750 martyri
2436 1679 2704 1752 Cypriane
2729 1724 2742 1748 ,
2771 1681 2838 1746 ad
2867 1682 2996 1737 istos
3025 1683 3342 1740 cumulatius
3381 1683 3781 1756 redarguendo:

2191 1769 2554 1836 beatissimum
2575 1771 2831 1834 addamus
2851 1773 3188 1836 Ambrosium
3217 1793 3230 1830 :
3255 1775 3505 1845 quoniam
3527 1786 3581 1833 et
3600 1777 3777 1846 ipsum

2191 1859 2436 1930 Pelagius
2459 1861 2526 1915 ita
2553 1861 2806 1926 laudavit,
2833 1871 2978 1918 utne
3003 1862 3070 1918 ab
3096 1863 3330 1926 inimicis,
3346 1865 3559 1935 quidem
3583 1866 3632 1920 in
3661 1867 3780 1938 ejus

2191 1948 2341 2004 libris
2379 1950 2520 2020 quod
2560 1952 3043 2022 reprehenderetur
3064 1995 3079 2021 ,
3108 1953 3312 2010 diceret
3341 1956 3586 2012 inveniri.
3627 1958 3782 2025 Quo-

2192 2045 2333 2100 niam
2365 2061 2491 2116 ergo
2519 2045 2784 2117 Pelagiani
2813 2046 2994 2102 dicunt
3018 2062 3122 2102 non
3151 2062 3270 2104 esse
3295 2049 3554 2120 originale
3583 2065 3782 2122 pecca-

2193 2143 2324 2204 tum,
2352 2151 2472 2191 cum
2497 2153 2604 2207 quo
2629 2147 2913 2192 nascantur
2934 2138 3178 2203 infantes,
3201 2148 3256 2195 et
3277 2139 3558 2197 Catholicis
3585 2143 3674 2214 qui
3699 2145 3784 2200 eis

2192 2241 2288 2296 pro
2312 2227 2674 2298 antiquissima
2706 2229 2959 2284 Ecclesia:
2991 2229 3090 2285 lide
3117 2231 3387 2296 resistunt,
3415 2231 3631 2288 hmresis
3661 2235 3783 2288 Ma-

2193 2317 2412 2372 nichma:
2446 2319 2648 2373 crimen
2686 2319 2979 2389 objiciunt:
3024 2323 3342 2390 respondeat
3369 2323 3446 2379 eis
3488 2324 3554 2380 de
3583 2325 3683 2380 hac
3719 2341 3782 2383 re

2193 2406 2356 2472 homo
2387 2409 2481 2472 Dei
2527 2410 2817 2475 catholicus
2837 2453 2851 2478 ,
2891 2421 2945 2466 et
2980 2411 3047 2478 ab
3077 2412 3192 2482 ipso
3217 2413 3433 2484 Pelagio
3472 2416 3524 2470 in
3553 2417 3780 2474 veritate

2193 2499 2317 2554 ﬁdei
2356 2499 2375 2531 ³
2401 2500 2643 2560 laudatus
2671 2503 3012 2568 Ambrosius;
3056 2504 3145 2580 qui
3173 2519 3293 2564 cum
3325 2505 3512 2560 Isaiam
3547 2508 3782 2578 prophe-

2193 2597 2301 2644 tam
2331 2601 2620 2659 exponeret
2652 2590 2726 2663 (a)
2747 2633 2764 2660 ,
2793 2591 2904 2646 ait:
2947 2611 2970 2657 ι¹
3003 2592 3202 2648 Idcirco
3230 2593 3472 2658 Christus
3513 2596 3782 2654 immacu-

2193 2680 2350 2748 latus,
2377 2683 2499 2752 quia
2525 2699 2623 2738 nec
2645 2683 2756 2753 ipsa
2782 2684 2994 2756 quidem
3017 2685 3265 2749 nascendi
3294 2689 3448 2752 solita
3471 2690 3784 2752 conditione

2192 2773 2484 2828 maculatus
2515 2782 2617 2828 est.
2649 2792 2669 2827 ι
2695 2775 2763 2829 Et
2787 2776 2891 2830 alio
2917 2776 3035 2831 Ioco
3055 2776 3109 2830 in
3133 2777 3322 2832 eodem
3348 2794 3528 2848 opere,
3551 2779 3784 2850 loquens

2192 2862 2258 2917 de
2285 2865 2525 2932 apostolo
2553 2865 2709 2926 Petro
2735 2883 2747 2919 :
2779 2884 2796 2917 ι
2831 2865 2947 2936 Ipse
2975 2881 3053 2932 Se,
3085 2885 3104 2918 ι
3135 2867 3322 2938 inquit,
3353 2889 3374 2922 ι
3399 2870 3608 2938 obtulit,
3635 2872 3784 2941 quod

2193 2964 2316 3009 ante
2343 2955 2560 3024 putabat
2601 2971 2720 3014 esse
2767 2965 3074 3028 peccatum,
3106 2958 3268 3013 lavari
3312 2959 3414 3014 sibi
3455 2977 3558 3016 non
3603 2963 3784 3018 solum

2194 3046 2398 3118 pedes,
2427 3046 2520 3102 sed
2564 3055 2619 3102 et
2659 3058 2814 3118 caput
2861 3063 3083 3118 poscens
3112 3046 3288 3122 (Joan.
3327 3067 3453 3118 xm,
3501 3051 3595 3126 9):
3636 3055 3784 3124 quod

2193 3137 2337 3193 illico
2367 3138 2735 3208 intellexisset,
2765 3139 2976 3196 lavacro
3005 3141 3220 3210 pedum,
3251 3143 3338 3212 qui
3367 3143 3417 3196 in
3447 3143 3616 3212 primo
3645 3145 3782 3217 lapsi

2192 3241 2318 3287 sunt
2345 3233 2577 3300 homine,
2605 3233 2814 3296 sordem
2843 3235 3085 3300 obnoxia:
3115 3237 3467 3292 successionis
3493 3237 3718 3293 aboleri.
3753 3257 3778 3293 ι

2193 3323 2321 3378 Item
2349 3323 2402 3378 in
2426 3323 2614 3379 eodem
2637 3339 2798 3394 opere
2826 3342 2840 3378 :
2871 3343 2890 3376 ι
2919 3325 3197 3384 Servatum
3224 3335 3304 3380 est
3331 3327 3506 3396 igitur,
3537 3345 3556 3377 ι
3581 3329 3778 3398 inquit,

2198 3434 2218 3468 ι
2253 3426 2309 3470 ιιι
2345 3431 2409 3471 ex
2437 3417 2550 3471 viro
2579 3425 2632 3472 et
2659 3416 2882 3472 muliere
2903 3459 2917 3481 ,
2951 3416 3003 3472 id
3031 3426 3148 3484 est,
3180 3431 3276 3488 per
3303 3417 3448 3482 illam
3489 3433 3781 3488 corporum

2191 3506 2622 3561 commixtionem
2647 3521 2804 3561 nemo
2826 3507 3067 3562 videatur
3092 3521 3281 3578 expers
3305 3523 3426 3564 esse
3452 3509 3660 3575 delicti;
3684 3512 3782 3580 qui

2191 3607 2370 3654 autem
2396 3589 2585 3668 expers
2605 3598 2784 3654 delicti
2812 3606 2923 3666 est,
2957 3614 3148 3670 expers
3171 3607 3255 3655 est
3281 3601 3440 3656 etiam
3471 3601 3782 3672 hujusmodi

2190 3691 2569 3760 conceptionis.
2597 3710 2616 3745 ι
2637 3691 2766 3747 Item
2787 3701 2972 3748 contra
2991 3691 3308 3748 Novatianos
3325 3695 3564 3750 scribens
3585 3694 3724 3766 (Lib.
3748 3697 3778 3754 l

2190 3781 2253 3842 de
2278 3780 2492 3850 Pis-nia,
2527 3798 2640 3853 cap.
2668 3782 2723 3853 5)
2751 3800 2763 3836 :
2801 3801 2820 3834 ι
2852 3782 3050 3838 Omnes
3080 3783 3370 3850 hominesn
3407 3785 3594 3855 inquit,
3628 3804 3647 3836 ι
3675 3787 3784 3844 sub

2191 3881 2410 3942 peccato
2451 3873 2738 3927 nascimur.
2788 3871 3022 3940 Quorum
3063 3873 3176 3944 ipse
3217 3881 3366 3929 ortus
3407 3875 3456 3928 in
3489 3876 3614 3930 vitio
3653 3887 3780 3946 est,

2191 3947 2328 4018 sicut
2358 3962 2520 4017 habes
2551 3963 2764 4030 lectum,
2795 3963 3006 4018 dicente
3032 3963 3198 4018 David
3225 3981 3239 4017 :
3272 3963 3401 4019 Ecce
3427 3965 3560 4018 enim
3585 3966 3638 4018 in
3667 3966 3780 4020 ini-

2188 4054 2462 4126 quitatibus
2485 4063 2750 4126 conceptus
2776 4071 2908 4122 sum,
2936 4064 2982 4108 et
3005 4055 3057 4109 in
3077 4055 3271 4110 delictis
3297 4056 3486 4126 peperit
3512 4072 3589 4110 me
3614 4067 3784 4114 mater

2189 4164 2301 4202 mea
2327 4167 2346 4200 ι
2380 4146 2551 4222 (Psal.
2583 4161 2648 4214 ι,
2676 4145 2752 4218 7).
2803 4145 2930 4201 Item
2975 4144 3027 4201 in
3059 4145 3314 4216 Apologia
3352 4146 3622 4218 propheta:
3665 4149 3778 4202 Da-

2188 4239 2314 4302 vid:
2356 4257 2375 4291 ι
2406 4239 2703 4309 Antequam
2743 4253 3054 4302 nascamur,
3083 4237 3336 4309 i'itiquit,
3372 4257 3391 4291 ι
3441 4239 3786 4320 maculantur

2189 4331 2433 4401 contagio
2456 4371 2470 4396 ,
2498 4339 2554 4386 et
2579 4341 2701 4385 ante
2731 4347 2944 4386 usuram
2973 4331 3104 4390 lucis
3129 4333 3348 4402 originis
3377 4333 3542 4404 ipsius
3571 4335 3778 4404 accipi-

2190 4438 2307 4476 mus
2349 4421 2593 4492 injuriam
2619 4463 2634 4488 ,
2680 4422 2731 4476 in
2766 4421 3039 4494 iniquitate
3084 4425 3432 4495 concipimur.
3471 4444 3490 4477 ι
3525 4426 3653 4483 Item
3701 4427 3780 4484 de

2189 4513 2415 4576 Domino
2435 4515 2691 4584 loquens:
2721 4532 2740 4566 ι
2769 4514 2990 4584 Dignum
3011 4515 3208 4574 etenim
3231 4513 3346 4582 fuit,
3381 4535 3401 4569 ι
3427 4516 3632 4587 inquit,
3663 4536 3680 4570 ι
3715 4528 3780 4574 ut

2187 4607 2276 4678 qui
2309 4623 2412 4662 non
2454 4615 2569 4668 erat
2605 4607 2879 4668 habiturus
2915 4623 3188 4678 corporea:
3227 4609 3248 4640 *
3273 4620 3546 4686 peccatum
3585 4612 3778 4683 ιιι-οἰδα

2188 4696 2388 4767 psionis
2411 4738 2426 4762 ,
2451 4697 2652 4750 nullum
2677 4697 2899 4751 sentiret
2939 4699 3299 4767 generationis
3325 4702 3560 4755 naturale
3585 4711 3778 4756 conta-

2185 4789 2350 4858 gium.
2375 4788 2558 4842 Merito
2580 4803 2707 4858 ergo
2733 4787 2898 4843 David
2920 4788 3166 4845 ﬂebiliter
3189 4791 3239 4844 in
3263 4807 3320 4847 se
3343 4791 3634 4864 deploravit
3655 4795 3774 4863 ipsa

2187 4877 2578 4960 inquinamenta
2625 4885 2868 4944 naturae,
2916 4888 2970 4937 et
3016 4881 3158 4950 quod
3205 4882 3352 4952 prius
3404 4883 3660 4952 inciperet
3716 4885 3774 4938 in

2187 4965 2400 5020 homine
2428 4967 2630 5020 macula
2660 4981 2814 5036 quam
2853 4967 2959 5022 vita
2988 4987 3006 5020 ι
3045 4969 3194 5040 (Cap.
3227 4969 3338 5042 II).
3369 4970 3498 5026 Item
3525 4971 3592 5026 de
3627 4973 3774 5028 Area

2184 5057 2297 5114 Noe
2327 5077 2339 5114 :
2369 5078 2386 5110 ι
2414 5058 2515 5114 P-er
2543 5073 2704 5112 unum
2733 5058 2912 5129 igitur,
2949 5078 2968 5111 ι
3003 5059 3193 5132 inquit,
3225 5060 3556 5116 (Dominum
3583 5061 3773 5117 Jesum

2185 5153 2330 5206 salus
2360 5161 2577 5206 ventura
2607 5151 2908 5207 nationibus
2935 5152 3232 5209 declaratur
3255 5195 3270 5222 ,
3301 5154 3390 5226 qui
3415 5155 3560 5210 solus
3599 5158 3780 5224 potuit

2247 5306 2262 5337 ι
2298 5305 2416 5368 aditi
2439 5313 2534 5353 am.
2560 5312 2716 5368 Binet
2737 5315 2866 5368 Lov.,
2891 5321 2983 5358 non
3011 5314 3150 5360 erum
3179 5310 3350 5362 retenti
3377 5323 3398 5362 :
3431 5317 3482 5362 et
3501 5309 3630 5360 ﬁnita
3653 5325 3776 5362 sen-

2182 5367 2410 5432 tentiain
2429 5369 2597 5426 verbo,
2624 5367 2846 5432 dicebat;
2869 5371 2938 5432 sic
2969 5372 3082 5422 inde
3121 5385 3292 5432 novam
3328 5373 3577 5432 inchoent,
3601 5374 3778 5432 Perre-

2173 5435 2262 5476 cte-
2277 5426 2550 5495 diligamus,
2573 5429 2671 5490 vel,
2687 5437 2741 5495 ut
2761 5426 2889 5495 apud
2924 5437 3056 5492 Lov.,
3090 5431 3359 5495 diligemus.
3399 5426 3612 5495 Vaticani
3637 5426 3779 5482 etuti-

2180 5501 2266 5558 ces
2284 5557 2289 5558 γ
2308 5487 2525 5558 ho'eloco
2559 5487 2666 5539 non
2697 5487 2879 5542 habent
2890 5527 2911 5558 ,_
2941 5487 3080 5558 erant
3108 5505 3125 5542 :
3149 5487 3236 5558 sed
3261 5501 3393 5556 post,
3419 5492 3645 5556 obnoxii;
3677 5497 3774 5544 ad-

2177 5549 2317 5610 dunt,
2335 5549 2531 5610 erimus.
2551 5559 2780 5602 Neutrum
2803 5559 2878 5602 est
2893 5549 2949 5601 in
2959 5553 3210 5604 Gallicanis
3230 5549 3332 5604 tt'ss.

2243 5614 2262 5676 ξ
2300 5609 2423 5669 tuss.,
2447 5609 2532 5676 sed
2545 5611 3028 5676 jamgloriosissinto,
3051 5617 3159 5665 sine
3184 5613 3428 5676 particula,
3453 5623 3514 5667 et.

2245 5673 2266 5739 ξ
2297 5679 2426 5739 L_ov.,
2449 5669 2754 5739 ﬁde'.__M_elius
2773 5676 2939 5724 caueri
2963 5669 3092 5736 libri,
3119 5669 3252 5739 ﬁdei.

2241 5733 2262 5798 ξ
2295 5733 2630 5798 SicMs's._Editi
2661 5749 2796 5792 vero,
2820 5749 3036 5798 corpore.

2243 5794 2316 5854 (a)
2339 5796 2578 5857 Expositio
2597 5795 2698 5845 tunc
2721 5797 2768 5845 in
2791 5794 2954 5846 Isaiam
2976 5811 3068 5848 non
3095 5807 3268 5850 exstat.
