  <div class='ocr_page' id='page_1' title='image "/cluster/home/n/w/nwhite01/storage/ocr_20150623/44-45/uva.x000217727/320.png"; bbox 0 0 3984 6520; ppageno 0'>
   <div class='ocr_carea' id='block_1_1' title="bbox 219 414 308 470">
    <p class='ocr_par' dir='ltr' id='par_1_1' title="bbox 219 414 308 470">
     <span class='ocr_line' id='line_1_1' title="bbox 219 414 308 470; baseline -0.022 0"><span class='ocrx_word' id='word_1_1' title='bbox 219 414 308 470; x_wconf 72' lang='grc'><strong><em>635</em></strong></span> 
     </span>
    </p>
   </div>
   <div class='ocr_carea' id='block_1_2' title="bbox 213 492 1775 596">
    <p class='ocr_par' dir='ltr' id='par_1_2' title="bbox 213 492 1775 596">
     <span class='ocr_line' id='line_1_2' title="bbox 213 492 1775 596; baseline -0.017 -22"><span class='ocrx_word' id='word_1_2' title='bbox 213 525 366 596; x_wconf 79' lang='lat' dir='ltr'><strong><em>justus</em></strong></span> <span class='ocrx_word' id='word_1_3' title='bbox 409 528 551 580; x_wconf 88' lang='lat' dir='ltr'><strong><em>esse,</em></strong></span> <span class='ocrx_word' id='word_1_4' title='bbox 599 525 723 568; x_wconf 89' lang='lat' dir='ltr'><strong><em>cum</em></strong></span> <span class='ocrx_word' id='word_1_5' title='bbox 762 506 1030 581; x_wconf 85' lang='lat' dir='ltr'><strong><em>generatio</em></strong></span> <span class='ocrx_word' id='word_1_6' title='bbox 1071 503 1241 560; x_wconf 91' lang='lat' dir='ltr'><strong><em>omnis</em></strong></span> <span class='ocrx_word' id='word_1_7' title='bbox 1278 508 1511 565; x_wconf 87' lang='lat' dir='ltr'><strong><em>erraret,</em></strong></span> <span class='ocrx_word' id='word_1_8' title='bbox 1559 511 1665 550; x_wconf 90' lang='lat' dir='ltr'><strong><em>non</em></strong></span> <span class='ocrx_word' id='word_1_9' title='bbox 1705 492 1775 547; x_wconf 87' lang='lat' dir='ltr'><strong><em>ob</em></strong></span> 
     </span>
    </p>
   </div>
   <div class='ocr_carea' id='block_1_3' title="bbox 215 587 1779 676">
    <p class='ocr_par' dir='ltr' id='par_1_3' title="bbox 215 587 1779 676">
     <span class='ocr_line' id='line_1_3' title="bbox 215 587 1779 676; baseline -0.018 -6"><span class='ocrx_word' id='word_1_10' title='bbox 215 587 337 670; x_wconf 57' lang='lat' dir='ltr'><strong><em>iliud</em></strong></span> <span class='ocrx_word' id='word_1_11' title='bbox 363 611 419 676; x_wconf 83' lang='lat'><strong><em>‘,</em></strong></span> <span class='ocrx_word' id='word_1_12' title='bbox 467 607 570 664; x_wconf 82' lang='lat' dir='ltr'><strong><em>nisi</em></strong></span> <span class='ocrx_word' id='word_1_13' title='bbox 599 605 722 676; x_wconf 82' lang='lat' dir='ltr'><strong>quia</strong></span> <span class='ocrx_word' id='word_1_14' title='bbox 763 613 916 659; x_wconf 86' lang='lat' dir='ltr'><strong><em>natus</em></strong></span> <span class='ocrx_word' id='word_1_15' title='bbox 950 618 1014 656; x_wconf 90' lang='lat' dir='ltr'><strong><em>ex</em></strong></span> <span class='ocrx_word' id='word_1_16' title='bbox 1054 598 1255 669; x_wconf 80' lang='lat' dir='ltr'><strong><em>virgine</em></strong></span> <span class='ocrx_word' id='word_1_17' title='bbox 1283 592 1641 666; x_wconf 79' lang='lat' dir='ltr'><strong><em>generationis</em></strong></span> <span class='ocrx_word' id='word_1_18' title='bbox 1683 587 1779 644; x_wconf 90' lang='lat' dir='ltr'><strong><em>ob-</em></strong></span> 
     </span>
    </p>
   </div>
   <div class='ocr_carea' id='block_1_4' title="bbox 214 679 1775 770">
    <p class='ocr_par' dir='ltr' id='par_1_4' title="bbox 214 679 1775 770">
     <span class='ocr_line' id='line_1_4' title="bbox 214 679 1775 770; baseline -0.019 -9"><span class='ocrx_word' id='word_1_19' title='bbox 214 707 367 762; x_wconf 73' lang='lat' dir='ltr'><strong><em>noxia:</em></strong></span> <span class='ocrx_word' id='word_1_20' title='bbox 407 699 688 770; x_wconf 86' lang='lat' dir='ltr'><strong><em>privilegio</em></strong></span> <span class='ocrx_word' id='word_1_21' title='bbox 726 695 944 750; x_wconf 89' lang='lat' dir='ltr'><strong><em>minime</em></strong></span> <span class='ocrx_word' id='word_1_22' title='bbox 987 699 1272 746; x_wconf 88' lang='lat' dir='ltr'><strong><em>teneretur.</em></strong></span> <span class='ocrx_word' id='word_1_23' title='bbox 1321 685 1452 740; x_wconf 84' lang='lat' dir='ltr'><strong><em>Ecce</em></strong></span> <span class='ocrx_word' id='word_1_24' title='bbox 1475 727 1490 751; x_wconf 93' lang='lat'><strong><em>,</em></strong></span> <span class='ocrx_word' id='word_1_25' title='bbox 1523 702 1540 734; x_wconf 79' lang='grc' dir='ltr'><strong><em>ι</em></strong></span> <span class='ocrx_word' id='word_1_26' title='bbox 1577 679 1775 750; x_wconf 90' lang='lat' dir='ltr'><strong><em>inquit,</em></strong></span> 
     </span>
    </p>
   </div>
   <div class='ocr_carea' id='block_1_5' title="bbox 219 771 1782 864">
    <p class='ocr_par' dir='ltr' id='par_1_5' title="bbox 219 771 1782 864">
     <span class='ocr_line' id='line_1_5' title="bbox 219 771 1782 864; baseline -0.019 -12"><span class='ocrx_word' id='word_1_27' title='bbox 219 819 234 852; x_wconf 83' lang='lat' dir='ltr'><strong><em>t</em></strong></span> <span class='ocrx_word' id='word_1_28' title='bbox 265 799 314 852; x_wconf 84' lang='lat' dir='ltr'><strong><em>in</em></strong></span> <span class='ocrx_word' id='word_1_29' title='bbox 354 793 703 864; x_wconf 73' lang='lat' dir='ltr'><strong><em>iniquitatibus</em></strong></span> <span class='ocrx_word' id='word_1_30' title='bbox 729 796 995 856; x_wconf 86' lang='lat' dir='ltr'><strong><em>conceptus</em></strong></span> <span class='ocrx_word' id='word_1_31' title='bbox 1018 800 1160 844; x_wconf 90' lang='lat' dir='ltr'><strong><em>sum,</em></strong></span> <span class='ocrx_word' id='word_1_32' title='bbox 1191 790 1237 834; x_wconf 90' lang='lat' dir='ltr'><strong><em>et</em></strong></span> <span class='ocrx_word' id='word_1_33' title='bbox 1275 780 1327 834; x_wconf 85' lang='lat' dir='ltr'><strong><em>in</em></strong></span> <span class='ocrx_word' id='word_1_34' title='bbox 1361 775 1553 830; x_wconf 74' lang='lat' dir='ltr'><strong><em>delictis</em></strong></span> <span class='ocrx_word' id='word_1_35' title='bbox 1589 771 1782 843; x_wconf 77' lang='lat' dir='ltr'><strong><em>peperit</em></strong></span> 
     </span>
    </p>
   </div>
   <div class='ocr_carea' id='block_1_6' title="bbox 211 861 1777 946">
    <p class='ocr_par' dir='ltr' id='par_1_6' title="bbox 211 861 1777 946">
     <span class='ocr_line' id='line_1_6' title="bbox 211 861 1777 946; baseline -0.019 -5"><span class='ocrx_word' id='word_1_36' title='bbox 211 905 280 943; x_wconf 71' lang='lat' dir='ltr'><strong><em>ine</em></strong></span> <span class='ocrx_word' id='word_1_37' title='bbox 304 861 462 938; x_wconf 73' lang='lat' dir='ltr'><strong><em>mater</em></strong></span> <span class='ocrx_word' id='word_1_38' title='bbox 488 897 602 935; x_wconf 88' lang='lat' dir='ltr'><strong><em>mea</em></strong></span> <span class='ocrx_word' id='word_1_39' title='bbox 620 878 777 946; x_wconf 88' lang='lat' dir='ltr'><strong><em>,dicit</em></strong></span> <span class='ocrx_word' id='word_1_40' title='bbox 807 877 850 931; x_wconf 88' lang='lat' dir='ltr'><strong><em>is</em></strong></span> <span class='ocrx_word' id='word_1_41' title='bbox 878 875 964 945; x_wconf 90' lang='lat' dir='ltr'><strong><em>qui</em></strong></span> <span class='ocrx_word' id='word_1_42' title='bbox 988 873 1161 943; x_wconf 89' lang='lat' dir='ltr'><strong><em>justus</em></strong></span> <span class='ocrx_word' id='word_1_43' title='bbox 1189 885 1297 939; x_wconf 74' lang='lat' dir='ltr'><strong><em>pra:</em></strong></span> <span class='ocrx_word' id='word_1_44' title='bbox 1326 864 1531 921; x_wconf 80' lang='lat' dir='ltr'><strong><em>caeteris</em></strong></span> <span class='ocrx_word' id='word_1_45' title='bbox 1556 861 1777 933; x_wconf 83' lang='lat' dir='ltr'><strong><em>putaba-</em></strong></span> 
     </span>
    </p>
   </div>
   <div class='ocr_carea' id='block_1_7' title="bbox 213 954 1780 1050">
    <p class='ocr_par' dir='ltr' id='par_1_7' title="bbox 213 954 1780 1050">
     <span class='ocr_line' id='line_1_7' title="bbox 213 954 1780 1050; baseline -0.019 -16"><span class='ocrx_word' id='word_1_46' title='bbox 213 991 305 1034; x_wconf 89' lang='lat' dir='ltr'><strong><em>tnr.</em></strong></span> <span class='ocrx_word' id='word_1_47' title='bbox 340 975 515 1047; x_wconf 83' lang='lat' dir='ltr'><strong><em>Quem</em></strong></span> <span class='ocrx_word' id='word_1_48' title='bbox 555 973 716 1050; x_wconf 87' lang='lat' dir='ltr'><strong><em>igitur</em></strong></span> <span class='ocrx_word' id='word_1_49' title='bbox 739 972 848 1040; x_wconf 89' lang='lat' dir='ltr'><strong><em>jam</em></strong></span> <span class='ocrx_word' id='word_1_50' title='bbox 886 967 1086 1037; x_wconf 87' lang='lat' dir='ltr'><strong><em>justum</em></strong></span> <span class='ocrx_word' id='word_1_51' title='bbox 1133 960 1389 1024; x_wconf 79' lang='lat' dir='ltr'><strong><em>dixerim,</em></strong></span> <span class='ocrx_word' id='word_1_52' title='bbox 1442 957 1541 1010; x_wconf 86' lang='lat' dir='ltr'><strong><em>nisi</em></strong></span> <span class='ocrx_word' id='word_1_53' title='bbox 1591 954 1780 1050; x_wconf 75' lang='lat' dir='ltr'><strong><em>borum</em></strong></span> 
     </span>
    </p>
   </div>
   <div class='ocr_carea' id='block_1_8' title="bbox 213 1044 1781 1133">
    <p class='ocr_par' dir='ltr' id='par_1_8' title="bbox 213 1044 1781 1133">
     <span class='ocr_line' id='line_1_8' title="bbox 213 1044 1781 1133; baseline -0.017 -10"><span class='ocrx_word' id='word_1_54' title='bbox 213 1044 429 1128; x_wconf 85' lang='lat' dir='ltr'><strong><em>liberum</em></strong></span> <span class='ocrx_word' id='word_1_55' title='bbox 458 1044 818 1124; x_wconf 84' lang='lat' dir='ltr'><strong><em>vinculorum,</em></strong></span> <span class='ocrx_word' id='word_1_56' title='bbox 845 1073 1000 1133; x_wconf 89' lang='lat' dir='ltr'><strong><em>quem</em></strong></span> <span class='ocrx_word' id='word_1_57' title='bbox 1026 1066 1224 1110; x_wconf 77' lang='lat' dir='ltr'><strong><em>natura:</em></strong></span> <span class='ocrx_word' id='word_1_58' title='bbox 1253 1049 1548 1106; x_wconf 87' lang='lat' dir='ltr'><strong><em>communis</em></strong></span> <span class='ocrx_word' id='word_1_59' title='bbox 1568 1044 1781 1100; x_wconf 90' lang='lat' dir='ltr'><strong><em>vincula</em></strong></span> 
     </span>
    </p>
   </div>
   <div class='ocr_carea' id='block_1_9' title="bbox 216 1139 1782 1214">
    <p class='ocr_par' dir='ltr' id='par_1_9' title="bbox 216 1139 1782 1214">
     <span class='ocr_line' id='line_1_9' title="bbox 216 1139 1782 1214; baseline -0.015 -1"><span class='ocrx_word' id='word_1_60' title='bbox 216 1174 306 1214; x_wconf 81' lang='lat' dir='ltr'><strong><em>non</em></strong></span> <span class='ocrx_word' id='word_1_61' title='bbox 354 1163 575 1211; x_wconf 89' lang='lat' dir='ltr'><strong><em>teneant</em></strong></span> <span class='ocrx_word' id='word_1_62' title='bbox 621 1153 683 1206; x_wconf 68' lang='grc' dir='ltr'><strong><em>’Ἰ</em></strong></span> <span class='ocrx_word' id='word_1_63' title='bbox 712 1171 732 1204; x_wconf 75' lang='grc' dir='ltr'><strong><em>ι</em></strong></span> <span class='ocrx_word' id='word_1_64' title='bbox 764 1151 900 1205; x_wconf 87' lang='lat' dir='ltr'><strong><em>Ecce</em></strong></span> <span class='ocrx_word' id='word_1_65' title='bbox 928 1148 1009 1201; x_wconf 93' lang='lat' dir='ltr'><strong><em>vir</em></strong></span> <span class='ocrx_word' id='word_1_66' title='bbox 1041 1153 1257 1200; x_wconf 82' lang='lat' dir='ltr'><strong><em>sanctus</em></strong></span> <span class='ocrx_word' id='word_1_67' title='bbox 1277 1183 1290 1205; x_wconf 88' lang='lat'><strong><em>,</em></strong></span> <span class='ocrx_word' id='word_1_68' title='bbox 1337 1139 1530 1209; x_wconf 78' lang='lat' dir='ltr'><strong><em>Pelagii</em></strong></span> <span class='ocrx_word' id='word_1_69' title='bbox 1573 1150 1782 1207; x_wconf 91' lang='lat' dir='ltr'><strong><em>quoque</em></strong></span> 
     </span>
    </p>
   </div>
   <div class='ocr_carea' id='block_1_10' title="bbox 214 1228 1782 1306">
    <p class='ocr_par' dir='ltr' id='par_1_10' title="bbox 214 1228 1782 1306">
     <span class='ocr_line' id='line_1_10' title="bbox 214 1228 1782 1306; baseline -0.015 -2"><span class='ocrx_word' id='word_1_70' title='bbox 214 1247 512 1306; x_wconf 86' lang='lat' dir='ltr'><strong><em>testimonio</em></strong></span> <span class='ocrx_word' id='word_1_71' title='bbox 581 1246 635 1300; x_wconf 90' lang='lat' dir='ltr'><strong><em>in</em></strong></span> <span class='ocrx_word' id='word_1_72' title='bbox 679 1243 783 1298; x_wconf 88' lang='lat' dir='ltr'><strong><em>fide</em></strong></span> <span class='ocrx_word' id='word_1_73' title='bbox 834 1240 1089 1296; x_wconf 83' lang='lat' dir='ltr'><strong><em>catholica</em></strong></span> <span class='ocrx_word' id='word_1_74' title='bbox 1143 1233 1576 1306; x_wconf 85' lang='lat' dir='ltr'><strong><em>probatissimus,</em></strong></span> <span class='ocrx_word' id='word_1_75' title='bbox 1628 1228 1782 1283; x_wconf 79' lang='lat' dir='ltr'><strong><em>Pela-</em></strong></span> 
     </span>
    </p>
   </div>
   <div class='ocr_carea' id='block_1_11' title="bbox 212 1319 1783 1413">
    <p class='ocr_par' dir='ltr' id='par_1_11' title="bbox 212 1319 1783 1413">
     <span class='ocr_line' id='line_1_11' title="bbox 212 1319 1783 1413; baseline -0.013 -18"><span class='ocrx_word' id='word_1_76' title='bbox 212 1341 386 1413; x_wconf 83' lang='lat' dir='ltr'><strong><em>gianos</em></strong></span> <span class='ocrx_word' id='word_1_77' title='bbox 415 1344 672 1407; x_wconf 73' lang='lat' dir='ltr'><strong><em>negantes</em></strong></span> <span class='ocrx_word' id='word_1_78' title='bbox 699 1333 952 1404; x_wconf 82' lang='lat' dir='ltr'><strong><em>originale</em></strong></span> <span class='ocrx_word' id='word_1_79' title='bbox 991 1337 1258 1400; x_wconf 88' lang='lat' dir='ltr'><strong><em>peccatum</em></strong></span> <span class='ocrx_word' id='word_1_80' title='bbox 1291 1333 1432 1380; x_wconf 86' lang='lat' dir='ltr'><strong><em>tanta</em></strong></span> <span class='ocrx_word' id='word_1_81' title='bbox 1477 1319 1783 1376; x_wconf 85' lang='lat' dir='ltr'><strong><em>manifesta-</em></strong></span> 
     </span>
    </p>
   </div>
   <div class='ocr_carea' id='block_1_12' title="bbox 210 1412 1782 1498">
    <p class='ocr_par' dir='ltr' id='par_1_12' title="bbox 210 1412 1782 1498">
     <span class='ocr_line' id='line_1_12' title="bbox 210 1412 1782 1498; baseline -0.016 -11"><span class='ocrx_word' id='word_1_82' title='bbox 210 1412 347 1487; x_wconf 86' lang='lat' dir='ltr'><strong><em>tione</em></strong></span> <span class='ocrx_word' id='word_1_83' title='bbox 374 1428 649 1498; x_wconf 73' lang='lat' dir='ltr'><strong><em>redarguit</em></strong></span> <span class='ocrx_word' id='word_1_84' title='bbox 675 1442 690 1492; x_wconf 93' lang='lat'><strong><em>;</em></strong></span> <span class='ocrx_word' id='word_1_85' title='bbox 719 1439 817 1480; x_wconf 89' lang='lat' dir='ltr'><strong><em>nec</em></strong></span> <span class='ocrx_word' id='word_1_86' title='bbox 845 1433 1021 1478; x_wconf 88' lang='lat' dir='ltr'><strong><em>tamen</em></strong></span> <span class='ocrx_word' id='word_1_87' title='bbox 1045 1435 1163 1475; x_wconf 91' lang='lat' dir='ltr'><strong><em>cum</em></strong></span> <span class='ocrx_word' id='word_1_88' title='bbox 1187 1415 1488 1472; x_wconf 75' lang='lat' dir='ltr'><strong><em>Manicineis</em></strong></span> <span class='ocrx_word' id='word_1_89' title='bbox 1509 1413 1590 1467; x_wconf 89' lang='lat' dir='ltr'><strong><em>vel</em></strong></span> <span class='ocrx_word' id='word_1_90' title='bbox 1619 1412 1782 1465; x_wconf 89' lang='lat' dir='ltr'><strong><em>Deum</em></strong></span> 
     </span>
    </p>
   </div>
   <div class='ocr_carea' id='block_1_13' title="bbox 211 1501 1786 1582">
    <p class='ocr_par' dir='ltr' id='par_1_13' title="bbox 211 1501 1786 1582">
     <span class='ocr_line' id='line_1_13' title="bbox 211 1501 1786 1582; baseline -0.015 -4"><span class='ocrx_word' id='word_1_91' title='bbox 211 1521 536 1578; x_wconf 82' lang='lat' dir='ltr'><strong><em>nascentium</em></strong></span> <span class='ocrx_word' id='word_1_92' title='bbox 565 1517 896 1574; x_wconf 75' lang='lat' dir='ltr'><strong><em>conditorem</em></strong></span> <span class='ocrx_word' id='word_1_93' title='bbox 924 1521 1099 1582; x_wconf 88' lang='lat' dir='ltr'><strong><em>negat,</em></strong></span> <span class='ocrx_word' id='word_1_94' title='bbox 1129 1509 1213 1564; x_wconf 86' lang='lat' dir='ltr'><strong><em>vei</em></strong></span> <span class='ocrx_word' id='word_1_95' title='bbox 1237 1507 1464 1577; x_wconf 81' lang='lat' dir='ltr'><strong><em>nuptias,</em></strong></span> <span class='ocrx_word' id='word_1_96' title='bbox 1488 1517 1619 1574; x_wconf 90' lang='lat' dir='ltr'><strong><em>quas</em></strong></span> <span class='ocrx_word' id='word_1_97' title='bbox 1648 1501 1786 1556; x_wconf 91' lang='lat' dir='ltr'><strong><em>Dcus</em></strong></span> 
     </span>
    </p>
   </div>
   <div class='ocr_carea' id='block_1_14' title="bbox 213 1607 1118 1669">
    <p class='ocr_par' dir='ltr' id='par_1_14' title="bbox 213 1607 1118 1669">
     <span class='ocr_line' id='line_1_14' title="bbox 213 1607 1118 1669; baseline -0.014 -1"><span class='ocrx_word' id='word_1_98' title='bbox 213 1613 432 1668; x_wconf 89' lang='lat' dir='ltr'><strong><em>instituit</em></strong></span> <span class='ocrx_word' id='word_1_99' title='bbox 457 1619 515 1665; x_wconf 92' lang='lat' dir='ltr'><strong><em>et</em></strong></span> <span class='ocrx_word' id='word_1_100' title='bbox 540 1607 812 1663; x_wconf 77' lang='lat' dir='ltr'><strong><em>benedixit</em></strong></span> <span class='ocrx_word' id='word_1_101' title='bbox 836 1645 849 1669; x_wconf 93' lang='lat'><strong><em>,</em></strong></span> <span class='ocrx_word' id='word_1_102' title='bbox 884 1611 1118 1658; x_wconf 83' lang='lat' dir='ltr'><strong><em>accusat.</em></strong></span> 
     </span>
    </p>
   </div>
   <div class='ocr_carea' id='block_1_15' title="bbox 270 1684 1786 1769">
    <p class='ocr_par' dir='ltr' id='par_1_15' title="bbox 270 1684 1786 1769">
     <span class='ocr_line' id='line_1_15' title="bbox 270 1684 1786 1769; baseline -0.013 -13"><span class='ocrx_word' id='word_1_103' title='bbox 270 1701 365 1756; x_wconf 82' lang='lat'><strong><em>50.</em></strong></span> <span class='ocrx_word' id='word_1_104' title='bbox 405 1698 681 1769; x_wconf 78' lang='lat' dir='ltr'><strong><em>Pelagiani</em></strong></span> <span class='ocrx_word' id='word_1_105' title='bbox 705 1696 887 1751; x_wconf 91' lang='lat' dir='ltr'><strong><em>dicunt</em></strong></span> <span class='ocrx_word' id='word_1_106' title='bbox 910 1693 978 1749; x_wconf 88' lang='lat' dir='ltr'><strong><em>ab</em></strong></span> <span class='ocrx_word' id='word_1_107' title='bbox 1019 1692 1235 1747; x_wconf 88' lang='lat' dir='ltr'><strong><em>homine</em></strong></span> <span class='ocrx_word' id='word_1_108' title='bbox 1279 1689 1512 1758; x_wconf 88' lang='lat' dir='ltr'><strong><em>incipere</em></strong></span> <span class='ocrx_word' id='word_1_109' title='bbox 1542 1684 1786 1740; x_wconf 90' lang='lat' dir='ltr'><strong><em>meritum</em></strong></span> 
     </span>
    </p>
   </div>
   <div class='ocr_carea' id='block_1_16' title="bbox 210 1775 1789 1864">
    <p class='ocr_par' dir='ltr' id='par_1_16' title="bbox 210 1775 1789 1864">
     <span class='ocr_line' id='line_1_16' title="bbox 210 1775 1789 1864; baseline -0.012 -17"><span class='ocrx_word' id='word_1_110' title='bbox 210 1809 298 1864; x_wconf 83' lang='lat' dir='ltr'><strong><em>per</em></strong></span> <span class='ocrx_word' id='word_1_111' title='bbox 327 1792 558 1846; x_wconf 88' lang='lat' dir='ltr'><strong><em>liberum</em></strong></span> <span class='ocrx_word' id='word_1_112' title='bbox 603 1789 900 1851; x_wconf 85' lang='lat' dir='ltr'><strong><em>arbitrium,</em></strong></span> <span class='ocrx_word' id='word_1_113' title='bbox 946 1785 1029 1840; x_wconf 92' lang='lat' dir='ltr'><strong><em>cui</em></strong></span> <span class='ocrx_word' id='word_1_114' title='bbox 1074 1783 1215 1838; x_wconf 90' lang='lat' dir='ltr'><strong><em>Deus</em></strong></span> <span class='ocrx_word' id='word_1_115' title='bbox 1243 1781 1570 1849; x_wconf 84' lang='lat' dir='ltr'><strong><em>subsequens</em></strong></span> <span class='ocrx_word' id='word_1_116' title='bbox 1606 1775 1789 1847; x_wconf 66' lang='lat' dir='ltr'><strong><em>gratia:</em></strong></span> 
     </span>
    </p>
   </div>
   <div class='ocr_carea' id='block_1_17' title="bbox 211 1868 1792 1950">
    <p class='ocr_par' dir='ltr' id='par_1_17' title="bbox 211 1868 1792 1950">
     <span class='ocr_line' id='line_1_17' title="bbox 211 1868 1792 1950; baseline -0.011 -13"><span class='ocrx_word' id='word_1_117' title='bbox 211 1882 466 1939; x_wconf 84' lang='lat' dir='ltr'><strong><em>retribuat</em></strong></span> <span class='ocrx_word' id='word_1_118' title='bbox 490 1881 875 1950; x_wconf 88' lang='lat' dir='ltr'><strong><em>adjumentum.</em></strong></span> <span class='ocrx_word' id='word_1_119' title='bbox 906 1877 1078 1931; x_wconf 86' lang='lat' dir='ltr'><strong><em>Etiam</em></strong></span> <span class='ocrx_word' id='word_1_120' title='bbox 1123 1874 1209 1928; x_wconf 85' lang='lat' dir='ltr'><strong><em>hic</em></strong></span> <span class='ocrx_word' id='word_1_121' title='bbox 1247 1886 1339 1927; x_wconf 91' lang='lat' dir='ltr'><strong><em>eos</em></strong></span> <span class='ocrx_word' id='word_1_122' title='bbox 1383 1868 1595 1924; x_wconf 83' lang='lat' dir='ltr'><strong><em>refellat</em></strong></span> <span class='ocrx_word' id='word_1_123' title='bbox 1630 1880 1792 1921; x_wconf 89' lang='lat' dir='ltr'><strong><em>vene-</em></strong></span> 
     </span>
    </p>
   </div>
   <div class='ocr_carea' id='block_1_18' title="bbox 211 1960 1790 2039">
    <p class='ocr_par' dir='ltr' id='par_1_18' title="bbox 211 1960 1790 2039">
     <span class='ocr_line' id='line_1_18' title="bbox 211 1960 1790 2039; baseline -0.012 -9"><span class='ocrx_word' id='word_1_124' title='bbox 211 1975 407 2030; x_wconf 83' lang='lat' dir='ltr'><strong><em>randus</em></strong></span> <span class='ocrx_word' id='word_1_125' title='bbox 434 1973 775 2039; x_wconf 84' lang='lat' dir='ltr'><strong><em>Ambrosius,</em></strong></span> <span class='ocrx_word' id='word_1_126' title='bbox 802 1970 987 2026; x_wconf 90' lang='lat' dir='ltr'><strong><em>dicens</em></strong></span> <span class='ocrx_word' id='word_1_127' title='bbox 1027 1968 1080 2022; x_wconf 89' lang='lat' dir='ltr'><strong><em>in</em></strong></span> <span class='ocrx_word' id='word_1_128' title='bbox 1114 1965 1451 2036; x_wconf 81' lang='lat' dir='ltr'><strong><em>Expositione</em></strong></span> <span class='ocrx_word' id='word_1_129' title='bbox 1477 1960 1624 2015; x_wconf 85' lang='lat' dir='ltr'><strong><em>isaiae</em></strong></span> <span class='ocrx_word' id='word_1_130' title='bbox 1665 1972 1790 2028; x_wconf 89' lang='lat' dir='ltr'><strong><em>pro-</em></strong></span> 
     </span>
    </p>
   </div>
   <div class='ocr_carea' id='block_1_19' title="bbox 215 2052 1791 2136">
    <p class='ocr_par' dir='ltr' id='par_1_19' title="bbox 215 2052 1791 2136">
     <span class='ocr_line' id='line_1_19' title="bbox 215 2052 1791 2136; baseline -0.008 -18"><span class='ocrx_word' id='word_1_131' title='bbox 215 2066 417 2136; x_wconf 61' lang='lat' dir='ltr'><strong><em>phetat:</em></strong></span> <span class='ocrx_word' id='word_1_132' title='bbox 447 2084 468 2119; x_wconf 75' lang='grc' dir='ltr'><strong><em>ι</em></strong></span> <span class='ocrx_word' id='word_1_133' title='bbox 503 2065 637 2131; x_wconf 87' lang='lat' dir='ltr'><strong><em>Quia</em></strong></span> <span class='ocrx_word' id='word_1_134' title='bbox 663 2063 896 2119; x_wconf 89' lang='lat' dir='ltr'><strong><em>humana</em></strong></span> <span class='ocrx_word' id='word_1_135' title='bbox 937 2059 1098 2116; x_wconf 61' lang='lat' dir='ltr'><strong><em>cura”</em></strong></span> <span class='ocrx_word' id='word_1_136' title='bbox 1125 2059 1242 2114; x_wconf 88' lang='lat' dir='ltr'><strong><em>sine</em></strong></span> <span class='ocrx_word' id='word_1_137' title='bbox 1284 2056 1460 2111; x_wconf 90' lang='lat' dir='ltr'><strong><em>divina</em></strong></span> <span class='ocrx_word' id='word_1_138' title='bbox 1493 2069 1592 2124; x_wconf 90' lang='lat' dir='ltr'><strong><em>ope</em></strong></span> <span class='ocrx_word' id='word_1_139' title='bbox 1623 2052 1791 2106; x_wconf 84' lang='lat' dir='ltr'><strong><em>imbe-</em></strong></span> 
     </span>
    </p>
   </div>
   <div class='ocr_carea' id='block_1_20' title="bbox 214 2141 1786 2215">
    <p class='ocr_par' dir='ltr' id='par_1_20' title="bbox 214 2141 1786 2215">
     <span class='ocr_line' id='line_1_20' title="bbox 214 2141 1786 2215; baseline -0.011 -3"><span class='ocrx_word' id='word_1_140' title='bbox 214 2157 322 2212; x_wconf 89' lang='lat' dir='ltr'><strong><em>cilia</em></strong></span> <span class='ocrx_word' id='word_1_141' title='bbox 347 2165 433 2210; x_wconf 88' lang='lat' dir='ltr'><strong><em>est</em></strong></span> <span class='ocrx_word' id='word_1_142' title='bbox 457 2155 526 2209; x_wconf 86' lang='lat' dir='ltr'><strong><em>ad</em></strong></span> <span class='ocrx_word' id='word_1_143' title='bbox 550 2153 896 2215; x_wconf 85' lang='lat' dir='ltr'><strong><em>medendum,</em></strong></span> <span class='ocrx_word' id='word_1_144' title='bbox 927 2151 1092 2206; x_wconf 89' lang='lat' dir='ltr'><strong><em>Deum</em></strong></span> <span class='ocrx_word' id='word_1_145' title='bbox 1118 2148 1482 2203; x_wconf 83' lang='lat' dir='ltr'><strong><em>auxiliatorem</em></strong></span> <span class='ocrx_word' id='word_1_146' title='bbox 1513 2141 1786 2214; x_wconf 69' lang='lat' dir='ltr'><strong><em>requirit.)</em></strong></span> 
     </span>
    </p>
   </div>
   <div class='ocr_carea' id='block_1_21' title="bbox 215 2231 1790 2314">
    <p class='ocr_par' dir='ltr' id='par_1_21' title="bbox 215 2231 1790 2314">
     <span class='ocr_line' id='line_1_21' title="bbox 215 2231 1790 2314; baseline -0.01 -13"><span class='ocrx_word' id='word_1_147' title='bbox 215 2247 336 2302; x_wconf 90' lang='lat' dir='ltr'><strong><em>item</em></strong></span> <span class='ocrx_word' id='word_1_148' title='bbox 357 2247 408 2300; x_wconf 93' lang='lat' dir='ltr'><strong><em>in</em></strong></span> <span class='ocrx_word' id='word_1_149' title='bbox 443 2244 585 2300; x_wconf 88' lang='lat' dir='ltr'><strong><em>libro</em></strong></span> <span class='ocrx_word' id='word_1_150' title='bbox 611 2244 700 2314; x_wconf 90' lang='lat' dir='ltr'><strong><em>qui</em></strong></span> <span class='ocrx_word' id='word_1_151' title='bbox 727 2242 1048 2308; x_wconf 90' lang='lat' dir='ltr'><strong><em>inscribitur,</em></strong></span> <span class='ocrx_word' id='word_1_152' title='bbox 1068 2239 1134 2294; x_wconf 90' lang='lat' dir='ltr'><strong><em>de</em></strong></span> <span class='ocrx_word' id='word_1_153' title='bbox 1162 2240 1299 2308; x_wconf 83' lang='lat' dir='ltr'><strong><em>Fuga</em></strong></span> <span class='ocrx_word' id='word_1_154' title='bbox 1331 2237 1510 2292; x_wconf 73' lang='lat' dir='ltr'><strong><em>smcuii</em></strong></span> <span class='ocrx_word' id='word_1_155' title='bbox 1542 2233 1688 2307; x_wconf 86' lang='lat' dir='ltr'><strong><em>(Cap.</em></strong></span> <span class='ocrx_word' id='word_1_156' title='bbox 1719 2231 1790 2303; x_wconf 85' lang='lat' dir='ltr'><strong><em>i):</em></strong></span> 
     </span>
    </p>
   </div>
   <div class='ocr_carea' id='block_1_22' title="bbox 221 2329 1796 2407">
    <p class='ocr_par' dir='ltr' id='par_1_22' title="bbox 221 2329 1796 2407">
     <span class='ocr_line' id='line_1_22' title="bbox 221 2329 1796 2407; baseline -0.007 -16"><span class='ocrx_word' id='word_1_157' title='bbox 221 2358 240 2391; x_wconf 79' lang='grc' dir='ltr'><strong><em>ο</em></strong></span> <span class='ocrx_word' id='word_1_158' title='bbox 259 2339 537 2407; x_wconf 78' lang='lat' dir='ltr'><strong><em>Frequens</em></strong></span> <span class='ocrx_word' id='word_1_159' title='bbox 561 2337 770 2404; x_wconf 64' lang='lat' dir='ltr'><strong><em>nobis,»</em></strong></span> <span class='ocrx_word' id='word_1_160' title='bbox 795 2335 986 2406; x_wconf 86' lang='lat' dir='ltr'><strong><em>inquit,</em></strong></span> <span class='ocrx_word' id='word_1_161' title='bbox 1015 2353 1033 2386; x_wconf 75' lang='grc' dir='ltr'><strong><em>ι</em></strong></span> <span class='ocrx_word' id='word_1_162' title='bbox 1068 2334 1135 2388; x_wconf 90' lang='lat' dir='ltr'><strong><em>de</em></strong></span> <span class='ocrx_word' id='word_1_163' title='bbox 1164 2330 1461 2401; x_wconf 78' lang='lat' dir='ltr'><strong><em>effugiendo</em></strong></span> <span class='ocrx_word' id='word_1_164' title='bbox 1482 2329 1677 2384; x_wconf 70' lang='lat' dir='ltr'><strong><em>sreculo</em></strong></span> <span class='ocrx_word' id='word_1_165' title='bbox 1695 2329 1796 2382; x_wconf 89' lang='lat' dir='ltr'><strong><em>isto</em></strong></span> 
     </span>
    </p>
   </div>
   <div class='ocr_carea' id='block_1_23' title="bbox 219 2423 1796 2498">
    <p class='ocr_par' dir='ltr' id='par_1_23' title="bbox 219 2423 1796 2498">
     <span class='ocr_line' id='line_1_23' title="bbox 219 2423 1796 2498; baseline -0.008 -12"><span class='ocrx_word' id='word_1_166' title='bbox 219 2440 292 2488; x_wconf 82' lang='lat' dir='ltr'><strong><em>est</em></strong></span> <span class='ocrx_word' id='word_1_167' title='bbox 318 2444 534 2494; x_wconf 84' lang='lat' dir='ltr'><strong><em>sermo;</em></strong></span> <span class='ocrx_word' id='word_1_168' title='bbox 567 2438 726 2498; x_wconf 90' lang='lat' dir='ltr'><strong><em>atque</em></strong></span> <span class='ocrx_word' id='word_1_169' title='bbox 769 2427 968 2482; x_wconf 88' lang='lat' dir='ltr'><strong><em>utinam</em></strong></span> <span class='ocrx_word' id='word_1_170' title='bbox 1016 2440 1171 2495; x_wconf 90' lang='lat' dir='ltr'><strong><em>quam</em></strong></span> <span class='ocrx_word' id='word_1_171' title='bbox 1223 2423 1389 2478; x_wconf 81' lang='lat' dir='ltr'><strong><em>facilis</em></strong></span> <span class='ocrx_word' id='word_1_172' title='bbox 1440 2437 1636 2487; x_wconf 90' lang='lat' dir='ltr'><strong><em>sermo,</em></strong></span> <span class='ocrx_word' id='word_1_173' title='bbox 1689 2427 1796 2474; x_wconf 87' lang='lat' dir='ltr'><strong><em>tam</em></strong></span> 
     </span>
    </p>
   </div>
   <div class='ocr_carea' id='block_1_24' title="bbox 221 2506 1800 2585">
    <p class='ocr_par' dir='ltr' id='par_1_24' title="bbox 221 2506 1800 2585">
     <span class='ocr_line' id='line_1_24' title="bbox 221 2506 1800 2585; baseline -0.008 -7"><span class='ocrx_word' id='word_1_174' title='bbox 221 2532 399 2578; x_wconf 89' lang='lat' dir='ltr'><strong><em>cautus</em></strong></span> <span class='ocrx_word' id='word_1_175' title='bbox 417 2530 470 2575; x_wconf 90' lang='lat' dir='ltr'><strong><em>et</em></strong></span> <span class='ocrx_word' id='word_1_176' title='bbox 497 2506 757 2579; x_wconf 87' lang='lat' dir='ltr'><strong><em>sollicitus</em></strong></span> <span class='ocrx_word' id='word_1_177' title='bbox 782 2515 1057 2572; x_wconf 72' lang='lat' dir='ltr'><strong><em>ali‘ectus&quot;.</em></strong></span> <span class='ocrx_word' id='word_1_178' title='bbox 1085 2515 1186 2571; x_wconf 88' lang='lat' dir='ltr'><strong><em>Sed</em></strong></span> <span class='ocrx_word' id='word_1_179' title='bbox 1219 2514 1359 2585; x_wconf 92' lang='lat' dir='ltr'><strong><em>quod</em></strong></span> <span class='ocrx_word' id='word_1_180' title='bbox 1389 2513 1538 2583; x_wconf 88' lang='lat' dir='ltr'><strong><em>pejus</em></strong></span> <span class='ocrx_word' id='word_1_181' title='bbox 1568 2522 1669 2579; x_wconf 90' lang='lat' dir='ltr'><strong><em>est,</em></strong></span> <span class='ocrx_word' id='word_1_182' title='bbox 1692 2511 1800 2566; x_wconf 86' lang='lat' dir='ltr'><strong><em>fre-</em></strong></span> 
     </span>
    </p>
   </div>
   <div class='ocr_carea' id='block_1_25' title="bbox 227 2603 1802 2678">
    <p class='ocr_par' dir='ltr' id='par_1_25' title="bbox 227 2603 1802 2678">
     <span class='ocr_line' id='line_1_25' title="bbox 227 2603 1802 2678; baseline -0.01 -9"><span class='ocrx_word' id='word_1_183' title='bbox 227 2621 442 2669; x_wconf 85' lang='lat' dir='ltr'><strong><em>ouenter</em></strong></span> <span class='ocrx_word' id='word_1_184' title='bbox 482 2610 669 2678; x_wconf 89' lang='lat' dir='ltr'><strong><em>irrepit</em></strong></span> <span class='ocrx_word' id='word_1_185' title='bbox 695 2616 1024 2663; x_wconf 87' lang='lat' dir='ltr'><strong><em>terrenarum</em></strong></span> <span class='ocrx_word' id='word_1_186' title='bbox 1055 2604 1302 2660; x_wconf 88' lang='lat' dir='ltr'><strong><em>illecebra</em></strong></span> <span class='ocrx_word' id='word_1_187' title='bbox 1333 2603 1696 2673; x_wconf 86' lang='lat' dir='ltr'><strong><em>cupiditatum,</em></strong></span> <span class='ocrx_word' id='word_1_188' title='bbox 1746 2611 1802 2655; x_wconf 90' lang='lat' dir='ltr'><strong><em>et</em></strong></span> 
     </span>
    </p>
   </div>
   <div class='ocr_carea' id='block_1_26' title="bbox 225 2691 1801 2767">
    <p class='ocr_par' dir='ltr' id='par_1_26' title="bbox 225 2691 1801 2767">
     <span class='ocr_line' id='line_1_26' title="bbox 225 2691 1801 2767; baseline -0.004 -14"><span class='ocrx_word' id='word_1_189' title='bbox 225 2702 532 2764; x_wconf 77' lang='lat' dir='ltr'><strong><em>vanitatem,</em></strong></span> <span class='ocrx_word' id='word_1_190' title='bbox 561 2699 791 2755; x_wconf 79' lang='lat' dir='ltr'><strong><em>effusio&quot;</em></strong></span> <span class='ocrx_word' id='word_1_191' title='bbox 817 2708 1047 2754; x_wconf 87' lang='lat' dir='ltr'><strong><em>mentem</em></strong></span> <span class='ocrx_word' id='word_1_192' title='bbox 1073 2704 1314 2767; x_wconf 88' lang='lat' dir='ltr'><strong><em>occupat,</em></strong></span> <span class='ocrx_word' id='word_1_193' title='bbox 1346 2705 1402 2748; x_wconf 93' lang='lat' dir='ltr'><strong><em>ut</em></strong></span> <span class='ocrx_word' id='word_1_194' title='bbox 1427 2693 1564 2764; x_wconf 92' lang='lat' dir='ltr'><strong><em>quod</em></strong></span> <span class='ocrx_word' id='word_1_195' title='bbox 1588 2691 1801 2746; x_wconf 90' lang='lat' dir='ltr'><strong><em>studeas</em></strong></span> 
     </span>
    </p>
   </div>
   <div class='ocr_carea' id='block_1_27' title="bbox 226 2783 1802 2862">
    <p class='ocr_par' dir='ltr' id='par_1_27' title="bbox 226 2783 1802 2862">
     <span class='ocr_line' id='line_1_27' title="bbox 226 2783 1802 2862; baseline -0.008 -15"><span class='ocrx_word' id='word_1_196' title='bbox 226 2792 414 2858; x_wconf 80' lang='lat' dir='ltr'><strong><em>vitare,</em></strong></span> <span class='ocrx_word' id='word_1_197' title='bbox 444 2792 542 2846; x_wconf 90' lang='lat' dir='ltr'><strong><em>hoc</em></strong></span> <span class='ocrx_word' id='word_1_198' title='bbox 569 2792 770 2862; x_wconf 82' lang='lat' dir='ltr'><strong><em>cogites</em></strong></span> <span class='ocrx_word' id='word_1_199' title='bbox 789 2791 1072 2860; x_wconf 89' lang='lat' dir='ltr'><strong><em>animoque</em></strong></span> <span class='ocrx_word' id='word_1_200' title='bbox 1097 2790 1293 2844; x_wconf 90' lang='lat' dir='ltr'><strong><em>volvas.</em></strong></span> <span class='ocrx_word' id='word_1_201' title='bbox 1324 2787 1473 2856; x_wconf 87' lang='lat' dir='ltr'><strong><em>Quod</em></strong></span> <span class='ocrx_word' id='word_1_202' title='bbox 1494 2800 1682 2840; x_wconf 85' lang='lat' dir='ltr'><strong><em>cavere</em></strong></span> <span class='ocrx_word' id='word_1_203' title='bbox 1702 2783 1802 2844; x_wconf 84' lang='lat' dir='ltr'><strong><em>dif-</em></strong></span> 
     </span>
    </p>
   </div>
   <div class='ocr_carea' id='block_1_28' title="bbox 236 2878 1803 2950">
    <p class='ocr_par' dir='ltr' id='par_1_28' title="bbox 236 2878 1803 2950">
     <span class='ocr_line' id='line_1_28' title="bbox 236 2878 1803 2950; baseline -0.004 -11"><span class='ocrx_word' id='word_1_204' title='bbox 236 2885 377 2939; x_wconf 82' lang='lat' dir='ltr'><strong><em>ticiie</em></strong></span> <span class='ocrx_word' id='word_1_205' title='bbox 403 2892 484 2938; x_wconf 88' lang='lat' dir='ltr'><strong><em>est</em></strong></span> <span class='ocrx_word' id='word_1_206' title='bbox 501 2883 717 2950; x_wconf 84' lang='lat' dir='ltr'><strong><em>homini,</em></strong></span> <span class='ocrx_word' id='word_1_207' title='bbox 745 2899 948 2939; x_wconf 88' lang='lat' dir='ltr'><strong><em>exuere</em></strong></span> <span class='ocrx_word' id='word_1_208' title='bbox 986 2892 1161 2936; x_wconf 88' lang='lat' dir='ltr'><strong><em>autem</em></strong></span> <span class='ocrx_word' id='word_1_209' title='bbox 1190 2879 1533 2950; x_wconf 85' lang='lat' dir='ltr'><strong><em>impossibile.</em></strong></span> <span class='ocrx_word' id='word_1_210' title='bbox 1564 2878 1803 2947; x_wconf 84' lang='lat' dir='ltr'><strong><em>Denique</em></strong></span> 
     </span>
    </p>
   </div>
   <div class='ocr_carea' id='block_1_29' title="bbox 241 2972 1807 3044">
    <p class='ocr_par' dir='ltr' id='par_1_29' title="bbox 241 2972 1807 3044">
     <span class='ocr_line' id='line_1_29' title="bbox 241 2972 1807 3044; baseline -0.003 -16"><span class='ocrx_word' id='word_1_211' title='bbox 241 2975 352 3028; x_wconf 87' lang='lat' dir='ltr'><strong><em>voti</em></strong></span> <span class='ocrx_word' id='word_1_212' title='bbox 381 2975 545 3043; x_wconf 86' lang='lat' dir='ltr'><strong><em>magis</em></strong></span> <span class='ocrx_word' id='word_1_213' title='bbox 565 2989 671 3028; x_wconf 89' lang='lat' dir='ltr'><strong><em>eam</em></strong></span> <span class='ocrx_word' id='word_1_214' title='bbox 695 2989 816 3029; x_wconf 87' lang='lat' dir='ltr'><strong><em>esse</em></strong></span> <span class='ocrx_word' id='word_1_215' title='bbox 836 2989 970 3039; x_wconf 89' lang='lat' dir='ltr'><strong><em>rem,</em></strong></span> <span class='ocrx_word' id='word_1_216' title='bbox 995 2988 1149 3044; x_wconf 91' lang='lat' dir='ltr'><strong><em>quam</em></strong></span> <span class='ocrx_word' id='word_1_217' title='bbox 1171 2972 1409 3036; x_wconf 83' lang='lat' dir='ltr'><strong><em>eil&#39;ectus,</em></strong></span> <span class='ocrx_word' id='word_1_218' title='bbox 1442 2978 1667 3026; x_wconf 89' lang='lat' dir='ltr'><strong><em>testatur</em></strong></span> <span class='ocrx_word' id='word_1_219' title='bbox 1687 2984 1807 3039; x_wconf 87' lang='lat' dir='ltr'><strong><em>pro-</em></strong></span> 
     </span>
    </p>
   </div>
   <div class='ocr_carea' id='block_1_30' title="bbox 247 3063 1807 3138">
    <p class='ocr_par' dir='ltr' id='par_1_30' title="bbox 247 3063 1807 3138">
     <span class='ocr_line' id='line_1_30' title="bbox 247 3063 1807 3138; baseline -0.001 -19"><span class='ocrx_word' id='word_1_220' title='bbox 247 3067 403 3138; x_wconf 84' lang='lat' dir='ltr'><strong><em>pheta</em></strong></span> <span class='ocrx_word' id='word_1_221' title='bbox 423 3066 650 3131; x_wconf 89' lang='lat' dir='ltr'><strong><em>dicendo,</em></strong></span> <span class='ocrx_word' id='word_1_222' title='bbox 681 3066 896 3120; x_wconf 85' lang='lat' dir='ltr'><strong><em>Declina</em></strong></span> <span class='ocrx_word' id='word_1_223' title='bbox 924 3082 1011 3119; x_wconf 93' lang='lat' dir='ltr'><strong><em>cor</em></strong></span> <span class='ocrx_word' id='word_1_224' title='bbox 1036 3083 1200 3120; x_wconf 85' lang='lat' dir='ltr'><strong><em>meum</em></strong></span> <span class='ocrx_word' id='word_1_225' title='bbox 1236 3066 1288 3118; x_wconf 87' lang='lat' dir='ltr'><strong><em>in</em></strong></span> <span class='ocrx_word' id='word_1_226' title='bbox 1315 3063 1594 3118; x_wconf 87' lang='lat' dir='ltr'><strong><em>testimonia</em></strong></span> <span class='ocrx_word' id='word_1_227' title='bbox 1632 3073 1733 3128; x_wconf 89' lang='lat' dir='ltr'><strong><em>tua,</em></strong></span> <span class='ocrx_word' id='word_1_228' title='bbox 1759 3071 1807 3117; x_wconf 87' lang='lat' dir='ltr'><strong><em>et</em></strong></span> 
     </span>
    </p>
   </div>
   <div class='ocr_carea' id='block_1_31' title="bbox 239 3157 1807 3230">
    <p class='ocr_par' dir='ltr' id='par_1_31' title="bbox 239 3157 1807 3230">
     <span class='ocr_line' id='line_1_31' title="bbox 239 3157 1807 3230; baseline -0.004 -16"><span class='ocrx_word' id='word_1_229' title='bbox 239 3178 340 3214; x_wconf 78' lang='lat' dir='ltr'><strong><em>non</em></strong></span> <span class='ocrx_word' id='word_1_230' title='bbox 377 3161 430 3214; x_wconf 78' lang='lat' dir='ltr'><strong><em>in</em></strong></span> <span class='ocrx_word' id='word_1_231' title='bbox 465 3161 722 3213; x_wconf 71' lang='lat' dir='ltr'><strong><em>auaritiam</em></strong></span> <span class='ocrx_word' id='word_1_232' title='bbox 765 3158 938 3230; x_wconf 84' lang='lat' dir='ltr'><strong><em>(Psal.</em></strong></span> <span class='ocrx_word' id='word_1_233' title='bbox 966 3174 1144 3226; x_wconf 87' lang='lat' dir='ltr'><strong><em>cxvut,</em></strong></span> <span class='ocrx_word' id='word_1_234' title='bbox 1174 3158 1287 3230; x_wconf 83' lang='grc'>56).</span> <span class='ocrx_word' id='word_1_235' title='bbox 1319 3157 1432 3212; x_wconf 89' lang='lat' dir='ltr'><strong><em>Non</em></strong></span> <span class='ocrx_word' id='word_1_236' title='bbox 1462 3157 1600 3212; x_wconf 90' lang='lat' dir='ltr'><strong><em>enim</em></strong></span> <span class='ocrx_word' id='word_1_237' title='bbox 1630 3157 1680 3210; x_wconf 92' lang='lat' dir='ltr'><strong><em>in</em></strong></span> <span class='ocrx_word' id='word_1_238' title='bbox 1710 3171 1807 3225; x_wconf 82' lang='lat' dir='ltr'><strong><em>po-</em></strong></span> 
     </span>
    </p>
   </div>
   <div class='ocr_carea' id='block_1_32' title="bbox 237 3249 1806 3320">
    <p class='ocr_par' dir='ltr' id='par_1_32' title="bbox 237 3249 1806 3320">
     <span class='ocr_line' id='line_1_32' title="bbox 237 3249 1806 3320; baseline -0.003 -12"><span class='ocrx_word' id='word_1_239' title='bbox 237 3261 421 3309; x_wconf 86' lang='lat' dir='ltr'><strong><em>testate</em></strong></span> <span class='ocrx_word' id='word_1_240' title='bbox 449 3262 628 3307; x_wconf 89' lang='lat' dir='ltr'><strong><em>nostra</em></strong></span> <span class='ocrx_word' id='word_1_241' title='bbox 652 3253 813 3307; x_wconf 67' lang='lat' dir='ltr'><strong><em>sunt“</em></strong></span> <span class='ocrx_word' id='word_1_242' title='bbox 834 3267 928 3307; x_wconf 92' lang='lat' dir='ltr'><strong><em>cor</em></strong></span> <span class='ocrx_word' id='word_1_243' title='bbox 955 3261 1194 3307; x_wconf 90' lang='lat' dir='ltr'><strong><em>nostrum</em></strong></span> <span class='ocrx_word' id='word_1_244' title='bbox 1221 3258 1275 3306; x_wconf 90' lang='lat' dir='ltr'><strong><em>et</em></strong></span> <span class='ocrx_word' id='word_1_245' title='bbox 1305 3261 1498 3305; x_wconf 61' lang='lat' dir='ltr'><strong><em>nostra:</em></strong></span> <span class='ocrx_word' id='word_1_246' title='bbox 1527 3249 1806 3320; x_wconf 89' lang='lat' dir='ltr'><strong><em>cogitatio-</em></strong></span> 
     </span>
    </p>
   </div>
   <div class='ocr_carea' id='block_1_33' title="bbox 240 3343 1808 3416">
    <p class='ocr_par' dir='ltr' id='par_1_33' title="bbox 240 3343 1808 3416">
     <span class='ocr_line' id='line_1_33' title="bbox 240 3343 1808 3416; baseline -0.002 -17"><span class='ocrx_word' id='word_1_247' title='bbox 240 3361 348 3410; x_wconf 88' lang='lat' dir='ltr'><strong><em>nes,</em></strong></span> <span class='ocrx_word' id='word_1_248' title='bbox 373 3361 493 3416; x_wconf 78' lang='lat' dir='ltr'><strong><em>quze</em></strong></span> <span class='ocrx_word' id='word_1_249' title='bbox 520 3346 811 3415; x_wconf 85' lang='lat' dir='ltr'><strong><em>improviso</em></strong></span> <span class='ocrx_word' id='word_1_250' title='bbox 837 3344 1019 3398; x_wconf 73' lang='lat' dir='ltr'><strong><em>offusa:</em></strong></span> <span class='ocrx_word' id='word_1_251' title='bbox 1047 3352 1279 3398; x_wconf 88' lang='lat' dir='ltr'><strong><em>mentem</em></strong></span> <span class='ocrx_word' id='word_1_252' title='bbox 1308 3343 1646 3412; x_wconf 90' lang='lat' dir='ltr'><strong><em>animumque</em></strong></span> <span class='ocrx_word' id='word_1_253' title='bbox 1675 3356 1808 3396; x_wconf 93' lang='lat' dir='ltr'><strong><em>con-</em></strong></span> 
     </span>
    </p>
   </div>
   <div class='ocr_carea' id='block_1_34' title="bbox 237 3433 1807 3507">
    <p class='ocr_par' dir='ltr' id='par_1_34' title="bbox 237 3433 1807 3507">
     <span class='ocr_line' id='line_1_34' title="bbox 237 3433 1807 3507; baseline -0.002 -16"><span class='ocrx_word' id='word_1_254' title='bbox 237 3437 479 3503; x_wconf 79' lang='lat' dir='ltr'><strong><em>fundunt,</em></strong></span> <span class='ocrx_word' id='word_1_255' title='bbox 512 3445 673 3507; x_wconf 90' lang='lat' dir='ltr'><strong><em>atque</em></strong></span> <span class='ocrx_word' id='word_1_256' title='bbox 698 3437 804 3490; x_wconf 93' lang='lat' dir='ltr'><strong><em>alio</em></strong></span> <span class='ocrx_word' id='word_1_257' title='bbox 831 3434 1046 3490; x_wconf 90' lang='lat' dir='ltr'><strong><em>trahunt</em></strong></span> <span class='ocrx_word' id='word_1_258' title='bbox 1069 3450 1226 3505; x_wconf 90' lang='lat' dir='ltr'><strong><em>quam</em></strong></span> <span class='ocrx_word' id='word_1_259' title='bbox 1250 3444 1303 3489; x_wconf 91' lang='lat' dir='ltr'><strong><em>tu</em></strong></span> <span class='ocrx_word' id='word_1_260' title='bbox 1332 3433 1670 3504; x_wconf 81' lang='lat' dir='ltr'><strong><em>praposueris</em></strong></span> <span class='ocrx_word' id='word_1_261' title='bbox 1697 3452 1709 3488; x_wconf 93' lang='lat'><strong>:</strong></span> <span class='ocrx_word' id='word_1_262' title='bbox 1740 3433 1807 3488; x_wconf 90' lang='lat' dir='ltr'><strong><em>ad</em></strong></span> 
     </span>
    </p>
   </div>
   <div class='ocr_carea' id='block_1_35' title="bbox 237 3524 1811 3593">
    <p class='ocr_par' dir='ltr' id='par_1_35' title="bbox 237 3524 1811 3593">
     <span class='ocr_line' id='line_1_35' title="bbox 237 3524 1811 3593; baseline -0.003 -10"><span class='ocrx_word' id='word_1_263' title='bbox 237 3528 506 3583; x_wconf 65' lang='lat' dir='ltr'><strong><em>saecularia</em></strong></span> <span class='ocrx_word' id='word_1_264' title='bbox 533 3537 809 3592; x_wconf 86' lang='lat' dir='ltr'><strong><em>revocant,</em></strong></span> <span class='ocrx_word' id='word_1_265' title='bbox 833 3525 1098 3580; x_wconf 86' lang='lat' dir='ltr'><strong><em>mundana</em></strong></span> <span class='ocrx_word' id='word_1_266' title='bbox 1130 3527 1390 3590; x_wconf 89' lang='lat' dir='ltr'><strong><em>inserunt,</em></strong></span> <span class='ocrx_word' id='word_1_267' title='bbox 1414 3524 1703 3593; x_wconf 89' lang='lat' dir='ltr'><strong><em>voluptaria</em></strong></span> <span class='ocrx_word' id='word_1_268' title='bbox 1731 3524 1811 3578; x_wconf 90' lang='lat' dir='ltr'><strong><em>in-</em></strong></span> 
     </span>
    </p>
   </div>
   <div class='ocr_carea' id='block_1_36' title="bbox 235 3615 1811 3688">
    <p class='ocr_par' dir='ltr' id='par_1_36' title="bbox 235 3615 1811 3688">
     <span class='ocr_line' id='line_1_36' title="bbox 235 3615 1811 3688; baseline -0.002 -15"><span class='ocrx_word' id='word_1_269' title='bbox 235 3628 438 3688; x_wconf 79' lang='lat' dir='ltr'><strong><em>gerunt,</em></strong></span> <span class='ocrx_word' id='word_1_270' title='bbox 463 3617 776 3673; x_wconf 86' lang='lat' dir='ltr'><strong><em>iiiecebrosa</em></strong></span> <span class='ocrx_word' id='word_1_271' title='bbox 804 3618 1077 3682; x_wconf 82' lang='lat' dir='ltr'><strong><em>intexunt;</em></strong></span> <span class='ocrx_word' id='word_1_272' title='bbox 1100 3616 1319 3686; x_wconf 89' lang='lat' dir='ltr'><strong><em>ipsoque</em></strong></span> <span class='ocrx_word' id='word_1_273' title='bbox 1345 3615 1396 3668; x_wconf 94' lang='lat' dir='ltr'><strong><em>in</em></strong></span> <span class='ocrx_word' id='word_1_274' title='bbox 1428 3624 1683 3684; x_wconf 85' lang='lat' dir='ltr'><strong><em>tempore,</em></strong></span> <span class='ocrx_word' id='word_1_275' title='bbox 1702 3630 1811 3685; x_wconf 93' lang='lat' dir='ltr'><strong><em>quo</em></strong></span> 
     </span>
    </p>
   </div>
   <div class='ocr_carea' id='block_1_37' title="bbox 234 3690 1814 3778">
    <p class='ocr_par' dir='ltr' id='par_1_37' title="bbox 234 3690 1814 3778">
     <span class='ocr_line' id='line_1_37' title="bbox 234 3690 1814 3778; baseline -0.001 -13"><span class='ocrx_word' id='word_1_276' title='bbox 234 3712 440 3765; x_wconf 85' lang='lat' dir='ltr'><strong><em>elevare</em></strong></span> <span class='ocrx_word' id='word_1_277' title='bbox 469 3694 1002 3778; x_wconf 11' lang='lat' dir='ltr'><strong><em>mentem’paramus,</em></strong></span> <span class='ocrx_word' id='word_1_278' title='bbox 1034 3707 1246 3764; x_wconf 88' lang='lat' dir='ltr'><strong><em>insertis</em></strong></span> <span class='ocrx_word' id='word_1_279' title='bbox 1272 3707 1513 3762; x_wconf 91' lang='lat' dir='ltr'><strong><em>inanibus</em></strong></span> <span class='ocrx_word' id='word_1_280' title='bbox 1529 3690 1814 3777; x_wconf 83' lang='lat' dir='ltr'><strong><em>cogitatio-</em></strong></span> 
     </span>
    </p>
   </div>
   <div class='ocr_carea' id='block_1_38' title="bbox 234 3797 1812 3868">
    <p class='ocr_par' dir='ltr' id='par_1_38' title="bbox 234 3797 1812 3868">
     <span class='ocr_line' id='line_1_38' title="bbox 234 3797 1812 3868; baseline -0.001 -15"><span class='ocrx_word' id='word_1_281' title='bbox 234 3801 388 3853; x_wconf 89' lang='lat' dir='ltr'><strong><em>nibus</em></strong></span> <span class='ocrx_word' id='word_1_282' title='bbox 407 3797 473 3852; x_wconf 87' lang='lat' dir='ltr'><strong><em>ad</em></strong></span> <span class='ocrx_word' id='word_1_283' title='bbox 493 3809 704 3853; x_wconf 87' lang='lat' dir='ltr'><strong><em>terrena</em></strong></span> <span class='ocrx_word' id='word_1_284' title='bbox 724 3799 1032 3868; x_wconf 89' lang='lat' dir='ltr'><strong><em>plerumque</em></strong></span> <span class='ocrx_word' id='word_1_285' title='bbox 1047 3797 1340 3868; x_wconf 90' lang='lat' dir='ltr'><strong><em>dejicimur.</em></strong></span> <span class='ocrx_word' id='word_1_286' title='bbox 1361 3798 1490 3866; x_wconf 88' lang='lat' dir='ltr'><strong><em>Quis</em></strong></span> <span class='ocrx_word' id='word_1_287' title='bbox 1509 3808 1684 3854; x_wconf 92' lang='lat' dir='ltr'><strong><em>autem</em></strong></span> <span class='ocrx_word' id='word_1_288' title='bbox 1706 3807 1812 3852; x_wconf 91' lang='lat' dir='ltr'><strong><em>tam</em></strong></span> 
     </span>
    </p>
   </div>
   <div class='ocr_carea' id='block_1_39' title="bbox 235 3887 1814 3958">
    <p class='ocr_par' dir='ltr' id='par_1_39' title="bbox 235 3887 1814 3958">
     <span class='ocr_line' id='line_1_39' title="bbox 235 3887 1814 3958; baseline 0 -15"><span class='ocrx_word' id='word_1_289' title='bbox 235 3888 441 3949; x_wconf 81' lang='lat' dir='ltr'><strong><em>beatus,</em></strong></span> <span class='ocrx_word' id='word_1_290' title='bbox 467 3889 558 3958; x_wconf 89' lang='lat' dir='ltr'><strong><em>qui</em></strong></span> <span class='ocrx_word' id='word_1_291' title='bbox 585 3889 640 3942; x_wconf 91' lang='lat' dir='ltr'><strong><em>in</em></strong></span> <span class='ocrx_word' id='word_1_292' title='bbox 679 3887 842 3942; x_wconf 86' lang='lat' dir='ltr'><strong><em>corde</em></strong></span> <span class='ocrx_word' id='word_1_293' title='bbox 885 3901 981 3942; x_wconf 89' lang='lat' dir='ltr'><strong><em>suo</em></strong></span> <span class='ocrx_word' id='word_1_294' title='bbox 1023 3902 1234 3956; x_wconf 87' lang='lat' dir='ltr'><strong><em>semper</em></strong></span> <span class='ocrx_word' id='word_1_295' title='bbox 1267 3887 1552 3942; x_wconf 88' lang='lat' dir='ltr'><strong><em>ascendat?</em></strong></span> <span class='ocrx_word' id='word_1_296' title='bbox 1580 3888 1682 3942; x_wconf 85' lang='lat' dir='ltr'><strong><em>Sed</em></strong></span> <span class='ocrx_word' id='word_1_297' title='bbox 1713 3888 1814 3943; x_wconf 84' lang='lat' dir='ltr'><strong><em>hoc</em></strong></span> 
     </span>
    </p>
   </div>
   <div class='ocr_carea' id='block_1_40' title="bbox 233 3977 1816 4048">
    <p class='ocr_par' dir='ltr' id='par_1_40' title="bbox 233 3977 1816 4048">
     <span class='ocr_line' id='line_1_40' title="bbox 233 3977 1816 4048; baseline 0 -16"><span class='ocrx_word' id='word_1_298' title='bbox 233 3979 345 4033; x_wconf 86' lang='lat' dir='ltr'><strong><em>sine</em></strong></span> <span class='ocrx_word' id='word_1_299' title='bbox 360 3978 561 4032; x_wconf 80' lang='lat' dir='ltr'><strong><em>auxiiio</em></strong></span> <span class='ocrx_word' id='word_1_300' title='bbox 580 3977 762 4032; x_wconf 90' lang='lat' dir='ltr'><strong><em>divino</em></strong></span> <span class='ocrx_word' id='word_1_301' title='bbox 781 3977 870 4048; x_wconf 91' lang='lat' dir='ltr'><strong><em>qui</em></strong></span> <span class='ocrx_word' id='word_1_302' title='bbox 893 3977 1003 4032; x_wconf 86' lang='lat' dir='ltr'><strong><em>fieri</em></strong></span> <span class='ocrx_word' id='word_1_303' title='bbox 1030 3977 1241 4046; x_wconf 82' lang='lat' dir='ltr'><strong><em>potest?</em></strong></span> <span class='ocrx_word' id='word_1_304' title='bbox 1258 3977 1416 4031; x_wconf 88' lang='lat' dir='ltr'><strong><em>Nullo</em></strong></span> <span class='ocrx_word' id='word_1_305' title='bbox 1439 3977 1677 4048; x_wconf 90' lang='lat' dir='ltr'><strong><em>profecto</em></strong></span> <span class='ocrx_word' id='word_1_306' title='bbox 1701 3993 1816 4032; x_wconf 88' lang='lat' dir='ltr'><strong><em>mo-</em></strong></span> 
     </span>
    </p>
   </div>
   <div class='ocr_carea' id='block_1_41' title="bbox 234 4069 1816 4140">
    <p class='ocr_par' dir='ltr' id='par_1_41' title="bbox 234 4069 1816 4140">
     <span class='ocr_line' id='line_1_41' title="bbox 234 4069 1816 4140; baseline -0.002 -15"><span class='ocrx_word' id='word_1_307' title='bbox 234 4069 317 4125; x_wconf 89' lang='lat' dir='ltr'><strong><em>do.</em></strong></span> <span class='ocrx_word' id='word_1_308' title='bbox 348 4071 594 4140; x_wconf 78' lang='lat' dir='ltr'><strong><em>Denique</em></strong></span> <span class='ocrx_word' id='word_1_309' title='bbox 622 4086 781 4139; x_wconf 88' lang='lat' dir='ltr'><strong><em>supra</em></strong></span> <span class='ocrx_word' id='word_1_310' title='bbox 818 4069 1002 4124; x_wconf 90' lang='lat' dir='ltr'><strong><em>eadem</em></strong></span> <span class='ocrx_word' id='word_1_311' title='bbox 1031 4069 1298 4138; x_wconf 82' lang='lat' dir='ltr'><strong><em>Scriptura</em></strong></span> <span class='ocrx_word' id='word_1_312' title='bbox 1338 4069 1495 4124; x_wconf 90' lang='lat' dir='ltr'><strong><em>dicit:</em></strong></span> <span class='ocrx_word' id='word_1_313' title='bbox 1527 4069 1712 4124; x_wconf 86' lang='lat' dir='ltr'><strong><em>Beatus</em></strong></span> <span class='ocrx_word' id='word_1_314' title='bbox 1741 4070 1816 4126; x_wconf 85' lang='lat' dir='ltr'><strong><em>vir</em></strong></span> 
     </span>
    </p>
   </div>
   <div class='ocr_carea' id='block_1_42' title="bbox 233 4161 1815 4233">
    <p class='ocr_par' dir='ltr' id='par_1_42' title="bbox 233 4161 1815 4233">
     <span class='ocr_line' id='line_1_42' title="bbox 233 4161 1815 4233; baseline 0 -17"><span class='ocrx_word' id='word_1_315' title='bbox 233 4165 379 4232; x_wconf 72' lang='lat' dir='ltr'><strong><em>cujus</em></strong></span> <span class='ocrx_word' id='word_1_316' title='bbox 397 4173 466 4217; x_wconf 82' lang='lat' dir='ltr'><strong><em>est</em></strong></span> <span class='ocrx_word' id='word_1_317' title='bbox 482 4163 728 4216; x_wconf 75' lang='lat' dir='ltr'><strong><em>auxilium</em></strong></span> <span class='ocrx_word' id='word_1_318' title='bbox 750 4164 857 4233; x_wconf 91' lang='lat' dir='ltr'><strong><em>ejus</em></strong></span> <span class='ocrx_word' id='word_1_319' title='bbox 877 4162 965 4216; x_wconf 87' lang='lat' dir='ltr'><strong><em>abs</em></strong></span> <span class='ocrx_word' id='word_1_320' title='bbox 987 4171 1051 4229; x_wconf 89' lang='lat' dir='ltr'><strong><em>te,</em></strong></span> <span class='ocrx_word' id='word_1_321' title='bbox 1080 4161 1322 4226; x_wconf 88' lang='lat' dir='ltr'><strong><em>Domine;</em></strong></span> <span class='ocrx_word' id='word_1_322' title='bbox 1343 4178 1574 4216; x_wconf 79' lang='lat' dir='ltr'><strong><em>ascensus</em></strong></span> <span class='ocrx_word' id='word_1_323' title='bbox 1594 4163 1645 4216; x_wconf 88' lang='lat' dir='ltr'><strong><em>in</em></strong></span> <span class='ocrx_word' id='word_1_324' title='bbox 1664 4163 1815 4216; x_wconf 83' lang='lat' dir='ltr'><strong><em>corde</em></strong></span> 
     </span>
    </p>
   </div>
   <div class='ocr_carea' id='block_1_43' title="bbox 234 4251 1816 4323">
    <p class='ocr_par' dir='ltr' id='par_1_43' title="bbox 234 4251 1816 4323">
     <span class='ocr_line' id='line_1_43' title="bbox 234 4251 1816 4323; baseline 0 -17"><span class='ocrx_word' id='word_1_325' title='bbox 234 4255 336 4322; x_wconf 82' lang='lat' dir='ltr'><strong><em>ejus</em></strong></span> <span class='ocrx_word' id='word_1_326' title='bbox 365 4272 391 4305; x_wconf 73' lang='grc' dir='ltr'><strong><em>ι</em></strong></span> <span class='ocrx_word' id='word_1_327' title='bbox 429 4252 601 4323; x_wconf 75' lang='grc' dir='ltr'><strong><em>(ρεαι.</em></strong></span> <span class='ocrx_word' id='word_1_328' title='bbox 626 4267 849 4317; x_wconf 82' lang='lat' dir='ltr'><strong><em>Lxxxtn,</em></strong></span> <span class='ocrx_word' id='word_1_329' title='bbox 875 4251 949 4322; x_wconf 87' lang='grc'><strong><em>6).</em></strong></span> <span class='ocrx_word' id='word_1_330' title='bbox 979 4252 1112 4320; x_wconf 89' lang='lat' dir='ltr'><strong><em>Quid</em></strong></span> <span class='ocrx_word' id='word_1_331' title='bbox 1142 4253 1374 4320; x_wconf 83' lang='lat' dir='ltr'><strong><em>apertius</em></strong></span> <span class='ocrx_word' id='word_1_332' title='bbox 1396 4262 1450 4307; x_wconf 91' lang='lat' dir='ltr'><strong><em>et</em></strong></span> <span class='ocrx_word' id='word_1_333' title='bbox 1470 4253 1816 4308; x_wconf 89' lang='lat' dir='ltr'><strong><em>sufficientius</em></strong></span> 
     </span>
    </p>
   </div>
   <div class='ocr_carea' id='block_1_44' title="bbox 236 4342 1814 4415">
    <p class='ocr_par' dir='ltr' id='par_1_44' title="bbox 236 4342 1814 4415">
     <span class='ocr_line' id='line_1_44' title="bbox 236 4342 1814 4415; baseline 0 -17"><span class='ocrx_word' id='word_1_334' title='bbox 236 4345 333 4400; x_wconf 83' lang='lat' dir='ltr'><strong><em>dici</em></strong></span> <span class='ocrx_word' id='word_1_335' title='bbox 358 4345 574 4415; x_wconf 83' lang='lat' dir='ltr'><strong><em>potest?</em></strong></span> <span class='ocrx_word' id='word_1_336' title='bbox 603 4343 708 4398; x_wconf 89' lang='lat' dir='ltr'><strong><em>Sed</em></strong></span> <span class='ocrx_word' id='word_1_337' title='bbox 756 4359 823 4397; x_wconf 91' lang='lat' dir='ltr'><strong><em>ne</em></strong></span> <span class='ocrx_word' id='word_1_338' title='bbox 862 4343 1128 4413; x_wconf 79' lang='lat' dir='ltr'><strong><em>Pelagiani</em></strong></span> <span class='ocrx_word' id='word_1_339' title='bbox 1161 4342 1296 4399; x_wconf 90' lang='lat' dir='ltr'><strong><em>forte</em></strong></span> <span class='ocrx_word' id='word_1_340' title='bbox 1339 4344 1712 4413; x_wconf 84' lang='lat' dir='ltr'><strong><em>respondeant,</em></strong></span> <span class='ocrx_word' id='word_1_341' title='bbox 1748 4359 1814 4398; x_wconf 90' lang='lat' dir='ltr'><strong><em>eo</em></strong></span> 
     </span>
    </p>
   </div>
   <div class='ocr_carea' id='block_1_45' title="bbox 237 4434 1817 4505">
    <p class='ocr_par' dir='ltr' id='par_1_45' title="bbox 237 4434 1817 4505">
     <span class='ocr_line' id='line_1_45' title="bbox 237 4434 1817 4505; baseline 0 -17"><span class='ocrx_word' id='word_1_342' title='bbox 237 4435 347 4504; x_wconf 87' lang='lat' dir='ltr'><strong><em>ipso</em></strong></span> <span class='ocrx_word' id='word_1_343' title='bbox 377 4451 488 4505; x_wconf 91' lang='lat' dir='ltr'><strong><em>quo</em></strong></span> <span class='ocrx_word' id='word_1_344' title='bbox 515 4435 752 4490; x_wconf 91' lang='lat' dir='ltr'><strong><em>divinum</em></strong></span> <span class='ocrx_word' id='word_1_345' title='bbox 793 4434 1040 4488; x_wconf 79' lang='lat' dir='ltr'><strong><em>auxilium</em></strong></span> <span class='ocrx_word' id='word_1_346' title='bbox 1066 4435 1356 4504; x_wconf 62' lang='lat' dir='ltr'><strong><em>poscitur“,</em></strong></span> <span class='ocrx_word' id='word_1_347' title='bbox 1389 4435 1690 4504; x_wconf 69' lang='lat' dir='ltr'><strong><em>prmccdere</em></strong></span> <span class='ocrx_word' id='word_1_348' title='bbox 1718 4435 1817 4492; x_wconf 83' lang='lat' dir='ltr'><strong><em>ito-</em></strong></span> 
     </span>
    </p>
   </div>
   <div class='ocr_carea' id='block_1_46' title="bbox 239 4526 1816 4596">
    <p class='ocr_par' dir='ltr' id='par_1_46' title="bbox 239 4526 1816 4596">
     <span class='ocr_line' id='line_1_46' title="bbox 239 4526 1816 4596; baseline -0.001 -14"><span class='ocrx_word' id='word_1_349' title='bbox 239 4529 398 4582; x_wconf 88' lang='lat' dir='ltr'><strong><em>minis</em></strong></span> <span class='ocrx_word' id='word_1_350' title='bbox 421 4527 698 4590; x_wconf 89' lang='lat' dir='ltr'><strong><em>meritum;</em></strong></span> <span class='ocrx_word' id='word_1_351' title='bbox 727 4526 952 4596; x_wconf 87' lang='lat' dir='ltr'><strong><em>idipsum</em></strong></span> <span class='ocrx_word' id='word_1_352' title='bbox 980 4526 1224 4580; x_wconf 87' lang='lat' dir='ltr'><strong><em>meritum</em></strong></span> <span class='ocrx_word' id='word_1_353' title='bbox 1255 4543 1373 4582; x_wconf 89' lang='lat' dir='ltr'><strong><em>esse</em></strong></span> <span class='ocrx_word' id='word_1_354' title='bbox 1411 4527 1664 4592; x_wconf 83' lang='lat' dir='ltr'><strong><em>dicentes,</em></strong></span> <span class='ocrx_word' id='word_1_355' title='bbox 1693 4528 1816 4596; x_wconf 88' lang='lat' dir='ltr'><strong><em>quia</em></strong></span> 
     </span>
    </p>
   </div>
   <div class='ocr_carea' id='block_1_47' title="bbox 240 4617 1818 4687">
    <p class='ocr_par' dir='ltr' id='par_1_47' title="bbox 240 4617 1818 4687">
     <span class='ocr_line' id='line_1_47' title="bbox 240 4617 1818 4687; baseline 0 -14"><span class='ocrx_word' id='word_1_356' title='bbox 240 4619 443 4673; x_wconf 86' lang='lat' dir='ltr'><strong><em>orando</em></strong></span> <span class='ocrx_word' id='word_1_357' title='bbox 472 4619 529 4671; x_wconf 86' lang='lat' dir='ltr'><strong><em>ﬁt</em></strong></span> <span class='ocrx_word' id='word_1_358' title='bbox 555 4617 746 4686; x_wconf 90' lang='lat' dir='ltr'><strong><em>dignus</em></strong></span> <span class='ocrx_word' id='word_1_359' title='bbox 775 4617 858 4670; x_wconf 91' lang='lat' dir='ltr'><strong><em>cui</em></strong></span> <span class='ocrx_word' id='word_1_360' title='bbox 898 4617 1062 4687; x_wconf 88' lang='lat' dir='ltr'><strong><em>gratia</em></strong></span> <span class='ocrx_word' id='word_1_361' title='bbox 1089 4618 1268 4672; x_wconf 89' lang='lat' dir='ltr'><strong><em>divina</em></strong></span> <span class='ocrx_word' id='word_1_362' title='bbox 1309 4619 1615 4672; x_wconf 83' lang='lat' dir='ltr'><strong><em>subveniat:</em></strong></span> <span class='ocrx_word' id='word_1_363' title='bbox 1644 4628 1818 4674; x_wconf 85' lang='lat' dir='ltr'><strong><em>atten-</em></strong></span> 
     </span>
    </p>
   </div>
   <div class='ocr_carea' id='block_1_48' title="bbox 242 4707 1813 4778">
    <p class='ocr_par' dir='ltr' id='par_1_48' title="bbox 242 4707 1813 4778">
     <span class='ocr_line' id='line_1_48' title="bbox 242 4707 1813 4778; baseline 0.001 -15"><span class='ocrx_word' id='word_1_364' title='bbox 242 4708 365 4763; x_wconf 84' lang='lat' dir='ltr'><strong><em>dant</em></strong></span> <span class='ocrx_word' id='word_1_365' title='bbox 392 4707 518 4777; x_wconf 88' lang='lat' dir='ltr'><strong><em>quid</em></strong></span> <span class='ocrx_word' id='word_1_366' title='bbox 551 4708 688 4762; x_wconf 88' lang='lat' dir='ltr'><strong><em>idem</em></strong></span> <span class='ocrx_word' id='word_1_367' title='bbox 724 4709 806 4762; x_wconf 90' lang='lat' dir='ltr'><strong><em>vir</em></strong></span> <span class='ocrx_word' id='word_1_368' title='bbox 826 4718 1039 4762; x_wconf 90' lang='lat' dir='ltr'><strong><em>sanctus</em></strong></span> <span class='ocrx_word' id='word_1_369' title='bbox 1056 4707 1196 4762; x_wconf 88' lang='lat' dir='ltr'><strong><em>dicat</em></strong></span> <span class='ocrx_word' id='word_1_370' title='bbox 1215 4709 1264 4761; x_wconf 93' lang='lat' dir='ltr'><strong><em>in</em></strong></span> <span class='ocrx_word' id='word_1_371' title='bbox 1286 4710 1622 4778; x_wconf 76' lang='lat' dir='ltr'><strong><em>Expositione</em></strong></span> <span class='ocrx_word' id='word_1_372' title='bbox 1649 4710 1813 4765; x_wconf 75' lang='lat' dir='ltr'><strong><em>isaim.</em></strong></span> 
     </span>
    </p>
   </div>
   <div class='ocr_carea' id='block_1_49' title="bbox 247 4799 1814 4868">
    <p class='ocr_par' dir='ltr' id='par_1_49' title="bbox 247 4799 1814 4868">
     <span class='ocr_line' id='line_1_49' title="bbox 247 4799 1814 4868; baseline 0.001 -18"><span class='ocrx_word' id='word_1_373' title='bbox 247 4801 352 4854; x_wconf 71' lang='lat' dir='ltr'><strong><em>«Et</em></strong></span> <span class='ocrx_word' id='word_1_374' title='bbox 380 4813 540 4854; x_wconf 88' lang='lat' dir='ltr'><strong><em>orare</em></strong></span> <span class='ocrx_word' id='word_1_375' title='bbox 590 4799 776 4864; x_wconf 87' lang='lat' dir='ltr'><strong><em>Deum,</em></strong></span> <span class='ocrx_word' id='word_1_376' title='bbox 811 4817 829 4850; x_wconf 76' lang='grc' dir='ltr'><strong><em>ι</em></strong></span> <span class='ocrx_word' id='word_1_377' title='bbox 882 4799 1069 4868; x_wconf 88' lang='lat' dir='ltr'><strong><em>inquit,</em></strong></span> <span class='ocrx_word' id='word_1_378' title='bbox 1107 4817 1126 4850; x_wconf 86' lang='grc'><strong><em>‹</em></strong></span> <span class='ocrx_word' id='word_1_379' title='bbox 1169 4800 1334 4868; x_wconf 85' lang='lat' dir='ltr'><strong><em>gratia</em></strong></span> <span class='ocrx_word' id='word_1_380' title='bbox 1388 4801 1673 4868; x_wconf 88' lang='lat' dir='ltr'><strong><em>spiritnaiis</em></strong></span> <span class='ocrx_word' id='word_1_381' title='bbox 1715 4809 1814 4856; x_wconf 87' lang='lat' dir='ltr'><strong><em>est.</em></strong></span> 
     </span>
    </p>
   </div>
   <div class='ocr_carea' id='block_1_50' title="bbox 243 4887 1818 4961">
    <p class='ocr_par' dir='ltr' id='par_1_50' title="bbox 243 4887 1818 4961">
     <span class='ocr_line' id='line_1_50' title="bbox 243 4887 1818 4961; baseline 0.003 -18"><span class='ocrx_word' id='word_1_382' title='bbox 243 4887 413 4943; x_wconf 80' lang='lat' dir='ltr'><strong><em>Nemo</em></strong></span> <span class='ocrx_word' id='word_1_383' title='bbox 459 4890 599 4944; x_wconf 89' lang='lat' dir='ltr'><strong><em>enim</em></strong></span> <span class='ocrx_word' id='word_1_384' title='bbox 644 4889 772 4944; x_wconf 90' lang='lat' dir='ltr'><strong><em>dicit</em></strong></span> <span class='ocrx_word' id='word_1_385' title='bbox 827 4890 1104 4944; x_wconf 90' lang='lat' dir='ltr'><strong><em>Dominum</em></strong></span> <span class='ocrx_word' id='word_1_386' title='bbox 1129 4889 1332 4955; x_wconf 87' lang='lat' dir='ltr'><strong><em>Jcsum,</em></strong></span> <span class='ocrx_word' id='word_1_387' title='bbox 1367 4891 1464 4944; x_wconf 91' lang='lat' dir='ltr'><strong><em>nisi</em></strong></span> <span class='ocrx_word' id='word_1_388' title='bbox 1515 4887 1566 4944; x_wconf 88' lang='lat' dir='ltr'><strong><em>in</em></strong></span> <span class='ocrx_word' id='word_1_389' title='bbox 1618 4891 1818 4961; x_wconf 87' lang='lat' dir='ltr'><strong><em>Spiritu</em></strong></span> 
     </span>
    </p>
   </div>
   <div class='ocr_carea' id='block_1_51' title="bbox 244 4979 1824 5053">
    <p class='ocr_par' dir='ltr' id='par_1_51' title="bbox 244 4979 1824 5053">
     <span class='ocr_line' id='line_1_51' title="bbox 244 4979 1824 5053; baseline 0.003 -21"><span class='ocrx_word' id='word_1_390' title='bbox 244 4990 470 5034; x_wconf 67' lang='lat' dir='ltr'><strong><em>sancto:</em></strong></span> <span class='ocrx_word' id='word_1_391' title='bbox 512 4979 692 5053; x_wconf 87' lang='lat' dir='ltr'><strong><em>(lCor.</em></strong></span> <span class='ocrx_word' id='word_1_392' title='bbox 732 4995 828 5045; x_wconf 88' lang='lat' dir='ltr'><strong><em>xn,</em></strong></span> <span class='ocrx_word' id='word_1_393' title='bbox 871 4980 948 5051; x_wconf 80' lang='lat'><strong><em>5).</em></strong></span> <span class='ocrx_word' id='word_1_394' title='bbox 985 4980 1136 5036; x_wconf 85' lang='lat' dir='ltr'><strong><em>Unde</em></strong></span> <span class='ocrx_word' id='word_1_395' title='bbox 1180 4990 1233 5034; x_wconf 89' lang='lat' dir='ltr'><strong><em>et</em></strong></span> <span class='ocrx_word' id='word_1_396' title='bbox 1275 4996 1546 5051; x_wconf 87' lang='lat' dir='ltr'><strong><em>exponens</em></strong></span> <span class='ocrx_word' id='word_1_397' title='bbox 1582 4982 1824 5053; x_wconf 86' lang='lat' dir='ltr'><strong><em>Evange-</em></strong></span> 
     </span>
    </p>
   </div>
   <div class='ocr_carea' id='block_1_52' title="bbox 307 5149 1824 5208">
    <p class='ocr_par' dir='ltr' id='par_1_52' title="bbox 307 5149 1824 5208">
     <span class='ocr_line' id='line_1_52' title="bbox 307 5149 1824 5208; baseline 0.004 -11"><span class='ocrx_word' id='word_1_398' title='bbox 307 5150 322 5180; x_wconf 81' lang='grc' dir='ltr'>ι</span> <span class='ocrx_word' id='word_1_399' title='bbox 359 5149 478 5200; x_wconf 70' lang='lat' dir='ltr'><strong><em>aditi</em></strong></span> <span class='ocrx_word' id='word_1_400' title='bbox 502 5152 756 5208; x_wconf 90' lang='lat' dir='ltr'><strong><em>omittunt,</em></strong></span> <span class='ocrx_word' id='word_1_401' title='bbox 779 5162 872 5199; x_wconf 76' lang='lat' dir='ltr'><strong><em>non</em></strong></span> <span class='ocrx_word' id='word_1_402' title='bbox 910 5149 966 5198; x_wconf 90' lang='lat' dir='ltr'><strong><em>ob</em></strong></span> <span class='ocrx_word' id='word_1_403' title='bbox 989 5149 1122 5199; x_wconf 84' lang='lat' dir='ltr'><strong><em>aliud</em></strong></span> <span class='ocrx_word' id='word_1_404' title='bbox 1144 5162 1160 5208; x_wconf 91' lang='lat'><strong><em>;</em></strong></span> <span class='ocrx_word' id='word_1_405' title='bbox 1207 5158 1257 5199; x_wconf 90' lang='lat' dir='ltr'><strong><em>et</em></strong></span> <span class='ocrx_word' id='word_1_406' title='bbox 1279 5150 1461 5199; x_wconf 84' lang='lat' dir='ltr'><strong><em>habent</em></strong></span> <span class='ocrx_word' id='word_1_407' title='bbox 1482 5152 1566 5208; x_wconf 85' lang='lat' dir='ltr'><strong><em>sic,</em></strong></span> <span class='ocrx_word' id='word_1_408' title='bbox 1589 5150 1685 5203; x_wconf 81' lang='lat' dir='ltr'><strong><em>nisi</em></strong></span> <span class='ocrx_word' id='word_1_409' title='bbox 1703 5156 1824 5203; x_wconf 85' lang='lat' dir='ltr'><strong><em>esset</em></strong></span> 
     </span>
    </p>
   </div>
   <div class='ocr_carea' id='block_1_53' title="bbox 247 5210 1820 5320">
    <p class='ocr_par' dir='ltr' id='par_1_53' title="bbox 247 5210 1820 5320">
     <span class='ocr_line' id='line_1_53' title="bbox 247 5210 1820 5320; baseline 0.003 -61"><span class='ocrx_word' id='word_1_410' title='bbox 247 5216 383 5279; x_wconf 74' lang='lat' dir='ltr'><strong><em>natus</em></strong></span> <span class='ocrx_word' id='word_1_411' title='bbox 407 5223 468 5259; x_wconf 72' lang='lat' dir='ltr'><strong><em>ex</em></strong></span> <span class='ocrx_word' id='word_1_412' title='bbox 489 5212 672 5273; x_wconf 78' lang='lat' dir='ltr'><strong><em>virgine</em></strong></span> <span class='ocrx_word' id='word_1_413' title='bbox 691 5247 706 5270; x_wconf 92' lang='lat'><strong><em>,</em></strong></span> <span class='ocrx_word' id='word_1_414' title='bbox 731 5210 1149 5320; x_wconf 39' lang='lat' dir='ltr'><strong><em>qmﬁenerqtiorﬁs</em></strong></span> <span class='ocrx_word' id='word_1_415' title='bbox 1171 5211 1388 5262; x_wconf 71' lang='lat' dir='ltr'><strong><em>obnoxia:</em></strong></span> <span class='ocrx_word' id='word_1_416' title='bbox 1409 5211 1658 5278; x_wconf 78' lang='lat' dir='ltr'><strong><em>privilegio</em></strong></span> <span class='ocrx_word' id='word_1_417' title='bbox 1674 5249 1687 5270; x_wconf 90' lang='lat'><strong><em>,</em></strong></span> <span class='ocrx_word' id='word_1_418' title='bbox 1725 5223 1820 5263; x_wconf 88' lang='lat' dir='ltr'><strong><em>etc.</em></strong></span> 
     </span>
     <span class='ocr_line' id='line_1_54' title="bbox 248 5270 1820 5320; baseline 0.003 -5"><span class='ocrx_word' id='word_1_419' title='bbox 248 5270 614 5320; x_wconf 64' lang='lat' dir='ltr'><strong><em>Redintegratur</em></strong></span> <span class='ocrx_word' id='word_1_420' title='bbox 639 5274 773 5320; x_wconf 86' lang='lat' dir='ltr'><strong><em>locus</em></strong></span> <span class='ocrx_word' id='word_1_421' title='bbox 902 5272 1163 5320; x_wconf 71' lang='lat' dir='ltr'><strong><em>(“.aliicanos</em></strong></span> <span class='ocrx_word' id='word_1_422' title='bbox 1313 5279 1363 5320; x_wconf 86' lang='lat' dir='ltr'><strong><em>in</em></strong></span> <span class='ocrx_word' id='word_1_423' title='bbox 1380 5288 1440 5320; x_wconf 90' lang='lat' dir='ltr'><strong><em>eo</em></strong></span> <span class='ocrx_word' id='word_1_424' title='bbox 1456 5288 1623 5320; x_wconf 87' lang='lat' dir='ltr'><strong><em>rursus</em></strong></span> <span class='ocrx_word' id='word_1_425' title='bbox 1641 5277 1820 5320; x_wconf 80' lang='lat' dir='ltr'><strong><em>variant</em></strong></span> 
     </span>
    </p>
   </div>
   <div class='ocr_carea' id='block_1_54' title="bbox 248 5270 1825 5332">
    <p class='ocr_par' dir='ltr' id='par_1_54' title="bbox 248 5270 1825 5332">
     <span class='ocr_line' id='line_1_55' title="bbox 248 5270 1825 5332; baseline 0.006 -18"><span class='ocrx_word' id='word_1_426' title='bbox 248 5270 614 5332; x_wconf 68' lang='lat' dir='ltr'><strong><em>Redintegratur</em></strong></span> <span class='ocrx_word' id='word_1_427' title='bbox 639 5270 773 5321; x_wconf 83' lang='lat' dir='ltr'><strong><em>locus</em></strong></span> <span class='ocrx_word' id='word_1_428' title='bbox 801 5270 859 5320; x_wconf 77' lang='lat' dir='ltr'><strong><em>ad</em></strong></span> <span class='ocrx_word' id='word_1_429' title='bbox 902 5272 1163 5332; x_wconf 71' lang='lat' dir='ltr'><strong><em>(“.aliicanos</em></strong></span> <span class='ocrx_word' id='word_1_430' title='bbox 1313 5279 1363 5320; x_wconf 88' lang='lat' dir='ltr'><strong><em>in</em></strong></span> <span class='ocrx_word' id='word_1_431' title='bbox 1380 5270 1440 5322; x_wconf 84' lang='lat' dir='ltr'><strong><em>eo</em></strong></span> <span class='ocrx_word' id='word_1_432' title='bbox 1456 5270 1623 5325; x_wconf 78' lang='lat' dir='ltr'><strong><em>rursus</em></strong></span> <span class='ocrx_word' id='word_1_433' title='bbox 1641 5277 1825 5324; x_wconf 81' lang='lat' dir='ltr'><strong><em>variant</em></strong></span> 
     </span>
    </p>
   </div>
   <div class='ocr_carea' id='block_1_55' title="bbox 247 5330 1215 5392">
    <p class='ocr_par' dir='ltr' id='par_1_55' title="bbox 247 5330 1215 5392">
     <span class='ocr_line' id='line_1_56' title="bbox 247 5330 1215 5392; baseline 0.003 -15"><span class='ocrx_word' id='word_1_434' title='bbox 247 5330 470 5388; x_wconf 51' lang='lat' dir='ltr'><strong><em>codices;</em></strong></span> <span class='ocrx_word' id='word_1_435' title='bbox 483 5332 564 5381; x_wconf 87' lang='lat' dir='ltr'><strong><em>lib.</em></strong></span> <span class='ocrx_word' id='word_1_436' title='bbox 588 5332 620 5381; x_wconf 74' lang='lat'><strong>2</strong></span> <span class='ocrx_word' id='word_1_437' title='bbox 635 5340 801 5382; x_wconf 88' lang='lat' dir='ltr'><strong><em>contra</em></strong></span> <span class='ocrx_word' id='word_1_438' title='bbox 815 5330 1070 5392; x_wconf 70' lang='lat' dir='ltr'><strong><em>lulianum,</em></strong></span> <span class='ocrx_word' id='word_1_439' title='bbox 1095 5347 1142 5381; x_wconf 92' lang='lat' dir='ltr'><strong><em>n.</em></strong></span> <span class='ocrx_word' id='word_1_440' title='bbox 1169 5333 1215 5381; x_wconf 74' lang='grc'>4.</span> 
     </span>
    </p>
   </div>
   <div class='ocr_carea' id='block_1_56' title="bbox 301 5392 1826 5457">
    <p class='ocr_par' dir='ltr' id='par_1_56' title="bbox 301 5392 1826 5457">
     <span class='ocr_line' id='line_1_57' title="bbox 301 5392 1826 5457; baseline 0.005 -17"><span class='ocrx_word' id='word_1_441' title='bbox 301 5393 330 5457; x_wconf 50' lang='grc' dir='ltr'><strong><em>ἓ</em></strong></span> <span class='ocrx_word' id='word_1_442' title='bbox 363 5392 581 5442; x_wconf 85' lang='lat' dir='ltr'><strong><em>Gallicani</em></strong></span> <span class='ocrx_word' id='word_1_443' title='bbox 618 5401 746 5457; x_wconf 69' lang='lat' dir='ltr'><strong><em>Mss,</em></strong></span> <span class='ocrx_word' id='word_1_444' title='bbox 765 5393 859 5457; x_wconf 75' lang='lat' dir='ltr'><strong><em>nisi</em></strong></span> <span class='ocrx_word' id='word_1_445' title='bbox 887 5393 1041 5457; x_wconf 82' lang='lat' dir='ltr'><strong><em>solum</em></strong></span> <span class='ocrx_word' id='word_1_446' title='bbox 1085 5393 1644 5457; x_wconf 55' lang='lat' dir='ltr'><strong><em>liberumeinculorum,</em></strong></span> <span class='ocrx_word' id='word_1_447' title='bbox 1685 5410 1826 5456; x_wconf 79' lang='lat' dir='ltr'><strong><em>quem</em></strong></span> 
     </span>
    </p>
   </div>
   <div class='ocr_carea' id='block_1_57' title="bbox 250 5453 1468 5506">
    <p class='ocr_par' dir='ltr' id='par_1_57' title="bbox 250 5453 1468 5506">
     <span class='ocr_line' id='line_1_58' title="bbox 250 5453 1468 5506; baseline 0.007 -8"><span class='ocrx_word' id='word_1_448' title='bbox 250 5455 438 5501; x_wconf 60' lang='lat' dir='ltr'><strong><em>matura:</em></strong></span> <span class='ocrx_word' id='word_1_449' title='bbox 458 5454 718 5504; x_wconf 76' lang='lat' dir='ltr'><strong><em>conaminis</em></strong></span> <span class='ocrx_word' id='word_1_450' title='bbox 739 5453 927 5505; x_wconf 75' lang='lat' dir='ltr'><strong><em>vincula</em></strong></span> <span class='ocrx_word' id='word_1_451' title='bbox 949 5468 1042 5504; x_wconf 85' lang='lat' dir='ltr'><strong><em>non</em></strong></span> <span class='ocrx_word' id='word_1_452' title='bbox 1066 5454 1321 5506; x_wconf 87' lang='lat' dir='ltr'><strong><em>tenebant?</em></strong></span> <span class='ocrx_word' id='word_1_453' title='bbox 1466 5479 1468 5481; x_wconf 46' lang='grc'>&gt;</span> 
     </span>
    </p>
   </div>
   <div class='ocr_carea' id='block_1_58' title="bbox 310 5513 1639 5628">
    <p class='ocr_par' dir='ltr' id='par_1_58' title="bbox 310 5513 1639 5628">
     <span class='ocr_line' id='line_1_59' title="bbox 310 5513 1639 5601; baseline 0.005 -40"><span class='ocrx_word' id='word_1_454' title='bbox 310 5513 335 5601; x_wconf 56' lang='grc' dir='ltr'>ξ</span> <span class='ocrx_word' id='word_1_455' title='bbox 368 5519 420 5563; x_wconf 84' lang='grc' dir='ltr'><strong><em>ιιι</em></strong></span> <span class='ocrx_word' id='word_1_456' title='bbox 442 5515 596 5575; x_wconf 86' lang='lat' dir='ltr'><strong><em>editis,</em></strong></span> <span class='ocrx_word' id='word_1_457' title='bbox 623 5529 727 5578; x_wconf 88' lang='lat' dir='ltr'><strong><em>pro,</em></strong></span> <span class='ocrx_word' id='word_1_458' title='bbox 754 5529 890 5578; x_wconf 84' lang='lat' dir='ltr'><strong><em>cura,</em></strong></span> <span class='ocrx_word' id='word_1_459' title='bbox 916 5519 1228 5567; x_wconf 84' lang='lat' dir='ltr'><strong><em>substitutum</em></strong></span> <span class='ocrx_word' id='word_1_460' title='bbox 1247 5517 1425 5580; x_wconf 84' lang='lat' dir='ltr'><strong><em>fuerat,</em></strong></span> <span class='ocrx_word' id='word_1_461' title='bbox 1449 5525 1639 5571; x_wconf 86' lang='lat' dir='ltr'><strong><em>natura.</em></strong></span> 
     </span>
     <span class='ocr_line' id='line_1_60' title="bbox 371 5578 798 5628; baseline 0.007 -5"><span class='ocrx_word' id='word_1_462' title='bbox 371 5580 421 5623; x_wconf 85' lang='lat' dir='ltr'><strong><em>In</em></strong></span> <span class='ocrx_word' id='word_1_463' title='bbox 441 5581 563 5628; x_wconf 78' lang='lat' dir='ltr'><strong><em>Ilss..</em></strong></span> <span class='ocrx_word' id='word_1_464' title='bbox 588 5578 798 5628; x_wconf 74' lang='lat' dir='ltr'><strong><em>enectus.</em></strong></span> 
     </span>
    </p>
   </div>
   <div class='ocr_carea' id='block_1_59' title="bbox 531 5590 798 5627">
    <p class='ocr_par' dir='ltr' id='par_1_59' title="bbox 531 5590 798 5627">
     <span class='ocr_line' id='line_1_61' title="bbox 531 5590 798 5627; baseline 0.015 -4"><span class='ocrx_word' id='word_1_465' title='bbox 531 5613 563 5627; x_wconf 80' lang='lat'><strong><em>..</em></strong></span> <span class='ocrx_word' id='word_1_466' title='bbox 588 5590 798 5627; x_wconf 85' lang='lat' dir='ltr'><strong><em>enectus.</em></strong></span> 
     </span>
    </p>
   </div>
   <div class='ocr_carea' id='block_1_60' title="bbox 313 5578 965 5708">
    <p class='ocr_par' dir='ltr' id='par_1_60' title="bbox 313 5578 965 5708">
     <span class='ocr_line' id='line_1_62' title="bbox 313 5578 798 5640; baseline 0.006 -17"><span class='ocrx_word' id='word_1_467' title='bbox 313 5578 335 5601; x_wconf 76' lang='grc'><strong><em>⁵</em></strong></span> <span class='ocrx_word' id='word_1_468' title='bbox 371 5580 421 5623; x_wconf 84' lang='grc' dir='ltr'><strong><em>ιιι</em></strong></span> <span class='ocrx_word' id='word_1_469' title='bbox 441 5581 563 5636; x_wconf 76' lang='lat' dir='ltr'><strong><em>Ilss.,</em></strong></span> <span class='ocrx_word' id='word_1_470' title='bbox 588 5578 798 5640; x_wconf 76' lang='lat' dir='ltr'><strong><em>effectus.</em></strong></span> 
     </span>
     <span class='ocr_line' id='line_1_63' title="bbox 313 5634 965 5708; baseline 0.008 -23"><span class='ocrx_word' id='word_1_471' title='bbox 313 5634 335 5708; x_wconf 70' lang='grc' dir='ltr'><strong>ξ</strong></span> <span class='ocrx_word' id='word_1_472' title='bbox 371 5637 606 5708; x_wconf 76' lang='lat' dir='ltr'><strong><em>l_n_iisdem</em></strong></span> <span class='ocrx_word' id='word_1_473' title='bbox 633 5647 760 5700; x_wconf 69' lang='lat' dir='ltr'><strong><em>Mss,</em></strong></span> <span class='ocrx_word' id='word_1_474' title='bbox 783 5639 965 5702; x_wconf 70' lang='lat' dir='ltr'><strong><em>eﬂ‘usio.</em></strong></span> 
     </span>
    </p>
   </div>
   <div class='ocr_carea' id='block_1_61' title="bbox 315 5695 900 5770">
    <p class='ocr_par' dir='ltr' id='par_1_61' title="bbox 315 5695 900 5770">
     <span class='ocr_line' id='line_1_64' title="bbox 315 5695 900 5770; baseline 0 -21"><span class='ocrx_word' id='word_1_475' title='bbox 315 5695 337 5770; x_wconf 69' lang='grc' dir='ltr'><strong><em>ξ</em></strong></span> <span class='ocrx_word' id='word_1_476' title='bbox 371 5698 503 5770; x_wconf 57' lang='lat' dir='ltr'><strong><em>gitti,</em></strong></span> <span class='ocrx_word' id='word_1_477' title='bbox 519 5706 604 5750; x_wconf 84' lang='lat' dir='ltr'><strong><em>est.</em></strong></span> <span class='ocrx_word' id='word_1_478' title='bbox 630 5695 757 5770; x_wconf 41' lang='lat' dir='ltr'><strong><em>esse;</em></strong></span> <span class='ocrx_word' id='word_1_479' title='bbox 778 5695 900 5770; x_wconf 66' lang='lat' dir='ltr'><strong><em>sunt.</em></strong></span> 
     </span>
    </p>
   </div>
   <div class='ocr_carea' id='block_1_62' title="bbox 316 5757 1204 5824">
    <p class='ocr_par' dir='ltr' id='par_1_62' title="bbox 316 5757 1204 5824">
     <span class='ocr_line' id='line_1_65' title="bbox 316 5757 1204 5824; baseline 0.01 -20"><span class='ocrx_word' id='word_1_480' title='bbox 316 5757 335 5783; x_wconf 73' lang='grc' dir='ltr'><strong>ν</strong></span> <span class='ocrx_word' id='word_1_481' title='bbox 376 5758 511 5819; x_wconf 85' lang='lat' dir='ltr'><strong><em>Editi,</em></strong></span> <span class='ocrx_word' id='word_1_482' title='bbox 531 5762 692 5824; x_wconf 85' lang='lat' dir='ltr'><strong><em>possit.</em></strong></span> <span class='ocrx_word' id='word_1_483' title='bbox 718 5757 1033 5814; x_wconf 68' lang='lat' dir='ltr'><strong><em>emendantur</em></strong></span> <span class='ocrx_word' id='word_1_484' title='bbox 1059 5777 1084 5814; x_wconf 73' lang='grc' dir='ltr'><strong><em>ιι</em></strong></span> <span class='ocrx_word' id='word_1_485' title='bbox 1102 5773 1204 5818; x_wconf 69' lang='lat' dir='ltr'><strong><em>uss.</em></strong></span> 
     </span>
    </p>
   </div>
   <div class='ocr_carea' id='block_1_63' title="bbox 1535 361 2114 442">
    <p class='ocr_par' dir='ltr' id='par_1_63' title="bbox 1535 361 2114 442">
     <span class='ocr_line' id='line_1_66' title="bbox 1535 361 2114 442; baseline -0.016 -3"><span class='ocrx_word' id='word_1_486' title='bbox 1535 378 1735 439; x_wconf 77' lang='lat' dir='ltr'><strong><em>LIBER</em></strong></span> <span class='ocrx_word' id='word_1_487' title='bbox 1757 361 2114 442; x_wconf 79' lang='lat' dir='ltr'><strong><em>&#39;QUAnrus.</em></strong></span> 
     </span>
    </p>
   </div>
   <div class='ocr_carea' id='block_1_64' title="bbox 2379 379 3450 469">
    <p class='ocr_par' dir='ltr' id='par_1_64' title="bbox 2379 379 3450 469">
     <span class='ocr_line' id='line_1_67' title="bbox 2379 379 3450 469; baseline -0.005 -26"><span class='ocrx_word' id='word_1_488' title='bbox 2379 463 2386 469; x_wconf 19' lang='grc' dir='ltr'>ι</span> <span class='ocrx_word' id='word_1_489' title='bbox 3347 379 3450 438; x_wconf 73' lang='lat' dir='ltr'><strong><em>est</em></strong></span> 
     </span>
    </p>
   </div>
   <div class='ocr_carea' id='block_1_65' title="bbox 1884 489 3448 563">
    <p class='ocr_par' dir='ltr' id='par_1_65' title="bbox 1884 489 3448 563">
     <span class='ocr_line' id='line_1_68' title="bbox 1884 489 3448 563; baseline 0 -17"><span class='ocrx_word' id='word_1_490' title='bbox 1884 491 2011 546; x_wconf 89' lang='lat' dir='ltr'><strong><em>lium</em></strong></span> <span class='ocrx_word' id='word_1_491' title='bbox 2051 489 2341 550; x_wconf 85' lang='lat' dir='ltr'><strong><em>secundum</em></strong></span> <span class='ocrx_word' id='word_1_492' title='bbox 2387 491 2581 550; x_wconf 87' lang='lat' dir='ltr'><strong><em>Lucam</em></strong></span> <span class='ocrx_word' id='word_1_493' title='bbox 2629 509 2643 548; x_wconf 92' lang='lat'><strong>:</strong></span> <span class='ocrx_word' id='word_1_494' title='bbox 2695 511 2714 546; x_wconf 85' lang='grc'>‹</span> <span class='ocrx_word' id='word_1_495' title='bbox 2746 491 2907 549; x_wconf 74' lang='lat' dir='ltr'><strong><em>Vides</em></strong></span> <span class='ocrx_word' id='word_1_496' title='bbox 2950 491 3152 563; x_wconf 89' lang='lat' dir='ltr'><strong><em>utique,</em></strong></span> <span class='ocrx_word' id='word_1_497' title='bbox 3189 509 3206 544; x_wconf 78' lang='grc' dir='ltr'><strong><em>ι</em></strong></span> <span class='ocrx_word' id='word_1_498' title='bbox 3260 491 3448 562; x_wconf 86' lang='lat' dir='ltr'><strong><em>inquit,</em></strong></span> 
     </span>
    </p>
   </div>
   <div class='ocr_carea' id='block_1_66' title="bbox 1890 583 3448 656">
    <p class='ocr_par' dir='ltr' id='par_1_66' title="bbox 1890 583 3448 656">
     <span class='ocr_line' id='line_1_69' title="bbox 1890 583 3448 656; baseline 0.001 -19"><span class='ocrx_word' id='word_1_499' title='bbox 1890 603 1909 637; x_wconf 84' lang='grc'><strong><em>‹</em></strong></span> <span class='ocrx_word' id='word_1_500' title='bbox 1961 585 2081 654; x_wconf 89' lang='lat' dir='ltr'><strong><em>quia</em></strong></span> <span class='ocrx_word' id='word_1_501' title='bbox 2144 584 2336 656; x_wconf 88' lang='lat' dir='ltr'><strong><em>ubique</em></strong></span> <span class='ocrx_word' id='word_1_502' title='bbox 2401 583 2608 640; x_wconf 88' lang='lat' dir='ltr'><strong><em>Domini</em></strong></span> <span class='ocrx_word' id='word_1_503' title='bbox 2656 585 2824 638; x_wconf 88' lang='lat' dir='ltr'><strong><em>virtus</em></strong></span> <span class='ocrx_word' id='word_1_504' title='bbox 2885 583 3075 640; x_wconf 88' lang='lat' dir='ltr'><strong><em>studiis</em></strong></span> <span class='ocrx_word' id='word_1_505' title='bbox 3134 591 3448 653; x_wconf 76' lang='lat' dir='ltr'><strong><em>cooperator</em></strong></span> 
     </span>
    </p>
   </div>
   <div class='ocr_carea' id='block_1_67' title="bbox 1887 673 3467 744">
    <p class='ocr_par' dir='ltr' id='par_1_67' title="bbox 1887 673 3467 744">
     <span class='ocr_line' id='line_1_70' title="bbox 1887 673 3467 744; baseline -0.001 -14"><span class='ocrx_word' id='word_1_506' title='bbox 1887 675 2146 739; x_wconf 87' lang='lat' dir='ltr'><strong><em>immanis,</em></strong></span> <span class='ocrx_word' id='word_1_507' title='bbox 2193 682 2249 729; x_wconf 88' lang='lat' dir='ltr'><strong><em>ut</em></strong></span> <span class='ocrx_word' id='word_1_508' title='bbox 2300 689 2458 728; x_wconf 88' lang='lat' dir='ltr'><strong><em>nemo</em></strong></span> <span class='ocrx_word' id='word_1_509' title='bbox 2515 674 2683 744; x_wconf 90' lang='lat' dir='ltr'><strong><em>possit</em></strong></span> <span class='ocrx_word' id='word_1_510' title='bbox 2725 673 2990 730; x_wconf 74' lang='lat' dir='ltr'><strong><em>aedificare</em></strong></span> <span class='ocrx_word' id='word_1_511' title='bbox 3041 675 3154 729; x_wconf 87' lang='lat' dir='ltr'><strong><em>sine</em></strong></span> <span class='ocrx_word' id='word_1_512' title='bbox 3206 674 3467 740; x_wconf 58' lang='lat' dir='ltr'><strong><em>Domino;</em></strong></span> 
     </span>
    </p>
   </div>
   <div class='ocr_carea' id='block_1_68' title="bbox 1885 765 3449 836">
    <p class='ocr_par' dir='ltr' id='par_1_68' title="bbox 1885 765 3449 836">
     <span class='ocr_line' id='line_1_71' title="bbox 1885 765 3449 836; baseline 0.001 -16"><span class='ocrx_word' id='word_1_513' title='bbox 1885 781 2041 821; x_wconf 89' lang='lat' dir='ltr'><strong><em>nemo</em></strong></span> <span class='ocrx_word' id='word_1_514' title='bbox 2095 765 2361 820; x_wconf 89' lang='lat' dir='ltr'><strong><em>custodire</em></strong></span> <span class='ocrx_word' id='word_1_515' title='bbox 2409 765 2521 820; x_wconf 90' lang='lat' dir='ltr'><strong><em>sine</em></strong></span> <span class='ocrx_word' id='word_1_516' title='bbox 2565 765 2806 830; x_wconf 92' lang='lat' dir='ltr'><strong><em>Domino,</em></strong></span> <span class='ocrx_word' id='word_1_517' title='bbox 2853 781 3011 822; x_wconf 92' lang='lat' dir='ltr'><strong><em>nemo</em></strong></span> <span class='ocrx_word' id='word_1_518' title='bbox 3049 765 3335 836; x_wconf 89' lang='lat' dir='ltr'><strong><em>quidquam</em></strong></span> <span class='ocrx_word' id='word_1_519' title='bbox 3365 767 3449 821; x_wconf 87' lang='lat' dir='ltr'><strong><em>in-</em></strong></span> 
     </span>
    </p>
   </div>
   <div class='ocr_carea' id='block_1_69' title="bbox 1882 855 3449 929">
    <p class='ocr_par' dir='ltr' id='par_1_69' title="bbox 1882 855 3449 929">
     <span class='ocr_line' id='line_1_72' title="bbox 1882 855 3449 929; baseline 0.001 -18"><span class='ocrx_word' id='word_1_520' title='bbox 1882 857 2061 926; x_wconf 88' lang='lat' dir='ltr'><strong><em>cipere</em></strong></span> <span class='ocrx_word' id='word_1_521' title='bbox 2090 856 2203 910; x_wconf 91' lang='lat' dir='ltr'><strong><em>sine</em></strong></span> <span class='ocrx_word' id='word_1_522' title='bbox 2232 855 2455 909; x_wconf 88' lang='lat' dir='ltr'><strong><em>Domino</em></strong></span> <span class='ocrx_word' id='word_1_523' title='bbox 2480 874 2498 906; x_wconf 75' lang='lat' dir='ltr'>l</span> <span class='ocrx_word' id='word_1_524' title='bbox 2533 855 2665 929; x_wconf 86' lang='lat' dir='ltr'><strong><em>(Lib.</em></strong></span> <span class='ocrx_word' id='word_1_525' title='bbox 2701 855 2736 908; x_wconf 74' lang='lat'>2</span> <span class='ocrx_word' id='word_1_526' title='bbox 2767 856 2819 910; x_wconf 87' lang='lat' dir='ltr'><strong><em>in</em></strong></span> <span class='ocrx_word' id='word_1_527' title='bbox 2856 871 2970 926; x_wconf 87' lang='lat' dir='ltr'><strong><em>cap.</em></strong></span> <span class='ocrx_word' id='word_1_528' title='bbox 3007 856 3041 910; x_wconf 80' lang='lat'><strong>&#39;5</strong></span> <span class='ocrx_word' id='word_1_529' title='bbox 3064 855 3247 921; x_wconf 81' lang='lat' dir='ltr'><strong><em>Lucte,</em></strong></span> <span class='ocrx_word' id='word_1_530' title='bbox 3280 873 3333 910; x_wconf 80' lang='grc' dir='ltr'>η.</span> <span class='ocrx_word' id='word_1_531' title='bbox 3357 856 3449 925; x_wconf 77' lang='grc' dir='ltr'><strong><em>ει,</em></strong></span> 
     </span>
    </p>
   </div>
   <div class='ocr_carea' id='block_1_70' title="bbox 1886 946 3459 1019">
    <p class='ocr_par' dir='ltr' id='par_1_70' title="bbox 1886 946 3459 1019">
     <span class='ocr_line' id='line_1_73' title="bbox 1886 946 3459 1019; baseline 0.003 -19"><span class='ocrx_word' id='word_1_532' title='bbox 1886 951 1949 1002; x_wconf 85' lang='lat' dir='ltr'><strong><em>de</em></strong></span> <span class='ocrx_word' id='word_1_533' title='bbox 2003 946 2128 1002; x_wconf 85' lang='lat' dir='ltr'><strong><em>Jesu</em></strong></span> <span class='ocrx_word' id='word_1_534' title='bbox 2151 948 2445 1018; x_wconf 76' lang='lat' dir='ltr'><strong><em>baptizata).</em></strong></span> <span class='ocrx_word' id='word_1_535' title='bbox 2491 947 2755 1018; x_wconf 85' lang='lat' dir='ltr'><strong><em>Numquid</em></strong></span> <span class='ocrx_word' id='word_1_536' title='bbox 2783 949 3028 1019; x_wconf 89' lang='lat' dir='ltr'><strong><em>quoniam</em></strong></span> <span class='ocrx_word' id='word_1_537' title='bbox 3059 947 3171 1004; x_wconf 82' lang='lat' dir='ltr'><strong><em>haec</em></strong></span> <span class='ocrx_word' id='word_1_538' title='bbox 3213 950 3340 1004; x_wconf 88' lang='lat' dir='ltr'><strong><em>dicit</em></strong></span> <span class='ocrx_word' id='word_1_539' title='bbox 3379 950 3459 1004; x_wconf 89' lang='lat' dir='ltr'><strong><em>vir</em></strong></span> 
     </span>
    </p>
   </div>
   <div class='ocr_carea' id='block_1_71' title="bbox 1887 1037 3457 1111">
    <p class='ocr_par' dir='ltr' id='par_1_71' title="bbox 1887 1037 3457 1111">
     <span class='ocr_line' id='line_1_74' title="bbox 1887 1037 3457 1111; baseline 0.001 -19"><span class='ocrx_word' id='word_1_540' title='bbox 1887 1047 2061 1092; x_wconf 91' lang='lat' dir='ltr'><strong><em>tantus</em></strong></span> <span class='ocrx_word' id='word_1_541' title='bbox 2088 1038 2420 1104; x_wconf 86' lang='lat' dir='ltr'><strong><em>Ambrosius,</em></strong></span> <span class='ocrx_word' id='word_1_542' title='bbox 2449 1046 2502 1094; x_wconf 90' lang='lat' dir='ltr'><strong><em>et</em></strong></span> <span class='ocrx_word' id='word_1_543' title='bbox 2530 1037 2751 1109; x_wconf 81' lang='lat' dir='ltr'><strong><em>gratiam</em></strong></span> <span class='ocrx_word' id='word_1_544' title='bbox 2779 1038 2893 1105; x_wconf 90' lang='lat' dir='ltr'><strong><em>Dei,</em></strong></span> <span class='ocrx_word' id='word_1_545' title='bbox 2928 1038 3062 1092; x_wconf 92' lang='lat' dir='ltr'><strong><em>sicut</em></strong></span> <span class='ocrx_word' id='word_1_546' title='bbox 3091 1038 3198 1092; x_wconf 89' lang='lat' dir='ltr'><strong><em>filio</em></strong></span> <span class='ocrx_word' id='word_1_547' title='bbox 3226 1039 3457 1111; x_wconf 59' lang='lat' dir='ltr'><strong><em>promis.</em></strong></span> 
     </span>
    </p>
   </div>
   <div class='ocr_carea' id='block_1_72' title="bbox 1886 1130 3458 1201">
    <p class='ocr_par' dir='ltr' id='par_1_72' title="bbox 1886 1130 3458 1201">
     <span class='ocr_line' id='line_1_75' title="bbox 1886 1130 3458 1201; baseline 0.001 -17"><span class='ocrx_word' id='word_1_548' title='bbox 1886 1130 2050 1185; x_wconf 87' lang='lat' dir='ltr'><strong><em>sionis</em></strong></span> <span class='ocrx_word' id='word_1_549' title='bbox 2081 1131 2341 1201; x_wconf 88' lang='lat' dir='ltr'><strong><em>congruit,</em></strong></span> <span class='ocrx_word' id='word_1_550' title='bbox 2370 1140 2518 1200; x_wconf 85' lang='lat' dir='ltr'><strong><em>grata</em></strong></span> <span class='ocrx_word' id='word_1_551' title='bbox 2558 1130 2754 1200; x_wconf 89' lang='lat' dir='ltr'><strong><em>pietate</em></strong></span> <span class='ocrx_word' id='word_1_552' title='bbox 2795 1130 3148 1194; x_wconf 89' lang='lat' dir='ltr'><strong><em>commendat,</em></strong></span> <span class='ocrx_word' id='word_1_553' title='bbox 3195 1131 3314 1185; x_wconf 90' lang='lat' dir='ltr'><strong><em>ideo</em></strong></span> <span class='ocrx_word' id='word_1_554' title='bbox 3359 1130 3458 1186; x_wconf 90' lang='lat' dir='ltr'><strong><em>de-</em></strong></span> 
     </span>
    </p>
   </div>
   <div class='ocr_carea' id='block_1_73' title="bbox 1887 1221 3458 1292">
    <p class='ocr_par' dir='ltr' id='par_1_73' title="bbox 1887 1221 3458 1292">
     <span class='ocr_line' id='line_1_76' title="bbox 1887 1221 3458 1292; baseline -0.001 -16"><span class='ocrx_word' id='word_1_555' title='bbox 1887 1223 2045 1277; x_wconf 88' lang='lat' dir='ltr'><strong><em>struit</em></strong></span> <span class='ocrx_word' id='word_1_556' title='bbox 2073 1223 2294 1277; x_wconf 89' lang='lat' dir='ltr'><strong><em>iiberum</em></strong></span> <span class='ocrx_word' id='word_1_557' title='bbox 2317 1222 2626 1277; x_wconf 89' lang='lat' dir='ltr'><strong><em>arbitrium?</em></strong></span> <span class='ocrx_word' id='word_1_558' title='bbox 2655 1232 2745 1276; x_wconf 91' lang='lat' dir='ltr'><strong><em>aut</em></strong></span> <span class='ocrx_word' id='word_1_559' title='bbox 2782 1237 2898 1277; x_wconf 86' lang='lat' dir='ltr'><strong><em>eam</em></strong></span> <span class='ocrx_word' id='word_1_560' title='bbox 2939 1221 3052 1276; x_wconf 89' lang='lat' dir='ltr'><strong><em>vult</em></strong></span> <span class='ocrx_word' id='word_1_561' title='bbox 3090 1221 3306 1290; x_wconf 88' lang='lat' dir='ltr'><strong><em>intelligi</em></strong></span> <span class='ocrx_word' id='word_1_562' title='bbox 3335 1237 3458 1292; x_wconf 64' lang='lat' dir='ltr'><strong><em>gra.</em></strong></span> 
     </span>
    </p>
   </div>
   <div class='ocr_carea' id='block_1_74' title="bbox 1889 1310 3458 1382">
    <p class='ocr_par' dir='ltr' id='par_1_74' title="bbox 1889 1310 3458 1382">
     <span class='ocr_line' id='line_1_77' title="bbox 1889 1310 3458 1382; baseline -0.001 -16"><span class='ocrx_word' id='word_1_563' title='bbox 1889 1313 2038 1380; x_wconf 90' lang='lat' dir='ltr'><strong><em>tiam,</em></strong></span> <span class='ocrx_word' id='word_1_564' title='bbox 2071 1327 2224 1382; x_wconf 91' lang='lat' dir='ltr'><strong><em>quam</em></strong></span> <span class='ocrx_word' id='word_1_565' title='bbox 2252 1312 2477 1368; x_wconf 87' lang='lat' dir='ltr'><strong><em>diversis</em></strong></span> <span class='ocrx_word' id='word_1_566' title='bbox 2506 1310 2859 1366; x_wconf 86' lang='lat' dir='ltr'><strong><em>locutionibus</em></strong></span> <span class='ocrx_word' id='word_1_567' title='bbox 2875 1311 3137 1380; x_wconf 78' lang='lat' dir='ltr'><strong><em>Pelagiani</em></strong></span> <span class='ocrx_word' id='word_1_568' title='bbox 3156 1310 3458 1365; x_wconf 84' lang='lat' dir='ltr'><strong><em>noiuutnisi</em></strong></span> 
     </span>
    </p>
   </div>
   <div class='ocr_carea' id='block_1_75' title="bbox 1889 1401 3460 1474">
    <p class='ocr_par' dir='ltr' id='par_1_75' title="bbox 1889 1401 3460 1474">
     <span class='ocr_line' id='line_1_78' title="bbox 1889 1401 3460 1474; baseline -0.001 -15"><span class='ocrx_word' id='word_1_569' title='bbox 1889 1404 2058 1474; x_wconf 88' lang='lat' dir='ltr'><strong><em>legem</em></strong></span> <span class='ocrx_word' id='word_1_570' title='bbox 2085 1403 2273 1466; x_wconf 87' lang='lat' dir='ltr'><strong><em>videri,</em></strong></span> <span class='ocrx_word' id='word_1_571' title='bbox 2303 1412 2361 1457; x_wconf 91' lang='lat' dir='ltr'><strong><em>ut</em></strong></span> <span class='ocrx_word' id='word_1_572' title='bbox 2388 1403 2634 1458; x_wconf 88' lang='lat' dir='ltr'><strong><em>videlicet</em></strong></span> <span class='ocrx_word' id='word_1_573' title='bbox 2663 1418 2766 1457; x_wconf 92' lang='lat' dir='ltr'><strong><em>non</em></strong></span> <span class='ocrx_word' id='word_1_574' title='bbox 2794 1402 2858 1456; x_wconf 90' lang='lat' dir='ltr'><strong><em>ad</em></strong></span> <span class='ocrx_word' id='word_1_575' title='bbox 2879 1401 3176 1457; x_wconf 86' lang='lat' dir='ltr'><strong><em>faciendum</em></strong></span> <span class='ocrx_word' id='word_1_576' title='bbox 3204 1401 3344 1472; x_wconf 89' lang='lat' dir='ltr'><strong><em>quod</em></strong></span> <span class='ocrx_word' id='word_1_577' title='bbox 3370 1417 3460 1456; x_wconf 87' lang='lat' dir='ltr'><strong><em>co-</em></strong></span> 
     </span>
    </p>
   </div>
   <div class='ocr_carea' id='block_1_76' title="bbox 1888 1492 3463 1564">
    <p class='ocr_par' dir='ltr' id='par_1_76' title="bbox 1888 1492 3463 1564">
     <span class='ocr_line' id='line_1_79' title="bbox 1888 1492 3463 1564; baseline 0.001 -18"><span class='ocrx_word' id='word_1_578' title='bbox 1888 1494 2242 1563; x_wconf 86' lang='lat' dir='ltr'><strong><em>gnoverimus,</em></strong></span> <span class='ocrx_word' id='word_1_579' title='bbox 2271 1493 2363 1548; x_wconf 88' lang='lat' dir='ltr'><strong><em>sed</em></strong></span> <span class='ocrx_word' id='word_1_580' title='bbox 2389 1492 2454 1546; x_wconf 89' lang='lat' dir='ltr'><strong><em>ad</em></strong></span> <span class='ocrx_word' id='word_1_581' title='bbox 2474 1493 2894 1564; x_wconf 86' lang='lat' dir='ltr'><strong><em>cognoscendum</em></strong></span> <span class='ocrx_word' id='word_1_582' title='bbox 2917 1493 3040 1561; x_wconf 91' lang='lat' dir='ltr'><strong><em>quid</em></strong></span> <span class='ocrx_word' id='word_1_583' title='bbox 3067 1492 3336 1557; x_wconf 91' lang='lat' dir='ltr'><strong><em>faciamus,</em></strong></span> <span class='ocrx_word' id='word_1_584' title='bbox 3364 1506 3463 1547; x_wconf 88' lang='lat' dir='ltr'><strong><em>nos</em></strong></span> 
     </span>
    </p>
   </div>
   <div class='ocr_carea' id='block_1_77' title="bbox 1892 1581 3462 1654">
    <p class='ocr_par' dir='ltr' id='par_1_77' title="bbox 1892 1581 3462 1654">
     <span class='ocr_line' id='line_1_80' title="bbox 1892 1581 3462 1654; baseline -0.002 -14"><span class='ocrx_word' id='word_1_585' title='bbox 1892 1586 2030 1640; x_wconf 87' lang='lat' dir='ltr'><strong><em>Deus</em></strong></span> <span class='ocrx_word' id='word_1_586' title='bbox 2056 1585 2304 1654; x_wconf 87' lang='lat' dir='ltr'><strong><em>adjuvare</em></strong></span> <span class='ocrx_word' id='word_1_587' title='bbox 2333 1585 2612 1639; x_wconf 87' lang='lat' dir='ltr'><strong><em>credatur?</em></strong></span> <span class='ocrx_word' id='word_1_588' title='bbox 2640 1583 2694 1638; x_wconf 87' lang='lat' dir='ltr'><strong><em>Si</em></strong></span> <span class='ocrx_word' id='word_1_589' title='bbox 2727 1585 2826 1637; x_wconf 87' lang='lat' dir='ltr'><strong><em>hoc</em></strong></span> <span class='ocrx_word' id='word_1_590' title='bbox 2853 1584 3008 1637; x_wconf 88' lang='lat' dir='ltr'><strong><em>istum</em></strong></span> <span class='ocrx_word' id='word_1_591' title='bbox 3055 1583 3322 1637; x_wconf 85' lang='lat' dir='ltr'><strong><em>hominem</em></strong></span> <span class='ocrx_word' id='word_1_592' title='bbox 3368 1581 3462 1637; x_wconf 86' lang='lat' dir='ltr'><strong><em>Dei</em></strong></span> 
     </span>
    </p>
   </div>
   <div class='ocr_carea' id='block_1_78' title="bbox 1890 1671 3467 1744">
    <p class='ocr_par' dir='ltr' id='par_1_78' title="bbox 1890 1671 3467 1744">
     <span class='ocr_line' id='line_1_81' title="bbox 1890 1671 3467 1744; baseline -0.001 -15"><span class='ocrx_word' id='word_1_593' title='bbox 1890 1690 2077 1744; x_wconf 87' lang='lat' dir='ltr'><strong><em>sapere</em></strong></span> <span class='ocrx_word' id='word_1_594' title='bbox 2103 1676 2428 1741; x_wconf 55' lang='lat' dir='ltr'><strong><em>existimant,</em></strong></span> <span class='ocrx_word' id='word_1_595' title='bbox 2457 1673 2580 1744; x_wconf 90' lang='lat' dir='ltr'><strong><em>quid</em></strong></span> <span class='ocrx_word' id='word_1_596' title='bbox 2607 1673 2674 1728; x_wconf 90' lang='lat' dir='ltr'><strong><em>de</em></strong></span> <span class='ocrx_word' id='word_1_597' title='bbox 2705 1674 2814 1744; x_wconf 90' lang='lat' dir='ltr'><strong><em>ipsa</em></strong></span> <span class='ocrx_word' id='word_1_598' title='bbox 2846 1674 2959 1743; x_wconf 84' lang='lat' dir='ltr'><strong><em>lege</em></strong></span> <span class='ocrx_word' id='word_1_599' title='bbox 2984 1673 3196 1739; x_wconf 74' lang='lat' dir='ltr'><strong><em>dixerit,</em></strong></span> <span class='ocrx_word' id='word_1_600' title='bbox 3228 1671 3467 1727; x_wconf 87' lang='lat' dir='ltr'><strong><em>audiant.</em></strong></span> 
     </span>
    </p>
   </div>
   <div class='ocr_carea' id='block_1_79' title="bbox 1892 1764 3466 1836">
    <p class='ocr_par' dir='ltr' id='par_1_79' title="bbox 1892 1764 3466 1836">
     <span class='ocr_line' id='line_1_82' title="bbox 1892 1764 3466 1836; baseline -0.001 -15"><span class='ocrx_word' id='word_1_601' title='bbox 1892 1764 1948 1821; x_wconf 87' lang='lat' dir='ltr'><strong><em>In</em></strong></span> <span class='ocrx_word' id='word_1_602' title='bbox 1972 1767 2105 1820; x_wconf 86' lang='lat' dir='ltr'><strong><em>libro</em></strong></span> <span class='ocrx_word' id='word_1_603' title='bbox 2125 1765 2192 1820; x_wconf 91' lang='lat' dir='ltr'><strong><em>de</em></strong></span> <span class='ocrx_word' id='word_1_604' title='bbox 2219 1765 2358 1836; x_wconf 84' lang='lat' dir='ltr'><strong><em>Fuga</em></strong></span> <span class='ocrx_word' id='word_1_605' title='bbox 2389 1765 2567 1820; x_wconf 86' lang='lat' dir='ltr'><strong><em>saeculi</em></strong></span> <span class='ocrx_word' id='word_1_606' title='bbox 2591 1783 2602 1816; x_wconf 92' lang='lat'><strong>:</strong></span> <span class='ocrx_word' id='word_1_607' title='bbox 2629 1783 2646 1815; x_wconf 84' lang='grc'><strong>‹</strong></span> <span class='ocrx_word' id='word_1_608' title='bbox 2677 1765 2807 1830; x_wconf 86' lang='lat' dir='ltr'><strong><em>Lex,</em></strong></span> <span class='ocrx_word' id='word_1_609' title='bbox 2834 1783 2852 1817; x_wconf 77' lang='grc' dir='ltr'><strong><em>ι</em></strong></span> <span class='ocrx_word' id='word_1_610' title='bbox 2879 1765 3066 1834; x_wconf 88' lang='lat' dir='ltr'><strong><em>inquit,</em></strong></span> <span class='ocrx_word' id='word_1_611' title='bbox 3096 1783 3114 1816; x_wconf 72' lang='grc' dir='ltr'><strong><em>ι</em></strong></span> <span class='ocrx_word' id='word_1_612' title='bbox 3143 1780 3204 1820; x_wconf 91' lang='lat' dir='ltr'><strong><em>os</em></strong></span> <span class='ocrx_word' id='word_1_613' title='bbox 3229 1765 3466 1820; x_wconf 90' lang='lat' dir='ltr'><strong><em>omnium</em></strong></span> 
     </span>
    </p>
   </div>
   <div class='ocr_carea' id='block_1_80' title="bbox 1891 1858 3461 1928">
    <p class='ocr_par' dir='ltr' id='par_1_80' title="bbox 1891 1858 3461 1928">
     <span class='ocr_line' id='line_1_83' title="bbox 1891 1858 3461 1928; baseline -0.002 -16"><span class='ocrx_word' id='word_1_614' title='bbox 1891 1860 2062 1928; x_wconf 89' lang='lat' dir='ltr'><strong><em>potuit</em></strong></span> <span class='ocrx_word' id='word_1_615' title='bbox 2111 1859 2384 1912; x_wconf 87' lang='lat' dir='ltr'><strong><em>obstruere</em></strong></span> <span class='ocrx_word' id='word_1_616' title='bbox 2408 1899 2422 1923; x_wconf 92' lang='lat'><strong><em>,</em></strong></span> <span class='ocrx_word' id='word_1_617' title='bbox 2483 1872 2585 1912; x_wconf 93' lang='lat' dir='ltr'><strong><em>non</em></strong></span> <span class='ocrx_word' id='word_1_618' title='bbox 2616 1858 2783 1926; x_wconf 91' lang='lat' dir='ltr'><strong><em>potuit</em></strong></span> <span class='ocrx_word' id='word_1_619' title='bbox 2833 1867 3065 1912; x_wconf 88' lang='lat' dir='ltr'><strong><em>mentem</em></strong></span> <span class='ocrx_word' id='word_1_620' title='bbox 3104 1866 3414 1912; x_wconf 85' lang='lat' dir='ltr'><strong><em>convertere</em></strong></span> <span class='ocrx_word' id='word_1_621' title='bbox 3441 1875 3461 1909; x_wconf 75' lang='grc' dir='ltr'><strong><em>ι</em></strong></span> 
     </span>
    </p>
   </div>
   <div class='ocr_carea' id='block_1_81' title="bbox 1899 1949 3465 2022">
    <p class='ocr_par' dir='ltr' id='par_1_81' title="bbox 1899 1949 3465 2022">
     <span class='ocr_line' id='line_1_84' title="bbox 1899 1949 3465 2022; baseline -0.001 -17"><span class='ocrx_word' id='word_1_622' title='bbox 1899 1949 2047 2022; x_wconf 88' lang='lat' dir='ltr'><strong><em>(Cap.</em></strong></span> <span class='ocrx_word' id='word_1_623' title='bbox 2093 1951 2167 2021; x_wconf 78' lang='lat'><strong><em>3).</em></strong></span> <span class='ocrx_word' id='word_1_624' title='bbox 2216 1950 2346 2005; x_wconf 90' lang='lat' dir='ltr'><strong><em>item</em></strong></span> <span class='ocrx_word' id='word_1_625' title='bbox 2389 1951 2495 2005; x_wconf 93' lang='lat' dir='ltr'><strong><em>alio</em></strong></span> <span class='ocrx_word' id='word_1_626' title='bbox 2536 1950 2652 2004; x_wconf 93' lang='lat' dir='ltr'><strong><em>ioco</em></strong></span> <span class='ocrx_word' id='word_1_627' title='bbox 2695 1950 2748 2004; x_wconf 92' lang='lat' dir='ltr'><strong><em>in</em></strong></span> <span class='ocrx_word' id='word_1_628' title='bbox 2796 1950 2982 2004; x_wconf 89' lang='lat' dir='ltr'><strong><em>eodem</em></strong></span> <span class='ocrx_word' id='word_1_629' title='bbox 3015 1950 3146 2004; x_wconf 83' lang='lat' dir='ltr'><strong><em>libro</em></strong></span> <span class='ocrx_word' id='word_1_630' title='bbox 3184 1968 3197 2005; x_wconf 92' lang='lat'><strong>:</strong></span> <span class='ocrx_word' id='word_1_631' title='bbox 3233 1968 3251 2001; x_wconf 75' lang='grc' dir='ltr'><strong>ε</strong></span> <span class='ocrx_word' id='word_1_632' title='bbox 3281 1951 3408 2016; x_wconf 84' lang='lat' dir='ltr'><strong><em>Lex,</em></strong></span> <span class='ocrx_word' id='word_1_633' title='bbox 3442 1969 3465 2004; x_wconf 69' lang='grc' dir='ltr'><strong><em>ι</em></strong></span> 
     </span>
    </p>
   </div>
   <div class='ocr_carea' id='block_1_82' title="bbox 1895 2039 3468 2113">
    <p class='ocr_par' dir='ltr' id='par_1_82' title="bbox 1895 2039 3468 2113">
     <span class='ocr_line' id='line_1_85' title="bbox 1895 2039 3468 2113; baseline -0.003 -16"><span class='ocrx_word' id='word_1_634' title='bbox 1895 2043 2082 2112; x_wconf 88' lang='lat' dir='ltr'><strong><em>inquit,</em></strong></span> <span class='ocrx_word' id='word_1_635' title='bbox 2109 2061 2127 2095; x_wconf 73' lang='grc' dir='ltr'><strong><em>ι</em></strong></span> <span class='ocrx_word' id='word_1_636' title='bbox 2153 2042 2344 2095; x_wconf 88' lang='lat' dir='ltr'><strong><em>factum</em></strong></span> <span class='ocrx_word' id='word_1_637' title='bbox 2363 2041 2596 2106; x_wconf 90' lang='lat' dir='ltr'><strong><em>damnat,</em></strong></span> <span class='ocrx_word' id='word_1_638' title='bbox 2615 2055 2719 2094; x_wconf 91' lang='lat' dir='ltr'><strong><em>non</em></strong></span> <span class='ocrx_word' id='word_1_639' title='bbox 2738 2040 2905 2094; x_wconf 82' lang='lat' dir='ltr'><strong><em>aufert</em></strong></span> <span class='ocrx_word' id='word_1_640' title='bbox 2922 2040 3172 2094; x_wconf 81' lang='lat' dir='ltr'><strong><em>malitiam</em></strong></span> <span class='ocrx_word' id='word_1_641' title='bbox 3187 2059 3204 2092; x_wconf 70' lang='grc' dir='ltr'><strong><em>ι</em></strong></span> <span class='ocrx_word' id='word_1_642' title='bbox 3228 2040 3375 2113; x_wconf 82' lang='lat' dir='ltr'><strong><em>(Cap.</em></strong></span> <span class='ocrx_word' id='word_1_643' title='bbox 3391 2039 3468 2110; x_wconf 88' lang='lat'><strong><em>7).</em></strong></span> 
     </span>
    </p>
   </div>
   <div class='ocr_carea' id='block_1_83' title="bbox 1895 2130 3473 2199">
    <p class='ocr_par' dir='ltr' id='par_1_83' title="bbox 1895 2130 3473 2199">
     <span class='ocr_line' id='line_1_86' title="bbox 1895 2130 3473 2199; baseline -0.003 -11"><span class='ocrx_word' id='word_1_644' title='bbox 1895 2132 2123 2188; x_wconf 82' lang='lat' dir='ltr'><strong><em>Videant</em></strong></span> <span class='ocrx_word' id='word_1_645' title='bbox 2163 2133 2370 2187; x_wconf 86' lang='lat' dir='ltr'><strong><em>fidelem</em></strong></span> <span class='ocrx_word' id='word_1_646' title='bbox 2409 2141 2460 2186; x_wconf 89' lang='lat' dir='ltr'><strong><em>et</em></strong></span> <span class='ocrx_word' id='word_1_647' title='bbox 2499 2132 2817 2187; x_wconf 88' lang='lat' dir='ltr'><strong><em>catholicum</em></strong></span> <span class='ocrx_word' id='word_1_648' title='bbox 2859 2131 3028 2184; x_wconf 89' lang='lat' dir='ltr'><strong><em>virum</em></strong></span> <span class='ocrx_word' id='word_1_649' title='bbox 3060 2130 3312 2199; x_wconf 86' lang='lat' dir='ltr'><strong><em>Apostoio</em></strong></span> <span class='ocrx_word' id='word_1_650' title='bbox 3341 2145 3473 2184; x_wconf 83' lang='lat' dir='ltr'><strong><em>con-</em></strong></span> 
     </span>
    </p>
   </div>
   <div class='ocr_carea' id='block_1_84' title="bbox 1898 2219 3474 2291">
    <p class='ocr_par' dir='ltr' id='par_1_84' title="bbox 1898 2219 3474 2291">
     <span class='ocr_line' id='line_1_87' title="bbox 1898 2219 3474 2291; baseline -0.003 -14"><span class='ocrx_word' id='word_1_651' title='bbox 1898 2224 2094 2278; x_wconf 87' lang='lat' dir='ltr'><strong><em>sentire</em></strong></span> <span class='ocrx_word' id='word_1_652' title='bbox 2119 2223 2333 2287; x_wconf 88' lang='lat' dir='ltr'><strong><em>dicenti,</em></strong></span> <span class='ocrx_word' id='word_1_653' title='bbox 2360 2223 2560 2276; x_wconf 83' lang='lat' dir='ltr'><strong><em>Scimus</em></strong></span> <span class='ocrx_word' id='word_1_654' title='bbox 2586 2231 2750 2275; x_wconf 87' lang='lat' dir='ltr'><strong><em>autem</em></strong></span> <span class='ocrx_word' id='word_1_655' title='bbox 2777 2221 2895 2290; x_wconf 84' lang='lat' dir='ltr'><strong><em>quia</em></strong></span> <span class='ocrx_word' id='word_1_656' title='bbox 2920 2237 3245 2291; x_wconf 66' lang='lat' dir='ltr'><strong><em>quiscumque</em></strong></span> <span class='ocrx_word' id='word_1_657' title='bbox 3278 2220 3360 2274; x_wconf 75' lang='lat' dir='ltr'><strong><em>lea:</em></strong></span> <span class='ocrx_word' id='word_1_658' title='bbox 3398 2219 3474 2273; x_wconf 84' lang='lat' dir='ltr'><strong><em>la-</em></strong></span> 
     </span>
    </p>
   </div>
   <div class='ocr_carea' id='block_1_85' title="bbox 1899 2311 3476 2386">
    <p class='ocr_par' dir='ltr' id='par_1_85' title="bbox 1899 2311 3476 2386">
     <span class='ocr_line' id='line_1_88' title="bbox 1899 2311 3476 2386; baseline -0.003 -17"><span class='ocrx_word' id='word_1_659' title='bbox 1899 2317 2085 2386; x_wconf 89' lang='lat' dir='ltr'><strong><em>quitur,</em></strong></span> <span class='ocrx_word' id='word_1_660' title='bbox 2114 2316 2191 2368; x_wconf 87' lang='lat' dir='ltr'><strong><em>his</em></strong></span> <span class='ocrx_word' id='word_1_661' title='bbox 2220 2316 2301 2385; x_wconf 87' lang='lat' dir='ltr'><strong><em>qui</em></strong></span> <span class='ocrx_word' id='word_1_662' title='bbox 2323 2316 2372 2368; x_wconf 89' lang='lat' dir='ltr'><strong><em>in</em></strong></span> <span class='ocrx_word' id='word_1_663' title='bbox 2403 2316 2510 2386; x_wconf 83' lang='lat' dir='ltr'><strong><em>lege</em></strong></span> <span class='ocrx_word' id='word_1_664' title='bbox 2529 2323 2644 2368; x_wconf 89' lang='lat' dir='ltr'><strong><em>sunt</em></strong></span> <span class='ocrx_word' id='word_1_665' title='bbox 2667 2315 2905 2384; x_wconf 88' lang='lat' dir='ltr'><strong><em>loquitur,</em></strong></span> <span class='ocrx_word' id='word_1_666' title='bbox 2929 2322 2984 2366; x_wconf 89' lang='lat' dir='ltr'><strong><em>ut</em></strong></span> <span class='ocrx_word' id='word_1_667' title='bbox 3004 2330 3148 2367; x_wconf 87' lang='lat' dir='ltr'><strong><em>omne</em></strong></span> <span class='ocrx_word' id='word_1_668' title='bbox 3168 2330 3223 2366; x_wconf 88' lang='lat' dir='ltr'><strong><em>os</em></strong></span> <span class='ocrx_word' id='word_1_669' title='bbox 3248 2311 3476 2367; x_wconf 84' lang='lat' dir='ltr'><strong><em>obstrua-</em></strong></span> 
     </span>
    </p>
   </div>
   <div class='ocr_carea' id='block_1_86' title="bbox 1902 2403 3475 2474">
    <p class='ocr_par' dir='ltr' id='par_1_86' title="bbox 1902 2403 3475 2474">
     <span class='ocr_line' id='line_1_89' title="bbox 1902 2403 3475 2474; baseline -0.003 -14"><span class='ocrx_word' id='word_1_670' title='bbox 1902 2416 2000 2471; x_wconf 89' lang='lat' dir='ltr'><strong><em>tur,</em></strong></span> <span class='ocrx_word' id='word_1_671' title='bbox 2033 2416 2078 2460; x_wconf 90' lang='lat' dir='ltr'><strong><em>et</em></strong></span> <span class='ocrx_word' id='word_1_672' title='bbox 2103 2423 2218 2459; x_wconf 91' lang='lat' dir='ltr'><strong><em>reus</em></strong></span> <span class='ocrx_word' id='word_1_673' title='bbox 2235 2406 2324 2474; x_wconf 79' lang='lat' dir='ltr'><strong><em>fiat</em></strong></span> <span class='ocrx_word' id='word_1_674' title='bbox 2349 2407 2509 2458; x_wconf 87' lang='lat' dir='ltr'><strong><em>omnis</em></strong></span> <span class='ocrx_word' id='word_1_675' title='bbox 2535 2405 2747 2458; x_wconf 87' lang='lat' dir='ltr'><strong><em>mundus</em></strong></span> <span class='ocrx_word' id='word_1_676' title='bbox 2772 2403 2914 2469; x_wconf 84' lang='lat' dir='ltr'><strong><em>Deo;</em></strong></span> <span class='ocrx_word' id='word_1_677' title='bbox 2938 2405 3054 2473; x_wconf 87' lang='lat' dir='ltr'><strong><em>quia</em></strong></span> <span class='ocrx_word' id='word_1_678' title='bbox 3088 2421 3188 2458; x_wconf 88' lang='lat' dir='ltr'><strong><em>non</em></strong></span> <span class='ocrx_word' id='word_1_679' title='bbox 3221 2403 3475 2474; x_wconf 81' lang='lat' dir='ltr'><strong><em>justi/ica-</em></strong></span> 
     </span>
    </p>
   </div>
   <div class='ocr_carea' id='block_1_87' title="bbox 1902 2491 3476 2567">
    <p class='ocr_par' dir='ltr' id='par_1_87' title="bbox 1902 2491 3476 2567">
     <span class='ocr_line' id='line_1_90' title="bbox 1902 2491 3476 2567; baseline -0.003 -15"><span class='ocrx_word' id='word_1_680' title='bbox 1902 2498 2032 2552; x_wconf 88' lang='lat' dir='ltr'><strong><em>bitur</em></strong></span> <span class='ocrx_word' id='word_1_681' title='bbox 2055 2514 2116 2551; x_wconf 84' lang='lat' dir='ltr'><strong><em>ea:</em></strong></span> <span class='ocrx_word' id='word_1_682' title='bbox 2137 2497 2245 2567; x_wconf 86' lang='lat' dir='ltr'><strong><em>lege</em></strong></span> <span class='ocrx_word' id='word_1_683' title='bbox 2267 2497 2427 2551; x_wconf 84' lang='lat' dir='ltr'><strong><em>omnis</em></strong></span> <span class='ocrx_word' id='word_1_684' title='bbox 2453 2513 2570 2550; x_wconf 87' lang='lat' dir='ltr'><strong><em>caro</em></strong></span> <span class='ocrx_word' id='word_1_685' title='bbox 2590 2512 2757 2549; x_wconf 90' lang='lat' dir='ltr'><strong><em>coram</em></strong></span> <span class='ocrx_word' id='word_1_686' title='bbox 2783 2495 2870 2549; x_wconf 83' lang='lat' dir='ltr'><strong><em>illo</em></strong></span> <span class='ocrx_word' id='word_1_687' title='bbox 2897 2495 3072 2566; x_wconf 85' lang='lat' dir='ltr'><strong><em>(Rom.</em></strong></span> <span class='ocrx_word' id='word_1_688' title='bbox 3097 2511 3173 2561; x_wconf 90' lang='lat' dir='ltr'><strong><em>nt,</em></strong></span> <span class='ocrx_word' id='word_1_689' title='bbox 3201 2495 3268 2549; x_wconf 78' lang='grc'><strong><em>19</em></strong></span> <span class='ocrx_word' id='word_1_690' title='bbox 3293 2502 3338 2546; x_wconf 89' lang='lat' dir='ltr'><strong><em>et</em></strong></span> <span class='ocrx_word' id='word_1_691' title='bbox 3357 2491 3476 2564; x_wconf 75' lang='grc'>20).</span> 
     </span>
    </p>
   </div>
   <div class='ocr_carea' id='block_1_88' title="bbox 1903 2585 3477 2660">
    <p class='ocr_par' dir='ltr' id='par_1_88' title="bbox 1903 2585 3477 2660">
     <span class='ocr_line' id='line_1_91' title="bbox 1903 2585 3477 2660; baseline -0.003 -15"><span class='ocrx_word' id='word_1_692' title='bbox 1903 2590 1984 2645; x_wconf 89' lang='lat' dir='ltr'><strong><em>Ex</em></strong></span> <span class='ocrx_word' id='word_1_693' title='bbox 2011 2605 2075 2645; x_wconf 90' lang='lat' dir='ltr'><strong><em>eo</em></strong></span> <span class='ocrx_word' id='word_1_694' title='bbox 2103 2591 2242 2645; x_wconf 89' lang='lat' dir='ltr'><strong><em>enim</em></strong></span> <span class='ocrx_word' id='word_1_695' title='bbox 2273 2589 2564 2660; x_wconf 89' lang='lat' dir='ltr'><strong><em>apostolico</em></strong></span> <span class='ocrx_word' id='word_1_696' title='bbox 2592 2603 2751 2644; x_wconf 88' lang='lat' dir='ltr'><strong><em>sensu</em></strong></span> <span class='ocrx_word' id='word_1_697' title='bbox 2796 2587 2882 2645; x_wconf 80' lang='lat' dir='ltr'><strong><em>illa</em></strong></span> <span class='ocrx_word' id='word_1_698' title='bbox 2930 2586 3152 2656; x_wconf 90' lang='lat' dir='ltr'><strong><em>sumpsit</em></strong></span> <span class='ocrx_word' id='word_1_699' title='bbox 3182 2595 3237 2642; x_wconf 88' lang='lat' dir='ltr'><strong><em>et</em></strong></span> <span class='ocrx_word' id='word_1_700' title='bbox 3262 2585 3477 2656; x_wconf 84' lang='lat' dir='ltr'><strong><em>scripsit</em></strong></span> 
     </span>
    </p>
   </div>
   <div class='ocr_carea' id='block_1_89' title="bbox 1905 2683 2237 2739">
    <p class='ocr_par' dir='ltr' id='par_1_89' title="bbox 1905 2683 2237 2739">
     <span class='ocr_line' id='line_1_92' title="bbox 1905 2683 2237 2739; baseline -0.009 0"><span class='ocrx_word' id='word_1_701' title='bbox 1905 2683 2237 2739; x_wconf 82' lang='lat' dir='ltr'><strong><em>Ambrosius.</em></strong></span> 
     </span>
    </p>
   </div>
   <div class='ocr_carea' id='block_1_90' title="bbox 1977 2765 3478 2843">
    <p class='ocr_par' dir='ltr' id='par_1_90' title="bbox 1977 2765 3478 2843">
     <span class='ocr_line' id='line_1_93' title="bbox 1977 2765 3478 2843; baseline -0.007 -12"><span class='ocrx_word' id='word_1_702' title='bbox 1977 2776 2064 2831; x_wconf 75' lang='lat' dir='ltr'><strong><em>3L</em></strong></span> <span class='ocrx_word' id='word_1_703' title='bbox 2105 2775 2221 2831; x_wconf 88' lang='lat' dir='ltr'><strong><em>Jam</em></strong></span> <span class='ocrx_word' id='word_1_704' title='bbox 2252 2789 2378 2828; x_wconf 88' lang='lat' dir='ltr'><strong><em>vero</em></strong></span> <span class='ocrx_word' id='word_1_705' title='bbox 2407 2771 2654 2843; x_wconf 91' lang='lat' dir='ltr'><strong><em>quoniam</em></strong></span> <span class='ocrx_word' id='word_1_706' title='bbox 2682 2769 2944 2840; x_wconf 82' lang='lat' dir='ltr'><strong><em>Pelagiani</em></strong></span> <span class='ocrx_word' id='word_1_707' title='bbox 2986 2769 3186 2834; x_wconf 92' lang='lat' dir='ltr'><strong><em>dicunt,</em></strong></span> <span class='ocrx_word' id='word_1_708' title='bbox 3225 2767 3397 2838; x_wconf 84' lang='lat' dir='ltr'><strong><em>justos</em></strong></span> <span class='ocrx_word' id='word_1_709' title='bbox 3425 2765 3478 2821; x_wconf 92' lang='lat' dir='ltr'><strong><em>in</em></strong></span> 
     </span>
    </p>
   </div>
   <div class='ocr_carea' id='block_1_91' title="bbox 1907 2857 3484 2932">
    <p class='ocr_par' dir='ltr' id='par_1_91' title="bbox 1907 2857 3484 2932">
     <span class='ocr_line' id='line_1_94' title="bbox 1907 2857 3484 2932; baseline -0.006 -13"><span class='ocrx_word' id='word_1_710' title='bbox 1907 2864 2005 2920; x_wconf 87' lang='lat' dir='ltr'><strong><em>hac</em></strong></span> <span class='ocrx_word' id='word_1_711' title='bbox 2032 2865 2137 2919; x_wconf 87' lang='lat' dir='ltr'><strong><em>vita</em></strong></span> <span class='ocrx_word' id='word_1_712' title='bbox 2159 2863 2376 2919; x_wconf 89' lang='lat' dir='ltr'><strong><em>velesse</em></strong></span> <span class='ocrx_word' id='word_1_713' title='bbox 2400 2862 2480 2917; x_wconf 87' lang='lat' dir='ltr'><strong><em>vel</em></strong></span> <span class='ocrx_word' id='word_1_714' title='bbox 2512 2861 2697 2926; x_wconf 85' lang='lat' dir='ltr'><strong><em>fuisse,</em></strong></span> <span class='ocrx_word' id='word_1_715' title='bbox 2727 2861 2813 2932; x_wconf 91' lang='lat' dir='ltr'><strong><em>qui</em></strong></span> <span class='ocrx_word' id='word_1_716' title='bbox 2843 2860 2958 2915; x_wconf 92' lang='lat' dir='ltr'><strong><em>sine</em></strong></span> <span class='ocrx_word' id='word_1_717' title='bbox 2985 2859 3092 2914; x_wconf 93' lang='lat' dir='ltr'><strong><em>ullo</em></strong></span> <span class='ocrx_word' id='word_1_718' title='bbox 3113 2867 3328 2929; x_wconf 90' lang='lat' dir='ltr'><strong><em>peccato</em></strong></span> <span class='ocrx_word' id='word_1_719' title='bbox 3342 2857 3484 2911; x_wconf 88' lang='lat' dir='ltr'><strong><em>vixe-</em></strong></span> 
     </span>
    </p>
   </div>
   <div class='ocr_carea' id='block_1_92' title="bbox 1906 2951 3486 3025">
    <p class='ocr_par' dir='ltr' id='par_1_92' title="bbox 1906 2951 3486 3025">
     <span class='ocr_line' id='line_1_95' title="bbox 1906 2951 3486 3025; baseline -0.007 -10"><span class='ocrx_word' id='word_1_720' title='bbox 1906 2959 2012 3015; x_wconf 88' lang='lat' dir='ltr'><strong><em>rint</em></strong></span> <span class='ocrx_word' id='word_1_721' title='bbox 2035 2961 2075 3025; x_wconf 84' lang='grc'><strong><em>¹,</em></strong></span> <span class='ocrx_word' id='word_1_722' title='bbox 2113 2958 2166 3012; x_wconf 91' lang='lat' dir='ltr'><strong><em>in</em></strong></span> <span class='ocrx_word' id='word_1_723' title='bbox 2207 2965 2407 3012; x_wconf 86' lang='lat' dir='ltr'><strong><em>tantum</em></strong></span> <span class='ocrx_word' id='word_1_724' title='bbox 2436 2965 2492 3010; x_wconf 92' lang='lat' dir='ltr'><strong><em>ut</em></strong></span> <span class='ocrx_word' id='word_1_725' title='bbox 2516 2955 2623 3009; x_wconf 89' lang='lat' dir='ltr'><strong><em>vita</em></strong></span> <span class='ocrx_word' id='word_1_726' title='bbox 2653 2953 2844 3018; x_wconf 88' lang='lat' dir='ltr'><strong><em>futura,</em></strong></span> <span class='ocrx_word' id='word_1_727' title='bbox 2889 2969 3005 3023; x_wconf 72' lang='lat' dir='ltr'><strong><em>qua:</em></strong></span> <span class='ocrx_word' id='word_1_728' title='bbox 3034 2952 3084 3006; x_wconf 90' lang='lat' dir='ltr'><strong><em>in</em></strong></span> <span class='ocrx_word' id='word_1_729' title='bbox 3117 2951 3335 3020; x_wconf 61' lang='lat' dir='ltr'><strong><em>praemio</em></strong></span> <span class='ocrx_word' id='word_1_730' title='bbox 3363 2963 3486 3018; x_wconf 82' lang='lat' dir='ltr'><strong><em>spe-</em></strong></span> 
     </span>
    </p>
   </div>
   <div class='ocr_carea' id='block_1_93' title="bbox 1907 3039 3482 3116">
    <p class='ocr_par' dir='ltr' id='par_1_93' title="bbox 1907 3039 3482 3116">
     <span class='ocr_line' id='line_1_96' title="bbox 1907 3039 3482 3116; baseline -0.008 -9"><span class='ocrx_word' id='word_1_731' title='bbox 1907 3051 2074 3108; x_wconf 85' lang='lat' dir='ltr'><strong><em>randa</em></strong></span> <span class='ocrx_word' id='word_1_732' title='bbox 2121 3059 2224 3116; x_wconf 89' lang='lat' dir='ltr'><strong><em>est,</em></strong></span> <span class='ocrx_word' id='word_1_733' title='bbox 2269 3047 2567 3116; x_wconf 87' lang='lat' dir='ltr'><strong><em>provectior</em></strong></span> <span class='ocrx_word' id='word_1_734' title='bbox 2594 3054 2647 3100; x_wconf 92' lang='lat' dir='ltr'><strong><em>et</em></strong></span> <span class='ocrx_word' id='word_1_735' title='bbox 2675 3043 2957 3115; x_wconf 89' lang='lat' dir='ltr'><strong><em>perfectior</em></strong></span> <span class='ocrx_word' id='word_1_736' title='bbox 2989 3057 3108 3098; x_wconf 89' lang='lat' dir='ltr'><strong><em>esse</em></strong></span> <span class='ocrx_word' id='word_1_737' title='bbox 3137 3055 3243 3095; x_wconf 86' lang='lat' dir='ltr'><strong><em>non</em></strong></span> <span class='ocrx_word' id='word_1_738' title='bbox 3271 3039 3438 3111; x_wconf 88' lang='lat' dir='ltr'><strong><em>possit</em></strong></span> <span class='ocrx_word' id='word_1_739' title='bbox 3465 3055 3482 3094; x_wconf 93' lang='lat'><strong>:</strong></span> 
     </span>
    </p>
   </div>
   <div class='ocr_carea' id='block_1_94' title="bbox 1910 3133 3485 3210">
    <p class='ocr_par' dir='ltr' id='par_1_94' title="bbox 1910 3133 3485 3210">
     <span class='ocr_line' id='line_1_97' title="bbox 1910 3133 3485 3210; baseline -0.008 -10"><span class='ocrx_word' id='word_1_740' title='bbox 1910 3145 2068 3200; x_wconf 88' lang='lat' dir='ltr'><strong><em>etiam</em></strong></span> <span class='ocrx_word' id='word_1_741' title='bbox 2097 3142 2185 3198; x_wconf 86' lang='lat' dir='ltr'><strong><em>hic</em></strong></span> <span class='ocrx_word' id='word_1_742' title='bbox 2227 3141 2304 3196; x_wconf 91' lang='lat' dir='ltr'><strong><em>eis</em></strong></span> <span class='ocrx_word' id='word_1_743' title='bbox 2343 3138 2662 3210; x_wconf 88' lang='lat' dir='ltr'><strong><em>respondeat</em></strong></span> <span class='ocrx_word' id='word_1_744' title='bbox 2690 3151 2888 3208; x_wconf 86' lang='lat' dir='ltr'><strong><em>eosque</em></strong></span> <span class='ocrx_word' id='word_1_745' title='bbox 2927 3134 3121 3190; x_wconf 86' lang='lat' dir='ltr'><strong><em>refutet</em></strong></span> <span class='ocrx_word' id='word_1_746' title='bbox 3151 3133 3485 3189; x_wconf 80' lang='lat' dir='ltr'><strong><em>Ambrosius.</em></strong></span> 
     </span>
    </p>
   </div>
   <div class='ocr_carea' id='block_1_95' title="bbox 1909 3221 3488 3304">
    <p class='ocr_par' dir='ltr' id='par_1_95' title="bbox 1909 3221 3488 3304">
     <span class='ocr_line' id='line_1_98' title="bbox 1909 3221 3488 3304; baseline -0.01 -13"><span class='ocrx_word' id='word_1_747' title='bbox 1909 3236 2040 3292; x_wconf 82' lang='lat' dir='ltr'><strong><em>Nam</em></strong></span> <span class='ocrx_word' id='word_1_748' title='bbox 2071 3247 2342 3304; x_wconf 76' lang='lat' dir='ltr'><strong><em>exponens</em></strong></span> <span class='ocrx_word' id='word_1_749' title='bbox 2390 3231 2576 3286; x_wconf 89' lang='lat' dir='ltr'><strong><em>isaiam</em></strong></span> <span class='ocrx_word' id='word_1_750' title='bbox 2621 3228 2952 3298; x_wconf 88' lang='lat' dir='ltr'><strong><em>prophetam,</em></strong></span> <span class='ocrx_word' id='word_1_751' title='bbox 3000 3233 3213 3295; x_wconf 86' lang='lat' dir='ltr'><strong><em>propter</em></strong></span> <span class='ocrx_word' id='word_1_752' title='bbox 3253 3221 3306 3277; x_wconf 91' lang='lat' dir='ltr'><strong><em>id</em></strong></span> <span class='ocrx_word' id='word_1_753' title='bbox 3345 3221 3488 3292; x_wconf 91' lang='lat' dir='ltr'><strong><em>quod</em></strong></span> 
     </span>
    </p>
   </div>
   <div class='ocr_carea' id='block_1_96' title="bbox 1912 3317 3490 3397">
    <p class='ocr_par' dir='ltr' id='par_1_96' title="bbox 1912 3317 3490 3397">
     <span class='ocr_line' id='line_1_99' title="bbox 1912 3317 3490 3397; baseline -0.01 -13"><span class='ocrx_word' id='word_1_754' title='bbox 1912 3329 2165 3397; x_wconf 92' lang='lat' dir='ltr'><strong><em>scriptum</em></strong></span> <span class='ocrx_word' id='word_1_755' title='bbox 2196 3333 2295 3390; x_wconf 89' lang='lat' dir='ltr'><strong><em>est,</em></strong></span> <span class='ocrx_word' id='word_1_756' title='bbox 2328 3323 2492 3379; x_wconf 76' lang='lat' dir='ltr'><strong><em>Filios</em></strong></span> <span class='ocrx_word' id='word_1_757' title='bbox 2536 3320 2688 3392; x_wconf 88' lang='lat' dir='ltr'><strong><em>genui</em></strong></span> <span class='ocrx_word' id='word_1_758' title='bbox 2724 3329 2770 3373; x_wconf 88' lang='lat' dir='ltr'><strong><em>et</em></strong></span> <span class='ocrx_word' id='word_1_759' title='bbox 2808 3317 3043 3381; x_wconf 74' lang='lat' dir='ltr'><strong><em>exaltuvi,</em></strong></span> <span class='ocrx_word' id='word_1_760' title='bbox 3089 3317 3188 3387; x_wconf 86' lang='lat' dir='ltr'><strong><em>ipsi</em></strong></span> <span class='ocrx_word' id='word_1_761' title='bbox 3216 3324 3383 3370; x_wconf 89' lang='lat' dir='ltr'><strong><em>autem</em></strong></span> <span class='ocrx_word' id='word_1_762' title='bbox 3412 3331 3490 3368; x_wconf 84' lang='lat' dir='ltr'><strong><em>me</em></strong></span> 
     </span>
    </p>
   </div>
   <div class='ocr_carea' id='block_1_97' title="bbox 1911 3409 3486 3492">
    <p class='ocr_par' dir='ltr' id='par_1_97' title="bbox 1911 3409 3486 3492">
     <span class='ocr_line' id='line_1_100' title="bbox 1911 3409 3486 3492; baseline -0.012 -15"><span class='ocrx_word' id='word_1_763' title='bbox 1911 3428 2202 3492; x_wconf 80' lang='lat' dir='ltr'><strong><em>spreverunt</em></strong></span> <span class='ocrx_word' id='word_1_764' title='bbox 2234 3417 2383 3489; x_wconf 88' lang='lat' dir='ltr'><strong><em>(Isai.</em></strong></span> <span class='ocrx_word' id='word_1_765' title='bbox 2413 3433 2450 3481; x_wconf 89' lang='grc' dir='ltr'>ι,</span> <span class='ocrx_word' id='word_1_766' title='bbox 2477 3415 2555 3486; x_wconf 73' lang='lat'><strong><em>2),</em></strong></span> <span class='ocrx_word' id='word_1_767' title='bbox 2588 3413 2819 3484; x_wconf 89' lang='lat' dir='ltr'><strong><em>suscepit</em></strong></span> <span class='ocrx_word' id='word_1_768' title='bbox 2839 3411 2903 3466; x_wconf 92' lang='lat' dir='ltr'><strong><em>de</em></strong></span> <span class='ocrx_word' id='word_1_769' title='bbox 2923 3409 3352 3482; x_wconf 87' lang='lat' dir='ltr'><strong><em>generationibus</em></strong></span> <span class='ocrx_word' id='word_1_770' title='bbox 3369 3423 3486 3476; x_wconf 77' lang='lat' dir='ltr'><strong><em>qua:</em></strong></span> 
     </span>
    </p>
   </div>
   <div class='ocr_carea' id='block_1_98' title="bbox 1915 3498 3491 3576">
    <p class='ocr_par' dir='ltr' id='par_1_98' title="bbox 1915 3498 3491 3576">
     <span class='ocr_line' id='line_1_101' title="bbox 1915 3498 3491 3576; baseline -0.01 -9"><span class='ocrx_word' id='word_1_771' title='bbox 1915 3529 1977 3568; x_wconf 87' lang='lat' dir='ltr'><strong><em>ex</em></strong></span> <span class='ocrx_word' id='word_1_772' title='bbox 2013 3512 2121 3565; x_wconf 89' lang='lat' dir='ltr'><strong><em>Deo</em></strong></span> <span class='ocrx_word' id='word_1_773' title='bbox 2163 3517 2288 3564; x_wconf 89' lang='lat' dir='ltr'><strong><em>sunt</em></strong></span> <span class='ocrx_word' id='word_1_774' title='bbox 2327 3507 2626 3576; x_wconf 88' lang='lat' dir='ltr'><strong><em>disputare;</em></strong></span> <span class='ocrx_word' id='word_1_775' title='bbox 2675 3514 2832 3574; x_wconf 90' lang='lat' dir='ltr'><strong><em>atque</em></strong></span> <span class='ocrx_word' id='word_1_776' title='bbox 2872 3502 2926 3556; x_wconf 92' lang='lat' dir='ltr'><strong><em>in</em></strong></span> <span class='ocrx_word' id='word_1_777' title='bbox 2972 3502 3082 3571; x_wconf 90' lang='lat' dir='ltr'><strong><em>ipsa</em></strong></span> <span class='ocrx_word' id='word_1_778' title='bbox 3131 3498 3491 3569; x_wconf 85' lang='lat' dir='ltr'><strong><em>disputatione</em></strong></span> 
     </span>
    </p>
   </div>
   <div class='ocr_carea' id='block_1_99' title="bbox 1914 3579 3490 3658">
    <p class='ocr_par' dir='ltr' id='par_1_99' title="bbox 1914 3579 3490 3658">
     <span class='ocr_line' id='line_1_102' title="bbox 1914 3579 3490 3658; baseline -0.01 -1"><span class='ocrx_word' id='word_1_779' title='bbox 1914 3599 2348 3658; x_wconf 84' lang='lat' dir='ltr'><strong><em>commemoravit</em></strong></span> <span class='ocrx_word' id='word_1_780' title='bbox 2376 3596 2734 3653; x_wconf 89' lang='lat' dir='ltr'><strong><em>testimonium</em></strong></span> <span class='ocrx_word' id='word_1_781' title='bbox 2761 3593 3000 3658; x_wconf 85' lang='lat' dir='ltr'><strong><em>Joannis,</em></strong></span> <span class='ocrx_word' id='word_1_782' title='bbox 3034 3591 3120 3645; x_wconf 91' lang='lat' dir='ltr'><strong><em>ubi</em></strong></span> <span class='ocrx_word' id='word_1_783' title='bbox 3151 3591 3242 3657; x_wconf 87' lang='lat' dir='ltr'><strong><em>ait,</em></strong></span> <span class='ocrx_word' id='word_1_784' title='bbox 3272 3579 3372 3656; x_wconf 84' lang='lat' dir='ltr'><strong><em>Qui</em></strong></span> <span class='ocrx_word' id='word_1_785' title='bbox 3393 3605 3490 3642; x_wconf 85' lang='lat' dir='ltr'><strong><em>na-</em></strong></span> 
     </span>
    </p>
   </div>
   <div class='ocr_carea' id='block_1_100' title="bbox 1917 3677 3490 3757">
    <p class='ocr_par' dir='ltr' id='par_1_100' title="bbox 1917 3677 3490 3757">
     <span class='ocr_line' id='line_1_103' title="bbox 1917 3677 3490 3757; baseline -0.011 -8"><span class='ocrx_word' id='word_1_786' title='bbox 1917 3703 1996 3748; x_wconf 91' lang='lat' dir='ltr'><strong><em>tus</em></strong></span> <span class='ocrx_word' id='word_1_787' title='bbox 2020 3703 2089 3746; x_wconf 87' lang='lat' dir='ltr'><strong><em>est</em></strong></span> <span class='ocrx_word' id='word_1_788' title='bbox 2108 3707 2172 3745; x_wconf 77' lang='lat' dir='ltr'><strong><em>ea:</em></strong></span> <span class='ocrx_word' id='word_1_789' title='bbox 2201 3689 2328 3757; x_wconf 84' lang='lat' dir='ltr'><strong><em>Deo,</em></strong></span> <span class='ocrx_word' id='word_1_790' title='bbox 2366 3705 2467 3741; x_wconf 83' lang='lat' dir='ltr'><strong><em>non</em></strong></span> <span class='ocrx_word' id='word_1_791' title='bbox 2493 3695 2662 3757; x_wconf 88' lang='lat' dir='ltr'><strong><em>peccat</em></strong></span> <span class='ocrx_word' id='word_1_792' title='bbox 2691 3685 2737 3755; x_wconf 86' lang='lat' dir='ltr'><strong><em>(l</em></strong></span> <span class='ocrx_word' id='word_1_793' title='bbox 2765 3683 2917 3737; x_wconf 84' lang='lat' dir='ltr'><strong><em>Joan.</em></strong></span> <span class='ocrx_word' id='word_1_794' title='bbox 2946 3697 3023 3748; x_wconf 89' lang='grc' dir='ltr'>ιιι,</span> <span class='ocrx_word' id='word_1_795' title='bbox 3045 3679 3123 3753; x_wconf 84' lang='grc'><strong><em>9).</em></strong></span> <span class='ocrx_word' id='word_1_796' title='bbox 3157 3681 3222 3734; x_wconf 85' lang='grc' dir='ltr'>Ει</span> <span class='ocrx_word' id='word_1_797' title='bbox 3247 3677 3490 3734; x_wconf 89' lang='lat' dir='ltr'><strong><em>eamdem</em></strong></span> 
     </span>
    </p>
   </div>
   <div class='ocr_carea' id='block_1_101' title="bbox 1916 3771 3491 3858">
    <p class='ocr_par' dir='ltr' id='par_1_101' title="bbox 1916 3771 3491 3858">
     <span class='ocr_line' id='line_1_104' title="bbox 1916 3771 3491 3858; baseline -0.01 -17"><span class='ocrx_word' id='word_1_798' title='bbox 1916 3786 2264 3858; x_wconf 88' lang='lat' dir='ltr'><strong><em>quaestionem</em></strong></span> <span class='ocrx_word' id='word_1_799' title='bbox 2319 3780 2680 3836; x_wconf 88' lang='lat' dir='ltr'><strong><em>difficillimam</em></strong></span> <span class='ocrx_word' id='word_1_800' title='bbox 2729 3786 3009 3831; x_wconf 88' lang='lat' dir='ltr'><strong><em>tractans:</em></strong></span> <span class='ocrx_word' id='word_1_801' title='bbox 3058 3792 3077 3825; x_wconf 74' lang='grc' dir='ltr'><strong><em>ι</em></strong></span> <span class='ocrx_word' id='word_1_802' title='bbox 3112 3773 3240 3828; x_wconf 90' lang='lat' dir='ltr'><strong><em>Cum</em></strong></span> <span class='ocrx_word' id='word_1_803' title='bbox 3289 3771 3391 3826; x_wconf 89' lang='lat' dir='ltr'><strong><em>boc</em></strong></span> <span class='ocrx_word' id='word_1_804' title='bbox 3436 3771 3491 3826; x_wconf 93' lang='lat' dir='ltr'><strong><em>in</em></strong></span> 
     </span>
    </p>
   </div>
   <div class='ocr_carea' id='block_1_102' title="bbox 1917 3862 3494 3942">
    <p class='ocr_par' dir='ltr' id='par_1_102' title="bbox 1917 3862 3494 3942">
     <span class='ocr_line' id='line_1_105' title="bbox 1917 3862 3494 3942; baseline -0.01 -11"><span class='ocrx_word' id='word_1_805' title='bbox 1917 3875 2134 3941; x_wconf 89' lang='lat' dir='ltr'><strong><em>mundo,</em></strong></span> <span class='ocrx_word' id='word_1_806' title='bbox 2171 3893 2189 3927; x_wconf 80' lang='grc' dir='ltr'><strong><em>ι</em></strong></span> <span class='ocrx_word' id='word_1_807' title='bbox 2220 3873 2409 3942; x_wconf 86' lang='lat' dir='ltr'><strong><em>inquit,</em></strong></span> <span class='ocrx_word' id='word_1_808' title='bbox 2441 3889 2461 3923; x_wconf 87' lang='grc'><em>‹</em></span> <span class='ocrx_word' id='word_1_809' title='bbox 2496 3869 2672 3924; x_wconf 88' lang='lat' dir='ltr'><strong><em>nullus</em></strong></span> <span class='ocrx_word' id='word_1_810' title='bbox 2699 3867 2768 3922; x_wconf 91' lang='lat' dir='ltr'><strong><em>sit</em></strong></span> <span class='ocrx_word' id='word_1_811' title='bbox 2794 3866 2882 3936; x_wconf 91' lang='lat' dir='ltr'><strong><em>qui</em></strong></span> <span class='ocrx_word' id='word_1_812' title='bbox 2910 3863 3158 3918; x_wconf 90' lang='lat' dir='ltr'><strong><em>immunis</em></strong></span> <span class='ocrx_word' id='word_1_813' title='bbox 3203 3862 3324 3917; x_wconf 88' lang='lat' dir='ltr'><strong><em>sita</em></strong></span> <span class='ocrx_word' id='word_1_814' title='bbox 3364 3875 3494 3932; x_wconf 82' lang='lat' dir='ltr'><strong><em>pec-</em></strong></span> 
     </span>
    </p>
   </div>
   <div class='ocr_carea' id='block_1_103' title="bbox 1918 3954 3497 4034">
    <p class='ocr_par' dir='ltr' id='par_1_103' title="bbox 1918 3954 3497 4034">
     <span class='ocr_line' id='line_1_106' title="bbox 1918 3954 3497 4034; baseline -0.011 -12"><span class='ocrx_word' id='word_1_815' title='bbox 1918 3976 2058 4032; x_wconf 89' lang='lat' dir='ltr'><strong><em>cato,</em></strong></span> <span class='ocrx_word' id='word_1_816' title='bbox 2086 3980 2206 4020; x_wconf 93' lang='lat' dir='ltr'><strong><em>cum</em></strong></span> <span class='ocrx_word' id='word_1_817' title='bbox 2230 3965 2342 4034; x_wconf 92' lang='lat' dir='ltr'><strong><em>ipse</em></strong></span> <span class='ocrx_word' id='word_1_818' title='bbox 2365 3961 2596 4018; x_wconf 85' lang='lat' dir='ltr'><strong><em>Joannes</em></strong></span> <span class='ocrx_word' id='word_1_819' title='bbox 2617 3958 2779 4022; x_wconf 90' lang='lat' dir='ltr'><strong><em>dicat,</em></strong></span> <span class='ocrx_word' id='word_1_820' title='bbox 2806 3955 2866 4012; x_wconf 88' lang='lat' dir='ltr'><strong><em>Si</em></strong></span> <span class='ocrx_word' id='word_1_821' title='bbox 2887 3956 3100 4009; x_wconf 78' lang='lat' dir='ltr'><strong><em>dicimus</em></strong></span> <span class='ocrx_word' id='word_1_822' title='bbox 3124 3954 3239 4023; x_wconf 82' lang='lat' dir='ltr'><strong><em>quia</em></strong></span> <span class='ocrx_word' id='word_1_823' title='bbox 3260 3968 3360 4007; x_wconf 84' lang='lat' dir='ltr'><strong><em>non</em></strong></span> <span class='ocrx_word' id='word_1_824' title='bbox 3378 3966 3497 4022; x_wconf 81' lang='lat' dir='ltr'><strong><em>pec-</em></strong></span> 
     </span>
    </p>
   </div>
   <div class='ocr_carea' id='block_1_104' title="bbox 1919 4043 3492 4123">
    <p class='ocr_par' dir='ltr' id='par_1_104' title="bbox 1919 4043 3492 4123">
     <span class='ocr_line' id='line_1_107' title="bbox 1919 4043 3492 4123; baseline -0.01 -11"><span class='ocrx_word' id='word_1_825' title='bbox 1919 4059 2159 4122; x_wconf 81' lang='lat' dir='ltr'><strong><em>cavimus,</em></strong></span> <span class='ocrx_word' id='word_1_826' title='bbox 2185 4054 2472 4108; x_wconf 88' lang='lat' dir='ltr'><strong><em>mendacem</em></strong></span> <span class='ocrx_word' id='word_1_827' title='bbox 2495 4050 2708 4123; x_wconf 78' lang='lat' dir='ltr'><strong><em>facimus</em></strong></span> <span class='ocrx_word' id='word_1_828' title='bbox 2736 4049 2882 4102; x_wconf 89' lang='lat' dir='ltr'><strong><em>illum</em></strong></span> <span class='ocrx_word' id='word_1_829' title='bbox 2909 4044 3016 4116; x_wconf 85' lang='lat' dir='ltr'><strong><em>(Id.</em></strong></span> <span class='ocrx_word' id='word_1_830' title='bbox 3039 4061 3076 4108; x_wconf 85' lang='grc' dir='ltr'>ι,</span> <span class='ocrx_word' id='word_1_831' title='bbox 3101 4043 3210 4115; x_wconf 77' lang='grc'>10).</span> <span class='ocrx_word' id='word_1_832' title='bbox 3237 4043 3292 4099; x_wconf 89' lang='lat' dir='ltr'><strong><em>Si</em></strong></span> <span class='ocrx_word' id='word_1_833' title='bbox 3314 4050 3492 4098; x_wconf 85' lang='lat' dir='ltr'><strong><em>autem</em></strong></span> 
     </span>
    </p>
   </div>
   <div class='ocr_carea' id='block_1_105' title="bbox 1919 4133 3491 4213">
    <p class='ocr_par' dir='ltr' id='par_1_105' title="bbox 1919 4133 3491 4213">
     <span class='ocr_line' id='line_1_108' title="bbox 1919 4133 3491 4213; baseline -0.012 -8"><span class='ocrx_word' id='word_1_834' title='bbox 1919 4166 1983 4205; x_wconf 86' lang='lat' dir='ltr'><strong><em>ex</em></strong></span> <span class='ocrx_word' id='word_1_835' title='bbox 2013 4149 2120 4203; x_wconf 90' lang='lat' dir='ltr'><strong><em>Deo</em></strong></span> <span class='ocrx_word' id='word_1_836' title='bbox 2143 4146 2248 4201; x_wconf 90' lang='lat' dir='ltr'><strong><em>nati</em></strong></span> <span class='ocrx_word' id='word_1_837' title='bbox 2279 4160 2382 4199; x_wconf 92' lang='lat' dir='ltr'><strong><em>non</em></strong></span> <span class='ocrx_word' id='word_1_838' title='bbox 2409 4149 2650 4213; x_wconf 88' lang='lat' dir='ltr'><strong><em>peccant,</em></strong></span> <span class='ocrx_word' id='word_1_839' title='bbox 2683 4148 2737 4196; x_wconf 91' lang='lat' dir='ltr'><strong><em>et</em></strong></span> <span class='ocrx_word' id='word_1_840' title='bbox 2763 4138 2832 4194; x_wconf 87' lang='lat' dir='ltr'><strong><em>de</em></strong></span> <span class='ocrx_word' id='word_1_841' title='bbox 2855 4138 2937 4191; x_wconf 90' lang='lat' dir='ltr'><strong><em>bis</em></strong></span> <span class='ocrx_word' id='word_1_842' title='bbox 2965 4135 3303 4204; x_wconf 86' lang='lat' dir='ltr'><strong><em>intelligimus</em></strong></span> <span class='ocrx_word' id='word_1_843' title='bbox 3323 4133 3411 4202; x_wconf 90' lang='lat' dir='ltr'><strong><em>qui</em></strong></span> <span class='ocrx_word' id='word_1_844' title='bbox 3435 4133 3491 4187; x_wconf 89' lang='lat' dir='ltr'><strong><em>in</em></strong></span> 
     </span>
    </p>
   </div>
   <div class='ocr_carea' id='block_1_106' title="bbox 1921 4224 3490 4297">
    <p class='ocr_par' dir='ltr' id='par_1_106' title="bbox 1921 4224 3490 4297">
     <span class='ocr_line' id='line_1_109' title="bbox 1921 4224 3490 4297; baseline -0.012 -3"><span class='ocrx_word' id='word_1_845' title='bbox 1921 4241 2024 4295; x_wconf 84' lang='lat' dir='ltr'><strong><em>hoc</em></strong></span> <span class='ocrx_word' id='word_1_846' title='bbox 2046 4238 2242 4293; x_wconf 90' lang='lat' dir='ltr'><strong><em>mundo</em></strong></span> <span class='ocrx_word' id='word_1_847' title='bbox 2267 4244 2388 4290; x_wconf 92' lang='lat' dir='ltr'><strong><em>sunt</em></strong></span> <span class='ocrx_word' id='word_1_848' title='bbox 2418 4235 2745 4297; x_wconf 90' lang='lat' dir='ltr'><strong><em>innumeros,</em></strong></span> <span class='ocrx_word' id='word_1_849' title='bbox 2790 4242 3010 4284; x_wconf 89' lang='lat' dir='ltr'><strong><em>necesse</em></strong></span> <span class='ocrx_word' id='word_1_850' title='bbox 3038 4237 3122 4280; x_wconf 89' lang='lat' dir='ltr'><strong><em>est</em></strong></span> <span class='ocrx_word' id='word_1_851' title='bbox 3150 4224 3490 4288; x_wconf 82' lang='lat' dir='ltr'><strong><em>aestimemus,</em></strong></span> 
     </span>
    </p>
   </div>
   <div class='ocr_carea' id='block_1_107' title="bbox 1921 4312 3496 4402">
    <p class='ocr_par' dir='ltr' id='par_1_107' title="bbox 1921 4312 3496 4402">
     <span class='ocr_line' id='line_1_110' title="bbox 1921 4312 3496 4402; baseline -0.011 -17"><span class='ocrx_word' id='word_1_852' title='bbox 1921 4332 2009 4402; x_wconf 92' lang='lat' dir='ltr'><strong><em>qui</em></strong></span> <span class='ocrx_word' id='word_1_853' title='bbox 2042 4345 2136 4399; x_wconf 89' lang='lat' dir='ltr'><strong><em>per</em></strong></span> <span class='ocrx_word' id='word_1_854' title='bbox 2162 4327 2354 4382; x_wconf 88' lang='lat' dir='ltr'><strong><em>lavacri</em></strong></span> <span class='ocrx_word' id='word_1_855' title='bbox 2384 4324 2836 4395; x_wconf 87' lang='lat' dir='ltr'><strong><em>regenerationem</em></strong></span> <span class='ocrx_word' id='word_1_856' title='bbox 2860 4319 2952 4374; x_wconf 92' lang='lat' dir='ltr'><strong><em>Dei</em></strong></span> <span class='ocrx_word' id='word_1_857' title='bbox 2978 4317 3195 4388; x_wconf 85' lang='lat' dir='ltr'><strong><em>gratiam</em></strong></span> <span class='ocrx_word' id='word_1_858' title='bbox 3224 4312 3496 4370; x_wconf 85' lang='lat' dir='ltr'><strong><em>consecuti</em></strong></span> 
     </span>
    </p>
   </div>
   <div class='ocr_carea' id='block_1_108' title="bbox 1921 4408 3500 4484">
    <p class='ocr_par' dir='ltr' id='par_1_108' title="bbox 1921 4408 3500 4484">
     <span class='ocr_line' id='line_1_111' title="bbox 1921 4408 3500 4484; baseline -0.01 -7"><span class='ocrx_word' id='word_1_859' title='bbox 1921 4431 2064 4477; x_wconf 91' lang='lat' dir='ltr'><strong><em>sunt.</em></strong></span> <span class='ocrx_word' id='word_1_860' title='bbox 2095 4420 2201 4476; x_wconf 91' lang='lat' dir='ltr'><strong><em>Sed</em></strong></span> <span class='ocrx_word' id='word_1_861' title='bbox 2241 4430 2419 4474; x_wconf 89' lang='lat' dir='ltr'><strong><em>tamen</em></strong></span> <span class='ocrx_word' id='word_1_862' title='bbox 2471 4432 2591 4472; x_wconf 92' lang='lat' dir='ltr'><strong><em>cum</em></strong></span> <span class='ocrx_word' id='word_1_863' title='bbox 2641 4415 2781 4470; x_wconf 89' lang='lat' dir='ltr'><strong><em>dicat</em></strong></span> <span class='ocrx_word' id='word_1_864' title='bbox 2845 4412 3097 4484; x_wconf 81' lang='lat' dir='ltr'><strong><em>prOpheta</em></strong></span> <span class='ocrx_word' id='word_1_865' title='bbox 3122 4451 3137 4477; x_wconf 96' lang='lat'><strong><em>,</em></strong></span> <span class='ocrx_word' id='word_1_866' title='bbox 3173 4408 3355 4462; x_wconf 89' lang='lat' dir='ltr'><strong><em>Omnia</em></strong></span> <span class='ocrx_word' id='word_1_867' title='bbox 3384 4423 3415 4459; x_wconf 88' lang='lat' dir='ltr'><strong><em>a</em></strong></span> <span class='ocrx_word' id='word_1_868' title='bbox 3451 4414 3500 4461; x_wconf 81' lang='lat' dir='ltr'><strong><em>te</em></strong></span> 
     </span>
    </p>
   </div>
   <div class='ocr_carea' id='block_1_109' title="bbox 1924 4500 3493 4583">
    <p class='ocr_par' dir='ltr' id='par_1_109' title="bbox 1924 4500 3493 4583">
     <span class='ocr_line' id='line_1_112' title="bbox 1924 4500 3493 4583; baseline -0.009 -15"><span class='ocrx_word' id='word_1_869' title='bbox 1924 4521 2229 4583; x_wconf 75' lang='lat' dir='ltr'><strong><em>exspectant,</em></strong></span> <span class='ocrx_word' id='word_1_870' title='bbox 2261 4521 2316 4564; x_wconf 88' lang='lat' dir='ltr'><strong><em>ut</em></strong></span> <span class='ocrx_word' id='word_1_871' title='bbox 2343 4512 2428 4564; x_wconf 85' lang='lat' dir='ltr'><strong><em>des</em></strong></span> <span class='ocrx_word' id='word_1_872' title='bbox 2453 4510 2555 4563; x_wconf 88' lang='lat' dir='ltr'><strong><em>illis</em></strong></span> <span class='ocrx_word' id='word_1_873' title='bbox 2582 4508 2746 4562; x_wconf 85' lang='lat' dir='ltr'><strong><em>cibum</em></strong></span> <span class='ocrx_word' id='word_1_874' title='bbox 2771 4506 2825 4560; x_wconf 86' lang='lat' dir='ltr'><strong><em>in</em></strong></span> <span class='ocrx_word' id='word_1_875' title='bbox 2851 4514 3105 4575; x_wconf 86' lang='lat' dir='ltr'><strong><em>tempore:</em></strong></span> <span class='ocrx_word' id='word_1_876' title='bbox 3135 4504 3286 4556; x_wconf 87' lang='lat' dir='ltr'><strong><em>dante</em></strong></span> <span class='ocrx_word' id='word_1_877' title='bbox 3326 4510 3372 4554; x_wconf 90' lang='lat' dir='ltr'><strong><em>te</em></strong></span> <span class='ocrx_word' id='word_1_878' title='bbox 3395 4500 3456 4554; x_wconf 89' lang='lat' dir='ltr'><strong><em>iis</em></strong></span> <span class='ocrx_word' id='word_1_879' title='bbox 3477 4541 3493 4565; x_wconf 90' lang='lat'><strong><em>,</em></strong></span> 
     </span>
    </p>
   </div>
   <div class='ocr_carea' id='block_1_110' title="bbox 1924 4589 3500 4675">
    <p class='ocr_par' dir='ltr' id='par_1_110' title="bbox 1924 4589 3500 4675">
     <span class='ocr_line' id='line_1_113' title="bbox 1924 4589 3500 4675; baseline -0.011 -17"><span class='ocrx_word' id='word_1_880' title='bbox 1924 4606 2158 4675; x_wconf 81' lang='lat' dir='ltr'><strong><em>colligent</em></strong></span> <span class='ocrx_word' id='word_1_881' title='bbox 2185 4603 2308 4666; x_wconf 89' lang='lat' dir='ltr'><strong><em>sibi;</em></strong></span> <span class='ocrx_word' id='word_1_882' title='bbox 2332 4601 2584 4671; x_wconf 85' lang='lat' dir='ltr'><strong><em>aperiente</em></strong></span> <span class='ocrx_word' id='word_1_883' title='bbox 2609 4609 2655 4652; x_wconf 92' lang='lat' dir='ltr'><strong><em>te</em></strong></span> <span class='ocrx_word' id='word_1_884' title='bbox 2681 4607 3052 4662; x_wconf 88' lang='lat' dir='ltr'><strong><em>manumtuam,</em></strong></span> <span class='ocrx_word' id='word_1_885' title='bbox 3073 4595 3303 4647; x_wconf 83' lang='lat' dir='ltr'><strong><em>universa</em></strong></span> <span class='ocrx_word' id='word_1_886' title='bbox 3320 4589 3500 4659; x_wconf 84' lang='lat' dir='ltr'><strong><em>imple-</em></strong></span> 
     </span>
    </p>
   </div>
   <div class='ocr_carea' id='block_1_111' title="bbox 1925 4681 3499 4757">
    <p class='ocr_par' dir='ltr' id='par_1_111' title="bbox 1925 4681 3499 4757">
     <span class='ocr_line' id='line_1_114' title="bbox 1925 4681 3499 4757; baseline -0.01 -8"><span class='ocrx_word' id='word_1_887' title='bbox 1925 4697 2108 4751; x_wconf 89' lang='lat' dir='ltr'><strong><em>buntur</em></strong></span> <span class='ocrx_word' id='word_1_888' title='bbox 2128 4694 2373 4757; x_wconf 84' lang='lat' dir='ltr'><strong><em>bonitate;</em></strong></span> <span class='ocrx_word' id='word_1_889' title='bbox 2403 4699 2645 4745; x_wconf 85' lang='lat' dir='ltr'><strong><em>avertente</em></strong></span> <span class='ocrx_word' id='word_1_890' title='bbox 2663 4699 2828 4742; x_wconf 84' lang='lat' dir='ltr'><strong><em>autent</em></strong></span> <span class='ocrx_word' id='word_1_891' title='bbox 2854 4697 2900 4741; x_wconf 89' lang='lat' dir='ltr'><strong><em>te</em></strong></span> <span class='ocrx_word' id='word_1_892' title='bbox 2925 4687 3105 4756; x_wconf 81' lang='lat' dir='ltr'><strong><em>facient</em></strong></span> <span class='ocrx_word' id='word_1_893' title='bbox 3131 4695 3288 4749; x_wconf 87' lang='lat' dir='ltr'><strong><em>tuam,</em></strong></span> <span class='ocrx_word' id='word_1_894' title='bbox 3324 4681 3499 4736; x_wconf 88' lang='lat' dir='ltr'><strong><em>turba-</em></strong></span> 
     </span>
    </p>
   </div>
   <div class='ocr_carea' id='block_1_112' title="bbox 1927 4775 3499 4857">
    <p class='ocr_par' dir='ltr' id='par_1_112' title="bbox 1927 4775 3499 4857">
     <span class='ocr_line' id='line_1_115' title="bbox 1927 4775 3499 4857; baseline -0.01 -15"><span class='ocrx_word' id='word_1_895' title='bbox 1927 4789 2104 4844; x_wconf 88' lang='lat' dir='ltr'><strong><em>buntur</em></strong></span> <span class='ocrx_word' id='word_1_896' title='bbox 2121 4789 2351 4857; x_wconf 84' lang='lat' dir='ltr'><strong><em>:auferes</em></strong></span> <span class='ocrx_word' id='word_1_897' title='bbox 2375 4785 2606 4853; x_wconf 87' lang='lat' dir='ltr'><strong><em>spiritum</em></strong></span> <span class='ocrx_word' id='word_1_898' title='bbox 2635 4797 2824 4844; x_wconf 87' lang='lat' dir='ltr'><strong><em>eorum,</em></strong></span> <span class='ocrx_word' id='word_1_899' title='bbox 2849 4789 2892 4832; x_wconf 89' lang='lat' dir='ltr'><strong><em>et</em></strong></span> <span class='ocrx_word' id='word_1_900' title='bbox 2919 4778 3167 4846; x_wconf 77' lang='lat' dir='ltr'><strong><em>deficient,</em></strong></span> <span class='ocrx_word' id='word_1_901' title='bbox 3184 4785 3229 4830; x_wconf 90' lang='lat' dir='ltr'><strong><em>et</em></strong></span> <span class='ocrx_word' id='word_1_902' title='bbox 3255 4776 3307 4828; x_wconf 85' lang='lat' dir='ltr'><strong><em>in</em></strong></span> <span class='ocrx_word' id='word_1_903' title='bbox 3323 4775 3499 4845; x_wconf 81' lang='lat' dir='ltr'><strong><em>pulve-</em></strong></span> 
     </span>
    </p>
   </div>
   <div class='ocr_carea' id='block_1_113' title="bbox 1925 4871 3501 4940">
    <p class='ocr_par' dir='ltr' id='par_1_113' title="bbox 1925 4871 3501 4940">
     <span class='ocr_line' id='line_1_116' title="bbox 1925 4871 3501 4940; baseline -0.011 -5"><span class='ocrx_word' id='word_1_904' title='bbox 1925 4898 2029 4935; x_wconf 86' lang='lat' dir='ltr'><strong><em>rem</em></strong></span> <span class='ocrx_word' id='word_1_905' title='bbox 2055 4895 2200 4934; x_wconf 87' lang='lat' dir='ltr'><strong><em>suum</em></strong></span> <span class='ocrx_word' id='word_1_906' title='bbox 2223 4885 2602 4930; x_wconf 87' lang='lat' dir='ltr'><strong><em>convertentur:</em></strong></span> <span class='ocrx_word' id='word_1_907' title='bbox 2621 4873 2807 4926; x_wconf 87' lang='lat' dir='ltr'><strong><em>emittes</em></strong></span> <span class='ocrx_word' id='word_1_908' title='bbox 2833 4871 3067 4940; x_wconf 87' lang='lat' dir='ltr'><strong><em>spiritum</em></strong></span> <span class='ocrx_word' id='word_1_909' title='bbox 3098 4878 3252 4934; x_wconf 83' lang='lat' dir='ltr'><strong><em>tuum,</em></strong></span> <span class='ocrx_word' id='word_1_910' title='bbox 3287 4876 3332 4920; x_wconf 90' lang='lat' dir='ltr'><strong><em>et</em></strong></span> <span class='ocrx_word' id='word_1_911' title='bbox 3355 4881 3501 4919; x_wconf 80' lang='lat' dir='ltr'><strong><em>crea-</em></strong></span> 
     </span>
    </p>
   </div>
   <div class='ocr_carea' id='block_1_114' title="bbox 1927 4953 3499 5034">
    <p class='ocr_par' dir='ltr' id='par_1_114' title="bbox 1927 4953 3499 5034">
     <span class='ocr_line' id='line_1_117' title="bbox 1927 4953 3499 5034; baseline -0.01 -11"><span class='ocrx_word' id='word_1_912' title='bbox 1927 4970 2131 5032; x_wconf 86' lang='lat' dir='ltr'><strong><em>buntur,</em></strong></span> <span class='ocrx_word' id='word_1_913' title='bbox 2163 4977 2209 5020; x_wconf 89' lang='lat' dir='ltr'><strong><em>et</em></strong></span> <span class='ocrx_word' id='word_1_914' title='bbox 2236 4964 2495 5019; x_wconf 86' lang='lat' dir='ltr'><strong><em>innovabis</em></strong></span> <span class='ocrx_word' id='word_1_915' title='bbox 2525 4964 2704 5034; x_wconf 81' lang='lat' dir='ltr'><strong><em>facient</em></strong></span> <span class='ocrx_word' id='word_1_916' title='bbox 2733 4970 2880 5015; x_wconf 73' lang='lat' dir='ltr'><strong><em>terra:</em></strong></span> <span class='ocrx_word' id='word_1_917' title='bbox 2902 4958 3073 5029; x_wconf 80' lang='lat' dir='ltr'><strong><em>(Psal.</em></strong></span> <span class='ocrx_word' id='word_1_918' title='bbox 3117 4973 3229 5022; x_wconf 86' lang='lat' dir='ltr'><strong><em>cm,</em></strong></span> <span class='ocrx_word' id='word_1_919' title='bbox 3260 4953 3456 5025; x_wconf 74' lang='lat'><strong><em>27-50)</em></strong></span> <span class='ocrx_word' id='word_1_920' title='bbox 3483 4969 3499 5007; x_wconf 89' lang='lat'>:</span> 
     </span>
    </p>
   </div>
   <div class='ocr_carea' id='block_1_115' title="bbox 1928 5046 3503 5131">
    <p class='ocr_par' dir='ltr' id='par_1_115' title="bbox 1928 5046 3503 5131">
     <span class='ocr_line' id='line_1_118' title="bbox 1928 5046 3503 5131; baseline -0.009 -17"><span class='ocrx_word' id='word_1_921' title='bbox 1928 5067 2148 5131; x_wconf 88' lang='lat' dir='ltr'><strong><em>possunt</em></strong></span> <span class='ocrx_word' id='word_1_922' title='bbox 2177 5073 2280 5112; x_wconf 92' lang='lat' dir='ltr'><strong><em>non</em></strong></span> <span class='ocrx_word' id='word_1_923' title='bbox 2309 5057 2375 5111; x_wconf 91' lang='lat' dir='ltr'><strong><em>de</em></strong></span> <span class='ocrx_word' id='word_1_924' title='bbox 2405 5070 2739 5126; x_wconf 88' lang='lat' dir='ltr'><strong><em>quocumque</em></strong></span> <span class='ocrx_word' id='word_1_925' title='bbox 2767 5062 3005 5122; x_wconf 88' lang='lat' dir='ltr'><strong><em>tempore</em></strong></span> <span class='ocrx_word' id='word_1_926' title='bbox 3032 5050 3194 5104; x_wconf 86' lang='lat' dir='ltr'><strong><em>videri</em></strong></span> <span class='ocrx_word' id='word_1_927' title='bbox 3227 5049 3384 5114; x_wconf 89' lang='lat' dir='ltr'><strong><em>dicta,</em></strong></span> <span class='ocrx_word' id='word_1_928' title='bbox 3407 5046 3503 5101; x_wconf 88' lang='lat' dir='ltr'><strong><em>sed</em></strong></span> 
     </span>
    </p>
   </div>
   <div class='ocr_carea' id='block_1_116' title="bbox 1928 5139 3504 5220">
    <p class='ocr_par' dir='ltr' id='par_1_116' title="bbox 1928 5139 3504 5220">
     <span class='ocr_line' id='line_1_119' title="bbox 1928 5139 3504 5220; baseline -0.01 -13"><span class='ocrx_word' id='word_1_929' title='bbox 1928 5153 1994 5207; x_wconf 90' lang='lat' dir='ltr'><strong><em>de</em></strong></span> <span class='ocrx_word' id='word_1_930' title='bbox 2023 5152 2217 5219; x_wconf 89' lang='lat' dir='ltr'><strong><em>futuro,</em></strong></span> <span class='ocrx_word' id='word_1_931' title='bbox 2248 5165 2354 5220; x_wconf 91' lang='lat' dir='ltr'><strong><em>quo</em></strong></span> <span class='ocrx_word' id='word_1_932' title='bbox 2379 5150 2480 5204; x_wconf 88' lang='lat' dir='ltr'><strong><em>erit</em></strong></span> <span class='ocrx_word' id='word_1_933' title='bbox 2507 5163 2641 5202; x_wconf 91' lang='lat' dir='ltr'><strong><em>nova</em></strong></span> <span class='ocrx_word' id='word_1_934' title='bbox 2673 5156 2811 5202; x_wconf 88' lang='lat' dir='ltr'><strong><em>terra</em></strong></span> <span class='ocrx_word' id='word_1_935' title='bbox 2839 5153 2891 5200; x_wconf 91' lang='lat' dir='ltr'><strong><em>et</em></strong></span> <span class='ocrx_word' id='word_1_936' title='bbox 2915 5159 3110 5198; x_wconf 86' lang='lat' dir='ltr'><strong><em>novum</em></strong></span> <span class='ocrx_word' id='word_1_937' title='bbox 3132 5141 3344 5198; x_wconf 75' lang='lat' dir='ltr'><strong><em>coelum.</em></strong></span> <span class='ocrx_word' id='word_1_938' title='bbox 3371 5139 3504 5193; x_wconf 83' lang='lat' dir='ltr'><strong><em>Tur-</em></strong></span> 
     </span>
    </p>
   </div>
   <div class='ocr_carea' id='block_1_117' title="bbox 1930 5232 3506 5310">
    <p class='ocr_par' dir='ltr' id='par_1_117' title="bbox 1930 5232 3506 5310">
     <span class='ocr_line' id='line_1_120' title="bbox 1930 5232 3506 5310; baseline -0.008 -13"><span class='ocrx_word' id='word_1_939' title='bbox 1930 5243 2192 5296; x_wconf 89' lang='lat' dir='ltr'><strong><em>babuntur</em></strong></span> <span class='ocrx_word' id='word_1_940' title='bbox 2219 5256 2368 5310; x_wconf 88' lang='lat' dir='ltr'><strong><em>ergo,</em></strong></span> <span class='ocrx_word' id='word_1_941' title='bbox 2392 5248 2447 5294; x_wconf 93' lang='lat' dir='ltr'><strong><em>ut</em></strong></span> <span class='ocrx_word' id='word_1_942' title='bbox 2479 5238 2793 5309; x_wconf 90' lang='lat' dir='ltr'><strong><em>principium</em></strong></span> <span class='ocrx_word' id='word_1_943' title='bbox 2816 5244 3045 5297; x_wconf 91' lang='lat' dir='ltr'><strong><em>sumant,</em></strong></span> <span class='ocrx_word' id='word_1_944' title='bbox 3070 5243 3227 5303; x_wconf 90' lang='lat' dir='ltr'><strong><em>atque</em></strong></span> <span class='ocrx_word' id='word_1_945' title='bbox 3253 5232 3506 5302; x_wconf 84' lang='lat' dir='ltr'><strong><em>aperiente</em></strong></span> 
     </span>
    </p>
   </div>
   <div class='ocr_carea' id='block_1_118' title="bbox 1930 5323 3500 5398">
    <p class='ocr_par' dir='ltr' id='par_1_118' title="bbox 1930 5323 3500 5398">
     <span class='ocr_line' id='line_1_121' title="bbox 1930 5323 3500 5398; baseline -0.008 -12"><span class='ocrx_word' id='word_1_946' title='bbox 1930 5343 1976 5386; x_wconf 90' lang='lat' dir='ltr'><strong><em>te</em></strong></span> <span class='ocrx_word' id='word_1_947' title='bbox 1994 5348 2198 5386; x_wconf 83' lang='lat' dir='ltr'><strong><em>manum</em></strong></span> <span class='ocrx_word' id='word_1_948' title='bbox 2243 5340 2398 5396; x_wconf 88' lang='lat' dir='ltr'><strong><em>tuam,</em></strong></span> <span class='ocrx_word' id='word_1_949' title='bbox 2436 5329 2771 5398; x_wconf 76' lang='lat' dir='ltr'><strong><em>implebantur</em></strong></span> <span class='ocrx_word' id='word_1_950' title='bbox 2795 5328 3024 5381; x_wconf 83' lang='lat' dir='ltr'><strong><em>universa</em></strong></span> <span class='ocrx_word' id='word_1_951' title='bbox 3060 5324 3280 5378; x_wconf 86' lang='lat' dir='ltr'><strong><em>bonitate</em></strong></span> <span class='ocrx_word' id='word_1_952' title='bbox 3299 5323 3352 5387; x_wconf 75' lang='grc' dir='ltr'><strong><em>’ς</em></strong></span> <span class='ocrx_word' id='word_1_953' title='bbox 3379 5335 3500 5391; x_wconf 73' lang='lat' dir='ltr'><strong><em>qua:</em></strong></span> 
     </span>
    </p>
   </div>
   <div class='ocr_carea' id='block_1_119' title="bbox 1931 5412 3503 5492">
    <p class='ocr_par' dir='ltr' id='par_1_119' title="bbox 1931 5412 3503 5492">
     <span class='ocr_line' id='line_1_122' title="bbox 1931 5412 3503 5492; baseline -0.008 -13"><span class='ocrx_word' id='word_1_954' title='bbox 1931 5441 2034 5480; x_wconf 92' lang='lat' dir='ltr'><strong><em>non</em></strong></span> <span class='ocrx_word' id='word_1_955' title='bbox 2066 5422 2219 5478; x_wconf 88' lang='lat' dir='ltr'><strong><em>facile</em></strong></span> <span class='ocrx_word' id='word_1_956' title='bbox 2241 5422 2398 5492; x_wconf 83' lang='lat' dir='ltr'><strong><em>hujus</em></strong></span> <span class='ocrx_word' id='word_1_957' title='bbox 2425 5420 2608 5477; x_wconf 61' lang='lat' dir='ltr'><strong><em>saeculi</em></strong></span> <span class='ocrx_word' id='word_1_958' title='bbox 2635 5427 2734 5475; x_wconf 89' lang='lat' dir='ltr'><strong><em>est.</em></strong></span> <span class='ocrx_word' id='word_1_959' title='bbox 2765 5417 2898 5474; x_wconf 86' lang='lat' dir='ltr'><strong><em>Nam</em></strong></span> <span class='ocrx_word' id='word_1_960' title='bbox 2925 5417 2992 5472; x_wconf 90' lang='lat' dir='ltr'><strong><em>de</em></strong></span> <span class='ocrx_word' id='word_1_961' title='bbox 3019 5415 3121 5471; x_wconf 86' lang='lat' dir='ltr'><strong><em>hoc</em></strong></span> <span class='ocrx_word' id='word_1_962' title='bbox 3149 5413 3341 5469; x_wconf 65' lang='lat' dir='ltr'><strong><em>saeculo</em></strong></span> <span class='ocrx_word' id='word_1_963' title='bbox 3358 5412 3503 5467; x_wconf 88' lang='lat' dir='ltr'><strong><em>Scri-</em></strong></span> 
     </span>
    </p>
   </div>
   <div class='ocr_carea' id='block_1_120' title="bbox 1995 5566 3505 5638">
    <p class='ocr_par' dir='ltr' id='par_1_120' title="bbox 1995 5566 3505 5638">
     <span class='ocr_line' id='line_1_123' title="bbox 1995 5566 3505 5638; baseline -0.009 -9"><span class='ocrx_word' id='word_1_964' title='bbox 1995 5581 2012 5613; x_wconf 77' lang='grc' dir='ltr'><strong><em>ι</em></strong></span> <span class='ocrx_word' id='word_1_965' title='bbox 2046 5581 2118 5629; x_wconf 86' lang='lat' dir='ltr'><strong><em>Sic</em></strong></span> <span class='ocrx_word' id='word_1_966' title='bbox 2138 5585 2244 5628; x_wconf 77' lang='lat' dir='ltr'><strong><em>Mss.</em></strong></span> <span class='ocrx_word' id='word_1_967' title='bbox 2264 5584 2326 5638; x_wconf 1' lang='lat' dir='ltr'><strong><em>(At</em></strong></span> <span class='ocrx_word' id='word_1_968' title='bbox 2349 5577 2483 5638; x_wconf 89' lang='lat' dir='ltr'><strong><em>editi,</em></strong></span> <span class='ocrx_word' id='word_1_969' title='bbox 2519 5576 2572 5628; x_wconf 83' lang='lat' dir='ltr'><strong><em>in</em></strong></span> <span class='ocrx_word' id='word_1_970' title='bbox 2593 5575 2684 5638; x_wconf 81' lang='lat' dir='ltr'><strong><em>hac</em></strong></span> <span class='ocrx_word' id='word_1_971' title='bbox 2707 5575 2802 5626; x_wconf 80' lang='lat' dir='ltr'><strong><em>vita</em></strong></span> <span class='ocrx_word' id='word_1_972' title='bbox 2835 5573 2944 5625; x_wconf 87' lang='lat' dir='ltr'><strong><em>ideo</em></strong></span> <span class='ocrx_word' id='word_1_973' title='bbox 2980 5569 3053 5624; x_wconf 85' lang='lat' dir='ltr'><strong><em>vel</em></strong></span> <span class='ocrx_word' id='word_1_974' title='bbox 3083 5584 3184 5623; x_wconf 83' lang='lat' dir='ltr'><strong><em>esse</em></strong></span> <span class='ocrx_word' id='word_1_975' title='bbox 3227 5567 3300 5620; x_wconf 80' lang='lat' dir='ltr'><strong><em>vel</em></strong></span> <span class='ocrx_word' id='word_1_976' title='bbox 3341 5566 3505 5636; x_wconf 71' lang='lat' dir='ltr'><strong><em>ﬁtisse,</em></strong></span> 
     </span>
    </p>
   </div>
   <div class='ocr_carea' id='block_1_121' title="bbox 1930 5636 2818 5703">
    <p class='ocr_par' dir='ltr' id='par_1_121' title="bbox 1930 5636 2818 5703">
     <span class='ocr_line' id='line_1_124' title="bbox 1930 5636 2818 5703; baseline -0.008 -11"><span class='ocrx_word' id='word_1_977' title='bbox 1930 5641 2042 5703; x_wconf 84' lang='lat' dir='ltr'><strong><em>quia</em></strong></span> <span class='ocrx_word' id='word_1_978' title='bbox 2079 5641 2182 5703; x_wconf 79' lang='lat' dir='ltr'><strong><em>sine</em></strong></span> <span class='ocrx_word' id='word_1_979' title='bbox 2220 5637 2318 5690; x_wconf 77' lang='lat' dir='ltr'><strong><em>ullo</em></strong></span> <span class='ocrx_word' id='word_1_980' title='bbox 2357 5636 2550 5702; x_wconf 80' lang='lat' dir='ltr'><strong><em>peccato</em></strong></span> <span class='ocrx_word' id='word_1_981' title='bbox 2581 5636 2818 5686; x_wconf 73' lang='lat' dir='ltr'><strong><em>vixerunt.</em></strong></span> 
     </span>
    </p>
   </div>
   <div class='ocr_carea' id='block_1_122' title="bbox 1995 5697 3488 5770">
    <p class='ocr_par' dir='ltr' id='par_1_122' title="bbox 1995 5697 3488 5770">
     <span class='ocr_line' id='line_1_125' title="bbox 1995 5697 3488 5770; baseline -0.007 -19"><span class='ocrx_word' id='word_1_982' title='bbox 1995 5706 2015 5736; x_wconf 76' lang='grc'><strong><em>³</em></strong></span> <span class='ocrx_word' id='word_1_983' title='bbox 2045 5702 2267 5770; x_wconf 65' lang='grc' dir='ltr'>βειιιίαιιιὶ</span> <span class='ocrx_word' id='word_1_984' title='bbox 2290 5697 2393 5770; x_wconf 77' lang='lat' dir='ltr'><strong><em>Mss.</em></strong></span> <span class='ocrx_word' id='word_1_985' title='bbox 2415 5736 2431 5761; x_wconf 91' lang='lat'><strong><em>,</em></strong></span> <span class='ocrx_word' id='word_1_986' title='bbox 2454 5705 2789 5770; x_wconf 44' lang='lat' dir='ltr'><strong><em>stationemin</em></strong></span> <span class='ocrx_word' id='word_1_987' title='bbox 2811 5697 3048 5761; x_wconf 72' lang='lat' dir='ltr'><strong><em>aperinte</em></strong></span> <span class='ocrx_word' id='word_1_988' title='bbox 3072 5699 3116 5748; x_wconf 82' lang='lat' dir='ltr'><strong><em>te</em></strong></span> <span class='ocrx_word' id='word_1_989' title='bbox 3141 5704 3332 5744; x_wconf 75' lang='lat' dir='ltr'><strong><em>mmmm</em></strong></span> <span class='ocrx_word' id='word_1_990' title='bbox 3355 5697 3488 5743; x_wconf 78' lang='lat' dir='ltr'><strong><em>tuam</em></strong></span> 
     </span>
    </p>
   </div>
   <div class='ocr_carea' id='block_1_123' title="bbox 1935 5762 2724 5819">
    <p class='ocr_par' dir='ltr' id='par_1_123' title="bbox 1935 5762 2724 5819">
     <span class='ocr_line' id='line_1_126' title="bbox 1935 5762 2724 5819; baseline -0.011 -1"><span class='ocrx_word' id='word_1_991' title='bbox 1935 5764 2224 5819; x_wconf 66' lang='lat' dir='ltr'><strong><em>inculcantur</em></strong></span> <span class='ocrx_word' id='word_1_992' title='bbox 2260 5762 2481 5813; x_wconf 76' lang='lat' dir='ltr'><strong><em>universa</em></strong></span> <span class='ocrx_word' id='word_1_993' title='bbox 2503 5762 2724 5811; x_wconf 76' lang='lat' dir='ltr'><strong><em>bonitate.</em></strong></span> 
     </span>
    </p>
   </div>
  </div>
