3984 6536
562 371 666 428 035

562 491 717 554 ptura
745 477 872 551 quid
897 473 1063 532 dicit?
1087 471 1209 528 Non
1231 479 1302 528 est
1323 471 1408 541 qui
1431 469 1584 542 faciat
1609 468 1902 536 bonitatem,
1935 482 2036 520 non
2063 473 2134 520 est

563 587 718 643 usque
735 571 802 625 ad
827 583 985 623 unum
1004 563 1174 637 (Psal.
1205 577 1322 626 aut,
1355 562 1433 632 1).
1463 561 1516 616 Si
1545 560 1700 632 igitur
1726 559 1949 615 diversa:
1975 571 2139 630 gene-

565 665 798 720 rationes
825 667 972 726 sunt,
1001 665 1054 712 et
1083 654 1170 710 hic
1193 652 1439 709 introitus
1462 653 1518 708 in
1547 651 1684 707 hanc
1705 652 1868 708 vitam
1891 659 2138 718 receptor

565 762 650 808 est
674 751 1005 814 delictorum,
1035 747 1088 801 iu
1119 735 1322 802 tantum
1347 751 1406 800 ut
1427 751 1707 814 Spernatur
1733 743 1890 798 etiam
1919 741 2032 812 ipse
2047 739 2140 810 qui

565 843 768 914 genuit,
797 839 899 894 alia
923 847 1105 894 autem
1130 835 1400 908 generatio
1425 842 1642 906 peccata
1681 849 1786 889 non
1810 832 2024 902 recipit;
2054 829 2137 884 vi-

565 935 785 992 deamus
816 947 882 988 ne
909 945 1012 1003 qua
1037 931 1108 986 sit
1141 937 1260 1000 post
1279 927 1434 999 hujus
1461 927 1582 982 vitae
1609 925 1930 982 curriculum
1959 931 2140 979 nostra

564 1023 918 1097 regeneratio,
938 1021 1006 1077 de
1034 1035 1138 1092 qua
1167 1019 1365 1076 dictum
1395 1025 1496 1084 est,
1523 1017 1592 1071 In
1612 1017 2003 1087 regeneratione,
2023 1031 2140 1068 cum

561 1115 746 1172 sederit
783 1112 954 1168 Filius
991 1110 1208 1166 hominis
1247 1109 1299 1163 in
1341 1109 1522 1163 throno
1563 1107 1742 1180 gloria
1779 1121 1886 1162 sum
1927 1104 2138 1176 (Matth.

562 1195 818 1276 xrx,28).
854 1202 1002 1259 Sicut
1027 1202 1167 1258 enim
1193 1199 1524 1272 regeneratio
1572 1198 1763 1254 lavacri
1792 1196 2004 1264 dicitur,
2047 1211 2142 1266 per

567 1312 722 1370 quam
743 1297 952 1352 detersa
983 1300 1318 1364 peccatorum
1347 1290 1648 1348 colluvione
1689 1303 2010 1345 renovamur
2031 1305 2044 1342 :
2069 1287 2143 1342 ita

565 1387 896 1460 regeneralio
923 1385 1028 1442 dici
1054 1383 1278 1451 videtur,
1307 1397 1403 1453 per
1427 1395 1584 1452 quam
1609 1379 1677 1436 ab
1701 1380 1844 1435 omni
1870 1392 2144 1450 corporeae

569 1479 922 1536 concretionis
953 1475 1212 1550 puriﬁeati
1249 1474 1388 1542 labe,
1437 1471 1636 1529 mundo
1680 1471 1872 1528 animae
1901 1484 2062 1526 sensu
2086 1469 2147 1526 in

573 1572 732 1628 vitam
771 1584 1149 1642 regeneramur
1182 1577 1472 1632 aeternam;
1505 1580 1570 1622 eo
1595 1563 1740 1637 quod
1778 1564 1962 1636 purior
1997 1578 2146 1635 qua:-

568 1666 690 1722 dam
715 1665 940 1736 qualitas
968 1665 1038 1720 sit
1063 1660 1500 1734 regenerationis,
1541 1673 1702 1732 quam
1731 1658 1924 1716 lavacri
1969 1657 2152 1724 istius,

569 1767 627 1814 ut
665 1773 768 1814 non
809 1757 979 1813 solum
1005 1757 1058 1812 iu
1085 1764 1234 1812 actus
1273 1755 1407 1824 ejus,
1449 1752 1544 1809 sed
1583 1767 1652 1808 ne
1679 1752 1734 1808 in
1762 1752 1905 1823 ipsas
1931 1749 2144 1822 quidem

570 1851 920 1922 cogitationes
959 1858 1167 1908 nostras
1206 1843 1380 1920 aliqua
1421 1846 1577 1904 cadat
1619 1845 1853 1916 suspicio
1891 1850 2142 1914 peccato-

573 1955 712 1996 rum.
739 1959 760 1994 ι
790 1939 919 1995 Item
943 1939 1046 1994 alio
1065 1940 1184 1994 loco
1209 1937 1262 1994 in
1298 1937 1488 1998 eodem
1529 1950 1722 2006 opere:
1759 1952 1778 1986 ι
1817 1933 2088 2001 Videmus,
2118 1949 2138 1984 ι

575 2029 768 2100 inquit,
801 2047 820 2082 ι
856 2027 1185 2101 impossibile
1211 2041 1330 2084 esse
1359 2036 1417 2082 ut
1435 2025 1670 2098 perfecte
1692 2025 1810 2096 quis
1830 2022 2144 2080 immacula-

573 2126 658 2174 tus
673 2133 792 2176 esse
816 2118 982 2190 possit
1005 2117 1060 2172 in
1085 2131 1308 2187 corpore
1323 2117 1670 2182 constitutus;
1697 2129 1816 2171 cum
1834 2115 1992 2168 etiam
2013 2113 2146 2166 Pau-

557 2208 658 2280 _lus
687 2207 1053 2280 imperfectum
1083 2223 1142 2264 se
1161 2207 1322 2264 dicat.
1350 2207 1440 2266 Sic
1471 2206 1614 2262 enim
1643 2205 1835 2260 habet:
1869 2203 1990 2260 Non
2014 2203 2148 2276 quod

554 2302 680 2373 jam
705 2301 1000 2372 acceperim,
1037 2308 1126 2354 aut
1143 2300 1258 2371 jam
1297 2302 1546 2372 perfectus
1581 2299 1698 2354 sim.
1732 2297 1800 2353 Et
1827 2305 2000 2352 tamen
2029 2303 2150 2365 post

574 2391 845 2460 paululum
861 2391 966 2447 ait:
998 2390 1310 2462 Quicumque
1333 2406 1450 2462 ergo
1471 2390 1680 2461 perfecti
1695 2405 1867 2443 sumus
1885 2386 2145 2458 (Philipp.

575 2496 658 2546 tu,
687 2481 775 2548 l2,
807 2481 920 2553 15).
947 2481 1056 2538 Nisi
1083 2481 1220 2538 forte
1249 2480 1369 2552 quia
1391 2489 1474 2538 est
1513 2479 1764 2551 perfectio
1805 2479 1905 2533 alia
1948 2477 2000 2532 in
2049 2476 2151 2535 hoc

579 2572 798 2640 mundo,
828 2573 930 2628 alia
952 2581 1071 2645 post
1095 2573 1222 2628 illud
1243 2572 1536 2642 perfectum
1557 2571 1574 2604 ι
1599 2571 1666 2627 de
1691 2585 1796 2642 quo
1821 2570 1948 2629 dicit
1964 2569 2031 2626 ad
2048 2569 2152 2626 Co-

576 2665 824 2731 rinthios,
871 2663 996 2718 Cum
1024 2665 1208 2718 venerit
1235 2661 1370 2734 quod
1409 2661 1685 2731 perfectum
1727 2669 1799 2717 est
1823 2661 1866 2732 (ι
1895 2658 2013 2715 Cor.
2035 2675 2148 2727 xm,

577 2754 698 2826 i0);
723 2763 775 2810 et
789 2754 934 2820 alibi,
961 2753 1130 2808 Donec
1145 2768 1466 2808 occurramus
1485 2767 1655 2806 omnes
1675 2751 1728 2806 in
1747 2751 1988 2806 unitatem
2007 2750 2148 2820 ﬁdei,

575 2855 622 2900 ot
647 2845 951 2918 agnitionem
975 2843 1100 2900 Filii
1117 2843 1232 2910 Dei,
1258 2844 1312 2899 in
1339 2844 1499 2898 uirum
1529 2843 1912 2915 perfectum,,iu
1940 2857 2144 2898 mensu-

576 2953 689 2992 ram
707 2935 868 2991 aztatis
893 2935 1220 3008 plenitudinis
1243 2935 1430 2991 Christi
1460 2933 1673 3007 (Ep/tes.
1697 2950 1772 3003 ιγ,
1795 2933 1905 3006 15).
1937 2933 2010 2990 Ut
2025 2948 2152 3005 ergo

581 3029 846 3100 perfectos
873 3044 1052 3086 secum
1081 3029 1278 3086 multos
1306 3029 1380 3084 ait
1409 3027 1696 3098 Apostolus
1737 3027 1792 3082 in
1823 3027 1926 3083 hoc
1953 3025 2152 3082 mundo

577 3122 730 3190 sitos,
751 3121 840 3194 qui
863 3121 906 3176 si
929 3121 993 3180 ad
1020 3119 1401 3192 perfectionem
1429 3135 1609 3175 veram
1639 3119 1912 3190 respicias,
1933 3118 2154 3190 perfecti

579 3227 699 3270 esse
725 3229 830 3268 non
859 3220 1125 3282 poterant,
1153 3213 1273 3284 quia
1300 3209 1416 3284 ipse
1436 3211 1590 3280 dixit,
1631 3212 1870 3268 Videmus
1895 3229 2028 3268 nunc
2065 3214 2155 3285 per

577 3307 838 3376 speculum
855 3306 908 3360 in
926 3305 1209 3377 (enigmata,
1231 3314 1349 3375 tunc
1364 3315 1530 3360 autem
1548 3306 1680 3377 {acie
1696 3305 1766 3360 ad
1785 3307 2002 3378 faciem;
2023 3322 2155 3360 nunc

577 3411 822 3468 cognosco
843 3411 906 3450 ea:
923 3404 1083 3467 parte,
1107 3405 1226 3450 tunc
1251 3405 1416 3451 autem
1437 3413 1735 3468 cognoscam
1757 3398 1885 3452 sicut
1905 3407 1952 3452 et
1975 3398 2154 3470 cogni-

577 3497 656 3544 tus
675 3505 783 3544 sunt
807 3488 853 3560 (l
873 3485 990 3544 Cor.
1015 3503 1130 3556 xui,
1160 3487 1278 3560 l2):
1306 3489 1376 3544 ita
1397 3498 1451 3544 et
1471 3489 1793 3544 immaculati
1821 3498 1946 3544 sunt
1971 3489 2024 3544 in
2054 3489 2155 3545 hoc

578 3579 800 3646 mundo,
829 3588 881 3634 et
907 3579 1230 3635 immaculati
1267 3589 1424 3636 erunt
1449 3581 1504 3636 iu
1531 3595 1700 3651 regno
1737 3581 1868 3647 Dei;
1895 3596 2017 3636 cum
2044 3581 2153 3636 uti-

577 3686 681 3741 que
725 3671 772 3726 si
813 3671 1068 3728 miuutius
1109 3672 1380 3740 discutias,
1431 3672 1803 3729 immaculatus
1843 3688 1964 3730 esse
1993 3689 2154 3730 nemo

575 3761 760 3834 possit,
790 3763 912 3832 quia
939 3777 1096 3818 nemo
1124 3763 1239 3820 sine
1268 3771 1508 3834 peccato.
1541 3783 1559 3818 ι
1585 3765 1714 3820 Item
1738 3765 1789 3820 in
1813 3765 1928 3836 ipso
1953 3783 1968 3822 :
2005 3784 2024 3818 ι
2056 3765 2153 3822 γι-

575 3850 785 3916 demus,
817 3869 836 3904 »
863 3852 1053 3924 inquit,
1089 3871 1108 3905 ι
1145 3854 1265 3925 quia
1290 3853 1418 3908 dum
1447 3854 1501 3910 in
1531 3854 1632 3910 hac
1657 3855 1884 3910 vivimus
1909 3857 2035 3923 vita,
2057 3871 2154 3914 nos

575 3941 836 3998 mundare
872 3942 1152 4012 debemus,
1191 3952 1246 4001 et
1269 3961 1509 4016 qua-rere
1534 3946 1724 4015 Deum,
1750 3955 1805 4002 et
1829 3947 2066 4018 incipere
2088 3947 2156 4005 ab

577 4031 951 4090 emundatione
971 4035 1162 4089 anima:
1189 4045 1406 4103 nostrae,
1433 4038 1651 4107 etquasi
1669 4035 2010 4093 fundamenta
2028 4053 2157 4094 con-

577 4123 800 4178 stituere
835 4124 1062 4189 virtutis,
1103 4134 1156 4180 ut
1205 4127 1582 4196 perfectionem
1627 4128 1952 4198 purgationis
1987 4131 2008 4162 ³
2036 4137 2156 4200 post

577 4213 714 4270 hanc
743 4216 901 4271 vitam
934 4232 1234 4273 mereamur
1275 4219 1518 4290 adipisci.
1557 4239 1576 4272 ι
1610 4219 1869 4293 Ιιθιιιιιιιιι⁸
1894 4221 1948 4276 in
1994 4221 2151 4292 ipso:

585 4323 606 4358 ι
636 4303 893 4362 Gravatus
917 4315 1114 4374 autem,
1147 4327 1164 4354 ι
1192 4309 1380 4379 inquit,
1413 4328 1432 4363 ι
1459 4319 1514 4364 et
1540 4309 1894 4381 ingemiscens
1911 4311 2028 4382 quis
2047 4327 2151 4368 non

576 4395 840 4466 loquatur,
871 4394 1064 4468 Infelix
1103 4413 1192 4469 ego
1227 4399 1397 4466 homo,
1431 4400 1542 4470 quis
1571 4417 1650 4455 me
1677 4401 1901 4456 liberabit
1937 4401 2002 4456 de
2037 4420 2152 4458 cor-

578 4503 700 4556 pore
724 4488 895 4542 mortis
915 4488 1068 4559 hujus
1089 4487 1264 4557 (Rom.
1293 4507 1384 4553 vn,
1414 4489 1542 4562 24)?
1579 4491 1655 4548 lta
1689 4493 1876 4548 eodem
1903 4495 2154 4564 magistro

577 4592 764 4634 omnes
787 4579 1072 4636 varietates
1101 4582 1554 4652 interpretationis
1582 4584 1932 4640 absolvimus.
1959 4585 2088 4640 Nam
2107 4589 2152 4642 si

577 4669 751 4724 omnis
772 4670 954 4726 infelix
975 4671 1065 4742 qui
1091 4687 1150 4728 se
1170 4673 1409 4744 corporis
1439 4675 1762 4745 implicatum
1790 4677 2049 4734 molestiis
2063 4694 2151 4735 rc-

577 4761 870 4830 cognoscit,
914 4762 1096 4832 utique
1125 4777 1283 4820 omne
1321 4779 1516 4835 corpus
1555 4765 1772 4822 infelix:
1802 4784 1972 4840 neque
2008 4769 2152 4825 enim

561 4849 786 4920 felicem
813 4850 961 4906 illum
991 4851 1238 4919 dixerim,
1267 4856 1355 4931 qui
1384 4855 1637 4910 confusus
1664 4857 1981 4926 quibusdam
2006 4875 2160 4914 mcn-‘

563 4939 644 5020 Itis
665 4954 774 4994 sua:
801 4940 1033 4996 tenebris
1057 4942 1415 4998 conditionem
1445 4961 1593 5000 suam
1618 4946 1807 5002 nescit.
1850 4948 1983 5004 Illud
2021 4965 2155 5020 quo-

576 5044 681 5099 que
721 5045 827 5086 non
855 5030 1142 5086 absurdum
1185 5033 1252 5088 ad
1291 5023 1614 5090 intellectum
1646 5037 1900 5092 accessit.
1930 5038 1983 5094 Si
2009 5040 2150 5094 enim

579 5119 740 5176 homo
765 5121 854 5193 qui
881 5136 940 5178 se
969 5124 1262 5194 cognoscit,
1294 5124 1472 5182 infelix
1498 5133 1600 5193 est,
1643 5127 1884 5184 infelices
1911 5129 2152 5200 profecto

575 5227 796 5280 omnes;
820 5214 944 5285 quia
975 5217 1338 5288 unusquisque
1365 5233 1513 5274 suam
1554 5219 1912 5277 infirmitatem
1940 5233 2033 5279 aut
2058 5241 2154 5296 per

576 5306 888 5376 sapientiam
918 5311 1271 5380 recognoscit,
1291 5321 1383 5366 aut
1409 5309 1504 5382 per
1533 5312 1888 5382 insipientiam
1920 5319 2144 5374 nescit.»

579 5400 704 5455 Item
734 5401 787 5456 in
815 5400 950 5457 libro
973 5401 1041 5458 de
1061 5401 1208 5459 Bono
1225 5403 1415 5460 mortis
1449 5422 1468 5458 ι
1505 5405 1694 5478 (Capp.
1722 5407 1758 5464 ὅ
1776 5419 1823 5462 et
1851 5409 1940 5482 11)
1965 5427 1978 5464 :
2009 5409 2150 5481 Ope-

638 5633 833 5712 ξ
861 5631 1147 5712 qlia-inlice
1161 5636 1486 5712 mundohalia
1519 5644 1626 5712 post
1655 5637 1784 5693 hanc
1817 5638 1989 5706 vitam,
2023 5640 2150 5696 illud

576 5695 854 5756 perfectam.
876 5699 1177 5760 Castigantur
1197 5700 1256 5748 ad
1279 5695 1542 5752 Gallicanos
1571 5709 1678 5754 uss.

637 5755 659 5786 ³
689 5757 761 5805 Sic
779 5763 884 5808 Mss.
921 5759 1056 5822 Editi,
1079 5759 1444 5826 puriﬁcatwm’s.

876 363 1148 421 CONTRA
1187 358 1367 418 DUAS
1404 327 1771 416 Eptsroms
1809 349 2364 418 rstacuuouuu,
2405 349 2465 407 s.
2505 346 2869 406 AUGUSTlNl
2907 347 3112 404 LIBER
3150 347 3492 418 ouanrus.

2243 471 2391 517 retur
2411 459 2588 532 igitur,
2613 479 2633 512 ι
2659 461 2847 532 inquit,
2875 479 2894 513 ι
2931 475 3074 516 mors
3103 461 3152 514 in
3179 462 3352 530 nobis,
3396 472 3454 519 ut
3477 447 3714 536 operetur
3739 482 3790 530 et

2242 553 2370 617 vita,
2401 552 2537 608 bona
2564 551 2668 608 vita
2691 561 2810 624 post
2838 559 3086 620 mortem,
3133 551 3234 607 hoc
3257 561 3361 620 est,
3393 553 3530 611 bona
3557 557 3658 613 vita
3685 573 3792 630 post

2244 641 2540 711 victoriam,
2567 642 2706 698 bona
2732 643 2838 698 vita
2877 641 3122 698 absoluto
3157 643 3480 700 certamine:
3505 655 3560 702 ut
3587 647 3690 719 jam
3717 651 3792 711 lex

2244 737 2419 793 carnis
2442 735 2544 806 legi
2573 735 2768 790 mentis
2792 749 3089 806 repugnare
3127 749 3233 790 non
3269 738 3484 792 noverit
3521 739 3690 809 (Rom.
3712 760 3789 813 vn,

2243 824 2359 899 23),
2385 835 2446 882 ut
2477 826 2587 896 jam
2613 825 2766 881 nobis
2794 825 2936 881 nulla
2961 825 3032 880 sit
3071 839 3190 880 cum
3215 840 3441 897 corpore
3467 830 3648 888 mortis
3681 847 3794 890 con-

2246 925 2434 980 tentio.
2465 943 2484 978 ι
2522 924 2727 980 Rursus
2753 924 2804 980 in
2829 921 3053 982 eodem:
3080 943 3098 977 ι
3132 924 3294 996 Ergo,
3329 941 3350 977 ι
3377 923 3566 996 inquit,
3596 924 3793 996 quiaju-

2245 1019 2314 1075 sti
2339 1017 2476 1075 hanc
2500 1019 2983 1075 remunerationem
3028 1019 3244 1086 habent,
3288 1026 3350 1074 ut
3393 1017 3604 1074 videant
3627 1016 3790 1076 faciem

2247 1108 2364 1178 Dei,
2395 1118 2448 1165 et
2472 1109 2650 1164 lumen
2670 1110 2686 1141 ⁸
2709 1109 2838 1166 illud
2865 1109 3007 1180 quod
3037 1109 3299 1165 illuminat
3318 1123 3532 1164 omnem
3551 1108 3794 1168 hominem

2247 1197 2427 1271 (Joan.
2452 1215 2492 1266 ι,
2518 1197 2609 1273 9);
2639 1199 2708 1254 ab
2752 1200 2876 1256 hinc
2917 1199 3197 1255 iuduamus
3224 1197 3528 1270 hujusmodi
3567 1199 3790 1270 studium,

2247 1297 2306 1344 ut
2330 1290 2716 1362 appropinquet
2741 1291 2918 1347 anima
2942 1300 3124 1346 nostra
3148 1290 3280 1356 Deo,
3299 1291 3676 1362 appropinquet
3694 1305 3796 1348 ora-

2248 1381 2324 1437 tio
2339 1383 2384 1450 ²,
2415 1380 2688 1438 adhaereat
2711 1382 2788 1437 illi
2830 1392 3070 1437 nostrum
3095 1381 3444 1449 desiderium,
3477 1396 3578 1438 non
3605 1396 3798 1455 separe-

2249 1489 2371 1530 mur
2389 1475 2456 1530 ab
2481 1489 2564 1530 eo.
2597 1474 2664 1529 Et
2683 1473 2770 1530 hic
2793 1475 3006 1546 quidem
3025 1475 3202 1546 positi,
3221 1473 3550 1543 meditando,
3579 1474 3796 1546 legendo,

2250 1565 2537 1636 qumrcndo
2563 1566 2873 1636 copulemur
2901 1567 3010 1622 Deo
3030 1584 3044 1622 :
3067 1555 3459 1638 cognoscamus
3473 1581 3614 1635 eum,
3629 1575 3682 1624 ut
3695 1583 3800 1640 pos-

2250 1671 2457 1715 sumus.
2485 1657 2568 1712 Ex
2600 1667 2748 1730 parte
2773 1658 2916 1714 enim
2945 1656 3034 1714 hic
3051 1659 3462 1730 cognoscimus:
3490 1660 3607 1730 quia
3625 1659 3800 1716 bieim-

2250 1752 2504 1822 perfecta,
2545 1749 2650 1806 illic
2692 1749 2926 1822 perfecta
2966 1753 3180 1818 omnia;
3214 1749 3307 1806 hic
3337 1750 3565 1821 parvuli,
3594 1750 3694 1806 illic
3722 1767 3800 1806 ro-

2251 1841 2412 1898 busti.
2444 1841 2702 1910 Videmus,
2722 1843 2908 1914 inquit,
2927 1859 3058 1897 nanc
3074 1858 3164 1912 per
3181 1841 3448 1914 speculum
3467 1841 3520 1895 in
3537 1841 3794 1912 (enigmata,

2253 1942 2370 1990 tunc
2414 1943 2582 1990 autem
2625 1935 2757 2006 [acie
2796 1935 2865 1990 ad
2891 1921 3094 2005 faciem.
3121 1935 3278 1990 Tunc
3303 1933 3538 1989 revelata
3563 1932 3685 1989 facie
3704 1934 3801 2006 κιο-

2253 2023 2390 2078 riam
2410 2023 2621 2079 Domini
2645 2023 2907 2095 speculari
2933 2024 3132 2092 licebit,
3161 2039 3328 2095 quam
3354 2037 3495 2078 nunc
3518 2023 3693 2098 animae
3705 2039 3803 2080 cor-

2251 2115 2398 2186 poris
2426 2114 2582 2186 hujus
2619 2117 2882 2170 concretis
2917 2114 3206 2173 visceribus
3231 2113 3513 2180 involutae,
3540 2120 3592 2168 et
3617 2113 3803 2182 quihus-

2253 2204 2376 2262 dam
2397 2206 2570 2261 carnis
2601 2193 2759 2277 hujus
2785 2207 3006 2262 maculis
3025 2214 3079 2262 et
3095 2204 3494 2262 colluvionibus
3517 2203 3802 2262 obumbrata:
3868 2271 3871 2273 _

2255 2296 2464 2353 sincere
2491 2297 2672 2354 videre
2699 2313 2805 2354 non
2833 2307 3075 2368 possunt.
3107 2297 3231 2364 Quis
3264 2297 3420 2364 enim,
3444 2297 3626 2368 inquit,
3655 2297 3804 2352 ridebit

2255 2387 2448 2443 vultum
2472 2404 2658 2456 meum,
2686 2397 2733 2444 et
2769 2390 2896 2442 vivet
2922 2387 3114 2460 (Exod.
3157 2403 3363 2455 χχχιιι,
3408 2385 3536 2460 20),?
3562 2387 3622 2442 Et
3645 2397 3801 2446 recte:

2255 2493 2380 2535 nam
2408 2479 2453 2534 si
2474 2479 2610 2552 solis
2635 2478 2814 2535 milies
2839 2479 2980 2534 oculi
3007 2477 3178 2534 nostri
3205 2477 3358 2534 ferre
3381 2490 3489 2534 non
3516 2488 3730 2549 possunt,
3758 2489 3800 2536 et

2256 2571 2303 2629 si
2325 2570 2444 2642 quis
2463 2571 2660 2628 diutius
2679 2588 2709 2628 e
2727 2573 2944 2644 regione
2963 2572 3093 2629 solis
3118 2571 3435 2640 intenderit,
3452 2572 3632 2630 οπωιί
3655 2574 3797 2630 solere

2258 2663 2594 2734 perhibetur;
2623 2663 2666 2720 si
2697 2674 2943 2720 creatura
2987 2675 3294 2722 creaturam
3334 2665 3450 2723 sine
3476 2665 3650 2722 fraude
3674 2676 3800 2736 atque

2259 2755 2555 2810 oil'ensione
2581 2756 2662 2810 sui
2685 2771 2788 2810 non
2813 2763 2986 2826 potest
3008 2757 3203 2814 intueri
3220 2775 3238 2824 ;
3257 2757 3523 2828 quomodo
3536 2767 3695 2830 potest
3706 2759 3796 2814 sine

2259 2845 2498 2917 periculo
2525 2847 2606 2901 sui
2634 2847 2929 2903 vibrantem
2946 2860 3168 2904 cernere
3188 2847 3398 2904 vultum
3418 2848 3666 2906 Creatoris
3679 2857 3798 2904 teter-

2259 2937 2334 3004 ni,
2364 2938 2606 3008 corporis
2631 2937 2788 3008 hujus
2813 2949 3034 3010 opertus
3057 2941 3304 2997 exuviis?
3329 2940 3459 3008 Quis
3484 2942 3615 2998 enim
3634 2941 3792 3015 justiﬁ-

2259 3037 2412 3085 catur
2439 3030 2492 3085 in
2519 3038 2809 3100 conspectu
2839 3031 2938 3087 Dei
2969 3031 3142 3104 (Psal.
3175 3049 3352 3099 chu,
3399 3033 3490 3106 2);
3527 3049 3638 3090 cum
3674 3033 3796 3089 unius

2259 3135 2471 3192 quoque
2487 3119 2592 3176 dici
2619 3120 2790 3178 infans
2807 3121 3038 3178 mundus
3061 3138 3090 3178 a
3121 3132 3347 3193 peccato
3367 3123 3389 3156 ³
3412 3138 3530 3180 esse
3547 3139 3642 3179 non
3665 3123 3796 3194 possit

2263 3207 2382 3282 (Job
2407 3225 2520 3278 xrv,
2550 3210 2604 3277 5,
2645 3227 2744 3266 sec.
2786 3211 2976 3283 LXX),
2999 3221 3053 3268 et
3078 3229 3242 3268 nemo
3271 3214 3440 3284 possit
3463 3213 3526 3270 de
3562 3213 3634 3269 sui
3656 3213 3795 3268 oordis

2262 3301 2562 3372 integritate
2587 3312 2640 3358 et
2668 3303 2978 3360 castimonia
3007 3305 3259 3376 gloriaris
3288 3304 3468 3376 (Prov.
3495 3321 3582 3369 xx,
3601 3303 3687 3377 9)?

2331 3391 2557 3448 CAPUT
2586 3393 2702 3449 XII.
2721 3394 2903 3450 —52.
2934 3395 3156 3450 Ilwresis
3205 3395 3492 3468 Pelagiana
3533 3395 3675 3450 multo
3707 3403 3788 3464 post

2261 3483 2579 3540 Ambrosium
2603 3496 2798 3540 exorta.
2830 3486 2988 3543 Fides
3012 3489 3269 3544 catholica
3311 3505 3508 3560 semper
3532 3488 3718 3561 uigilans
3744 3485 3794 3539 ad

2261 3573 2608 3646 repellendum
2627 3592 2866 3632 errarent.
2921 3577 3122 3650 Synodi
3160 3582 3484 3653 congregatio
3525 3581 3589 3634 ad
3625 3579 3796 3634 harem

2262 3665 2578 3747 damnandos
2599 3683 2700 3721 non
2727 3685 2922 3740 semper
2949 3670 3258 3726 necessaria.
3280 3671 3446 3728 Nimis
3473 3671 3668 3742 longum
3689 3668 3796 3736 erit,

2263 3757 2308 3812 si
2337 3759 2516 3814 omnia
2549 3759 2710 3816 velim
2735 3776 3159 3820 commemorare
3178 3805 3194 3832 ,
3232 3781 3352 3838 qum
3374 3775 3584 3821 sanctus
3605 3763 3794 3820 Ambro-

2261 3849 2374 3904 sius
2403 3849 2658 3906 adversus
2687 3851 2824 3908 hanc
2849 3853 3096 3909 hmresim
3121 3855 3523 3928 Pelagianorum
3554 3864 3682 3911 tanto
3704 3863 3796 3926 post

2261 3943 2564 3996 exorturam
2584 3983 2600 4007 ,
2626 3959 2730 3998 non
2758 3944 2838 4000 eis
2865 3945 3078 4016 quidem
3106 3948 3474 4020 respondens,
3513 3947 3602 4005 sed
3638 3947 3796 4019 pradi-

2262 4041 2390 4084 cans
2417 4029 2731 4087 catholicam
2761 4032 2942 4099 fidem,
2965 4043 3123 4105 atque
3153 4037 3203 4092 in
3227 4053 3288 4092 ea
3313 4038 3552 4096 homines
3574 4037 3796 4093 :edilicaus

2262 4117 2395 4172 dixit
2412 4131 2467 4175 et
2485 4121 2716 4192 scripsit.
2746 4123 2850 4180 Sed
2881 4141 2980 4182 nec
3004 4126 3092 4185 illa
3113 4129 3296 4184 omnia
3319 4145 3712 4187 commemorare
3728 4143 3799 4199 p0-

2262 4210 2338 4266 tui
2365 4213 2447 4268 vel
2476 4212 2632 4270 debui
2659 4257 2674 4281 ,
2700 4232 2818 4286 qum
2841 4217 3259 4287 gloriosissimus
3302 4222 3356 4278 in
3378 4223 3595 4278 Domino
3617 4220 3797 4294 Cypria-

2263 4319 2364 4360 nus
2408 4306 2584 4374 posuit
2630 4307 2682 4362 in
2737 4309 2986 4378 Epistolis
3013 4312 3157 4380 suis,
3189 4313 3386 4384 quibus
3419 4315 3792 4378 demonstretur,

2262 4408 2420 4464 quam
2450 4393 2472 4426 ὀ
2498 4395 2568 4449 sit
2605 4395 2749 4464 haec,
2785 4415 2943 4469 quam
2972 4407 3238 4470 tenemus,
3285 4402 3418 4459 ﬁdes
3451 4418 3568 4460 vera
3609 4414 3796 4471 vereque

2263 4484 2551 4540 christiana
2575 4497 2734 4558 atque
2760 4489 3020 4546 catholica
3039 4533 3053 4559 ,
3087 4494 3228 4550 sicut
3254 4511 3351 4566 per
3394 4495 3674 4566 Scripturas
3694 4507 3793 4547 san-

2262 4583 2378 4630 ctas
2429 4577 2720 4647 antiquitus
2765 4581 2988 4649 tradita,
3043 4583 3123 4638 sic
3161 4599 3192 4640 a
3235 4587 3475 4657 patribus
3516 4585 3722 4650 nostris,
3751 4589 3794 4636 et

2262 4680 2430 4737 usque
2453 4669 2518 4724 ad
2544 4668 2645 4726 hoc
2670 4679 2908 4743 tempus,
2938 4690 3046 4744 quo
3077 4675 3162 4731 isti
3183 4692 3300 4732 eam
3330 4679 3624 4736 convellere
3651 4683 3793 4732 tents-

2261 4770 2486 4827 verunt,
2514 4770 2718 4818 retenta
2740 4773 2898 4834 atque
2920 4777 3129 4824 servata
3151 4810 3167 4836 ,
3211 4777 3268 4826 et
3309 4769 3556 4841 deinceps
3600 4765 3790 4839 propitio

2262 4847 2376 4906 Deo
2394 4850 2666 4908 retinenda
2687 4864 2846 4925 atque
2865 4857 3146 4914 servanda.
3177 4859 3310 4915 Nam
3339 4861 3417 4918 sic
3436 4861 3683 4933 Cypriano
3700 4865 3744 4911 et
3764 4868 3789 4907 ι

2260 4939 2525 5014 Cypriano
2551 4945 2738 4999 tradita
2763 4945 2879 5002 lucc
2903 4957 3064 5019 atque
3093 4949 3396 5020 hnjusmodi
3421 4967 3486 5008 ex
3508 4951 3616 5021 ejus
3637 4945 3790 5003 litteris

2261 5034 2562 5089 testimonia
2591 5037 2792 5107 prolata
2819 5046 3112 5095 testantur:
3133 5043 3209 5096 sic
3229 5049 3404 5098 autem
3418 5056 3583 5114 usque
3604 5039 3664 5096 ad
3685 5047 3791 5094 tem-

2259 5137 2389 5194 pora
2419 5133 2597 5182 nostra
2627 5137 2833 5184 servata
2851 5167 2868 5196 ,
2900 5145 2961 5186 ca
2988 5146 3108 5201 quae
3131 5131 3198 5188 de
3231 5130 3318 5190 his
3362 5133 3518 5188 rebus
3543 5139 3786 5200 antequam

2259 5211 2346 5269 isti
2367 5215 2591 5272 ebullire
2617 5218 2906 5287 cmpisseut
2921 5261 2937 5288 ,
2956 5220 3270 5278 Ambrosius
3298 5222 3620 5294 conscripsit,
3637 5227 3788 5273 osten-

2260 5303 2412 5372 dunt,
2435 5315 2488 5362 et
2513 5306 2654 5376 quod
2680 5323 2866 5366 eorum
2893 5310 3143 5380 profanas
3168 5315 3428 5369 novitates
3453 5311 3702 5369 catholirm
3713 5321 3789 5360 au-

2258 5410 2348 5453 res
2371 5411 2489 5468 qua:
2510 5398 2704 5468 ubique
2732 5409 2886 5469 sunt,
2920 5401 3238 5459 horruerunt
3257 5422 3274 5462 :
3290 5406 3368 5461 sic
3390 5419 3544 5475 porro
3569 5401 3783 5468 deinceps

2219 5584 2223 5592 ’
2321 5585 2342 5658 ξ
2375 5588 2508 5658 aditi,
2534 5596 2650 5643 etut
2671 5591 2848 5658 lignea.
2873 5594 3039 5654 Abest,
3061 5599 3132 5658 ut,
3157 5609 3184 5646 ιι
3203 5602 3312 5646 Mss.

2321 5649 2351 5723 ξ
2375 5652 2457 5723 ilic
2481 5649 2680 5723 veteres
2711 5654 2820 5706 libri
2853 5649 3137 5723 restituunt,
3177 5656 3512 5723 appropbtquet
3529 5651 3682 5707 στένω.

2331 5710 2351 5783 ξ
2379 5718 2496 5783 lien]
2522 5714 2600 5763 hic
2618 5729 2680 5764 ex
2703 5723 2808 5783 Mss.
2834 5717 3040 5778 additur,
3067 5732 3098 5768 α
3116 5710 3322 5783 pactilo.

2329 5769 2347 5803 ⁸
2375 5775 2511 5837 tidlti,
2534 5779 2784 5838 quomodo.
2811 5787 2937 5840 Mss...
2960 5769 3122 5842 quath
