3984 6528
213 357 306 415 637
1085 348 1454 406 ADMONITlO
1492 348 1558 404 ΙΝ
1595 348 1834 406 LIBROS
1870 348 2136 406 CONTRA
2177 351 2540 413 JULIANUM.

211 482 316 526 esse
329 461 614 532 servanda,
627 460 765 518 satis
785 460 1067 517 salubriter
1095 461 1313 515 istorum
1341 461 1528 530 partim
1557 459 1777 514 damna-

211 561 303 626 tio,
329 556 518 629 partim
539 555 809 610 correctio
836 553 1141 610 declaravit.
1173 551 1452 618 Quodlibet
1481 551 1622 606 enim
1656 568 1775 606 mu-

209 653 296 706 tire
317 647 546 704 audeant
567 643 827 700 adversus
867 659 1048 698 sanam
1094 641 1251 696 tidem
1294 640 1540 714 Cypriani
1567 649 1621 697 et
1649 641 1778 696 Am-

208 738 358 801 brosii
377 780 391 803 ,
419 752 527 793 non
557 751 654 792 eos
672 745 806 806 puto
833 736 887 790 in
913 743 1020 788 tam
1045 747 1292 802 magnum
1317 739 1668 802 prorupturos
1695 731 1778 786 fu—

207 845 369 888 rorem
392 871 408 895 ,
436 837 498 884 ut
523 835 850 884 memoratos
875 835 930 882 et
966 823 1338 882 memorabiles
1384 822 1631 880 homines
1681 823 1775 879 Dei

207 921 419 980 audeant
441 919 627 976 dicere
649 917 995 974 Maniclucos.

264 1014 347 1068 53.
377 1010 518 1078 Quid
559 1019 800 1080 estergo
844 1006 984 1077 quod
1032 1004 1240 1060 rabiosa
1293 1005 1490 1060 mentis
1537 1005 1775 1062 eiecitate

205 1105 572 1174 nuncjactant,
601 1111 703 1154 toto
723 1101 922 1173 penitus
972 1097 1240 1154 Occidente
1286 1114 1386 1152 non
1433 1098 1598 1152 minus
1643 1097 1774 1152 stui-

205 1209 466 1266 tamquam
506 1194 719 1262 impium
763 1192 946 1263 dogma
993 1199 1276 1260 susceptum
1299 1205 1318 1244 :
1344 1187 1774 1259 quandoquidem

203 1288 417 1345 Domino
441 1288 734 1343 miserante
761 1300 1016 1356 suamque
1036 1283 1329 1338 Ecclesium
1357 1281 1772 1336 misericorditer

200 1380 544 1452 gubernante,
567 1377 645 1433 sic
671 1375 903 1447 vigilavit
925 1373 1180 1428 catholica
1199 1371 1330 1428 lich
1347 1412 1364 1437 ,
1391 1379 1570 1426 utnon
1597 1371 1773 1428 minus

201 1472 403 1527 stultum
425 1485 590 1541 quam
617 1468 838 1538 impium
868 1465 1054 1538 dogma
1073 1506 1090 1534 ,
1130 1461 1578 1550 quemadmodum
1607 1461 1772 1516 Manio

201 1565 482 1626 clm-orum,
511 1561 584 1614 ita
621 1561 780 1614 etiam
804 1573 908 1612 non
940 1557 1298 1626 susciperetur
1337 1553 1604 1608 istorum?
1631 1552 1772 1607 Ecce

199 1651 352 1708 sancti
376 1659 433 1704 et
462 1649 608 1705 docti
627 1649 724 1704 viri
748 1646 888 1704 fama
931 1646 1092 1702 totius
1135 1643 1389 1700 Ecclesiae
1424 1649 1773 1698 'contcstantc

198 1741 456 1808 catholici,
477 1748 532 1795 et
551 1747 850 1795 creaturam
880 1738 1004 1804 Dei,
1023 1744 1078 1792 et
1101 1736 1311 1806 nuptias
1340 1735 1407 1790 ab
1437 1733 1526 1788 illo
1555 1733 1769 1789 institu-

200 1843 288 1899 tas,
313 1841 370 1887 et
391 1829 567 1900 legem
599 1829 667 1883 ab
691 1843 757 1884 eo
775 1828 794 1860 ι
819 1843 916 1898 per
942 1833 1181 1882 sanctum
1204 1824 1420 1896 Moysen
1451 1822 1628 1878 datam
1645 1863 1660 1887 ,
1717 1831 1772 1878 et

198 1924 410 1981 liberum
426 1921 706 1976 arbitrium
735 1915 1413 1974 naturreliominisinsitum
1433 1955 1446 1979 ,
1477 1922 1528 1970 et
1557 1921 1771 1970 sanctos

199 2012 528 2068 Patriarchas
552 2018 608 2065 et
631 2009 926 2081 Prophetas
943 2007 1137 2063 debitis
1149 2021 1212 2062 ac
1239 2005 1486 2076 congruis
1509 2005 1766 2075 praedicao

199 2101 418 2158 tionibus
467 2100 726 2166 laudant;
781 2116 900 2170 qua:
939 2098 1114 2152 omnia
1154 2097 1427 2168 quinque'
1451 2095 1727 2150 Manichzei
1751 2137 1766 2162 ,

200 2193 376 2264 partim
420 2191 672 2262 negando
699 2229 716 2258 ,
777 2189 966 2261 partim
1007 2188 1166 2244 etiam
1219 2187 1532 2242 detestando
1574 2185 1773 2242 conde-

199 2293 401 2347 ruinam;
424 2280 564 2336 unde
587 2288 812 2352 apparet
837 2284 964 2334 istos
985 2277 1232 2334 doctores
1252 2276 1542 2334 catholicos
1563 2276 1720 2348 longe
1740 2291 1772 2331 a

198 2372 597 2427 ﬂanicliaeorum
627 2371 874 2426 sensibus
885 2371 1084 2426 alienos
1107 2387 1120 2424 :
1137 2379 1191 2424 et
1212 2377 1387 2424 tamen
1405 2376 1648 2424 asserunt
1663 2369 1771 2423 ori-

196 2465 361 2535 ginale
377 2471 649 2534 peccatum
665 2503 685 2528 ,
706 2469 956 2518 asserunt
982 2462 1202 2533 gratiam
1233 2461 1328 2516 Dei
1358 2475 1521 2532 super
1543 2460 1770 2516 liberum

195 2555 484 2621 arbitrium,
503 2569 662 2610 omne
679 2553 997 2609 antecedere
1023 2553 1268 2609 meritum
1285 2593 1301 2621 ,
1335 2559 1393 2608 ut
1421 2567 1549 2608 vere
1573 2553 1774 2623 gratui-

199 2657 304 2702 tum
326 2647 550 2701 divinum
576 2645 1148 2718 przebeatadjutorium
1164 2661 1180 2712 ;
1198 2652 1442 2700 asserunt
1459 2652 1674 2700 sanctos
1700 2643 1772 2698 ita

194 2736 328 2808 iuste
346 2737 396 2789 in
424 2736 518 2790 hac
532 2750 695 2790 carne
715 2733 1002 2802 vixisse,ut
1017 2735 1094 2790 eis
1114 2744 1254 2791 esset
1271 2734 1652 2800 necessarium,
1667 2748 1772 2804 quo

198 2829 513 2886 dimittantur
521 2827 829 2899 quotidiana
842 2835 1080 2898 peccata,
1093 2827 1350 2884 orationis
1363 2826 1636 2892 auxilium,
1653 2841 1772 2896 per-

202 2919 485 2989 lectamque
498 2918 768 2988 justitiam,
789 2933 910 2989 qua:
928 2934 1034 2974 non
1059 2919 1226 2989 possit
1251 2917 1444 2972 habere
1460 2923 1731 2988 peccatum
1751 2956 1769 2983 ,

208 3012 266 3066 in
279 3012 377 3066 alia
394 3011 492 3066 vita
505 3010 722 3066 futuram
736 3012 840 3079 eis,
854 3011 1093 3082 quijuste
1111 3011 1194 3066 hic
1207 3011 1450 3074 vixerint,
1468 3009 1768 3080 praemium.

285 3103 372 3158 54.
403 3102 529 3169 Quid
546 3114 622 3158 est
645 3118 778 3173 ergo
806 3102 948 3174 quod
970 3103 1184 3169 dicunt,
1217 3101 1544 3170 Simplicibus
1573 3099 1769 3172 episco-

208 3195 282 3264 pis
298 3193 336 3260 ³,
357 3195 462 3248 sine
475 3194 864 3266 congregatione
883 3193 1064 3265 synodi
1092 3194 1146 3250 in
1173 3193 1296 3248 locis
1321 3192 1425 3248 suis
1448 3189 1729 3248 sedentibus
1752 3228 1770 3258 ,

267 3349 280 3379 ³
313 3347 422 3411 Editi
442 3311 800 3411 praiterlerant,
821 3347 882 3411 ab
903 3360 977 3400 eo.
999 3354 1164 3399 Exstat
1183 3345 1235 3400 in
1257 3355 1364 3398 ttss.

1886 473 2077 516 extorta
2095 464 2390 536 subscriptio
2419 469 2527 523 est?
2547 468 2808 542 Numquid
2838 472 3158 534 beatissimis
3187 486 3240 535 et
3268 479 3321 535 in
3351 480 3458 538 ﬁdo

1881 553 2138 610 catholica
2158 558 2615 618 excellentissimis
2642 564 2768 619 viris
2795 566 3060 638 Cypriano
3087 581 3142 626 et
3170 572 3454 634 Ambrosio

1880 653 2005 700 ante
2031 647 2194 715 istos,
2225 647 2481 706 adversus
2535 653 2666 709 istos
2709 665 2917 712 extorta
2959 659 3280 732 subscriptio
3327 676 3452 720 est:

1879 736 1970 807 qui
1997 737 2014 769 ³
2041 751 2225 793 eorum
2252 738 2412 810 impia
2436 741 2682 813 dogmata
2707 753 2851 800 tanta
2874 749 3300 810 manifestatione
3323 756 3456 812 sub-

1877 837 2112 896 vertant,
2135 838 2192 884 ut
2210 846 2329 901 qua:
2359 843 2542 888 contra
2563 849 2658 890 eos
2685 836 3076 897 manifestiora'
3091 841 3346 912 dicamus,
3367 847 3455 904 vix

1877 933 1977 975 nos
2003 920 2239 976 invenire
2268 923 2532 992 possimus
2557 925 2580 980 ?
2603 925 2710 981 Aut
2731 943 2863 984 vero
2893 934 3302 1003 congregatione
3326 951 3456 1008 syn-

1878 1009 1965 1064 odi
1988 1025 2122 1081 opus
2149 1021 2296 1079 erat,
2321 1021 2378 1067 ut
2400 1024 2580 1084 aperta
2598 1017 2860 1092 pernicies
2887 1018 3268 1078 damnaretur?
3305 1026 3455 1096 quasi

1877 1099 2024 1154 nulla
2071 1099 2292 1158 haeresis
2331 1103 2616 1174 aliquando
2665 1107 2766 1162 nisi
2809 1109 3000 1182 synodi
3047 1117 3454 1185 congregatione

1878 1191 2123 1248 damnata
2150 1195 2256 1250 sit:
2283 1210 2402 1250 cum
2434 1198 2608 1266 potius
2628 1199 2917 1256 rarissima:
2942 1201 3298 1271 inveniantur,
3326 1221 3455 1276 pro~

1878 1293 1997 1355 pter
2018 1301 2147 1356 quas
2163 1285 2490 1343 damnaudas
2507 1291 2798 1366 necessitas
2820 1291 2938 1347 talis
2951 1293 3243 1360 exsﬁterit;
3258 1297 3453 1350 multo-

1878 1391 1982 1447 que
2005 1377 2110 1431 sint
2139 1387 2296 1447 atque
2323 1379 2808 1450 incomparabiliter
2833 1383 3036 1454 plures,
3055 1399 3172 1454 qua:
3193 1383 3280 1440 ubi
3299 1385 3455 1442 exstic

1876 1476 2055 1523 terunt
2072 1510 2088 1536 ,
2123 1469 2230 1524 illic
2260 1471 2545 1541 improbari
2567 1471 2915 1544 damnarique
2941 1485 3274 1541 meruerunt,
3295 1485 3455 1548 atque

1875 1559 1999 1615 inde
2028 1578 2123 1632 per
2149 1573 2370 1616 (τωρωι-διε
2389 1571 2554 1618 terras
2575 1563 2874 1619 devitandae
2900 1567 3230 1622 innotescere
3269 1574 3454 1637 potue-

1875 1661 2018 1706 runt.
2051 1652 2245 1708 Verum
2275 1654 2497 1710 istorum
2521 1655 2802 1725 superbia,
2831 1672 2949 1728 qua:
2973 1665 3172 1711 tantum
3202 1672 3261 1712 se
3282 1655 3450 1712 extol-

1876 1745 1936 1800 lit
1963 1745 2218 1801 adversus
2240 1747 2430 1812 Deum,
2458 1754 2515 1801 ut
2542 1763 2645 1801 non
2673 1747 2726 1802 in
2750 1749 2839 1801 illo
2869 1748 3025 1814 velit,
3057 1747 3151 1804 sed
3193 1749 3370 1819 potius
3397 1749 3452 1804 in

1875 1837 2040 1894 libero
2067 1839 2286 1895 arbitrio
2305 1839 2538 1910 gloriari,
2559 1839 2696 1896 bane
2716 1841 2874 1896 etiam
2900 1842 3123 1912 gloriam
3141 1852 3354 1913 captare
3369 1842 3452 1899 in-

1875 1931 2147 2002 telligitur,
2175 1941 2232 1986 ut
2255 1941 2470 2002 propter
2495 1933 2611 1988 illos
2633 1931 2866 1988 Orientis
2890 1942 2946 1988 et
2970 1932 3270 1990 Occidentis
3285 1947 3452 2008 syno-

1873 2023 1974 2079 dus
2001 2033 2366 2094 congregetur.
2389 2024 2583 2080 Orbcm
2601 2025 2794 2096 quippe
2822 2025 3141 2080 catholicum
3161 2067 3176 2092 ,
3200 2027 3453 2097 quoniam

1875 2113 2100 2168 Domino
2147 2114 2224 2169 eis
2276 2114 2556 2170 resistente
2597 2124 2901 2185 pervertere
2932 2125 3232 2184 nequeunt,
3261 2115 3454 2171 saltem

1875 2217 2214 2259 commovere
2257 2212 2552 2258 conantur:
2583 2219 2707 2259 cum
2738 2205 2916 2274 potius
2941 2204 3207 2275 vigilantia
3249 2212 3304 2260 et
3334 2203 3456 2259 dili-

1874 2296 2050 2366 gentia
2079 2293 2330 2364 pasmrali
2359 2303 2480 2366 post
2509 2293 2705 2349 factum
2725 2294 2794 2349 de
2823 2295 2928 2349 illis
2959 2302 3266 2364 competens
3309 2291 3457 2349 sufﬁ-

1874 2384 2124 2455 ciensque
2147 2385 2440 2455 judicium,
2474 2385 2790 2456 ubicumque
2829 2385 2915 2439 isti
2944 2385 3052 2454 lupi
3081 2383 3451 2455 apparuerint,

1877 2477 2193 2534 contercudi
2219 2478 2346 2545 sint,
2361 2477 2475 2532 sive
2501 2486 2558 2532 ut
2583 2485 2836 2532 sanentur
2861 2487 3020 2546 atque
3041 2475 3456 2541 mutentur,sive

1877 2576 1934 2622 ut
1958 2567 2027 2622 ab
2050 2567 2273 2622 aliorum
2303 2568 2476 2622 salute
2497 2575 2654 2637 atque
2682 2567 2982 2636 integritate
3007 2567 3272 2633 vitentur;
3296 2565 3451 2636 adju-

1875 2667 2031 2713 vante
2058 2658 2277 2713 Pastore
2297 2667 2590 2728 pastorum,
2615 2658 2704 2728 qui
2729 2673 2884 2713 ovem
2909 2657 3167 2728 perditam
3185 2658 3308 2713 etin
3335 2673 3457 2726 par-

1877 2749 2014 2804 vulis
2039 2747 2260 2819 quatrit,
2285 2748 2376 2818 qui
2401 2762 2530 2804 oves
2569 2755 2782 2803 sanctas
2821 2755 2878 2803 et
2908 2747 3082 2818 justas
3107 2747 3271 2818 gratis
3295 2745 3452 2812 facit,

1875 2839 2073 2910 quiens
2099 2839 2343 2910 quamvis
2366 2838 2722 2895 sanctiﬁcatas
2747 2849 2802 2894 et
2824 2838 3142 2910 justiﬁealas
3159 2879 3178 2905 ,
3208 2839 3454 2896 tamenin

1875 2933 1976 2988 iSta
2005 2929 2286 3002 fragilitate
2313 2940 2470 3001 atque
2497 2930 2808 2986 inﬁrmitate
2832 2945 2932 3002 pro
2961 2929 3287 3002 quotidianis
3326 2945 3455 2999 pec-

1875 3024 2040 3088 eatis,
2073 3023 2188 3078 sine
2225 3023 2419 3094 quibus
2441 3021 2531 3078 llic
2555 3038 2661 3078 non
2688 3023 2906 3092 vivitur,
2935 3022 3096 3078 etiam
3145 3035 3268 3077 cum
3317 3021 3455 3076 bene

1875 3114 2070 3170 vivitur
2088 3155 2103 3180 ,
2125 3113 2488 3185 quotidianam
2517 3115 2920 3182 remissionem,
2960 3120 3097 3168 etut
3121 3119 3304 3183 petant
3332 3125 3457 3182 pro-

1875 3207 2114 3264 videnter
2132 3207 2375 3276 instruit,
2397 3214 2454 3264 et
2480 3214 2720 3280 petentes
2742 3207 3032 3264 clementer
3056 3203 3290 3260 exaudit.

1939 3381 1956 3413 ι
1992 3379 2127 3436 Editi.
2159 3392 2270 3442 qua.
2292 3386 2352 3442 ,At
2377 3387 2465 3442 uss
2487 3417 2501 3438 ,
2528 3377 2629 3442 qui.

264 3411 284 3474 ξ
311 3410 377 3458 sic
397 3409 495 3474 uss.
516 3417 572 3459 At
592 3410 735 3474 editi,

268 3471 284 3502 ¹
972 3468 1222 3537 episcopis.
1254 3470 1434 3532 Abest,
1456 3466 1519 3520 de
1536 3503 1552 3530 ,
1575 3481 1606 3518 a
1625 3475 1736 3519 Mss.
1938 3444 1960 3474 ³
1991 3449 2118 3500 MSS"
2143 3439 2534 3504 ’ἠωιέίεδδαίίυναο

1184 3899 1267 3962 ΙΝ
1331 3897 1610 3960 LIBROS
1675 3895 1998 3959 CONTRA
2063 3890 2486 3956 JULIANUM.

1589 4015 2062 4076 “ﬁctaest-sse

283 4125 428 4180 loliis
451 4123 596 4182 libris
621 4124 976 4196 Hieronymus
1002 4121 1276 4194 presbyter
1302 4120 1543 4176 laudatur
1567 4127 1814 4187 tanquam
1845 4116 1953 4170 vita
1977 4113 2086 4185 jam
2117 4113 2329 4168 functus
2355 4113 2373 4182 (
2403 4111 2517 4165 Lib.
2547 4111 2599 4176 l,
2629 4125 2681 4164 η.
2713 4109 2819 4174 ’54;
2847 4107 2934 4163 lib.
2976 4109 3032 4174 2,
3063 4125 3116 4165 η.
3147 4108 3215 4162 36
3235 4108 3280 4180 ).
3329 4107 3462 4164 Por-

226 4231 278 4271 ro
300 4218 465 4274 evivis
487 4217 574 4272 ille
599 4233 740 4272 anno
764 4214 960 4272 Christi
985 4214 1110 4280 420,
1145 4213 1310 4283 pridie
1350 4211 1603 4266 kalendas
1635 4207 1867 4264 octobris
1895 4205 2140 4262 excessit.
2166 4205 2274 4260 llos
2303 4219 2429 4274 ergo
2451 4203 2614 4256 libros
2640 4215 2744 4255 non
2767 4209 2888 4254 ante
2914 4215 3109 4252 annum
3152 4199 3250 4254 421
3298 4199 3466 4254 collo-

228 4323 333 4366 care
354 4311 484 4366 licet.
511 4310 798 4366 Enimvero
830 4309 944 4378 ipse
975 4305 1300 4375 Augustinus
1347 4303 1400 4357 iu
1429 4296 1914 4357 Relractationibus
1939 4305 2056 4366 post
2085 4309 2218 4365 opus
2246 4293 2310 4348 ad
2342 4291 2668 4348 Bonifacium
2696 4289 2833 4360 quod
2855 4299 3038 4343 contra
3065 4289 3198 4342 duas
3227 4287 3465 4358 Pelagia-

228 4415 388 4456 norum
412 4401 668 4472 Epistolas
687 4413 832 4454 anno
854 4397 979 4464 4:20,
1007 4409 1098 4452 aut
1122 4412 1226 4451 non
1255 4394 1420 4450 multo
1446 4393 1618 4448 serius
1645 4390 1845 4448 editum
1871 4396 1972 4451 est,
2005 4384 2348 4455 subscqucnti
2373 4398 2467 4438 eos
2491 4383 2608 4437 loco
2639 4380 2922 4436 recensuit.

286 4492 335 4547 In
362 4470 517 4564 primo
546 4494 680 4548 libro
707 4489 908 4563 peccati
935 4487 1204 4560 originalis
1228 4489 1435 4557 dogma,
1463 4484 1572 4556 jam
1603 4492 1726 4537 ante
1750 4497 1781 4536 a
1808 4496 1866 4536 se
1898 4479 2036 4534 libro
2065 4478 2240 4548 priore
2265 4477 2332 4532 de
2359 4475 2564 4544 Nuptiis
2591 4484 2644 4529 et
2673 4473 3112 4564 Concupisecntia
3139 4470 3460 4564 explicatum

228 4561 612 4652 conﬁrmaturus,
639 4561 873 4641 ostendit
898 4582 1124 4654 primum
1149 4577 1419 4634 Manicluci
1447 4575 1644 4631 erroris
1669 4572 2114 4637 criminationem,
2146 4583 2248 4639 qua
2275 4567 2596 4630 Catholicos,
2629 4564 2890 4634 dogmatis
2919 4563 3074 4618 istius
3124 4561 3460 4618 defensores.

227 4678 408 4735 allicere
429 4680 664 4735 Julianus
692 4677 980 4742 nitebatur,
1005 4675 1057 4729 in
1083 4671 1405 4728 clarissimos
1432 4682 1670 4741 quosque
1693 4665 1927 4730 Patrum,
1957 4669 2062 4717 tam
2090 4673 2408 4732 graecorum,
2437 4671 2594 4728 quam
2621 4656 2930 4719 latinorum,
2963 4654 3202 4710 recidere
3245 4673 3260 4708 :
3289 4655 3454 4708 altera

227 4767 390 4826 deinde
413 4779 554 4840 parte
583 4770 703 4825 libri
728 4768 1074 4834 demonstrat,
1103 4761 1420 4818 Manichmos
1447 4757 1742 4816 temerariis
1774 4757 1974 4825 aliquot
1999 4753 2164 4824 ipsius
2191 4751 2383 4806 Juliani
2412 4749 2686 4804 sententiis
2714 4749 2995 4818 plurimum
3025 4747 3282 4816 adjuvari.

284 4861 331 4915 ln
357 4861 602 4926 secundo,
631 4859 1036 4928 Pelagianorum
1084 4862 1266 4910 contra
1293 4851 1546 4924 originale
1573 4857 1845 4921 peccatum
1875 4845 2357 4916 argumentationes
2396 4842 2629 4912 quinque
2654 4840 2904 4896 convellit
2926 4841 3237 4895 auctoritate
3261 4854 3460 4910 praece-

222 4952 431 5010 dentium
450 4955 698 5010 Ecclesia:
723 4949 1413 5018 doctorum,episcoporum
1432 4943 1676 5000 videlicet
1701 4940 2040 4996 illustriorqu
2055 4937 2262 4999 decem,
2283 4935 2488 5002 lrcuaai,
2517 4933 2789 5006 Cypriani,
2807 4933 3012 5000 Rcticii,
3042 4931 3462 5004 Olympii,‘lli|a-

219 5047 298 5115 rii,
324 5047 552 5119 Gregorii
581 5045 920 5115 Nazianzeni,
949 5041 1236 5104 Ambrosii,
1261 5039 1459 5104 Basilii,
1477 5035 1696 5092 Joannis
1721 5029 2308 5102 Constantinopolitani,
2329 5037 2382 5086 ct
2405 5027 2736 5095 Innocentii;
2770 5043 2974 5084 necnon
3001 5029 3303 5084 testimonio
3334 5043 3458 5100 prc-

215 5141 399 5213 sbyteri
421 5139 750 5212 Hieronymi,
772 5140 872 5194 viri
894 5137 1059 5194 sancti
1087 5150 1151 5191 ac
1175 5133 1485 5206 pereruditi.

275 5233 401 5288 Hinc
416 5233 526 5304 jam
552 5233 776 5304 singulis
800 5240 1026 5302 quatuor
1045 5227 1238 5284 Juliani
1264 5225 1413 5280 libris
1433 5222 1760 5294 Augustinus
1786 5219 2024 5291 singulos
2052 5218 2268 5274 totidem
2299 5232 2426 5274 suos
2451 5219 2692 5289 opponit,
2741 5218 2881 5273 dicta
2922 5218 3062 5274 illius
3085 5219 3260 5274 omnia
3301 5234 3464 5274 excu-

209 5327 357 5390 tiens.
387 5327 452 5381 iis
470 5333 672 5380 tantum
697 5321 1068 5394 prmtermissis
1093 5334 1211 5390 quae
1238 5317 1436 5373 nodum
1463 5313 1774 5386 quaestionis
1799 5312 1962 5368 ullum
1993 5326 2100 5366 non
2125 5309 2341 5365 habent.
2369 5310 2447 5364 Ac
2477 5310 2632 5364 tertio
2664 5308 2875 5380 quidem
2894 5323 2991 5364 suo
3016 5311 3244 5380 prinmm
3271 5309 3462 5363 adverc

103 5397 106 5401 ’
206 5417 326 5472 sarii
353 5416 546 5472 librum
575 5417 655 5472 sic
682 5413 896 5482 refellit,
938 5419 1201 5468 utcontra
1225 5425 1348 5465 eum
1375 5407 1585 5479 probet,
1615 5403 1858 5476 quamvis
1885 5404 2024 5460 Deus
2060 5404 2232 5460 bonus
2269 5401 2544 5457 hominum
2565 5403 2633 5457 sit
2655 5401 2920 5470 conditor,
2947 5401 3206 5473 bonaeque
3237 5401 3344 5456 sint
3367 5417 3468 5456 nu-

206 5510 323 5579 pti.e
348 5518 406 5565 et
440 5507 506 5563 ab
531 5509 646 5579 ipso
673 5506 947 5567 institutae.
975 5503 1169 5558 malam
1199 5509 1376 5556 tamen
1399 5513 1518 5555 esse
1539 5495 2042 5568 concupiscentiam,
2069 5510 2171 5566 qua
2197 5509 2323 5550 caro
2351 5503 2536 5550 contra
2560 5493 2805 5564 spiritum
2827 5495 3174 5564 concupiscit.
3192 5495 3302 5550 lloe
3319 5495 3466 5550 malo

201 5599 337 5654 bene
361 5598 442 5653 uti
467 5597 785 5668 conjugium,
809 5594 1104 5664 meliusque
1122 5606 1228 5647 non
1245 5589 1322 5646 uti
1360 5587 1760 5644 continentiam.
1797 5585 1990 5642 Malum
2024 5594 2200 5641 autem
2221 5584 2363 5640 istud
2383 5601 2487 5640 non
2514 5600 2582 5641 ex
2604 5585 2707 5641 alia
2725 5585 3018 5642 substantia
3046 5587 3154 5641 Deo
3172 5595 3459 5655 coaeterna,

203 5705 261 5750 ut
287 5691 610 5747 Manichacus
634 5691 848 5758 insanit,
873 5688 1028 5744 nobis
1053 5700 1173 5743 esse
1200 5683 1550 5756 permixtum;
1584 5679 1679 5738 sed
1707 5695 1805 5750 per
1830 5679 1960 5736 Adae
1986 5679 2398 5734 inobedientiam
2427 5687 2668 5734 exortum
2698 5688 2858 5748 atque
2897 5678 3219 5745 traductum,
3269 5688 3324 5735 et
3363 5695 3459 5750 per

201 5785 400 5842 Christi
429 5784 774 5841 obedientiam
803 5779 1122 5853 expiandum
1147 5775 1564 5846 sanandumque.
1593 5773 1673 5830 Ex
1695 5773 1824 5844 ipsis
1849 5786 2060 5846 quoque
2081 5770 2274 5828 Juliani
2299 5770 2454 5829 dictis
2482 5771 2673 5827 malam
2719 5771 2954 5828 ostendit
2995 5786 3114 5830 esse
3157 5772 3452 5831 libidinem.
