3984 6520
541 379 646 436 639
1625 377 1681 437 S.
1721 380 2083 438 AUGUSTINI
2121 381 2448 439 EPISTOLA
2487 380 2692 441 CCVII.
3692 391 3814 450 610

614 495 668 548 In
697 501 901 566 quarto,
927 501 1110 548 contra
1136 490 1422 547 secundum
1453 492 1640 546 librum
1665 492 1858 548 Juliani
1883 493 1986 549 duo
2015 495 2304 564 praesertim
2335 495 2508 562 docet,
2559 510 2721 550 unum
2758 493 2990 566 quidem,
3043 495 3268 554 virtutes
3309 495 3598 554 Infidelium
3643 517 3814 558 veras

546 601 653 641 non
691 599 810 642 esse
842 603 855 639 :
883 585 1106 640 alterum
1136 599 1283 652 vero,
1311 586 1503 640 malam
1528 600 1646 640 esse
1679 587 2336 658 concupiscentiam,quod
2369 588 2494 656 ipsis
2514 589 2671 642 etiam
2705 587 2990 644 Gentilium
3003 590 3298 658 sententiis,
3345 591 3612 660 przebente
3638 607 3812 649 occa-

539 681 742 734 sionem
779 676 1011 742 Juliano,
1036 683 1438 730 commonstrat.
1470 677 1621 732 Circa
1647 677 1878 730 medium
1907 675 2025 732 libri
2053 678 2230 747 paucis
2259 678 2429 731 obiter
2452 677 2702 741 ostendit,
2736 678 3002 752 quomodo
3029 680 3194 750 gratia
3223 695 3326 734 non
3353 681 3644 737 secundum
3685 699 3814 739 me-

539 766 638 819 rita
668 765 842 831 detur,
871 780 970 820 nec
991 774 1164 822 tamen
1203 765 1258 819 in
1287 765 1450 820 fatum
1487 766 1557 822 sit
1595 765 1877 822 referenda
1907 784 1919 820 :
1951 776 2110 838 utque
2147 766 2541 837 intelligendum
2579 769 2730 836 quod.
2765 769 3052 840 Apostolus
3093 770 3185 838 ait,
3229 771 3396 826 Deum
3437 774 3573 830 velle
3611 791 3811 831 omnes

503 843 506 847 ’
538 855 782 911 homines
810 856 985 912 salvos
1023 855 1156 912 fieri.

607 947 665 1001 In
694 947 897 1018 quinto,
929 949 1118 1002 librum
1148 947 1436 1002 adversarii
1465 948 1676 1002 tertium
1725 947 2024 1014 confutans,
2070 948 2196 1003 dicit
2231 963 2326 1003 cur
2353 963 2544 1003 novam
2588 949 2834 1004 haeresim
2875 966 2992 1020 quae
3037 951 3254 1022 originis
3300 964 3572 1023 peccatum
3617 965 3808 1024 negat,

534 1041 827 1097 detestetur
851 1043 1128 1096 multitudo
1153 1043 1471 1108 christiana,
1498 1045 1619 1114 quia
1646 1044 1892 1097 nimirum
1920 1045 2196 1113 imaginem
2229 1045 2317 1098 Dei
2348 1052 2520 1098 tantos
2546 1043 2630 1098 hic
2657 1045 2709 1098 in
2753 1045 2984 1114 parvulis
3025 1047 3290 1102 cruciatus
3323 1049 3452 1117 pati,
3503 1058 3558 1104 et
3583 1049 3630 1104 si
3671 1052 3808 1105 abs-

534 1147 638 1202 que
664 1132 1225 1202 Baptismointereant,
1255 1149 1285 1189 a
1315 1149 1481 1204 regno
1510 1134 1599 1188 Dei
1627 1133 1835 1188 excludi
1881 1135 2042 1188 novit.
2091 1133 2418 1189 Perizomata
2445 1149 2474 1186 a
2505 1135 2810 1202 parentibus
2849 1136 3037 1208 primis
3060 1137 3128 1191 ob
3169 1138 3426 1206 pudorem
3476 1155 3540 1194 ex
3581 1151 3810 1209 peccato

534 1225 833 1280 venientem
851 1235 1115 1295 assumpta
1137 1226 1341 1296 probat.
1377 1226 1654 1280 Peccatum
1681 1241 1838 1295 posse
1864 1241 1984 1280 esse
2012 1226 2353 1294 prmcedcntis
2373 1225 2576 1294 peccati
2598 1239 2828 1296 poenam.
2873 1229 2950 1282 Ex
2989 1229 3174 1284 eadem
3226 1229 3580 1286 damnationis
3623 1247 3806 1287 massa

538 1331 660 1372 esse
691 1318 823 1372 alios
850 1318 1014 1387 gratis
1043 1318 1259 1382 electos,
1293 1318 1427 1372 alios
1456 1332 1575 1372 vasa
1604 1317 1696 1370 irae
1723 1315 1908 1370 factos.
1933 1317 2420 1385 Concupiscentiam
2447 1330 2552 1370 non
2584 1315 2703 1371 ideo
2729 1317 2886 1372 laude
2921 1317 3156 1388 dignam,
3184 1319 3322 1390 quod
3349 1335 3441 1390 per
3468 1337 3586 1376 eam
3627 1322 3808 1375 homi-

536 1410 622 1465 nis
665 1409 1018 1465 iuobedientia
1050 1411 1313 1480 puniatur;
1343 1409 1434 1464 sed
1471 1425 1682 1478 semper
1707 1423 1828 1464 esse
1862 1409 2077 1474 malam,
2111 1407 2163 1462 in
2194 1407 2296 1462 illis
2323 1409 2502 1467 etiam.
2535 1408 2624 1478 qui
2655 1409 2702 1464 ei
2735 1423 2839 1463 non
2877 1411 3236 1465 consentiunt.
3283 1411 3558 1480 Quomodo
3599 1413 3808 1467 intelli-

533 1504 762 1575 gendum
797 1505 920 1559 illud
954 1507 1190 1574 Apostoli
1211 1547 1226 1572 ,
1255 1515 1309 1558 ut
1343 1505 1466 1560 sciat
1495 1504 1836 1574 unusquisque
1862 1519 2007 1557 suum
2036 1519 2120 1556 vas
2150 1502 2420 1572 possidere.
2457 1501 2650 1558 Verum
2684 1503 2800 1557 sine
2829 1503 3112 1557 concubitu
3137 1519 3275 1570 esse,
3303 1505 3456 1574 quale
3477 1505 3658 1560 Mariae
3679 1520 3808 1559 cum

533 1595 730 1666 Joseph
754 1597 866 1664 luit,
893 1597 1212 1666 conjugium.
1244 1596 1457 1649 Frustra
1488 1594 1754 1649 Julianum
1785 1608 1854 1648 ex
1881 1591 2228 1647 Aristotelicis
2246 1591 2522 1661 categoriis
2548 1600 2732 1647 contra
2773 1591 3025 1662 originale
3053 1603 3324 1661 peccatum
3354 1595 3606 1664 argutari.
3659 1595 3806 1662 Quid

534 1704 660 1744 caro
682 1689 876 1744 Christi
903 1704 930 1742 a
959 1699 1270 1743 cavterorum
1301 1687 1572 1742 hominum
1603 1701 1762 1742 carne
1789 1685 1989 1755 peccati
2028 1684 2204 1738 distet.
2235 1683 2538 1740 Manichznis
2580 1685 2797 1738 minime
2821 1685 2997 1739 favere
3025 1682 3345 1750 Catholicos,
3387 1685 3510 1740 dum
3561 1687 3811 1746 libidinis

535 1781 732 1834 malum
762 1788 817 1834 ct
841 1780 1058 1850 originis
1087 1781 1270 1834 vitium
1304 1787 1631 1849 agnoscunt;
1661 1777 1754 1833 sed
1780 1777 2090 1849 Pelagianos
2119 1777 2313 1846 potius,
2343 1790 2464 1832 cum
2491 1795 2514 1829 ι
2546 1775 2612 1832 de
2637 1792 2698 1832 ea
2729 1792 2787 1834 re
2811 1793 2929 1848 quce
2957 1792 2984 1830 a
3015 1787 3234 1847 peccato
3257 1778 3422 1836 libera
3448 1793 3529 1834 εει
3558 1798 3576 1832 ι
3610 1779 3808 1836 dicunt

546 1891 565 1924 ι
599 1881 812 1942 peccata
846 1887 950 1926 non
981 1872 1147 1926 nasci.
1187 1891 1204 1922 ι

609 1962 773 2018 Sexto
804 1963 1013 2017 tandem
1045 1963 1180 2016 libro
1217 1961 1281 2016 ad
1311 1961 1503 2016 Juliani
1527 1969 1770 2032 quartum
1797 1958 2153 2029 respondens,
2183 1957 2326 2012 nasci
2368 1957 2635 2018 hominem
2674 1973 2792 2013 cum
2833 1967 3049 2028 peccato
3094 1961 3374 2014 conlirmat
3411 1973 3476 2014 cx
3521 1959 3812 2030 Baptismo

532 2056 902 2128 parvulorum,
925 2071 989 2110 ex
1019 2055 1252 2123 Apostoli
1281 2054 1486 2118 verbis,
1516 2061 1569 2108 et
1602 2054 1708 2106 ritu
1734 2050 2016 2106 exorcismi
2047 2066 2112 2104 ex
2139 2047 2522 2108 exsufﬂationis
2549 2047 3002 2118 baptizandorum.
3031 2050 3174 2104 Olete
3213 2057 3266 2104 et
3306 2049 3518 2108 oleastri
3549 2052 3812 2120 exemplo

532 2144 908 2204 convenienter
936 2144 1152 2213 exponit
1193 2142 1458 2216 quomodo
1503 2158 1576 2202 ex~
1599 2141 1902 2213 parentibus
1942 2139 2265 2210 regeneratis
2301 2154 2364 2194 ac
2389 2139 2543 2207 justis
2571 2149 2854 2198 nascantur
2885 2141 2974 2200 filii
3007 2149 3310 2209 peccatores
3335 2149 3388 2196 et
3417 2143 3806 2212 regenerandi.

531 2233 816 2294 Peccatum
861 2235 1116 2305 originale
1159 2233 1212 2288 in
1255 2234 1439 2308 primis
1479 2234 1788 2303 parentibus
1815 2231 2170 2286 voluntarium
2213 2245 2332 2286 esse
2356 2229 2620 2296 ostendit,
2664 2245 2728 2286 ac
2769 2231 2920 2286 nobis
2949 2232 3160 2302 quidem
3197 2232 3430 2294 aliemtm
3469 2233 3812 2304 proprietate

533 2325 796 2394 actionis,
817 2335 1055 2382 nostrum
1085 2335 1260 2379 tamen
1281 2326 1595 2396 contagione
1625 2323 1943 2394 propaginis.
1977 2321 2144 2392 Hujus
2175 2321 2372 2393 peccati
2399 2321 2590 2376 merito
2619 2321 2730 2376 fieri
2754 2361 2769 2387 ,
2797 2330 2854 2376 ut
2883 2323 3044 2378 tantis
3067 2323 3134 2378 ab
3155 2321 3376 2378 infantia
3398 2323 3628 2380 miseriis
3660 2333 3810 2380 atte-

533 2428 680 2474 ratur
702 2431 870 2487 genus
897 2417 1185 2472 humanum
1207 2457 1228 2483 ,
1249 2425 1414 2486 utque
1449 2415 1648 2487 parvuli
1676 2415 1790 2470 sine
1815 2415 2226 2484 regenerationis
2251 2413 2418 2483 gratia
2443 2411 2728 2466 morientes
2753 2413 3099 2468 excludantur
3122 2427 3153 2467 a
3181 2429 3345 2484 regno
3371 2414 3484 2469 Dei.
3511 2414 3810 2484 Quomodo

531 2509 956 2578 concupiscentia
984 2519 1161 2564 manet
1184 2518 1326 2575 actu,
1353 2507 1588 2578 praeterit
1615 2515 1783 2560 reatu.
1811 2505 1959 2560 Pauli
1985 2504 2282 2560 testimonia
2305 2517 2556 2573 perverse
2583 2517 2613 2556 a
2633 2502 2843 2558 Juliano
2867 2505 3105 2574 exposita
3129 2511 3342 2560 revocat
3369 2505 3434 2560 ad
3459 2505 3802 2561 catholicum

531 2599 878 2656 intellectum.
921 2587 1218 2655 Ezechielis
1245 2607 1514 2668 postremo
1537 2595 1938 2660 auctoritatem,
1967 2609 2071 2666 qua
2113 2593 2202 2648 ille
2243 2593 2591 2660 abutebatur,
2637 2591 2924 2648 secundum
2953 2593 3246 2666 legitimum
3283 2610 3496 2651 sensum
3529 2595 3806 2667 interpre~

533 2699 693 2744 tatur.

631 2820 720 2879 In
742 2818 934 2880 libros
967 2819 1203 2882 Contra
1233 2819 1584 2892 Iulianum,
1615 2817 1752 2880 vide
1783 2816 1891 2879 lib.
1923 2816 1985 2887 2,
2039 2833 2173 2894 cap.
2207 2815 2311 2888 62,
2351 2817 2918 2890 Retractationum,
2959 2825 3008 2879 τ.
3046 2819 3104 2891 1,
3137 2819 3255 2881 col.
3292 2819 3412 2880 655
3439 2864 3456 2894 ,
3495 2839 3536 2881 a
3563 2820 3812 2890 verbis.

534 2897 784 2960 Interea
811 2899 958 2958 libri
989 2905 1294 2977 quatuor,
1319 2916 1509 2978 usque
1541 2896 1622 2958 ad
1645 2895 1850 2964 verba,
1883 2894 2314 2956 Contumelias
2342 2898 2488 2956 tuas
2522 2901 2586 2956 et
2611 2898 2812 2960 verba
2835 2896 3178 2972 maledica,
3206 2899 3483 2960 Iuliane.
3569 2899 3662 2960 Μ.

603 3079 3808 3104 -η--ῇ--υ-ῃ-ῇ--Ψ--ι-υ--ι--η

720 3095 1782 3360 mensum
1937 3207 2896 3357 EPISTULA
3005 3095 3616 3362 Ccvn.

1946 3453 2348 3488 *ουκ-ν-

1081 3579 1396 3635 Beatissimo
1423 3577 1574 3634 fratr.
1597 3585 1651 3632 et
1673 3575 1988 3646 coepiscopo
2012 3573 2268 3643 Cuwnto,
2289 3576 2639 3646 AUGUSTINUS,
2667 3578 2720 3634 in
2745 3577 2970 3634 Domino
2996 3579 3240 3636 salutem.

603 3694 861 3763 Quoniam
897 3693 1024 3748 mihi
1053 3693 1286 3749 fraterno
1314 3694 1570 3749 excitatus
1608 3693 1798 3748 alfcctu
1819 3735 1834 3760 ,
1865 3692 2058 3748 Juliaui
2085 3701 2312 3763 quatuor
2339 3693 2538 3762 libros,
2579 3710 2710 3764 quos
2734 3695 2986 3752 adversus
3023 3713 3184 3753 unum
3213 3715 3391 3754 meum
3419 3697 3494 3773 (η)
3533 3701 3758 3772 scripsit
3777 3743 3796 3770 ,

531 3787 836 3857 priusquam
867 3795 1096 3856 peterem
1120 3827 1134 3852 ,
1168 3787 1280 3856 ipse
1305 3785 1528 3851 misisti;
1555 3783 1689 3838 nihil
1717 3784 2116 3839 convenientius
2146 3784 2321 3854 putavi
2351 3798 2468 3840 esse
2488 3783 2785 3840 faciendum
2805 3829 2820 3854 ,
2848 3803 3004 3858 quam
3031 3799 3168 3845 utea
3195 3806 3312 3860 qua:
3349 3791 3652 3861 respondeo
3675 3835 3692 3860 ,
3735 3805 3804 3848 tu

529 3879 862 3948 potissimum
907 3879 1087 3948 legens
1129 3878 1366 3948 jndices,
1405 3886 1582 3932 utrum
1609 3887 1754 3934 recte
1791 3885 2246 3948 congruenterque
2273 3877 2662 3947 responderim.
2693 3877 2822 3933 Nam
2852 3879 2920 3934 de
2969 3879 3052 3935 his
3079 3889 3306 3951 quatuor
3345 3883 3492 3938 libris
3530 3887 3800 3942 nonnulla

529 3969 782 4041 decerpta
806 3971 1092 4040 scripserat
1117 3971 1295 4026 nescio
1319 3971 1440 4040 quis
1465 3969 1528 4024 ad
1559 3969 1816 4024 illustrem
1839 3977 1892 4023 et
1921 3969 2226 4038 religiosum
2251 3967 2420 4023 virum
2450 3969 2694 4023 comitem
2726 3967 3012 4035 Valerium,
3035 3971 3291 4028 adversus
3321 3974 3564 4029 eumdem
3591 3975 3804 4031 librum

529 4079 730 4130 meum,
759 4079 914 4134 quem
943 4079 1028 4119 me
1055 4063 1122 4118 ad
1145 4064 1290 4118 illum
1317 4063 1592 4132 scripsisse
1618 4073 1934 4132 cognoverat
1964 4077 1977 4113 :
2001 4075 2118 4130 qua:
2146 4074 2266 4115 cum
2293 4061 2344 4113 in
2370 4075 2558 4114 manus
2587 4075 2733 4118 meas
2756 4061 2943 4116 eodem
2971 4062 3182 4118 sublimi
3213 4065 3326 4118 viro
3353 4077 3574 4122 curante
3605 4071 3804 4124 venis-

530 4168 682 4226 sent,
705 4160 778 4213 illi
809 4159 976 4226 primo
1003 4173 1108 4212 non
1147 4158 1324 4212 distuli
1361 4157 1654 4212 secundum
1681 4158 1924 4212 volumen
1953 4157 2238 4226 adjungerc
2261 4199 2278 4222 ,
2308 4157 2358 4210 in
2391 4172 2493 4228 quo
2515 4157 2600 4210 illa
2623 4159 2798 4212 omnia
2817 4200 2832 4226 ,
2865 4159 3001 4213 sicut
3030 4159 3202 4228 potui,
3238 4159 3480 4215 refutavi.
3507 4161 3618 4216 Sed
3651 4177 3804 4216 nunc

529 4251 746 4306 eosdem
774 4251 938 4305 libros
959 4266 1078 4304 cum
1101 4249 1401 4320 diligentius
1430 4249 1765 4319 inspicerem,
1788 4249 2022 4318 comperi
2053 4249 2222 4310 illum.
2255 4249 2341 4318 qui
2365 4249 2613 4303 nonnulla
2643 4249 2766 4303 inde
2791 4251 3070 4320 sclegcrat,
3097 4266 3200 4304 non
3231 4253 3408 4306 omnia
3447 4255 3516 4305 ita
3543 4252 3804 4320 posuisse

529 4351 588 4397 ut
625 4343 676 4398 in
705 4343 786 4396 his
824 4341 972 4396 libris
1001 4341 1261 4412 leguntur.
1289 4339 1441 4394 Unde
1473 4341 1665 4408 poterit
1694 4339 1861 4394 videri
1889 4337 2102 4394 Juliano
2121 4382 2135 4406 ,
2165 4340 2246 4393 vel
2277 4337 2491 4393 cuilibet
2529 4339 2735 4392 illorum
2757 4380 2770 4403 ,
2803 4355 2888 4394 me
2917 4341 3093 4408 potius
3120 4339 3282 4395 fuisse
3309 4341 3621 4405 mentitum;
3663 4342 3792 4411 quia

525 4451 632 4492 non
661 4435 839 4505 utique
863 4433 1000 4488 sicut
1037 4432 1091 4487 hi
1117 4441 1342 4504 quatuor
1363 4431 1482 4486 libri
1505 4473 1519 4498 ,
1549 4431 1620 4486 ita
1661 4430 1748 4484 illa
1777 4447 1895 4500 qua:
1923 4431 1990 4484 de
2017 4429 2098 4484 his
2126 4437 2372 4498 excerpta
2397 4471 2411 4494 ,
2443 4437 2498 4483 et
2522 4437 2814 4484 memorato
2853 4431 3034 4485 comiti
3063 4431 3222 4484 missa
3261 4440 3417 4498 sunt,
3455 4431 3798 4488 innotescere

525 4537 832 4599 potuerunt.
861 4527 1108 4596 Quisquis
1144 4539 1272 4595 ergo
1311 4533 1365 4579 et
1393 4524 1538 4580 illum
1570 4523 1858 4578 secundum
1889 4523 2080 4576 librum
2108 4537 2282 4576 meum
2313 4520 2378 4576 ad
2405 4521 2651 4575 comitem
2698 4521 2984 4576 identidem
3023 4521 3292 4578 Valerium
3319 4564 3332 4586 ,
3377 4523 3513 4577 sicut
3557 4525 3792 4594 primum

523 4619 878 4686 conscriptum
903 4617 1059 4686 legit,
1091 4615 1294 4668 noverit
1323 4629 1408 4670 me
1437 4613 1486 4667 in
1515 4611 1831 4683 quibusdam
1861 4625 1967 4666 non
1989 4611 2327 4682 respondisse
2355 4610 2596 4678 Juliano;
2641 4610 2734 4668 sed
2768 4611 2816 4666 ei
2845 4613 3018 4682 potius
3043 4613 3131 4681 qui
3161 4611 3226 4667 de
3255 4613 3402 4668 libris
3442 4613 3562 4683 ejus
3591 4615 3682 4670 illa
3709 4631 3796 4671 se-

523 4707 666 4777 legit,
696 4717 749 4762 et
767 4725 872 4762 non
901 4709 971 4762 ita
1001 4707 1175 4776 posuit
1203 4714 1258 4760 ut
1287 4706 1504 4770 invenit,
1536 4704 1628 4759 sed
1651 4704 1974 4773 aliquantum
1997 4703 2197 4773 putavit
2222 4717 2341 4757 esse
2363 4703 2639 4768 mutanda;
2669 4705 2894 4758 fortasse
2919 4713 2976 4757 ut
3001 4719 3065 4757 co
3094 4703 3251 4758 modo
3287 4705 3436 4774 quasi
3472 4721 3568 4760 sua
3593 4706 3796 4762 faceret

525 4812 644 4866 qua:
671 4798 842 4852 aliena
871 4813 992 4852 esse
1013 4807 1300 4852 constaret.
1329 4797 1479 4851 Nunc
1502 4805 1676 4849 autem
1697 4794 1902 4850 veriora
1931 4795 2155 4850 credens
2179 4793 2516 4864 exemplaria,
2541 4809 2658 4864 qute
2685 4803 2770 4848 tua
2793 4795 3054 4850 Sanctitas
3079 4795 3240 4862 misit,
3269 4797 3366 4866 ipsi
3397 4799 3606 4853 auctori
3639 4800 3796 4856 video

525 4887 978 4958 respondendum,
1001 4889 1087 4958 qui
1115 4903 1276 4942 unum
1305 4903 1480 4942 meum
1506 4895 1731 4956 quatuor
1754 4887 1902 4940 libris
1928 4887 2035 4940 suis
2063 4885 2322 4942 refellissc
2351 4901 2408 4940 se
2434 4887 2596 4956 jactat
2618 4927 2632 4951 ,
2665 4897 2719 4941 et
2749 4903 3122 4958 usquequaque
3147 4903 3396 4960 Spargere
3429 4889 3554 4946 ﬁdei
3585 4909 3796 4948 venena

525 4992 632 5032 non
659 4986 854 5038 cessat.
877 4979 1168 5048 Aggressus
1199 4991 1318 5032 sum
1341 4975 1495 5046 igitur
1521 4975 1621 5030 hoc
1644 4989 1776 5045 Opus
1805 4979 1855 5029 in
1885 4973 2145 5045 adjutorio
2170 4973 2457 5030 Salvatoris
2483 4975 2792 5044 pusillorum
2819 4987 2977 5048 atque
3009 4995 3354 5052 magnorum;
3379 4991 3434 5036 et
3465 4983 3584 5037 scio
3615 4991 3672 5040 te
3693 5027 3708 5052 ,
3741 4994 3806 5042 ut

527 5069 580 5126 id
611 5069 886 5138 implerem
915 5084 1094 5124 orasse
1122 5083 1216 5138 pro
1241 5083 1327 5124 me
1346 5108 1361 5134 ,
1395 5077 1446 5122 et
1477 5083 1574 5136 pro
1611 5068 1676 5122 iis
1699 5068 1887 5138 quibus
1914 5067 2276 5138 hujuscemodi
2319 5068 2524 5123 labores
2553 5079 2766 5126 nostros
2797 5074 3096 5142 profuturos
3123 5075 3390 5131 credimus
3423 5083 3480 5132 et
3518 5088 3804 5149 optamus.

526 5159 756 5218 Attende
780 5176 904 5231 ergo
926 5159 1036 5230 jam
1063 5159 1466 5228 reSponsionem
1487 5173 1682 5226 meam,
1709 5158 1858 5228 cujus
1883 5157 2196 5230 principium
2225 5157 2362 5212 hanc
2387 5155 2664 5230 epiStolam
2689 5161 3058 5234 subsequetur.
3083 5163 3213 5220 Vale
3235 5165 3285 5221 iu
3311 5167 3538 5224 Domino
3585 5185 3809 5226 memor

527 5254 694 5309 nostri
722 5296 738 5322 ,
767 5253 930 5308 frater
954 5251 1282 5308 beatissime.

585 5389 664 5453 (α)
693 5389 878 5440 till-um
901 5390 1106 5453 primum
1125 5387 1192 5439 de
1210 5387 1390 5450 Nuptiis
1413 5392 1466 5437 et
1483 5384 1888 5446 Concupiscenua.
