3984 6488
543 361 648 429 ωδ

538 504 656 544 cam
676 487 908 543 tenuisse
932 485 1228 547 veritatem,
1255 479 1535 537 defendam
1567 488 1751 536 contra
1769 487 1853 544 .te,
1877 476 1987 532 Deo
2019 474 2113 530 ad-

533 578 774 646 juvante,
807 587 860 632 et
884 576 1117 645 ipsorum
1160 582 1214 629 et
1250 581 1486 627 nostram
1516 571 1675 625 fidem
1705 588 1717 624 :
1751 570 1840 624 ubi
1877 569 2033 624 etiam
2063 567 2111 621 id

539 669 736 739 poterit
764 679 1014 736 apparere
1033 703 1047 731 ,
1076 678 1182 719 non
1208 663 1377 717 solum
1410 670 1463 716 tu
1492 660 1671 715 verbis
1699 658 1799 714 luis
1820 699 1835 726 ,
1861 658 2001 728 quod
2026 671 2114 711 se-

537 759 711 813 cundo
756 758 873 812 loco
916 772 1002 812 me
1048 755 1530 811 demonstraturum
1586 768 1704 809 esse
1748 752 1987 823 promisi,
2017 751 2111 807 sed

538 849 708 918 ipsum
735 848 925 918 dogma
955 846 1313 917 Pelagianum,
1341 844 1483 915 quod
1507 858 1788 899 commune
1823 853 1906 901 est
1943 843 2111 900 omni-

536 937 637 993 bus
664 937 832 1003 vobis,
860 946 1115 1007 quantum
1141 936 1356 1008 adjuvet
1377 934 1717 991 Manichmos.

606 1026 831 1084 CAPUT
868 1025 933 1081 Il.
962 1056 1035 1067 —
1057 1028 1109 1082 4.
1150 1026 1381 1082 Primam
1421 1026 1597 1096 itaque
1625 1035 1829 1096 partem
1856 1025 2110 1081 distribu-

529 1122 696 1177 tionis
722 1136 877 1187 mem,
907 1120 1351 1192 quemadmodum
1381 1135 1642 1189 exsequar
1661 1161 1677 1185 ,
1702 1134 1988 1189 parumper
2011 1120 2109 1174 ad-

534 1222 701 1267 verte.
730 1209 934 1281 Nempe
958 1212 1094 1266 inter
1121 1225 1242 1277 nos,
1268 1219 1520 1281 quantum
1548 1212 1738 1265 attinet
1765 1209 1831 1264 ad
1860 1211 2110 1264 intentio-

537 1316 659 1357 nem
681 1301 798 1356 libri
828 1301 954 1369 mei,
984 1301 1069 1356 cui
1099 1309 1150 1356 te
1179 1299 1518 1370 respondisse
1541 1308 1766 1370 quatuor
1794 1300 1897 1353 tuis
1916 1299 2106 1366 jactas,

539 1392 638 1448 ista
664 1393 889 1448 vertitur
929 1394 1173 1463 quarstio,
1204 1393 1344 1464 quod
1369 1408 1468 1464 ego
1496 1393 1615 1448 dico
1653 1393 1729 1447 sic
1755 1393 1966 1462 nuptias
1987 1408 2109 1451 esse

533 1484 842 1550 laudandas,
860 1493 921 1539 ut
936 1485 1080 1539 nullo
1095 1484 1254 1539 modo
1269 1484 1334 1538 ad
1352 1498 1531 1538 earum
1547 1483 1753 1553 culpam
1770 1483 2108 1552 vituperatio-

532 1590 757 1645 nemque
772 1576 1052 1645 pertineat,
1068 1575 1207 1645 quod
1223 1588 1407 1630 omnes
1430 1574 1670 1629 homines
1688 1575 1975 1644 primorum
1994 1575 2109 1629 illo-

532 1682 650 1722 rum
686 1666 956 1721 hominum
984 1678 1200 1736 peccato
1223 1667 1537 1720 nascuntur‘
1562 1665 1796 1737 obnoxii.
1829 1665 1940 1720 Hoc
1964 1667 2106 1722 enim

531 1758 620 1829 qui
634 1767 810 1828 negat,
841 1758 953 1829 ipsa
974 1758 1275 1812 christiana:
1306 1756 1424 1811 fidei
1453 1756 1758 1812 subvertere
1779 1756 2106 1812 firmamenta

531 1858 774 1905 conatur.
834 1851 970 1905 Hinc
1011 1850 1205 1919 quippe
1253 1847 1446 1922 factum
1489 1854 1574 1903 est
1619 1857 1676 1902 ut
1711 1848 1780 1903 de
1819 1847 2016 1918 nuptiis
2054 1857 2110 1903 et

531 1940 959 2011 concupiscentia
985 1940 1176 1994 librum
1194 1939 1487 1993 scriberem
1519 1954 1534 1991 :
1566 1938 1864 2008 nuptiarum
1904 1938 2110 1993 scilicet

532 2032 732 2089 bonum
760 2032 1068 2090 discernens
1094 2032 1162 2087 ab
1187 2046 1253 2087 eo
1280 2030 1421 2085 malo
1445 2029 1584 2086 unde
1611 2029 1834 2085 trahitur
1853 2030 2109 2100 originale

532 2131 824 2192 peceatum.
854 2122 932 2177 Tu
983 2130 1159 2177 autem
1189 2121 1324 2176 dicis
1366 2121 1578 2190 nuptias
1624 2120 1739 2175 sine
1780 2120 2108 2176 dubitatione

527 2211 790 2277 damnari,
815 2212 914 2266 nisi
942 2211 1082 2282 quod
1106 2227 1171 2268 ex
1197 2213 1275 2266 eis
1307 2212 1564 2278 nascitur,
1596 2210 1665 2265 ab
1697 2211 1843 2265 omni
1880 2211 1948 2266 sit
1972 2212 2106 2281 libee

527 2318 647 2365 rum
674 2302 996 2372 obligatione
1021 2302 1222 2371 peccati
1252 2318 1266 2356 :
1294 2308 1513 2371 propter
1539 2300 1681 2371 quod
1705 2300 1855 2356 libris
1879 2310 2107 2372 quatuor

527 2400 580 2448 te
617 2407 784 2448 unum
811 2406 989 2447 meum
1018 2390 1281 2447 refutasse
1325 2390 1591 2461 gloriaris.
1635 2390 1691 2447 In
1733 2391 1923 2463 quibus
1958 2392 2105 2449 libris

526 2482 710 2539 volens
732 2482 977 2538 homines
995 2490 1234 2537 avertere
1248 2497 1279 2536 a
1304 2480 1410 2536 fide
1427 2481 1691 2537 catholica
1710 2480 2100 2548 laudatissima,

525 2574 654 2631 etad
672 2574 960 2630 novitatem
977 2574 1138 2628 vestri
1153 2572 1352 2628 erroris
1366 2571 1649 2639 adducere,
1669 2588 1812 2644 stepe
1824 2575 2015 2631 incutis
2028 2577 2105 2632 le-

524 2670 758 2740 gentium
770 2669 1014 2725 sensibus
1023 2668 1321 2724 Manichzeae
1335 2668 1499 2739 pestis
1510 2668 1826 2725 horrorem':
1840 2670 1986 2741 quasi
2000 2686 2103 2726 ma-

525 2762 636 2814 lum
661 2760 901 2815 naturale
926 2774 1045 2814 cum
1072 2758 1378 2815 Manichzeis
1404 2758 1597 2828 sapiat,
1615 2760 1704 2830 qui
1725 2759 1852 2816 dicit
1877 2761 2103 2817 infantes

524 2850 816 2907 secundum
848 2850 1019 2906 Adam
1066 2849 1352 2905 carnaliter
1388 2859 1565 2917 natos,
1591 2852 1889 2921 contagium
1917 2853 2102 2908 mortis

526 2940 756 3012 antiqua:
783 2940 953 3010 prima
980 2940 1253 2995 nativitate
1277 2940 1618 3008 contrahere,
1666 2949 1720 2997 et
1766 2942 1836 2997 ob
1863 2941 1965 2997 hoc
2011 2956 2099 2998 se-

526 3031 700 3087 cunda
722 3030 982 3101 indigere,
1010 3039 1069 3086 ut
1093 3045 1188 3101 per
1211 3031 1483 3087 lavacrum
1511 3033 1929 3102 regenerationis
1954 3034 2101 3103 prius

527 3122 731 3193 peccati
759 3122 1031 3193 originalis
1059 3122 1377 3179 remissione
1411 3131 1719 3193 purgentur,
1751 3134 1805 3180 et
1833 3125 1886 3179 iu
1918 3127 2010 3182 Dei
2040 3126 2104 3180 fi-

524 3215 628 3271 lios
656 3214 892 3284 adoptati
919 3212 973 3269 in
1002 3229 1225 3285 regnum
1254 3214 1523 3285 Unigeniti
1548 3214 1951 3272 transferantur.
1993 3219 2103 3275 lloe

526 3304 594 3360 de
617 3304 1023 3360 Manichteorum
1061 3303 1276 3359 nomine
1313 3311 1368 3358 et
1410 3303 1631 3360 crimine
1673 3303 1897 3361 faciebat
1940 3308 2100 3363 etiam

526 3394 855 3462 Iovinianus,
896 3409 1095 3465 negans
1120 3394 1298 3449 Mariae
1334 3403 1533 3449 sancta:
1579 3394 1952 3466 virginitatem,
1982 3413 2102 3468 qua:

524 3484 700 3541 fuerat
741 3484 866 3540 dum
910 3485 1232 3554 conciperet,
1282 3485 1640 3555 permansisse
1676 3486 1801 3541 dum
1845 3496 2098 3557 pareret:

525 3584 775 3646 tanquam
795 3574 1065 3631 Christum
1089 3590 1211 3630 cum
1237 3573 1541 3630 Manichmis
1564 3575 1880 3645 phantasma
1906 3579 2099 3635 crede-

524 3680 723 3732 remus,
769 3664 816 3720 si
859 3666 1045 3721 matris
1095 3665 1399 3737 incorrupta
1450 3666 1754 3736 virginitate
1796 3668 2099 3727 diceremus

523 3769 793 3814 exortum.
838 3756 945 3815 Sed
988 3758 1040 3813 in
1084 3757 1350 3827 adiutorio
1390 3757 1555 3827 ipsius
1602 3758 1912 3824 Salvatoris,
1961 3763 2101 3818 sicut

522 3857 839 3917 spreverunt
861 3846 1119 3902 Catholici
1142 3847 1286 3903 velut
1310 3847 1675 3904 acutissimum
1703 3850 1843 3920 quod
1864 3850 2099 3907 Jovinia-

524 3952 628 3994 nus
652 3946 963 3994 exseruerat
989 3945 1380 4008 argumentum,
1410 3946 1466 3994 et
1492 3954 1596 3995 nec
1619 3949 1855 3995 sanctam
1881 3941 2100 3997 Mariam

522 4025 780 4098 pariendo
808 4026 972 4082 fuisse
990 4036 1319 4096 corruptam,
1350 4042 1453 4083 nec
1480 4028 1761 4083 Dominum
1784 4029 2097 4099 phantasma

524 4118 689 4175 fuisse
715 4116 1072 4184 crediderunt,
1101 4116 1198 4173 sed
1247 4127 1302 4173 et
1342 4118 1488 4173 illam
1529 4119 1787 4189 virginem
1840 4123 2100 4179 mansisse

522 4221 645 4283 post
668 4220 874 4282 partum
898 4251 914 4277 ,
945 4218 1001 4267 et
1038 4226 1105 4267 ex
1134 4211 1222 4266 illa
1250 4219 1428 4267 tamen
1455 4227 1639 4267 verum
1669 4212 1863 4269 Christi
1906 4229 2100 4285 corpus

525 4310 769 4359 exortum
801 4320 814 4356 :
838 4303 916 4357 sic
933 4300 1209 4371 spernent’
1233 4309 1409 4357 vestra
1428 4302 1753 4359 calumniosa
1776 4304 2096 4375 vaniloquia,

526 4403 586 4448 ut
610 4407 781 4463 neque
799 4407 922 4448 cum
943 4391 1244 4446 Manichaeis
1266 4399 1508 4446 astruant
1535 4392 1658 4446 mali
1688 4394 1929 4449 naturale
1950 4397 2099 4464 prin-

526 4482 745 4552 cipium,
776 4490 831 4538 et
864 4480 1155 4538 secundum
1183 4480 1456 4551 antiquam
1496 4489 1550 4538 et
1575 4497 1757 4538 veram
1783 4486 2097 4542 catholicam

523 4571 681 4627 fidem
703 4572 848 4628 nullo
888 4570 1049 4627 modo
1090 4570 1332 4627 dubitent
1369 4571 1637 4628 Christum
1684 4574 1737 4628 in
1791 4576 2100 4632 evacuando

526 4662 880 4734 chirographo
908 4662 1115 4735 paterni
1141 4660 1308 4719 debiti
1348 4662 1685 4719 liberatorem
1729 4663 1948 4721 credere
1978 4681 2101 4736 par«

524 4753 784 4809 vulorum.

595 4841 821 4899 CAPUT
860 4841 947 4898 Ill.
970 4872 1044 4883 —
1069 4842 1123 4897 5.
1153 4840 1258 4897 Sed
1286 4850 1339 4897 tu
1360 4842 1447 4912 qui
1470 4851 1575 4897 tam
1598 4843 1788 4900 crebro
1813 4843 1967 4900 nobis
1992 4844 2100 4900 Ma-

520 4934 845 4991 nichaeorum
873 4949 1068 4989 nomen
1093 4935 1339 5010 opponis,
1384 4949 1522 5005 quos
1548 4946 1604 4991 et
1631 4937 1814 5006 quales
1857 4939 2003 4993 viros
2046 4950 2099 4994 et

524 5035 750 5097 quantos
795 5025 917 5081 fidei
952 5025 1231 5101 catholicae
1271 5025 1581 5082 defensores
1630 5036 1737 5082 tam
1786 5033 2098 5088 exsecrabili

524 5116 892 5174 criminatione
913 5124 1164 5187 appetere
1189 5118 1403 5183 audeas,
1428 5116 1471 5171 si
1497 5117 1716 5188 evigilas
1736 5118 1959 5176 intuere.
1982 5121 2097 5178 Non

522 5208 735 5279 quidem
764 5206 1007 5269 omnium
1053 5207 1120 5263 de
1165 5206 1264 5261 hac
1310 5223 1369 5263 re
1411 5209 1722 5277 sententias,
1772 5226 1872 5267 nec
1912 5228 2097 5273 omnes

523 5313 733 5366 eorum,
761 5312 894 5369 quos
911 5297 1339 5353 commemorabo
1360 5340 1375 5366 ,
1409 5314 1494 5354 me
1517 5310 1957 5371 congregaturum
1980 5320 2099 5363 esse

524 5390 811 5461 polliceor;
837 5388 961 5459 quia
990 5388 1149 5444 nimis
1172 5389 1383 5460 longum
1405 5399 1504 5455 est,
1532 5397 1587 5445 et
1612 5406 1836 5448 necesse
1851 5409 1972 5450 esse
1993 5411 2096 5451 non

470 5488 483 5497 '
510 5481 754 5537 arbitror
785 5497 799 5536 :
824 5479 917 5536 sed
937 5494 1128 5551 ponam
1168 5495 1333 5550 pauca
1374 5496 1681 5552 paucorum,
1705 5485 1895 5554 quibus
1922 5497 2098 5544 tamen

524 5570 691 5627 nostri
729 5570 1144 5627 contradictores
1167 5581 1421 5642 cogantur
1448 5574 1762 5631 erubescere
1786 5586 1840 5632 et
1865 5577 2056 5635 cedere
2081 5596 2097 5645 ;

591 5687 606 5716 ι
642 5686 716 5734 sic
736 5690 844 5733 llas.
867 5683 1007 5744 aditi,
1023 5688 1298 5735 nascantur.

589 5747 610 5777 ³
642 5750 715 5794 ste
735 5752 838 5794 mss.
862 5745 981 5794 aditi
1002 5755 1185 5804 autem,
1202 5759 1431 5796 errorem.

591 5807 611 5838 ³
645 5804 775 5868 Apud
796 5812 927 5866 Lov.,
948 5816 1188 5868 spernunt.

1336 352 1606 416 CONTRA
1646 350 1983 434 JULIANQM
2028 351 2487 419 PELAGIANUM,
2530 354 2586 409 S.
2630 321 2994 411 AUGUSTlNl

2202 471 2266 537 ,εἰ
2293 471 2434 527 ullus
2459 471 2510 526 in
2539 471 2618 528 eis
2644 471 2729 527 vel
2758 471 2850 526 Dei
2879 472 3056 540 timor,
3084 472 3164 528 vel
3185 472 3454 529 hominum
3488 475 3657 545 pudor
3680 490 3811 532 tan-

3682 348 3807 422 "ou

2218 570 2329 617 tum
2367 564 2565 616 malum
2603 563 2915 631 pervicacia:
2944 565 3290 632 superaverit.
3324 565 3555 622 Irenaeus
3581 567 3806 637 Lugdu-

2222 655 2403 710 nensis
2430 655 2708 724 episcopus
2750 669 2854 708 non
2886 654 3040 724 longe
3080 669 3111 709 a
3158 657 3482 726 temporibus
3509 659 3808 728 Apostolo-

2221 761 2337 800 rum
2370 745 2467 800 fuit
2497 763 2509 800 :
2541 746 2642 800 iste
2680 746 2774 812 ait,
2812 764 2830 797 ι
2866 746 2981 801 Non
3025 748 3179 802 aliter
3222 749 3412 825 salvari
3442 748 3706 828 homines.
3732 753 3810 809 ab

2219 839 2434 908 antiqua
2461 838 2724 908 serpentis
2744 838 2895 910 plaga
2913 840 2952 905 ί,
2987 839 3084 894 nisi
3108 840 3327 895 credant
3357 841 3408 896 in
3432 857 3558 898 eum
3585 844 3677 913 qui
3708 858 3805 900 sea-

2216 928 2445 982 cundum
2477 928 2874 984 similitudinem
2903 932 3080 984 carnis
3108 932 3306 1003 peccati
3332 947 3386 985 in
3409 932 3554 1002 ligno
3583 935 3804 1005 matyrii

2218 1020 2479 1075 exaltatus
2517 1036 2547 1075 a
2593 1029 2731 1076 terra
2763 1022 2939 1077 omnia
2991 1024 3151 1077 traxit
3178 1009 3260 1079 ad
3291 1039 3371 1092 se,
3404 1035 3457 1080 et
3484 1010 3799 1095 vivificavit,

2215 1120 2482 1165 mortuos»
2521 1109 2655 1185 (Lib.
2687 1112 2741 1180 4,
2769 1129 2884 1184 cap.
2914 1112 3002 1185 5).
3038 1114 3163 1167 item
3191 1113 3333 1170 idem
3363 1115 3516 1185 ipse:
3553 1134 3575 1168 ι
3597 1117 3803 1185 Quem-

2214 1201 2498 1258 admodum
2514 1202 2827 1259 adstricttmt
2857 1205 3389 1279 est,tinquit,¢morti
3415 1222 3582 1276 genus
3608 1207 3804 1263 huma-

2215 1308 2339 1346 num
2366 1308 2462 1363 per
2476 1293 2754 1364 virginem,
2784 1294 3019 1349 solvatur
3032 1310 3127 1364 per
3148 1296 3401 1366 virginem
3416 1296 3458 1363 ³,
3476 1313 3629 1367 aequa
3648 1297 3804 1353 lance

2213 1381 2488 1453 disposita,
2521 1383 2790 1455 virginalis
2819 1384 3173 1441 inobedientia
3197 1401 3291 1456 per
3326 1385 3637 1456 virginalem
3673 1388 3806 1443 obe-

2212 1472 2489 1528 dientiam.
2522 1474 2711 1530 Adhuc
2756 1476 2897 1531 enim
2939 1477 3249 1549 protoplasti
3282 1489 3501 1548 peccato
3543 1495 3640 1550 per
3680 1496 3806 1537 cor-

2212 1563 2541 1633 reptionem‘I
2593 1565 2931 1636 primogeniti
2988 1567 3415 1623 emendationem
3464 1569 3799 1639 accipiente,-

2210 1655 2473 1723 scrpentis
2514 1655 2799 1725 prudentia
2848 1655 3054 1711 devicta
3102 1672 3198 1726 per
3241 1657 3636 1727 simplicitatem
3702 1675 3801 1716 co-

2214 1741 2429 1810 lumbac,
2455 1742 2682 1798 vinculis
2720 1744 2826 1799 illis
2853 1745 3070 1800 resoluti
3097 1760 3302 1813 sumus,
3334 1761 3431 1815 per
3453 1763 3573 1818 qua:
3596 1748 3801 1818 alligati

2212 1848 2426 1889 eramus
2452 1835 2612 1890 morti
2649 1854 2669 1889 ›
2700 1835 2851 1908 (Lib.
2878 1836 2932 1903 5,
2964 1853 3080 1908 cap.
3106 1834 3229 1910 i9).
3256 1837 3484 1895 Videsne
3519 1840 3803 1911 antiquum

2211 1924 2482 1981 hominem
2505 1925 2617 1991 Dei,
2642 1927 2767 1997 quid
2782 1926 2850 1982 de
2865 1928 3081 1998 antiqua
3105 1929 3368 1998 serpentis
3396 1929 3546 2000 plaga
3568 1931 3799 1986 sentiat?

2209 2014 2335 2084 quid
2364 2014 2432 2071 de
2457 2015 2801 2072 similitudine
2830 2017 3005 2072 carnis
3034 2018 3254 2086 peccati,
3282 2033 3544 2088 perquam
3573 2028 3805 2074 sanatur

2211 2105 2358 2175 plaga
2396 2107 2662 2176 serpentis
2698 2106 2752 2160 in
2776 2121 2937 2161 carne
2966 2107 3209 2176 peccati?
3233 2108 3361 2177 quid
3382 2108 3451 2165 de
3479 2110 3806 2180 protoplasti

2208 2204 2447 2265 peccato,
2477 2210 2572 2266 per
2598 2196 2740 2266 quod
2766 2196 2961 2266 alligati
2986 2196 3291 2251 fueramus?

2279 2287 2333 2344 6.
2361 2288 2526 2343 Multo
2558 2296 2738 2344 autem
2777 2288 3012 2359 apertius
3050 2287 3119 2343 de
3159 2287 3347 2344 eadem
3376 2286 3517 2344 ﬁde‘
3542 2288 3801 2345 beatissio

2209 2394 2328 2434 mus
2357 2388 2558 2452 martyr
2593 2387 2648 2435 et
2676 2380 2958 2450 episcopus
2985 2378 3311 2450 Cyprianus:
3336 2397 3355 2430 ι
3376 2377 3435 2435 Si
3463 2378 3736 2446 homines,
3770 2397 3793 2432 ι

2208 2469 2397 2540 inquit,
2435 2487 2455 2522 ι
2483 2469 2742 2540 impedire
2776 2468 2974 2540 aliquid
3007 2468 3073 2524 ad
3108 2467 3537 2524 consecutionem
3567 2469 3756 2539 gratia:
3776 2468 3801 2499 '

2206 2569 2414 2630 posset,
2461 2560 2630 2632 magis
2665 2560 2877 2617 adultos
2903 2568 2959 2617 et
2984 2568 3264 2630 provectos
3301 2566 3357 2615 et
3391 2559 3623 2631 majores
3665 2568 3800 2615 natu

2206 2660 2426 2721 possent
2466 2651 2728 2722 impedire
2764 2660 2978 2722 peccata
3023 2650 3287 2721 graviora.
3316 2650 3486 2707 Porro
3522 2660 3707 2707 autem
3748 2651 3801 2707 si

2204 2741 2532 2811 gravissimis
2555 2741 2902 2797 delictoribus
2928 2751 2983 2798 et
3002 2742 3053 2796 in
3075 2742 3243 2797 Deum
3264 2743 3483 2798 multum
3510 2751 3633 2799 ante
3659 2757 3796 2813 pec-

2206 2830 2471 2896 cantibus,
2502 2844 2625 2885 cum
2654 2840 2836 2901 postea
2864 2830 3221 2898 crediderint,
3263 2831 3517 2887 remissa“
3543 2842 3798 2902 peccato-

2205 2934 2323 2975 rum
2353 2919 2539 2986 datur,
2582 2930 2638 2976 et
2666 2935 2697 2975 a
2729 2921 2996 2992 Baptismo
3020 2929 3180 2992 atque
3219 2924 3387 2993 gratia
3418 2937 3576 2977 nemo
3603 2923 3797 2994 prohi-

2204 3010 2386 3077 betur;
2414 3017 2613 3082 quanto
2644 3012 2815 3082 magis
2851 3010 3120 3081 prohiberi
3140 3022 3251 3067 non
3282 3011 3443 3069 debet
3470 3012 3664 3079 infans,
3699 3014 3796 3083 qui

2206 3116 2396 3157 recens
2418 3108 2573 3157 natus
2593 3101 2726 3156 nihil
2749 3101 3005 3171 peccavit,
3026 3102 3125 3156 nisi
3145 3100 3287 3172 quod
3305 3101 3593 3158 secundum
3617 3102 3793 3157 Adam

2206 3192 2491 3247 carnaliter
2534 3200 2719 3259 natus,
2769 3191 3067 3262 contagium
3107 3192 3294 3247 mortis
3337 3193 3568 3263 antiqua:
3617 3193 3793 3264 prima

2206 3280 2485 3336 nativitate
2524 3281 2825 3336 contraxit?
2872 3281 2973 3349 Qui
3020 3280 3086 3336 ad
3131 3282 3406 3337 remissam
3449 3291 3793 3351 peccatorum

2204 3372 2566 3444 accipiendam
2599 3373 2701 3428 hoc
2746 3373 2859 3443 ipso
2906 3373 3109 3428 facilius
3149 3372 3390 3438 accedit,
3423 3375 3561 3443 quod
3602 3374 3675 3428 illi
3705 3390 3789 3429 re-

2205 3465 2504 3531 mittuntur,
2523 3478 2630 3518 non
2651 3462 2880 3534 propria,
2907 3461 3002 3518 sed
3027 3462 3197 3517 aliena
3213 3469 3455 3533 peccata»
3480 3461 3672 3536 (Epist.
3698 3463 3785 3531 (ii,

2203 3554 2271 3608 ad
2296 3553 2538 3625 Fidum).

2281 3647 2332 3700 7.
2366 3646 2627 3700 Reticium
2678 3645 2745 3701 ah
2789 3644 3169 3715 Augustoduno
3217 3645 3523 3716 episcopum
3582 3659 3793 3715 magna:

2204 3735 2363 3789 fuisse
2405 3734 2741 3789 auctoritatis
2783 3735 2836 3788 in
2883 3734 3116 3792 Ecclesia
3165 3743 3405 3806 tempore
3451 3734 3792 3805 episcopatus

2204 3825 2305 3890 sui,
2341 3831 2487 3897 gesta
2515 3823 2603 3878 illa
2630 3823 2989 3879 ecclesiastica
3019 3823 3179 3879 nobis
3208 3823 3461 3888 indicant,
3492 3822 3708 3894 quando
3736 3824 3793 3880 in

2204 3916 2336 3970 urbe
2382 3914 2551 3968 Roma
2597 3912 2922 3968 Melchiade'
2969 3913 3287 3985 Apostolicre
3334 3912 3485 3969 Sedis
3535 3914 3793 3983 episcopo

2204 4003 2558 4075 prmsidentc,
2597 4018 2716 4059 cum
2759 4002 2875 4056 aliis
2899 4002 3056 4072 judex
3103 4001 3374 4068 interfuit,
3419 4001 3791 4073 Donatumque

2202 4094 2512 4159 damnavit,
2557 4093 2648 4163 qui
2677 4093 2823 4164 prior
2847 4102 3033 4147 auctor
3060 4093 3450 4148 Donatistarum
3482 4092 3789 4149 schismatis

2204 4187 2319 4253 fuit,
2366 4195 2422 4240 et
2459 4185 2800 4240 Cmcilianum
2850 4184 3156 4254 episcopum
3206 4184 3461 4240 Ecclesizc
3508 4184 3791 4257 Carthagi-

2203 4278 2385 4333 nensis
2417 4276 2665 4332 absolvit.
2697 4275 2746 4330 is
2772 4284 2892 4330 cum
2918 4275 2984 4331 de
3007 4275 3281 4346 Baptismo
3304 4284 3513 4347 ageret,
3542 4276 3614 4332 ita
3641 4277 3790 4333 loeu-

2207 4379 2292 4423 tus
2320 4377 2401 4424 est
2426 4386 2440 4423 :
2468 4386 2486 4419 ι
2512 4367 2660 4421 Hane
2702 4367 2862 4438 igitur
2902 4367 3247 4438 principalem
3291 4382 3410 4423 esse
3456 4368 3509 4422 in
3548 4367 3788 4425 Ecclesia

2203 4456 2583 4527 indulgentiam
2605 4498 2618 4523 ,
2647 4456 2913 4511 neminem
2943 4457 3175 4526 prmterit
3194 4498 3210 4525 ,
3237 4456 3294 4511 in
3323 4471 3425 4536 qua
3449 4457 3650 4528 antiqui
3676 4459 3787 4513 cri-

2202 4548 2360 4603 minis
2384 4562 2544 4603 omne
2573 4546 2777 4617 pondus
2799 4547 3133 4616 exponimus,
3170 4555 3225 4602 et
3250 4546 3557 4617 ignorantia:
3586 4557 3787 4603 nostra:

2203 4636 2434 4692 facinora
2466 4638 2637 4707 prisca
2667 4636 2944 4700 dclemus,
2993 4635 3083 4690 ubi
3130 4645 3186 4692 et
3227 4646 3463 4692 veterem
3512 4636 3784 4692 hominem

2201 4743 2326 4783 cum
2358 4726 2605 4797 ingenitis
2632 4723 2923 4780 sceleribus
2950 4726 3191 4781 exuimus
3216 4724 3316 4798 (a).
3342 4745 3361 4779 ι
3390 4726 3554 4782 Audis
3579 4728 3783 4799 antiqui

2202 4819 2439 4875 criminis
2481 4817 2707 4890 pondus,
2751 4818 2904 4873 audis
2945 4817 3120 4888 prisca
3161 4818 3426 4887 facinora,
3470 4819 3625 4875 audis
3662 4835 3784 4875 cum

2204 4906 2492 4964 sceleribus
2529 4907 2777 4978 ingenitis
2805 4906 3074 4962 hominem
3118 4918 3354 4964 veterem
3375 4926 3388 4964 :
3408 4920 3462 4965 et
3488 4909 3657 4966 audes
3684 4912 3784 4966 ad-

2205 5015 2395 5056 versus
2423 4999 2538 5055 hmo
2566 5000 2835 5054 ruinosam
2865 5009 3178 5056 construere
3204 5002 3490 5057 novitatem
3516 5003 3531 5058 l

2274 5091 2327 5148 8.
2354 5090 2631 5162 Olympius
2675 5090 2941 5165 llispanus
2979 5092 3297 5164 cpiscopus,
3349 5094 3433 5149 vir
3472 5109 3681 5168 magna:
3730 5096 3785 5151 in

2266 5260 2513 5333 IJqudam
2551 5266 2681 5333 mss,
2700 5258 2778 5333 ,ιώ
2813 5259 2998 5326 antiqui
3019 5261 3252 5328 serpentis
3281 5261 3444 5330 plaga.
3468 5270 3524 5317 Et
3546 5265 3698 5327 infra,
3725 5272 3790 5317 de

2203 5321 2904 5455 mi'qﬁifffmmgg'per
2925 5383 3175 5455 virginem.

2266 5444 2287 5508 ξ
2321 5444 2545 5506 Plerique
2565 5453 2690 5508 Mss,
2713 5457 2800 5508 per
2816 5444 3172 5508 cenationem.

2267 5505 2289 5569 ξ
2321 5511 2371 5553 tn
2391 5504 2520 5569 ipss},
2542 5505 2629 5569 sed
2648 5504 2956 5569 eademﬁa‘e.

2229 5626 2238 5635 .
2266 5566 2287 5598 ³
2320 5567 2683 5627 Antiquissimus
2722 5565 3031 5617 Flori'aceasrs
3050 5566 3202 5618 codex
3226 5602 3240 5627 ,
3266 5581 3297 5617 a
3317 5568 3653 5623 conuentione
3673 5584 3797 5637 gra-

2205 5633 2301 5717 Mi'
2322 5694 2424 5750 Am.
2445 5691 2519 5734 Er.
2546 5693 2599 5738 et
2614 5686 2848 5750 plerique
2861 5696 2986 5744 Mss,
3004 5687 3244 5750 remissio.

2268 5749 2288 5780 τ
2324 5748 2469 5795 vatic.
2495 5747 2627 5805 ttss.,'
2650 5747 2894 5798 Mclc'iade.
2931 5748 3034 5806 alii,
3060 5748 3290 5799 Miltiade.

2267 5810 2338 5871 (η)
2358 5815 2456 5855 Kon
2474 5816 2632 5859 exstat
2652 5809 2742 5857 hoc
2764 5809 3056 5870 opusculum.
