3984 6532
233 330 327 401 se
1571 328 1773 384 LIBER
1814 324 2084 383 ratuus.

241 455 443 517 Ecclesia
479 459 538 509 et
576 451 635 508 in
663 451 880 507 Christo
916 448 1097 522 gloriae
1119 489 1135 513 ,
1179 446 1232 502 in
1272 443 1499 517 quodam
1539 457 1787 499 sermone

239 545 605 607 ecclesiastico:
635 561 655 595 ι
678 542 735 598 Si
762 542 918 608 ﬁdes,
944 559 964 594 ι
997 538 1201 610 inquit,
1247 554 1268 589 ι
1295 551 1525 607 unquam
1553 536 1604 589 in
1634 533 1789 589 terris

240 642 515 705 incorrupta
555 635 880 698 mansisset,
921 630 1243 701 acvestigia
1286 627 1457 683 deﬁxa
1498 627 1786 690 tenuisset,

230 745 336 803 qua:
360 729 561 798 signata
590 724 867 789 deseruit,
894 735 1161 792 nunquam
1190 717 1498 789 protoplasti
1521 714 1791 771 mortifera

230 817 638 890 transgressione
660 815 846 870 vitium
871 815 888 845 ί
914 811 1191 882 sparsisset
1217 810 1269 864 in
1290 808 1546 878 germine,
1582 814 1638 859 ut
1660 820 1790 875 pec-

234 918 390 965 catum
409 921 533 960 cum
560 903 777 958 homine
802 909 1106 957 nasceretur
1136 897 1235 972 (a).
1251 918 1269 950 ι
1305 897 1547 951 Habesne
1572 893 1787 964 aliquid,

238 997 355 1069 quod
402 994 660 1050 adversus
704 1007 802 1047 nos
844 991 938 1045 tibi
986 990 1162 1043 dicere
1208 987 1453 1048 videaris,
1503 984 1642 1055 quod
1685 998 1789 1038 non

235 1085 452 1142 etiamin
477 1084 637 1137 istum
659 1081 838 1135 dicere
864 1076 1221 1146 compellaris,
1245 1076 1327 1131 vel
1354 1075 1525 1145 potius
1548 1075 1601 1128 in
1626 1071 1791 1126 istos?

237 1177 333 1233 Una
358 1184 442 1231 est
466 1174 612 1229 enim
641 1172 876 1225 omnium
901 1168 1161 1225 catholica
1189 1166 1320 1221 ﬁdes
1340 1206 1353 1231 ,
1394 1166 1482 1236 qui
1507 1179 1603 1237 per
1628 1178 1791 1218 unum

236 1266 490 1323 hominem
535 1271 812 1333 peccatum
862 1260 1086 1315 intrasse
1133 1258 1185 1312 in
1238 1256 1532 1323 mundum,
1585 1255 1637 1309 in
1688 1270 1795 1325 quo

234 1370 406 1412 omnes
428 1360 782 1426 peccaverunt
808 1350 981 1424 (Rom.
1007 1365 1063 1416 v,
1089 1347 1200 1420 12),
1231 1363 1337 1401 uno
1361 1346 1524 1402 corde
1552 1345 1792 1413 credunt,

234 1462 315 1501 ore
338 1459 448 1500 uno
477 1445 729 1507 fatentur,
774 1449 829 1495 et
865 1448 1067 1494 vestras
1108 1438 1331 1493 novitias
1361 1436 1796 1507 praesumptiones

227 1536 482 1592 catholica
507 1533 822 1604 antiquitate
851 1531 1181 1586 subvertunt.

294 1630 347 1684 9.
375 1627 518 1682 Audi
549 1625 724 1680 adhuc
748 1622 891 1693 quod
920 1630 972 1677 te
993 1619 1164 1693 possit
1191 1619 1418 1691 amplius
1441 1632 1797 1685 commovere,

232 1730 379 1790 atque
405 1718 661 1784 turbare,
706 1722 761 1771 et
800 1715 1000 1769 utinam
1026 1714 1078 1767 in
1104 1712 1294 1784 melius
1317 1719 1662 1767 commutare.
1690 1710 1799 1765 Eca-

193 1787 201 1795 v
234 1787 398 1867 desire
436 1809 721 1866 catholicae
750 1807 1007 1862 adversus
1034 1805 1315 1861 haereticos
1353 1804 1667 1859 acerrimum
1707 1803 1802 1858 de-

234 1902 495 1959 fensorem
517 1897 882 1957 venerandum
906 1896 1025 1967 quis
1064 1897 1273 1967 ignoret
1311 1894 1569 1950 Hilarium
1599 1894 1803 1963 episco-

234 2007 349 2063 pum
392 1989 653 2047 Gallum?
696 1988 799 2058 Qui
849 2003 971 2044 cum
1020 1986 1089 2042 de
1131 1985 1329 2042 Christi
1377 2000 1537 2041 carne
1582 1992 1801 2055 ageret,

234 2082 437 2138 attende
455 2081 584 2151 quid
603 2080 801 2136 dixerit
822 2097 837 2134 :
866 2097 887 2131 ι
916 2080 1052 2149 Ergo
1070 2092 1190 2133 cum
1213 2077 1407 2134 missus
1424 2084 1523 2142 est,
1555 2094 1574 2128 ι
1600 2076 1799 2146 inquit,

239 2190 259 2225 ι
282 2173 333 2227 in
359 2170 710 2226 similitudine
737 2170 912 2225 carnis
941 2169 1140 2240 peccati
1156 2165 1266 2240 (Id.
1297 2183 1409 2233 vut,
1432 2167 1507 2236 5),
1540 2180 1645 2221 non
1669 2167 1806 2221 sicut

232 2277 437 2320 carnem
463 2261 647 2316 habuit
669 2302 686 2327 ,
721 2262 795 2316 ita
842 2260 1025 2315 habuit
1051 2269 1107 2316 et
1129 2269 1427 2329 peccatum.
1457 2258 1563 2315 Sed
1590 2259 1708 2329 quia
1739 2273 1806 2312 ex

238 2364 446 2427 peccato
471 2355 648 2410 omnis
672 2367 801 2409 caro
823 2361 945 2418 est,
974 2367 1002 2406 a
1032 2360 1251 2421 peccato
1275 2352 1477 2407 scilicet
1506 2351 1674 2405 Adam
1706 2365 1805 2420 pa-

229 2456 377 2503 rente
422 2445 692 2511 deducta,
750 2444 806 2498 in
849 2442 1193 2499 similitudine
1244 2443 1448 2513 peccati
1498 2441 1675 2496 carnis
1725 2448 1808 2496 est

230 2538 439 2604 missus,
490 2536 763 2592 existente
814 2534 866 2590 in
910 2548 977 2590 eo
1020 2548 1128 2589 non
1177 2540 1421 2603 peccato,
1466 2532 1560 2588 sed
1606 2531 1805 2601 peccati

233 2632 405 2688 carnis
428 2629 801 2687 similitudine.
828 2646 849 2682 ι
896 2628 1106 2683 Rursus
1150 2627 1289 2683 idem
1334 2626 1448 2696 ipse
1487 2625 1542 2679 ln
1581 2625 1808 2695 Exposi-

235 2723 375 2778 tione
418 2721 695 2777 centesimi
743 2718 1161 2790 duodevigesimi
1211 2717 1427 2783 Psalmi,
1472 2732 1591 2771 eum
1639 2716 1706 2770 ad
1755 2715 1808 2771 id

235 2815 466 2870 venisset
490 2813 630 2884 quod
656 2813 913 2882 scriptum
939 2819 1041 2879 est,
1083 2809 1221 2866 Vivet
1252 2810 1421 2865 anima
1458 2825 1588 2875 mea,
1623 2818 1668 2863 et
1698 2809 1812 2862 lau-

237 2906 377 2961 dabit
402 2917 449 2960 te
472 2904 637 2978 (Psal.
666 2919 852 2971 cxvm,
882 2902 1037 2975 175):
1061 2920 1081 2955 ι
1107 2901 1297 2958 Vivere
1323 2916 1401 2969 se,
1428 2917 1447 2953 ι
1481 2899 1676 2970 inquit,
1714 2917 1733 2951 ι
1755 2900 1809 2954 in

240 2996 349 3053 hac
383 2997 497 3052 vita
532 3010 638 3051 non
668 3001 907 3065 reputat;
951 2996 1142 3064 quippe
1182 2992 1271 3062 qui
1312 2990 1550 3058 dixerat,
1589 2987 1724 3043 Ecce
1755 2989 1811 3044 in

248 3089 589 3160 iniquitatibus
624 3097 889 3159 conceptus
928 3102 1069 3151 sum,
1114 3093 1162 3139 et
1190 3085 1243 3138 in
1268 3082 1463 3138 delictis
1488 3081 1677 3153 peperit
1702 3082 1810 3136 me'

239 3190 405 3234 mater
423 3195 533 3233 mea
559 3176 723 3237 (Psat.
743 3193 798 3243 ι,
821 3173 900 3248 7).
927 3175 1039 3232 Scit
1066 3175 1166 3230 sub
1189 3173 1390 3244 peccati
1417 3173 1616 3243 origine
1634 3180 1689 3226 et
1713 3170 1812 3227 sub

237 3270 436 3343 peccati
463 3271 581 3341 lege
620 3284 739 3325 esse
781 3283 843 3324 se
879 3277 1081 3323 natum.
1109 3283 1129 3320 s
1169 3264 1415 3322 Sentisne
1443 3265 1565 3335 quid
1596 3255 1812 3319 audias?

244 3361 511 3428 Qumrisne
548 3359 674 3431 quid
701 3359 882 3415 dicas?
913 3356 1064 3413 Hunc
1089 3357 1260 3413 virum
1291 3364 1430 3411 tanta
1470 3358 1520 3409 in
1550 3353 1812 3425 episcopis

239 3448 507 3507 catholicis
549 3449 709 3505 laude
755 3449 1105 3519 praeclarum,
1151 3455 1294 3503 tanta
1340 3446 1526 3501 notitia
1568 3446 1812 3515 famaque

242 3544 576 3613 conspicuum
599 3582 616 3609 ,
658 3542 725 3597 de
764 3549 984 3611 peccato
1009 3540 1249 3612 originali
1274 3538 1411 3595 aude
1433 3581 1448 3606 ,
1493 3538 1535 3592 si
1567 3539 1690 3609 quid
1720 3538 1812 3593 tibi

243 3636 423 3693 frontis
445 3646 550 3703 est,
580 3636 875 3692 criminari.

307 3729 391 3783 10.
419 3727 526 3783 Sed
554 3727 732 3781 adhuc
759 3725 883 3781 audi
910 3725 1072 3780 alium
1103 3725 1451 3781 excellentem
1481 3723 1572 3779 Dei
1601 3723 1815 3794 dispen-

246 3827 462 3872 satorem
487 3859 503 3884 ,
545 3832 707 3888 quem
747 3831 977 3872 veneror
1001 3823 1059 3870 ut
1082 3825 1284 3887 patrem
1310 3831 1323 3869 :
1348 3816 1400 3870 in
1433 3814 1644 3870 Christo
1671 3816 1813 3870 enim

248 3907 361 3963 Iesu
388 3924 483 3978 per
508 3908 857 3978 Evangelium
898 3907 1013 3977 ipse
1039 3921 1127 3961 me
1149 3906 1328 3976 genuit
1357 3906 1413 3977 (Ι
1443 3906 1558 3960 Cor.
1589 3920 1665 3971 1v,
1699 3904 1811 3976 15),

250 4006 298 4053 et
322 3998 595 4054 eoChristi
617 3999 864 4052 ministro
883 3998 1150 4052 lavacrum
1171 3997 1591 4066 regenerationis
1611 3997 1812 4065 accepi.

253 4087 457 4143 Beatum
486 4090 680 4159 loquor
708 4087 1050 4143 Ambrosium
1071 4128 1086 4151 ,
1126 4086 1276 4157 cujus
1303 4101 1399 4156 pro
1425 4086 1680 4141 catholica
1713 4085 1816 4140 ﬁde

254 4180 485 4249 gratiam,
515 4178 903 4246 constantiam,
931 4177 1168 4244 labores,
1199 4177 1429 4247 pericula
1451 4218 1467 4243 ,
1498 4176 1608 4231 sive
1637 4176 1815 4244 operi-

256 4269 345 4326 bus
363 4271 471 4327 sive
496 4270 854 4334 sermonibus,
884 4279 935 4324 et
962 4269 1074 4338 ipse
1094 4284 1210 4323 sum
1235 4277 1502 4339 expertus,
1532 4278 1584 4323 et
1609 4281 1816 4321 mecum

259 4375 354 4415 non
380 4361 579 4416 dubitat
618 4362 767 4416 orbis
807 4360 1097 4431 praedicare
1136 4359 1425 4413 Romanus.
1471 4358 1567 4413 Hic
1592 4359 1672 4411 vir
1697 4372 1817 4411 cum

262 4452 533 4508 secundum
554 4452 752 4508 Lucam
768 4460 1057 4520 exponeret
1080 4450 1418 4520 Evangelium
1437 4467 1449 4504 :
1471 4467 1489 4501 ι
1507 4448 1769 4516 Iordanis,
1792 4466 1812 4501 ι

262 4538 446 4610 inquit,
479 4559 500 4594 ι
525 4557 794 4597 conversus
822 4552 892 4594 est
922 4550 1195 4594 retrorsum
1231 4537 1404 4612 (Psal.
1432 4554 1583 4604 cxm,
1614 4538 1669 4611 5)
1698 4556 1711 4593 :
1742 4539 1818 4593 si-

262 4630 508 4700 gniﬁcavit
552 4631 802 4687 salutaris
837 4630 1030 4686 lavacri
1062 4629 1234 4685 futura
1262 4631 1511 4700 mysteria
1535 4668 1551 4695 ,
1585 4645 1678 4698 per
1702 4643 1820 4699 quas

263 4719 314 4775 in
340 4722 615 4790 primordia
645 4730 850 4776 natura:
886 4736 996 4774 suae
1016 4761 1030 4785 ,
1078 4721 1163 4790 qui
1197 4720 1442 4789 baptizati
1474 4720 1665 4773 fuerint
1693 4734 1820 4790 par-

264 4811 390 4875 vuli,
412 4826 443 4865 a
462 4813 658 4867 malitia
685 4810 1059 4877 reformantur,
1093 4829 1112 4864 »
1147 4809 1280 4882 (Lib.
1310 4811 1336 4866 ί
1370 4811 1420 4863 in
1449 4809 1601 4878 Lua,
1628 4828 1681 4863 η.
1707 4809 1819 4881 56).

264 4898 452 4958 Rursus
472 4903 613 4958 idem
642 4905 759 4973 ipse
784 4903 836 4957 in
866 4901 1053 4957 eodem
1081 4916 1278 4971 opere:
1308 4920 1327 4953 ‹
1347 4901 1461 4956 Non
1488 4903 1628 4957 enim
1655 4904 1822 4959 virilis

261 4994 439 5060 coitus,
468 5012 488 5048 ι
518 4996 708 5065 inquit,
746 5012 766 5047 ι
786 4996 955 5051 vulva:
986 4994 1257 5065 virginalis
1286 5002 1488 5049 secreta
1536 4996 1819 5060 rcseravit;

253 5084 349 5139 sed
388 5087 784 5142 immaculatum
829 5100 1011 5141 semen
1061 5084 1348 5140 inviolabili
1396 5095 1549 5141 utero
1596 5086 1824 5155 Spiritus

252 5186 463 5233 sanctus
484 5177 694 5232 infudit.
721 5177 880 5233 Solus
903 5186 985 5232 est
1009 5177 1149 5233 enim
1179 5188 1276 5247 per
1299 5176 1474 5231 omnia
1505 5192 1571 5231 ex
1598 5186 1731 5231 natis
1757 5179 1825 5233 de

248 5266 443 5323 femina
472 5276 689 5323 sanctus
718 5269 973 5323 Dominus
998 5267 1172 5332 Iesus,
1203 5267 1294 5337 qui
1325 5254 1551 5324 terrenae
1581 5270 1822 5339 contagia

245 5361 559 5431 corruptela:
596 5360 921 5416 immaculati
964 5369 1144 5430 partus
1170 5361 1400 5414 novitate
1428 5376 1532 5415 non
1561 5362 1821 5429 senserit,

241 5461 298 5507 et
316 5452 523 5507 σκιοειί
546 5452 823 5521 majestate
844 5450 1132 5521 depulerit:
1163 5450 1368 5521 (Lib.2,
1382 5468 1434 5505 η.
1460 5453 1568 5522 56).
1589 5452 1825 5522 Itemque

307 5564 326 5591 ι
363 5568 484 5630 Τζρε
504 5575 534 5611 e
554 5562 790 5611 vaticanis
812 5569 937 5622 uss,
954 5560 1201 5625 mortifera
1222 5562 1593 5627 transgressione
1611 5562 1822 5627 mortife-

234 5634 357 5670 nun
377 5630 559 5672 unum.

305 5685 327 5713 ²
366 5692 466 5731 .tm.
489 5691 562 5731 Er.
584 5690 639 5732 et
653 5689 783 5739 διες..
806 5682 1016 5743 concepit
1037 5697 1129 5734 me.

301 5746 381 5806 (η)
406 5753 502 5793 δρα
521 5745 667 5807 hujus
679 5744 934 5808 quidquam
958 5753 1132 5794 exstat.

3358 328 3464 387 σω

1898 441 1949 494 in
1980 439 2166 496 eodem
2196 437 2311 512 ipso
2342 455 2359 495 :
2389 458 2410 494 ι
2432 441 2649 508 Omnes,
2673 460 2691 494 ι
2727 440 2928 513 inquit,
2966 456 2985 495 α
3011 441 3061 497 in
3094 441 3260 497 Adam
3296 446 3462 498 mori-

1895 550 2013 590 mur
2035 536 2075 599 ¹,
2107 534 2227 605 quia
2267 551 2357 607 per
2395 552 2552 591 unum
2594 535 2846 591 hominem
2881 548 3138 606 peccatum
3171 537 3373 591 intravit
3410 537 3464 591 in

1895 627 2166 694 mundum,
2207 637 2255 681 et
2291 643 2378 698 per
2420 637 2678 698 peccatum
2705 645 2870 695 mors;
2915 637 2964 681 et
2998 626 3068 682 ita
3092 627 3145 683 in
3173 645 3342 683 omnes
3371 629 3466 683 ho—

1894 719 2052 773 mines
2092 718 2418 790 pertransiit,
2466 719 2518 772 in
2559 734 2656 790 quo
2702 734 2872 772 omnes
2917 728 3260 789 peccaverunt.
3316 719 3464 775 Illius

1896 809 2052 878 igitur
2066 809 2238 879 culpa,
2260 822 2402 863 mors
2428 807 2662 863 omnium
2683 816 2765 863 est
2785 827 2803 860 ›
2830 807 2964 878 (Lib.
2985 810 3038 874 4,
3058 827 3109 862 η.
3130 810 3219 876 67,
3246 810 3314 864 ad
3333 808 3462 864 Luc.

1895 917 1972 965 tv,
2015 900 2126 973 58).
2158 900 2276 956 Alio
2304 900 2430 956 item
2461 901 2577 956 loco
2602 902 2653 955 in
2678 900 2866 955 eodem
2894 901 3181 971 Evangelio
3224 921 3237 957 :
3284 922 3301 954 ι
3322 902 3462 959 Cave

1896 1005 2041 1059 ergo,
2063 1007 2084 1042 ι
2118 990 2307 1059 inquit,
2341 1007 2359 1041 ι
2382 1003 2448 1044 ne
2473 996 2596 1044 ante
2619 988 2859 1053 nuderis,
2883 990 3019 1044 sicut
3048 991 3212 1066 Adam
3241 992 3466 1046 nudatus

1897 1088 1996 1145 est,
2030 1077 2262 1133 mandati
2303 1077 2537 1133 caelestis
2565 1077 2802 1133 custodia
2832 1078 3135 1146 destitutus,
3182 1089 3236 1134 et
3273 1090 3466 1136 exutus

1898 1167 2021 1223 ﬁdei
2047 1168 2382 1235 vestimento,
2409 1175 2461 1222 ct
2489 1168 2566 1223 sic
2589 1166 2783 1224 lethale
2808 1167 2998 1223 vulnus
3023 1170 3247 1238 accepit,
3280 1170 3330 1223 in
3361 1184 3465 1239 quo

1898 1273 2056 1313 omne
2082 1272 2248 1328 genus
2285 1257 2568 1314 occidisset
2593 1257 2881 1314 humanum
2905 1298 2922 1326 ,
2970 1258 3071 1312 nisi
3109 1257 3467 1314 Samaritanus

1896 1349 1987 1405 ille
2014 1349 2344 1405 descendens
2362 1348 2579 1404 vulnera
2601 1349 2714 1421 ejus
2733 1349 2923 1405 acerba
2943 1357 3179 1404 curasset
3202 1369 3220 1402 ι
3257 1346 3390 1421 (Lib.
3412 1349 3464 1416 7,

1900 1459 1953 1495 η.
1986 1442 2088 1509 75,
2130 1440 2197 1494 ad
2231 1440 2359 1496 Luc.
2390 1457 2443 1506 x,
2472 1440 2588 1512 50).
2625 1440 2831 1498 Rursus
2876 1443 2928 1496 in
2976 1456 3137 1512 opere
3167 1442 3280 1513 ipso
3305 1484 3319 1508 ,
3367 1443 3469 1499 alio

1901 1532 2020 1588 loco
2052 1551 2065 1587 :
2103 1532 2280 1600 «Fuit,
2312 1553 2331 1588 ι
2378 1535 2583 1605 inquit,
2643 1535 2880 1601 «Adam,
2932 1544 2985 1591 et
3028 1536 3081 1590 in
3132 1536 3220 1591 illo
3272 1536 3467 1592 fuimus

1901 1637 2121 1677 omnes:
2145 1623 2297 1693 periit
2315 1623 2503 1691 Adam,
2526 1625 2651 1681 etin
2672 1626 2763 1680 illo
2783 1642 2967 1682 omnes
2989 1627 3258 1696 perierunt
3283 1647 3301 1680 ι
3330 1627 3466 1701 (ιλιι.

1903 1714 1957 1781 7,
1980 1731 2033 1768 η.
2058 1713 2181 1779 254,
2207 1713 2275 1767 ad
2296 1713 2422 1773 Luc.
2452 1730 2522 1770 xv
2539 1757 2554 1782 ,
2577 1715 2689 1789 24).
2714 1715 2917 1773 Rursus
2952 1718 3091 1773 idem
3119 1719 3231 1789 ipse
3257 1720 3308 1775 in
3326 1722 3471 1791 Apo-

1902 1804 2037 1876 logia
2064 1806 2335 1877 pr0pheta:
2351 1807 2548 1862 David:
2574 1826 2593 1860 α
2614 1809 2906 1880 Antequam
2932 1811 3217 1877 nascimur,
3233 1832 3251 1865 ι
3282 1813 3469 1883 inquit,

1910 1913 1930 1947 ι
1959 1896 2282 1951 maculamur
2307 1897 2570 1968 contagio,
2598 1906 2651 1953 et
2676 1909 2800 1955 ante
2827 1916 3041 1956 usuram
3072 1902 3225 1971 lucis,
3256 1903 3474 1974 originis

1906 1988 2072 2059 ipsius
2092 1992 2386 2062 excipimus
2427 1993 2673 2065 iujuriam
2699 2036 2712 2061 ,
2744 1995 2795 2051 in
2828 1998 3098 2068 iniquitate
3127 2002 3472 2071 concipiatur.

1905 2078 2020 2135 Non
2050 2083 2331 2151 expressit,
2355 2102 2374 2136 ι
2400 2084 2589 2154 inquit,
2618 2104 2637 2139 ι
2659 2096 2830 2143 utrum
2862 2101 3158 2157 parentum,
3185 2108 3251 2147 an
3276 2104 3474 2152 nostra.

1908 2170 1975 2225 Et
1999 2171 2050 2224 in
2074 2171 2281 2227 delictis
2310 2189 2735 2247 unumquemque
2760 2189 2980 2248 generat
3017 2191 3186 2236 mater
3214 2197 3327 2237 sua.
3366 2184 3477 2241 Nec

1906 2258 1996 2314 hic
2023 2260 2344 2329 declaravit,
2391 2272 2566 2320 utrum
2607 2267 2659 2321 in
2694 2267 2903 2323 delictis
2936 2270 3045 2325 suis
3073 2282 3243 2327 mater
3270 2275 3475 2343 pariat,

1908 2369 1976 2408 an
2018 2352 2127 2424 jam
2174 2355 2281 2411 sint
2320 2357 2493 2428 aliqua
2536 2358 2730 2415 delicta
2776 2364 3060 2418 nascentis.
3110 2365 3213 2420 Sed
3254 2367 3373 2423 vide
3413 2384 3479 2424 ne

1910 2451 2195 2515 utrumque
2235 2447 2631 2520 intelligendum
2674 2449 2762 2506 sit.
2811 2451 2921 2508 Nec
2962 2464 3247 2525 conceptus
3289 2472 3480 2514 exsors

1911 2534 2202 2607 iniquitatis
2223 2546 2324 2602 est,
2349 2539 2596 2607 quoniam
2621 2548 2674 2595 et
2699 2552 2943 2611 parentes
2969 2560 3073 2599 non
3099 2555 3282 2601 carent
3300 2548 3478 2619 lapsu:

1911 2632 1966 2680 et
1991 2626 2036 2680 si
2062 2641 2161 2682 nec
2188 2628 2345 2683 unius
2373 2628 2477 2684 diei
2507 2628 2684 2685 infans
2710 2631 2826 2687 sine
2853 2644 3090 2702 peccato,
3120 2638 3289 2691 multo
3317 2641 3481 2709 magis

1910 2729 2011 2772 nec
2052 2715 2125 2770 illi
2171 2717 2397 2772 materni
2440 2728 2728 2790 conceptus
2764 2720 2878 2777 dies
2920 2723 3035 2778 sine
3070 2735 3289 2795 peccato
3334 2740 3478 2785 sunt.

1911 2803 2254 2877 Concipimur
2277 2822 2406 2878 ergo
2446 2809 2500 2863 in
2532 2817 2747 2878 peccato
2776 2820 3083 2881 parentum,
3114 2824 3169 2869 et
3196 2816 3247 2870 in
3276 2816 3481 2875 delictis

1912 2908 2094 2950 eorum
2141 2897 2427 2952 nascimur.
2470 2897 2576 2954 Sed
2607 2908 2660 2954 et
2701 2900 2815 2969 ipse
2842 2910 3022 2972 partus
3054 2903 3211 2959 habet
3237 2909 3482 2978 contagia

1913 2999 2005 3039 sua
2030 3025 2046 3052 ,
2075 3001 2173 3040 nec
2198 3002 2359 3042 unum
2392 2990 2754 3046 tantummodo
2780 2991 2933 3047 habet
2960 2991 3070 3063 ipsa
3092 3003 3273 3050 natura
3296 3008 3499 3054 conta--

1911 3079 2091 3149 giums
2132 3077 2282 3151 (Cap.
2313 3080 2426 3152 II).
2456 3079 2598 3136 Idem
2626 3083 2740 3152 ipse
2768 3083 2822 3138 in
2850 3083 3189 3153 Expositione
3215 3086 3334 3142 libri
3375 3089 3483 3144 To-

1913 3171 2049 3226 biae:
2080 3189 2097 3222 ι
2123 3171 2252 3238 Quis
2276 3172 2398 3239 iste,
2429 3191 2449 3226 ι
2480 3173 2671 3244 inquit,
2704 3193 2725 3230 ι
2744 3176 2945 3248 peccati
2972 3185 3054 3232 est
3074 3178 3356 3245 fenerator,
3383 3181 3483 3237 nisi

1913 3263 2173 3331 diabolus,
2191 3279 2338 3336 aquo
2364 3264 2473 3320 Eva
2503 3276 2738 3321 mutuata
2766 3271 3083 3339 peecatum',
3100 3271 3341 3328 obnoxiae.
3367 3288 3484 3329 suc~

1914 3356 2170 3411 cessionis
2214 3357 2389 3412 usuris
2410 3371 2568 3414 omne
2593 3373 2760 3430 genus
2803 3359 3125 3418 defeneravit
3163 3362 3479 3420 humanum:

1917 3445 2064 3517 (Cap.
2104 3446 2213 3517 9)?
2252 3446 2457 3504 Rursus
2512 3448 2566 3504 in
2616 3450 2803 3507 eodem
2855 3470 2869 3507 :
2917 3453 3226 3522 Diabolus,»
3282 3456 3484 3527 inquit,

1921 3537 2117 3592 «Evam
2145 3538 2374 3610 decepit,
2402 3548 2462 3596 ut
2486 3543 2850 3613 supplantaret
2876 3547 3063 3612 virum,
3095 3548 3348 3616 obligaret
3373 3548 3484 3603 ha:-

1915 3628 2227 3684 reditatenn
2255 3628 2403 3703 (Cap.
2427 3631 2542 3702 25).
2564 3632 2705 3688 Idem
2728 3635 2838 3704 ipse
2860 3636 3273 3707 in'Expositione
3294 3639 3484 3694 Psahni

1916 3720 2304 3792 quadragesimi
2331 3724 2502 3778 octavi
2529 3742 2541 3779 :
2576 3744 2594 3777 ι
2616 3726 2729 3779 Alia
2760 3737 2868 3793 est,
2896 3746 2914 3779 ο
2949 3729 3153 3798 inquit,
3203 3730 3486 3802 «iniquitas

1917 3823 2117 3881 nostra,
2148 3815 2249 3869 alia
2278 3816 2509 3871 ealcanei
2538 3819 2738 3884 nostri,
2780 3817 2832 3872 in
2876 3833 2980 3889 quo
3004 3821 3169 3874 Adam
3196 3820 3352 3877 dente
3374 3836 3489 3878 ser-

1917 3906 2091 3974 pentis
2127 3914 2208 3960 est
2227 3906 2554 3972 vulneratus,
2583 3915 2635 3962 et
2663 3908 2939 3963 obnoxiam
2981 3908 3336 3965 ha‘rcditatem
3364 3926 3488 3967 suc-

1919 3995 2175 4050 cessionis
2207 3996 2447 4051 humana:
2473 4013 2570 4052 suo
2597 3999 2817 4054 vulnere
2842 4000 3160 4071 dereliquit,
3206 4009 3260 4057 ut
3303 4017 3489 4059 omnes

1919 4086 2008 4141 illo
2030 4087 2247 4143 vulnere
2270 4087 2656 4143 claudicamus»
2690 4089 2779 4157 (In
2801 4107 2925 4146 vers.
2954 4092 3031 4160 ϐ).

1989 4178 2215 4235 CAPUT
2256 4180 2340 4234 IV.
2371 4181 2545 4237 —II.
2572 4181 2590 4234 I
2616 4198 2783 4251 nunc,
2810 4192 2863 4237 ct
2887 4184 3015 4238 mihi
3042 4184 3211 4256 objice
3235 4185 3491 4257 originale

1920 4269 2520 4338 peccatumzdissimnla
2570 4271 2636 4327 ab
2682 4272 2830 4340 istis,
2877 4274 3013 4345 ﬁnge
3044 4285 3094 4329 te
3124 4276 3328 4330 nescire
3365 4276 3488 4346 quid

1922 4356 2129 4423 dicant;
2161 4368 2213 4413 et
2239 4369 2435 4415 sancta:
2462 4360 2713 4415 Ecclesia:
2743 4369 2821 4416 tot
2847 4365 3111 4433 tantisque
3134 4364 3488 4432 doctoribus’,

1922 4448 2010 4518 qui
2037 4449 2139 4502 vita
2166 4450 2364 4518 Optime
2386 4460 2528 4519 gesta
2553 4450 2930 4522 debellatisque
2954 4467 3168 4507 suorum
3198 4462 3491 4524 temporum

1923 4538 2225 4601 erroribus,
2268 4539 2689 4607 gloriosissime‘
2718 4540 2786 4595 de
2827 4541 2927 4595 hoc
2974 4542 3169 4597 sreculo
3208 4552 3490 4613 antequam

1923 4642 2020 4681 vos
2048 4627 2339 4683 ehulliretis
2364 4628 2643 4693 exierunt,
2687 4630 2833 4686 velut
2875 4631 2951 4686 eis
2982 4647 3083 4685 non
3115 4632 3239 4688 visis
3264 4674 3278 4699 ,
3323 4633 3376 4687 in
3405 4614 3492 4689 me

1924 4718 2178 4786 impetum
2210 4716 2429 4782 faciens,
2458 4727 2511 4771 et
2536 4719 2679 4773 velut
2709 4720 2947 4775 nesciens
2975 4720 3115 4791 quod
3144 4722 3215 4775 illi
3246 4722 3344 4775 snh
3372 4735 3492 4778 meo

1925 4809 2141 4863 nomine
2169 4808 2496 4874 lacerentur,
2533 4816 2779 4878 tanquam
2808 4825 3025 4864 securus
3052 4812 3266 4866 insulta.
3296 4811 3493 4869 Crede-

1926 4913 2038 4953 rem
2071 4906 2141 4965 te,
2187 4896 2375 4963 Pateor,
2405 4897 2531 4968 quid
2562 4899 2682 4952 mali
2710 4897 2870 4954 facias
2898 4900 3163 4969 ignorare,
3198 4917 3295 4957 nec
3322 4904 3493 4972 impu-

1927 4989 2140 5055 dentitc,
2173 4990 2265 5044 sed
2308 4988 2672 5058 imprudentia:
2713 4999 2813 5043 tum
2844 4986 3163 5059 tribuerem,
3207 4993 3346 5063 quod
3379 4993 3493 5049 lucc

1929 5079 2125 5133 Iumina
2168 5078 2392 5133 civitatis
2436 5079 2524 5132 Dei
2571 5079 2734 5134 audes
2779 5079 3037 5135 hostiliter
3066 5082 3341 5146 inscctari,
3375 5099 3492 5153 qua:

1928 5171 2117 5227 sectari
2148 5171 2373 5225 ﬁdeliter
2397 5169 2621 5225 debuisti
2648 5187 2660 5222 :
2685 5170 2957 5225 crederem
2988 5179 3037 5224 te
3060 5214 3075 5237 ,
3111 5172 3319 5241 inquam
3346 5214 3359 5235 ,
3394 5175 3493 5228 hoc

1930 5271 2128 5318 tantum
2151 5262 2299 5317 nefas
2324 5261 2655 5317 committere
2685 5264 3028 5329 nescientem,
3057 5264 3156 5317 nisi
3180 5266 3227 5318 in
3251 5282 3314 5319 eo
3336 5265 3488 5331 libro,

1996 5438 2011 5470 ί
2048 5445 2097 5497 At
2114 5436 2176 5486 nd
2203 5435 2514 5491 Ambrosium,
2540 5432 2731 5483 mortui.

1992 5500 2012 5530 '
2044 5492 2220 5546 omnes
2253 5504 2393 5553 Mss,
2437 5500 2674 5545 maculata
2709 5499 2914 5557 peccato.
2944 5492 3233 5541 Concordant
3265 5494 3349 5555 ipsi
3377 5493 3491 5544 editi

1929 5568 2125 5623 postea,
2167 5573 2216 5608 n.
2241 5558 2330 5619 5:2,
2376 5559 2459 5607 ubi
2501 5569 2610 5606 cum
2651 5562 2756 5604 Mss.
2783 5556 2994 5613 habent,
3028 5567 3058 5603 a
3090 5567 3183 5616 quo
3206 5564 3298 5604 Evt!
3329 5568 3492 5605 nucu-

1931 5624 2117 5729 m‘fosic
2138 5690 2241 5731 Mss.
2271 5690 2322 5731 At
2346 5682 2479 5730 Μία.
2505 5686 2744 5745 tunicam“)
2769 5677 2997 5745 dOFtOTS-

1997 5745 2016 5775 “
2053 5753 2151 5793 Duo
2174 5760 2201 5792 e
2231 5748 2369 5793 \a'ie.
2399 5754 2521 5791 vss"
2545 5739 2694 5801 gloria
2718 5739 2883 5789 iasiuu'.
