3984 6510
505 305 610 363 647

509 423 596 478 cui
625 429 678 476 te
704 413 1041 489 respondisse
1067 411 1146 466 vel
1169 409 1458 472 existimas,
1487 405 1569 460 vel
1595 400 1884 458 existimari
1913 397 2082 467 cupis,

521 488 914 581 apertissimum
943 495 1300 558 testimonium
1326 497 1392 551 de
1419 495 1586 549 sancti
1618 489 1880 547 Ambrosii
1906 488 2088 557 dispu-

516 567 716 657 tatione
749 597 1040 668 posuissem
1087 589 1200 662 (De
1228 587 1436 658 Nuptiis
1459 595 1506 639 et
1529 580 1970 650 Concupiscentia,
1998 567 2086 630 lib.

513 693 567 758 ι,
599 708 652 744 η.
684 667 797 760 to).
838 680 920 740 An
945 677 1017 740 ibi
1043 695 1146 735 non
1173 679 1378 749 legisti,
1416 675 1556 746 quod
1583 687 1701 728 cum
1730 670 1926 726 Christi
1954 667 2091 722 nati-

513 783 730 837 vitatem
782 769 850 832 de
896 773 1118 845 virginis
1161 778 1318 841 partu
1370 781 1528 836 supra
1580 763 1754 818 dictus
1803 761 2096 814 insinuaret

524 867 856 943 episc0pus,¢
877 859 1053 930 ideo,»
1079 865 1270 932 inquii,
1284 869 1366 914 «et
1385 858 1532 928 quasi
1557 855 1716 910 homo
1737 867 1830 922 per
1851 851 2095 904 universa

517 969 750 1018 tentatus
773 968 890 1026 est,
927 966 980 1012 et
1009 956 1060 1010 in
1089 950 1434 1008 similitudine
1463 946 1734 1001 hominum
1765 951 1954 998 cuncta
1980 953 2096 992 sus-

519 1052 692 1114 tinuit,
727 1047 818 1104 sed
844 1048 992 1117 quasi
1021 1045 1087 1099 de
1111 1036 1308 1112 Spiritu
1340 1048 1496 1094 natus
1524 1033 1775 1090 abstinuit
1801 1048 1830 1086 a
1855 1039 2093 1101 peccato.

519 1141 705 1198 Omnis
728 1129 870 1195 enim
894 1137 1056 1192 homo
1091 1132 1316 1189 mendax
1359 1128 1528 1201 (Psal.
1565 1141 1691 1190 cxv,
1722 1123 1801 1196 2),
1849 1131 1902 1176 et
1941 1133 2098 1175 nemo

521 1233 637 1287 sine
667 1238 884 1300 peccato
923 1226 1023 1280 nisi
1062 1239 1200 1279 unus
1242 1223 1399 1276 Deus.
1449 1219 1726 1274 Servatum
1756 1222 1838 1269 est
1865 1213 2021 1282 igitur
2043 1218 2100 1264 ut

525 1336 591 1376 ex
615 1321 729 1373 viro
755 1321 807 1372 et
843 1309 1064 1371 muliere
1083 1355 1099 1381 ,
1145 1302 1197 1366 id
1226 1320 1307 1366 est
1324 1352 1338 1376 ,
1365 1323 1460 1380 per
1482 1305 1622 1360 illam
1649 1315 1931 1374 corporum
1956 1315 2103 1356 com-

527 1407 838 1464 mixtionem
883 1419 1040 1460 nemo
1083 1399 1322 1457 videatur
1363 1412 1556 1468 expers
1599 1409 1719 1451 esse
1761 1387 1962 1447 delicti.
2002 1389 2102 1456 Qui

527 1513 702 1556 autem
751 1513 943 1569 expers
985 1489 1191 1562 delicti,
1233 1506 1426 1562 expers
1470 1500 1552 1546 est
1589 1489 1748 1542 etiam
1796 1482 2104 1566 hujusmodi

528 1563 892 1661 conceptionis
918 1607 937 1640 ι
973 1577 1079 1657 (Ea:
1103 1593 1425 1639 commentar.
1456 1581 1508 1634 in
1547 1569 1780 1650 Isaiam).
1812 1567 1866 1631 Si
1896 1575 2008 1628 haec
2035 1563 2106 1627 ibi

529 1681 691 1737 verba
720 1677 1008 1734 venerandi
1047 1673 1313 1730 Ambrosii
1341 1687 1444 1728 non
1473 1670 1664 1740 legisti,
1691 1665 1956 1738 quomodo
1985 1662 2107 1718 red-

533 1772 859 1844 arguendum
895 1771 1110 1837 librum,
1139 1769 1189 1820 in
1212 1780 1316 1836 quo
1335 1779 1398 1819 ea
1417 1771 1540 1818 sunt
1562 1761 1750 1830 posita,
1793 1753 2108 1825 suscepisti?

536 1864 596 1920 Si
623 1871 799 1918 autem
841 1859 1050 1930 legisti,
1097 1855 1220 1927 quid
1247 1855 1527 1910 adversum
1557 1866 1643 1906 me
1674 1849 1804 1903 furis
1825 1889 1841 1915 ,
1881 1853 1937 1902 et
1964 1845 2109 1899 illum

537 1959 592 2013 in
619 1972 703 2012 me
728 1954 972 2025 primitus
999 1949 1214 2017 carpis?
1242 1947 1377 2016 Quid
1405 1959 1598 2000 nomen
1635 1941 1891 1996 dilaniare
1927 1936 2112 1991 niteris

536 2065 734 2114 meum,
763 2055 818 2102 et
843 2042 1180 2100 Ambrosium
1211 2039 1340 2094 facis
1369 2037 1527 2092 tacito
1552 2034 1667 2104 ejus
1697 2030 1912 2086 nomine
1939 2026 2111 2081 Mani-

537 2141 742 2198 chmum
758 2140 782 2193 ?
1543 2124 1549 2129 ’

610 2230 696 2286 12.
734 2227 920 2284 Cernis
946 2235 1136 2296 nempe
1159 2236 1278 2277 cum
1299 2217 1489 2290 quibus
1519 2223 1608 2272 tua
1635 2209 1916 2270 maledicta
1941 2205 2110 2266 suSti-

537 2337 716 2387 neam,
739 2319 914 2375 cernis
943 2329 1062 2372 cum
1093 2313 1284 2384 quibus
1317 2305 1448 2364 mihi
1492 2305 1563 2362 si't
1595 2319 1753 2362 causa
1782 2300 2115 2366 communis,

539 2429 698 2484 quam
737 2410 879 2466 nulla
907 2405 1332 2464 consideratione
1370 2397 1546 2457 sobria
1589 2399 1798 2469 pulsare
1841 2387 2119 2450 calumniis

543 2513 599 2560 et
623 2513 924 2572 expugnare
949 2495 1200 2553 conaris?
1238 2493 1422 2549 Cernis
1456 2505 1613 2561 quam
1645 2488 1739 2543 tibi
1767 2484 2120 2558 perniciosum

543 2597 642 2656 sit,
681 2604 785 2648 tam
817 2587 1068 2646 horribile
1109 2587 1313 2642 crimen
1350 2583 1584 2654 objicere
1627 2581 1855 2644 talibus;
1883 2585 1937 2632 et
1963 2589 2120 2646 quam

543 2685 674 2741 mihi
701 2683 1010 2754 gloriosum,
1039 2677 1312 2749 quodlibet
1334 2676 1537 2730 crimen
1558 2673 1741 2728 audire
1765 2686 1884 2726 cum
1908 2667 2122 2724 talibus?

547 2775 602 2832 Si
628 2775 819 2837 cernis,
847 2783 1028 2838 cerne,
1046 2773 1100 2825 et
1115 2767 1324 2822 tandem
1347 2775 1460 2820 tace
1489 2783 1502 2819 :
1531 2763 1868 2833 Pelagianam
1893 2760 2124 2828 linguam

549 2873 628 2920 tot
655 2863 848 2934 linguis
872 2859 1145 2916 catholicis
1182 2853 1421 2928 deprime
1443 2895 1456 2916 .
1495 2863 1571 2908 tot
1595 2851 1911 2908 venerandis
1946 2849 2125 2903 oribus

545 2963 794 3025 proterVa
824 2966 914 3006 ora
950 2950 1219 3005 submitte.
1260 2947 1318 3002 Si
1365 2947 1597 3002 scholam
1635 2942 1950 3000 Xenocratis
1991 2939 2128 2996 sicut
2167 3000 2172 3005 _

546 3043 766 3100 Polemo
794 3041 870 3113 (a)
899 3056 966 3095 ex
991 3039 1302 3094 antelucano
1329 3037 1572 3091 convivio
1597 3033 1918 3090 temulentus
1937 3031 2127 3085 intras-

550 3147 658 3198 ses,
687 3148 791 3188 non
826 3138 968 3186 tanta
999 3137 1192 3200 quanta
1221 3129 1274 3182 in
1305 3129 1404 3182 isto
1430 3137 1572 3181 cmtu
1603 3134 1677 3180 tot
1706 3133 2008 3180 sanctorum
2035 3121 2128 3177 de-

551 3223 708 3280 beres
758 3221 1076 3279 verecundia
1138 3220 1390 3276 coerceri.
1448 3217 1544 3274 Hic
1591 3219 1732 3273 enim
1786 3225 1931 3272 certe
1980 3223 2128 3270 tanto

551 3318 723 3387 major
743 3315 898 3370 debet
918 3327 1035 3368 esse
1055 3312 1395 3376 verecundia,
1423 3319 1619 3380 quanto
1641 3310 1818 3365 veriOr
1841 3308 2130 3364 addiscitur

552 3405 832 3476 sapientia.
860 3403 1030 3458 Tanto
1058 3398 1284 3472 amplius
1307 3399 1582 3456 reverendi
1612 3408 1735 3453 sunt
1762 3407 1838 3453 tot
1863 3413 2129 3453 memora-

554 3495 734 3552 bilium
776 3494 1143 3563 episcoporum
1183 3507 1340 3562 quam
1379 3489 1535 3544 unius
1575 3489 1889 3544 Xenocratis
1931 3488 2124 3554 vultus,

551 3595 746 3654 quanto
771 3583 987 3638 Platone
1001 3581 1317 3638 Xenocratis
1337 3580 1554 3636 doctore
1574 3579 1761 3634 doctor
1781 3579 2001 3632 istorum
2019 3593 2132 3632 ma-

547 3675 635 3747 jor
658 3683 740 3730 est
776 3673 1037 3728 Christus.
1071 3671 1184 3742 Ego
1220 3682 1364 3727 certe
1391 3672 1559 3727 beata:
1588 3670 1859 3724 memoriae
1884 3669 2132 3724 Memoris

551 3767 717 3838 patris
749 3765 823 3820 tui
853 3780 954 3820 nou
987 3765 1264 3819 immemor
1292 3762 1362 3834 (ὁ)
1387 3804 1400 3828 ,
1429 3763 1516 3834 qui
1547 3777 1753 3818 mecum
1781 3776 1883 3816 non
1917 3776 2130 3832 parvam

552 3856 744 3912 inierat
787 3855 1070 3910 amicitiam
1111 3854 1373 3924 colloquio
1403 3854 1730 3919 litterarum,
1758 3861 1914 3922 teque
1958 3852 2131 3921 ipsum

553 3946 681 4002 mihi
709 3947 1076 4015 charissimum
1117 3946 1346 4010 fecerat,
1380 3959 1499 3998 cum
1541 3953 1592 3998 te
1621 3943 1852 3998 viderem
1895 3942 1946 3996 in
1985 3941 2132 3996 libris

556 4037 661 4092 tuis
689 4051 794 4091 non
823 4037 1139 4091 antelucano
1163 4035 1406 4090 convivio
1431 4035 1799 4098 temulentum,
1825 4031 1918 4088 sed
1947 4033 2132 4086 insano

554 4131 796 4185 convicio
825 4128 1214 4191 turbulentum,
1257 4126 1524 4182 inlroduxi
1554 4133 1604 4180 te
1640 4123 1932 4180 sedandum
1976 4133 2134 4194 atque

558 4219 871 4286 sanandum,
898 4234 1002 4273 non
1032 4219 1083 4273 in
1111 4219 1332 4288 alicujus
1356 4216 1652 4287 philosophi
1674 4215 2012 4280 auditorium,
2039 4215 2132 4270 sed

557 4313 612 4368 in
639 4320 940 4366 sanctorum
970 4321 1176 4382 patrum
1204 4309 1480 4382 paciﬁcum
1509 4305 1980 4378 honorandumque
2007 4321 2136 4361 con-

555 4411 792 4457 ventum.
831 4399 911 4456 Sit
935 4416 1109 4471 Opera:
1143 4401 1366 4471 pretium
1391 4441 1404 4466 ,
1433 4399 1655 4455 obsecro
1684 4405 1766 4465 te,
1812 4399 1989 4468 aspice
2017 4398 2134 4454 illos

556 4493 945 4561 quodammodo
971 4493 1289 4563 aspicientes
1330 4503 1413 4558 te,
1455 4501 1509 4547 et
1545 4501 1822 4547 mansuete
1847 4507 1908 4546 ac
1945 4492 2134 4548 leniter

559 4583 796 4639 dicentes
821 4585 912 4638 tibi
943 4602 955 4637 :
985 4583 1129 4638 itane
1153 4599 1265 4648 nos,
1295 4581 1609 4650 iiliJuliane,
1637 4581 1906 4637 Manichaii
1929 4583 2133 4637 sumus?

557 4671 706 4742 Rogo
729 4716 743 4739 ,
775 4674 899 4743 quid
940 4674 1324 4744 respondebis?
1352 4671 1552 4742 Quibus
1579 4687 1670 4728 eos
1700 4674 1864 4728 oculis
1893 4674 2133 4728 intuebe-

556 4763 669 4818 ris?
695 4763 820 4830 Qum
853 4765 942 4818 tibi
981 4773 1287 4832 argumenta
1315 4764 1661 4819 succurrent?
1686 4765 1813 4832 Quin
1839 4761 2134 4820 Aristotelis

556 4856 835 4925 categorize
854 4896 868 4920 ,
911 4857 1133 4926 quibus,
1159 4868 1213 4911 ut
1243 4857 1293 4911 in
1326 4873 1423 4912 nos
1453 4858 1598 4911 velut
1624 4857 1814 4912 artifex
1841 4857 2134 4927 disputator

558 4945 779 5010 insilias,
811 4944 980 5000 videri
1020 4948 1227 5015 appetis
1274 4947 1558 5001 elimatus?
1585 4947 1712 5016 Qum
1742 4959 1946 5001 tuorum
1973 4963 2132 5018 argu-

558 5043 858 5091 mentorum
887 5035 969 5089 vel
1008 5037 1150 5090 acies
1177 5037 1344 5091 vitrea
1365 5077 1379 5102 ,
1407 5037 1491 5092 vel
1530 5037 1759 5106 plumbei
1797 5038 2053 5108 pugiones
2079 5037 2132 5092 in

557 5124 770 5179 illorum
797 5132 1083 5193 conspectu
1108 5125 1279 5179 exscri
1307 5125 1610 5180 audebunt?
1633 5125 1761 5191 Qua:
1789 5123 1886 5178 abs
1912 5134 1962 5180 te
1985 5141 2132 5182 arma

561 5229 667 5271 non
696 5214 890 5285 fugient
917 5213 1222 5284 nudumque
1255 5213 1574 5270 destituent?
1607 5215 1686 5269 An
1731 5213 1865 5269 forte
1900 5214 2134 5273 dicturus

621 5367 986 5434 (a)_Polemo_ex
1011 5367 1255 5434 luxuriosa
1275 5367 1599 5434 adolescentia
1637 5369 1839 5434 insignis
1859 5368 2012 5434 factus
2029 5371 2136 5433 phi-

559 5429 812 5504 iosophus.
836 5438 864 5477 γ
873 5429 951 5504 ide
969 5430 1203 5504 Valerium
1219 5429 1704 5504 atarimum,n.libro_6,
1727 5429 1831 5494 éap.
1853 5433 1905 5492 9,
1925 5440 1976 5483 et
1992 5429 2135 5482 Liter-

559 5490 689 5562 tiuni
704 5492 989 5562 liiogeuem,
1013 5490 1137 5562 libro
1157 5491 1190 5540 4
1212 5491 1411 5562 devita
1424 5490 1826 5562 philosophorum.

624 5551 704 5626 (ὑ).
722 5551 838 5626 vide
861 5553 1194 5626 Augustinum.
1223 5554 1364 5626 Epist.
1395 5551 1474 5602 101
1496 5551 1651 5626 ivjd'e
1669 5557 1814 5604 etiam
1839 5553 1979 5626 infra,
2009 5561 2136 5626 Mer-

559 5611 735 5664 catoris
770 5611 1186 5686 Commonitorium
1229 5611 1461 5664 adversus
1495 5611 1799 5679 Pelagianos,
1838 5618 1887 5666 in
1923 5611 2136 5668 secunda

559 5683 694 5724 iarte
720 5675 1018 5724 Arnendms.
1625 5709 1634 5718 .

559 5691 570 5736 ι
589 5687 694 5724 arte
720 5687 748 5721 Α
755 5687 1018 5736 jzpcnaims.
1625 5709 1634 5718 .

1325 289 1596 349 CONTRA
1635 284 1972 344 JCLIANUM
2001 279 2471 348 PELAGIANUM,
2513 277 2570 333 S.
2613 273 2976 334 AUGUSTINI

3659 261 3774 326 630

2197 409 2254 449 es
2273 435 2286 461 ,
2315 394 2580 448 neminem
2619 391 2830 447 illorum
2855 399 2908 445 te
2937 389 2991 444 in
3025 387 3129 445 isto
3171 383 3392 442 crimine
3423 381 3724 438 nominasse
3747 381 3777 434 τ

2196 472 2264 538 Et
2293 483 2416 553 quid
2444 482 2604 538 facies
2623 523 2638 548 ,
2681 497 2800 536 cum
2831 479 2924 536 tibi
2953 476 3206 542 dixerint,
3235 474 3584 530 Tolerabilius
3607 472 3782 528 dente

2197 573 2454 630 maledico
2492 574 2704 628 nomina
2733 569 3040 626 concideres
3066 575 3242 622 nostra
3263 606 3277 633 ,
3304 580 3458 636 quam
3486 563 3644 618 ﬁdem
3671 577 3782 618 no~

2199 675 2384 730 stram,
2415 665 2564 735 cujus
2589 665 2778 719 merito
2804 663 2855 717 in
2890 660 3025 716 caelo
3055 658 3267 715 nomina
3295 657 3405 726 ipsa
3430 655 3624 724 scripta
3651 656 3787 709 sunt

2200 756 2418 813 nostra?
2447 759 2527 810 An
2555 754 2690 810 forte
2708 754 2853 808 dices
2873 752 2968 818 eis,
2994 750 3102 806 Nec
3127 749 3284 804 ﬁdem
3304 755 3534 802 vestram
3555 745 3664 800 ullo
3687 743 3785 798 tali

2200 851 2422 904 crimine
2451 848 2676 902 violavi?
2705 845 2808 902 Sed
2849 859 2950 915 qua
2979 839 3298 898 conﬁdentia
3327 838 3378 894 id
3408 837 3586 892 dicere
3609 834 3784 890 audc-

2205 941 2305 1006 bis,
2337 941 2497 995 homo
2535 938 2624 1008 qui
2649 937 2780 992 dicis
2806 933 3148 989 liianichaeum
3175 945 3294 986 esse
3332 929 3572 994 sensum,
3606 923 3784 982 conii-

2204 1033 2304 1088 teri
2332 1048 2396 1086 ex
2433 1030 2602 1084 Adam
2635 1028 2842 1082 trahere
2870 1031 3150 1079 nascentes
3173 1021 3428 1091 originale
3465 1028 3782 1089 peccatum;

2205 1124 2346 1196 quod
2385 1123 2471 1178 isti
2496 1121 2724 1177 confessi
2750 1129 2908 1190 atque
2937 1115 3160 1186 professi
3185 1121 3311 1168 sunt
3335 1111 3477 1182 quod
3505 1111 3558 1165 in
3585 1096 3788 1164 Christi

2208 1203 2476 1271 Ecclesiai
2505 1227 2718 1266 suorum
2747 1208 3166 1264 rudimentorum
3195 1211 3434 1272 tempore
3461 1199 3788 1264 didicerunt,

2209 1306 2349 1378 quod
2393 1303 2588 1360 Christi
2631 1301 2925 1358 Ecclesium
2972 1309 3190 1352 suorum
3236 1292 3498 1348 honorum
3545 1299 3791 1360 tempore

2209 1399 2543 1463 docuerunt,
2591 1395 2678 1466 qui
2725 1408 2820 1464 per
2862 1389 3116 1461 Spiritum
3165 1393 3406 1442 sanctum
3456 1391 3566 1438 tam
3621 1379 3792 1437 multa

2211 1497 2422 1559 peccata
2447 1486 2695 1543 omnibus
2723 1497 2858 1555 quos
2881 1481 3146 1550 baptizare
3169 1482 3474 1548 potuerunt,
3507 1481 3616 1528 tam
3645 1467 3792 1526 mul-

2211 1557 2282 1635 tis
2306 1579 2538 1650 parvulis
2562 1577 2673 1632 sola
2699 1572 2976 1645 originalia
3001 1564 3364 1625 remiserunt?
3392 1562 3590 1618 Iterum
3619 1569 3674 1616 te
3699 1557 3795 1613 ad-

2212 1686 2436 1738 moneo,
2467 1671 2656 1724 iterum
2681 1680 2833 1736 rogo,
2867 1663 3046 1733 aspice
3069 1668 3148 1715 tot
3175 1672 3238 1713 ac
3264 1656 3396 1712 tales
3423 1652 3680 1710 Ecclesia:
3707 1663 3797 1704 ca-

2213 1763 2423 1819 tholicae
2449 1761 2754 1815 defensores
2793 1764 2951 1826 atque
2977 1749 3254 1809 doctores‘
3279 1769 3294 1805 :
3323 1747 3444 1804 vide
3471 1744 3670 1816 quibus
3691 1751 3798 1798 tam

2217 1869 2435 1926 gravem
2459 1861 2673 1921 tamque
2695 1847 2948 1920 nefariam
2975 1843 3225 1914 irrogaris
3241 1839 3511 1911 injuriar'n.

2289 1939 2377 2000 15.
2417 1945 2497 1998 An
2525 1942 2644 1996 ideo
2667 1936 3082 1996 contemnendos
3103 1943 3276 2004 putas,
3303 1930 3426 2002 quia
3445 1924 3800 1984 occidentalis

2219 2035 2470 2093 Ecclesia:
2495 2037 2615 2088 sunt
2641 2045 2826 2086 omnes
2846 2068 2861 2096 ,
2891 2041 2989 2082 nec
3017 2027 3156 2080 nllus
3179 2033 3262 2078 est
3283 2024 3336 2077 in
3360 2022 3439 2078 eis
3467 2033 3802 2076 commento-'-

2219 2136 2366 2184 ratus
2393 2142 2422 2180 a
2449 2125 2600 2180 nobis
2622 2121 2851 2177 Orientis
2873 2117 3194 2190 episcopus?
3215 2113 3350 2180 Quid
3367 2126 3496 2183 ergo
3519 2110 3800 2172 faciemus.

2221 2235 2342 2275 cum
2372 2219 2444 2274 illi
2471 2215 2640 2274 Graeci
2667 2215 2790 2277 sint,
2817 2225 2914 2266 nos
2937 2209 3106 2264 Latini
3127 2210 3150 2264 ?
3175 2209 3306 2262 Puto
3333 2205 3426 2261 tibi
3451 2218 3568 2260 eam
3595 2210 3804 2272 partem

2223 2311 2368 2367 urbis
2397 2307 2641 2363 sufﬁcere
2669 2304 2866 2360 debere
2889 2344 2903 2368 ,
2947 2301 3000 2356 in
3031 2315 3134 2370 qua
3169 2298 3402 2368 primum
3425 2293 3806 2364 Apostolorum

2223 2415 2440 2456 suorum
2465 2397 2630 2452 voluit
2657 2395 2912 2450 Dominus
2941 2389 3320 2462 gloriosissimo
3359 2385 3618 2456 martyrio
3645 2395 3809 2438 corod

2225 2505 2374 2546 nare.
2401 2488 2494 2544 Cui
2524 2486 2776 2542 Ecclesiae
2805 2481 3176 2554 praesidentem
3199 2479 3410 2533 beatum
3435 2471 3808 2530 Innocentium
3841 2543 3844 2546 ἢ

2226 2581 2270 2637 si
2299 2580 2485 2634 audire
2508 2577 2785 2642 voluisses,
2811 2573 2920 2644 jatn
2951 2581 3074 2627 tunc
3100 2568 3446 2640 periculosam
3469 2565 3810 2636 juventutem

2229 2681 2372 2726 tuam
2389 2669 2682 2739 Pelagianis
2701 2665 2902 2736 laqueis
2920 2662 3176 2719 eruisses.
3203 2657 3342 2727 Quid
3359 2658 3502 2712 enim
3524 2652 3699 2725 potuit
3717 2650 3810 2706 ille

2229 2763 2311 2818 vir
2331 2768 2543 2816 sanctus
2570 2735 2829 2812 Africanis
2865 2751 3192 2823 respondere
3223 2747 3497 2812 conciliis,
3527 2744 3632 2799 nisi
3663 2735 3812 2813 quod

2229 2853 2515 2923 antiquitus
2553 2847 2857 2919 Apostolica
2886 2844 3053 2900 Sedes
3088 2851 3143 2897 et
3181 2841 3416 2896 Romana
3445 2850 3567 2892 cum
3595 2832 3813 2890 caeteris

2231 2951 2376 2999 tenet
2396 2945 2794 3011 perseveranter
2815 2933 3085 2992 Ecclesia?
3109 2933 3178 2988 Et
3201 2939 3378 2986 tamen
3397 2927 3514 2998 ejus
3533 2937 3812 2982 succusso-

2232 3051 2344 3092 rem
2369 3029 2682 3108 (Zosimum)
2703 3030 2926 3085 crimine
2959 3015 3407 3098 praevaricationis
3421 3023 3668 3083 accusas,
3686 3016 3812 3088 quia

2233 3107 2486 3182 doctrina:
2511 3119 2815 3192 apostolicae
2839 3127 2894 3174 et
2918 3117 2998 3172 sui
3021 3113 3316 3171 decessoris
3343 3108 3620 3166 sententia:
3641 3107 3815 3162 noluit

2232 3214 2506 3286 refragari.
2529 3213 2634 3269 Sed
2653 3212 2720 3268 de
2743 3211 2844 3266 hoc
2865 3207 3074 3264 interim
3101 3214 3271 3268 taceo,
3293 3218 3361 3258 ne
3379 3201 3615 3257 animum
3637 3207 3812 3262 tuum,

2233 3325 2393 3382 quem
2419 3322 2608 3365 sanare
2634 3305 2808 3376 potius
2829 3302 2982 3372 cupio
3011 3313 3168 3370 quam
3203 3291 3434 3362 irritare,
3464 3292 3711 3348 laudibus
3735 3285 3816 3344 tui

2235 3378 2558 3458 damnaturis
2597 3397 2916 3454 exuicerem.
2953 3391 3144 3448 Sancto
3179 3385 3488 3443 innocentio
3522 3383 3642 3440 vide
3685 3378 3810 3453 quid

2234 3492 2577 3564 respondeas,
2605 3489 2698 3560 qui
2739 3486 2872 3543 nihil
2907 3483 3050 3540 aliud
3086 3481 3154 3538 de
3195 3481 3294 3535 hac
3331 3493 3393 3534 re
3429 3476 3606 3546 sapit,
3652 3487 3814 3543 quam

2235 3584 2376 3654 quod
2400 3583 2486 3637 isti
2515 3582 2565 3636 in
2593 3594 2814 3650 quorum
2846 3586 2899 3632 te
2940 3581 3284 3638 conventum,
3315 3571 3363 3624 si
3388 3579 3564 3623 tamen
3595 3564 3820 3636 prodest

2236 3674 2454 3746 aliquid,
2486 3671 2748 3728 introduxi
2773 3687 2787 3723 :
2819 3683 2940 3724 cum
2971 3667 3052 3720 his
3080 3664 3240 3719 etiam
3268 3661 3380 3730 ipse
3407 3655 3684 3720 considet,
3711 3654 3820 3710 etsi

2237 3745 2501 3840 posterior
2529 3775 2790 3835 tempore,
2817 3761 2962 3831 prior
2985 3760 3124 3813 loco.
3151 3757 3226 3811 De
3253 3753 3460 3810 miseris
3489 3747 3724 3821 parvulis
3747 3745 3819 3800 ab

2237 3835 2480 3930 originali
2513 3857 2671 3920 malo,
2703 3851 2844 3924 quod
2892 3849 3117 3904 trahitur
3143 3863 3210 3900 ex
3257 3844 3446 3907 Adam,
3479 3855 3576 3912 per
3611 3835 3821 3894 Christi

2236 3949 2458 4020 gratiam
2486 3943 2771 4002 liberandis
2791 3983 2805 4006 ,
2833 3955 2994 3996 unam
3031 3954 3156 3994 cum
3183 3936 3262 3992 eis
3301 3943 3444 3990 tenet
3467 3929 3820 3986 christianum

2237 4053 2522 4108 veramque
2546 4033 2860 4090 sententiam
2883 4049 2897 4084 :
2925 4030 3012 4100 qui
3040 4043 3200 4083 omne
3221 4023 3544 4096 praeteritum
3563 4019 3756 4074 vitium
3771 4015 3820 4086 ³,

2237 4131 2394 4201 primi
2421 4129 2626 4184 scilicet
2657 4121 2906 4188 hominis,
2937 4123 3025 4192 qui
3053 4121 3220 4181 libch
3247 4117 3465 4172 arbitrio
3491 4123 3572 4169 est
3601 4113 3654 4168 in
3685 4125 3822 4182 pro-

2237 4223 2396 4278 funda
2425 4220 2698 4274 demersus
2718 4258 2732 4282 ,
2759 4214 3028 4270 Christum
3051 4211 3184 4266 dixit
3209 4210 3290 4264 sui
3317 4209 3531 4262 lavacro
3559 4215 3822 4274 purgasse

2239 4311 2572 4382 Baptismatis
2589 4307 2776 4378 (Epist.
2798 4307 2920 4373 181,
2943 4322 2994 4358 η.
3019 4306 3070 4367 7,
3093 4301 3222 4357 inter
3247 4296 3662 4372 Augustiniauas)
3685 4313 3702 4362 ;
3727 4293 3820 4365 qui

2239 4404 2464 4474 denique
2513 4401 2762 4472 parvulos
2809 4397 3048 4454 definivit
3081 4394 3292 4466 (Epist.
3337 4392 3460 4458 182,
3501 4407 3556 4444 η.
3587 4390 3642 4454 5,
3689 4389 3822 4441 inter

2239 4489 2710 4566 Augustiuiauas),
2761 4491 2860 4544 nisi
2929 4484 3364 4542 manducaveriut
3421 4496 3639 4538 carnem
3693 4478 3820 4534 Filii

2240 4586 2490 4651 hominis,
2523 4584 2686 4637 vitain
2715 4595 2931 4651 prorsus
2957 4579 3153 4632 habere
3185 4591 3290 4630 non
3315 4589 3472 4644 posse
3503 4571 3698 4640 (Joan.
3723 4586 3773 4623 vi
3803 4609 3819 4634 ,

2239 4678 2368 4750 5-1).
2399 4678 2531 4732 liuic
2573 4674 2854 4743 responde,
2887 4671 2992 4725 imo
3019 4669 3120 4738 ipsi
3155 4667 3404 4732 Domino,
3432 4664 3586 4733 cujus
3607 4663 3700 4718 ille
3723 4679 3823 4718 an-

2241 4773 2388 4828 tistes
2417 4785 2546 4824 usus
2565 4775 2648 4824 est
2671 4763 2992 4829 testimonio,
3025 4770 3078 4818 et
3105 4760 3192 4816 die
3217 4758 3358 4815 unde
3385 4758 3558 4828 imago
3585 4757 3682 4812 Dei
3713 4767 3822 4810 tam

2237 4860 2448 4932 capitali
2475 4857 2732 4928 supplicio
2764 4855 3030 4925 puniatur,
3059 4859 3118 4906 ut
3141 4850 3246 4906 vita
3269 4849 3528 4918 privetur,
3550 4847 3594 4902 si
3623 4861 3824 4916 pecca-

2239 4960 2349 5007 tum
2387 4966 2418 5004 a
2461 4949 2802 5004 nascentibus
2835 4943 3090 5015 originale
3127 4957 3234 4998 non
3273 4941 3522 4996 trahitur.
3554 4937 3660 4994 Sed
3689 4937 3824 5008 quid

2238 5041 2404 5106 dicas,
2437 5049 2528 5094 aut
2549 5039 2675 5110 quid
2716 5035 3072 5108 respondeas;
3099 5035 3190 5105 qui
3221 5033 3379 5089 etiam
3409 5031 3453 5086 si
3485 5033 3698 5088 beatum
3726 5045 3826 5084 au-

2237 5130 2365 5186 deas
2390 5129 2774 5194 iunoceutium,
2799 5142 2902 5182 non
2927 5123 3148 5182 audebis
3175 5132 3350 5179 tanien
3376 5121 3646 5177 Christum
3673 5121 3828 5176 dice-

2237 5239 2297 5280 re
2320 5220 2700 5278 Manichmum?

2309 5316 2396 5372 14.
2435 5314 2551 5370 Non
2579 5323 2661 5371 est
2685 5327 2812 5386 ergo
2848 5327 2944 5370 cur
2969 5324 3230 5383 provoces
3253 5309 3318 5364 ad
3345 5307 3580 5364 Orientis
3607 5305 3826 5362 antisti-

2303 5496 2320 5528 ι
2353 5493 2550 5544 codices
2569 5500 2696 5562 uss,
2729 5492 2854 5556 quod
2885 5491 2936 5543 in
2957 5496 3125 5544 sancta
3156 5486 3368 5542 Ecclesia
3393 5497 3412 5537 :
3437 5493 3492 5537 et
3513 5484 3671 5547 infra,
3693 5495 3828 5548 quod

2239 5563 2451 5608 sanctam
2473 5554 2749 5605 Ecclesium;

2301 5619 2321 5647 ²
2353 5618 2424 5665 sic
2441 5629 2614 5665 omnes
2644 5623 2748 5664 MSS.
2771 5615 2886 5664 Editi
2904 5649 2918 5672 ,
2943 5619 3167 5664 rectores.

2303 5679 2324 5710 ι
2355 5661 2551 5726 uiuit-iii—
2563 5661 2624 5726 ’ἐι
2644 5661 3014 5740 pausans;
3028 5661 3118 5726 ine
3131 5661 3189 5726 et
3211 5671 3349 5735 infra,
3373 5668 3618 5735 prmeriti
3637 5661 3832 5720 τίείιηι.
