3984 6514
199 302 300 362 eo
1577 302 1778 347 LIBER

199 413 306 462 tes;
335 392 456 467 quia
482 397 538 450 ct
567 389 670 464 ipsi
693 389 877 461 utique
910 385 1186 446 christiani
1227 393 1369 450 sunt,
1411 392 1466 443 et
1500 385 1781 456 utriusque

200 488 354 560 partis
385 494 648 540 terrarum
687 481 821 538 ﬁdes
856 481 956 536 ista
985 493 1089 533 una
1119 487 1232 542 est;
1262 478 1383 547 quia
1421 485 1476 532 et
1516 476 1646 531 lich
1677 478 1778 530 ista

201 578 480 636 christiana
507 587 591 630 est
619 593 634 628 :
664 583 714 628 ct
747 583 799 628 te
841 583 987 628 certe
1013 570 1357 625 occidentalis
1385 579 1523 624 terra
1551 583 1780 638 genera-

201 671 289 730 vit,
319 665 667 723 occidentalis
689 663 1019 735 regeneravit
1045 661 1304 716 Ecclesia.
1340 660 1474 728 Quid
1501 660 1549 715 ei
1588 659 1786 729 qumris

203 762 415 823 inferre,
441 757 584 825 quod
608 758 658 810 in
677 772 738 810 ea
757 772 863 810 non
883 753 1149 817 invenisti,
1172 751 1385 822 quando
1403 751 1452 805 in
1477 751 1591 821 ejus
1616 765 1786 804 mem-

202 856 289 909 bra
322 851 564 906 venisti?
591 850 703 904 bno
730 848 854 920 quid
887 849 934 902 ei
972 846 1167 916 quaeris
1191 843 1400 899 aul‘erre
1422 887 1435 908 ,
1469 843 1608 913 quod
1641 843 1691 896 in
1725 857 1786 896 ea

207 961 256 1004 tu
299 960 514 1016 quoque
546 940 836 1013 accepisti?
865 940 991 995 Nam
1021 949 1295 1009 peccatum
1337 937 1613 1006 originale,
1646 935 1786 1006 quod

204 1039 251 1094 in
276 1037 506 1090 aliorum
533 1033 825 1103 perniciem
856 1031 1193 1099 parvulorum
1224 1042 1384 1098 negas
1404 1069 1417 1088 ,
1455 1042 1791 1098 quacumque

206 1136 353 1183 atate
373 1126 451 1180 sis
471 1125 791 1194 baptizatus,
815 1131 906 1176 aut
929 1123 1102 1190 ipsum
1138 1120 1229 1174 tibi
1261 1123 1539 1174 remissum
1567 1128 1665 1182 est,
1701 1128 1793 1173 aut

202 1229 248 1274 et
268 1219 442 1287 ipsum
459 1220 498 1268 ³.
517 1215 622 1270 Sed
645 1216 688 1268 si
716 1229 899 1268 verum
922 1222 1024 1275 est,
1040 1211 1180 1282 quod
1205 1211 1522 1276 audivimus,
1540 1219 1592 1266 te
1619 1211 1791 1264 iniiin-

209 1307 368 1362 tulum
398 1305 726 1374 baptizatum
749 1345 767 1370 ,
798 1305 958 1359 etiam
991 1312 1043 1357 tu
1075 1302 1318 1372 quamvis
1351 1317 1381 1355 a
1419 1303 1526 1356 tuis
1565 1301 1794 1372 pmpn'is

206 1398 438 1470 peccatis
476 1398 771 1462 innocens,
803 1405 980 1450 tamen
1027 1395 1150 1465 quia
1196 1410 1261 1448 ex
1310 1393 1478 1448 Adam
1507 1394 1794 1448 carnaliter

209 1500 375 1555 natus,
400 1489 707 1558 contagium
731 1489 916 1542 mortis
942 1486 1171 1556 antiqua:
1191 1485 1359 1556 prima
1391 1485 1660 1540 nativitate
1687 1496 1796 1539 tra-

207 1580 322 1636 xisti
349 1598 362 1633 :
391 1591 449 1634 et
494 1581 545 1634 in
579 1579 855 1649 iniquitate
883 1586 1172 1647 conceptus
1203 1591 1281 1642 es,
1314 1574 1552 1645 profecto
1581 1575 1792 1630 exorci-

205 1683 347 1729 tatus
375 1682 432 1729 et
453 1673 765 1728 exsuillatus
793 1687 873 1738 es,
900 1679 1004 1726 uta
1033 1679 1294 1740 potestate
1322 1677 1505 1724 erutus
1542 1668 1792 1723 tenebra-

203 1782 314 1821 rum
342 1765 718 1822 transferreris
757 1765 811 1820 in
853 1779 1072 1834 regnum
1101 1763 1296 1817 Christi
1321 1761 1549 1834 (Coloss.
1581 1777 1633 1828 ι,
1664 1761 1792 1832 15).

205 1857 249 1914 0
270 1859 339 1912 lili
369 1858 516 1912 male
543 1873 612 1912 ex
631 1855 800 1911 Adam
829 1865 970 1918 nate,
999 1855 1092 1909 sed
1113 1855 1250 1909 bene
1273 1854 1325 1908 in
1351 1851 1563 1908 Christo
1589 1861 1792 1919 renato,

204 1950 552 2006 Sacramenta
582 1949 776 2020 quibus
806 1957 856 2004 te
884 1948 1106 2018 peperit,
1138 1956 1241 2001 tua:
1266 1946 1421 2001 matri
1455 1946 1668 2000 conaris
1697 1961 1795 1999 au-

206 2040 359 2096 ferre.
401 2039 673 2110 Numquid
701 2037 988 2093 Manicbma
1019 2037 1152 2103 fuit,
1185 2037 1397 2108 quando
1426 2037 1527 2093 isto
1555 2037 1715 2091 modo
1747 2047 1797 2092 te

204 2130 428 2202 peperit,
461 2145 569 2200 quo
595 2130 754 2183 modo
773 2129 883 2199 jam
912 2144 1015 2183 non
1043 2129 1124 2184 vis
1151 2138 1206 2183 ut
1227 2128 1419 2198 pariat,
1448 2139 1502 2184 et
1527 2128 1722 2198 ingeris
1747 2129 1796 2183 ei

205 2223 494 2277 nativitatis
516 2224 538 2254 ³
564 2221 850 2292 opprobria
871 2263 885 2286 ,
920 2230 980 2276 ut
1017 2221 1067 2276 in
1109 2236 1168 2276 ea
1199 2222 1408 2276 czcteris
1436 2220 1685 2288 claudas,
1731 2235 1795 2274 ex

210 2313 396 2383 quibus
420 2312 536 2381 ipse
565 2322 722 2366 natus
756 2325 849 2377 es,
878 2312 1081 2366 viscera
1113 2310 1362 2380 pictatis?
1399 2310 1599 2366 Dividis
1627 2311 1674 2364 ei
1697 2324 1798 2364 no-

208 2418 323 2458 men
350 2403 450 2456 viri
478 2403 586 2468 sui,
617 2412 673 2458 ut
694 2401 760 2457 ad
785 2401 1174 2471 regenerandos
1204 2401 1452 2470 parvulos
1479 2409 1801 2455 tantummo-

203 2494 272 2549 do
297 2493 545 2549 Christus
584 2495 687 2560 sit,
727 2494 795 2548 ad
834 2494 1064 2564 majores
1101 2502 1275 2548 autem
1316 2492 1560 2548 Christus
1600 2492 1797 2558 Jesus;

207 2590 325 2658 quia
355 2590 563 2644 scilicet
581 2588 739 2643 Jcsus
780 2587 1024 2644 Salvator
1061 2587 1440 2656 interpretatur
1468 2604 1482 2642 :
1509 2585 1650 2656 quod
1676 2600 1798 2640 eum

205 2683 440 2752 parvulis
461 2697 582 2736 esse
612 2696 719 2735 non
746 2680 930 2744 vultis,
961 2679 1050 2751 qui
1077 2680 1209 2734 nihil
1248 2694 1342 2734 eos
1381 2677 1581 2733 habere
1601 2717 1617 2745 ,
1659 2675 1801 2732 unde

206 2776 328 2831 illos
354 2775 534 2829 salvos
562 2774 737 2838 faciat,
764 2773 1086 2845 praedicatis.

275 2859 506 2914 CAPUT
546 2859 609 2912 γ.
635 2888 710 2898 -
738 2857 828 2912 15.
870 2855 974 2911 Sed
1013 2871 1116 2910 non
1152 2855 1242 2910 tibi
1271 2853 1444 2909 deerit
1483 2851 1660 2923 magni
1704 2867 1798 2906 no-

210 2949 379 3004 minis
405 2959 460 3003 et
495 2949 625 3002 fama
661 2947 1011 3003 celeberrima
1057 2946 1277 3000 illustris
1314 2945 1595 3014 episcopus
1639 2945 1799 2999 etiam

219 3037 290 3095 de
327 3039 562 3107 partibus
600 3037 860 3105 Orientis,
901 3036 1052 3107 cujus
1091 3037 1300 3105 eloquia
1335 3035 1563 3106 ingentis
1607 3036 1800 3090 merito

211 3131 420 3200 gratim,
444 3129 597 3183 etiam
628 3130 678 3183 in
705 3129 946 3198 linguam
973 3128 1190 3182 latinam
1215 3127 1468 3182 translata
1499 3141 1800 3197 usquequa-

208 3239 310 3293 que
338 3223 669 3277 claruerunt.
699 3221 895 3277 Sedeat
919 3237 1043 3292 ergo
1073 3236 1192 3276 cum
1225 3221 1339 3274 istis
1375 3220 1613 3291 patribus
1639 3220 1799 3274 etiam

213 3327 418 3371 sanctus
445 3314 764 3386 Gregorius,
797 3325 850 3369 et
876 3329 996 3370 eum
1035 3315 1114 3369 eis
1141 3323 1244 3368 ture
1269 3313 1656 3368 criminationis
1681 3313 1799 3365 ina—

210 3421 325 3462 nem
352 3406 624 3477 patiatur'
657 3405 908 3460 invidiam
941 3422 954 3458 :
984 3403 1108 3457 dum
1151 3412 1326 3458 tamen
1353 3418 1474 3457 cum
1499 3403 1577 3457 eis
1613 3413 1798 3457 contra

209 3499 458 3553 novitiam
503 3507 708 3568 pestem
755 3506 1022 3560 vestram,
1065 3495 1433 3551 medicinalem
1473 3494 1708 3567 proferat
1746 3503 1801 3553 ct

208 3588 316 3659 ipse
339 3591 686 3646 sententiam.
714 3589 851 3645 Audi
875 3605 1000 3662 ergo
1024 3589 1146 3661 quid
1175 3591 1315 3645 dicat
1343 3607 1356 3643 :
1394 3607 1414 3642 ι
1443 3590 1640 3658 lmago,
1671 3607 1691 3642 ι
1717 3589 1800 3643 ἰη-

206 3682 335 3752 quit,
368 3699 388 3734 c
425 3682 524 3737 Dei
555 3682 730 3736 labem
771 3695 1042 3756 corporea:
1070 3680 1428 3737 inundationis
1463 3679 1796 3751 expurget‘,

203 3782 260 3826 et
286 3770 624 3843 conjunctam
654 3771 757 3827 sibi
778 3787 990 3827 carnem
1017 3771 1166 3827 verbi
1199 3771 1289 3826 Dei
1311 3771 1555 3828 sublevet
1584 3773 1795 3842 pennis.

204 3863 276 3919 Et
301 3866 544 3934 quamvis
569 3865 764 3920 melius
794 3863 1000 3928 fuisset,
1033 3878 1100 3918 ne
1122 3878 1281 3934 cgere
1304 3863 1516 3934 quidem
1546 3861 1798 3933 hujusce-

201 3957 347 4011 modi
378 3957 767 4027 expurgalione
789 3997 804 4022 ,
834 3955 926 4010 sed
959 3955 1010 4010 in
1048 3955 1138 4009 illa
1178 3955 1350 4024 prima
1386 3954 1644 4026 dignitate
1672 3972 1797 4025 per-

201 4047 490 4111 mansisse,
519 4045 586 4100 ad
612 4060 771 4116 quam
803 4053 859 4100 et
892 4039 1283 4108 rcfestinamus,
1321 4055 1440 4114 post
1479 4054 1797 4113 praesentem

199 4136 635 4192 emendationem
657 4137 678 4168 ⁸
699 4176 713 4199 ,
744 4146 800 4191 et
825 4135 1014 4191 melius
1045 4133 1226 4190 fuisset
1253 4150 1356 4189 non
1386 4135 1632 4191 excidere
1660 4150 1689 4188 a
1735 4135 1801 4190 ιε-

198 4245 312 4302 gno
341 4232 461 4285 vitm
488 4240 646 4300 gustu
666 4232 1002 4284 amarissimo
1022 4230 1258 4299 peccati;
1285 4239 1459 4284 tamen
1486 4229 1540 4285 in
1562 4229 1798 4284 secundo

199 4321 328 4376 loco
353 4320 571 4391 expedit
607 4319 880 4376 emendari
907 4330 961 4374 et
994 4320 1187 4390 corrigi
1219 4330 1336 4389 post
1379 4321 1606 4390 lapsum,
1638 4335 1796 4390 quam

200 4409 256 4468 in
294 4413 544 4480 nequitiis
569 4427 905 4482 permanere.
941 4430 959 4464 ι
993 4411 1234 4482 itemque
1267 4411 1405 4466 idem
1437 4413 1549 4482 ipse
1582 4430 1595 4466 :
1633 4430 1652 4464 ι
1683 4411 1800 4467 Sic-

203 4508 338 4558 utin
373 4502 543 4558 Adam
591 4519 800 4570 omnes,
837 4522 856 4556 »
890 4503 1076 4573 inquit,
1110 4521 1128 4555 ‹
1158 4503 1353 4558 mortui
1401 4519 1604 4572 sumus,
1638 4504 1708 4559 ita
1746 4513 1801 4559 et

206 4594 257 4648 in
290 4593 512 4650 Christo
537 4609 727 4650 omnes
770 4593 1115 4649 viviﬁcemur.
1146 4596 1275 4650 Cum
1306 4594 1521 4651 Christo
1547 4611 1674 4666 ergo
1701 4612 1802 4650 na-

204 4699 418 4739 scantur
434 4687 476 4750 ⁸,
507 4693 704 4741 etcum
735 4684 950 4741 Christo
979 4684 1366 4756 cruciﬁgamur,
1396 4695 1449 4741 et
1467 4689 1799 4756 consepclia-

206 4791 324 4832 mur
350 4777 404 4831 ci
430 4777 482 4830 in
514 4785 762 4842 mortem,
801 4786 860 4830 ut
886 4791 1008 4830 cum
1035 4777 1149 4846 ipsi;
1178 4777 1336 4832 etiam
1366 4792 1706 4848 rcsurgamus
1729 4778 1796 4834 ad

205 4871 393 4924 vitam.
420 4868 653 4923 Necesse
692 4879 774 4924 est
802 4869 944 4922 enim
978 4884 1076 4923 nos
1116 4869 1320 4961 perpeti
1355 4869 1538 4923 utilem
1580 4869 1718 4924 hanc
1743 4879 1798 4925 et

207 4963 566 5017 necessariam
596 4962 1014 5016 vicissitudinem
1049 4978 1062 5015 ε
1097 4971 1154 5016 ut
1182 4963 1318 5017 sicut
1343 4979 1407 5018 ex
1431 4964 1582 5018 bonis
1605 4964 1672 5020 ad
1697 4965 1796 5020 tri-

207 5054 305 5108 stia
332 5053 568 5108 devoluti
609 5068 816 5117 sumus,
843 5055 914 5108 ita
935 5070 998 5108 ex
1037 5055 1272 5110 tristibus
1298 5055 1363 5110 ad
1392 5056 1610 5111 meliora
1639 5074 1796 5128 repa-

204 5158 409 5201 remur.
433 5144 531 5200 Ubi
553 5145 696 5199 enim
716 5144 1005 5200 abundavit
1027 5156 1323 5215 peccatum,
1351 5149 1801 5218 superabundavit

207 5237 428 5306 gratia:
482 5244 541 5290 ut
575 5249 714 5306 quos
762 5245 949 5305 gustus
996 5238 1120 5306 ligni
1169 5238 1357 5293 vetiti'
1387 5240 1792 5310 condemnavit,

265 5338 304 5420 ξ’
319 5349 399 5420 sic
417 5360 590 5398 omnes
611 5347 751 5420 editi.
778 5347 965 5420 Aliquid
975 5356 1152 5420 tamen
1175 5350 1256 5402 hic
1275 5349 1456 5402 deesse
1479 5352 1687 5404 videtur.
1737 5360 1797 5404 Μ.

269 5411 292 5442 ⁹
323 5417 504 5459 Omnes
524 5422 678 5472 prope
702 5417 826 5472 Mss,
854 5411 1094 5461 vanitatis.

268 5472 292 5535 ξ
323 5471 645 5535 (ξιιὶᾱιιωᾶιδζ,
663 5471 918 5535 partiatur.

268 5533 294 5565 δ
327 5533 494 5605 Plures
513 5539 642 5605 φειδ..
663 5531 845 5582 ⁷ιαῡεγη
881 5546 1160 5605 corpoream
1192 5534 1498 5605 inundatione
1539 5545 1794 5605 expurget.

207 5593 445 5663 Nonnulli,
471 5593 624 5644 labem
647 5607 892 5663 corporege
916 5593 1238 5663 inundationis
1259 5609 1474 5663 expurget

268 5657 291 5687 ⁸
327 5654 509 5716 Aliquot
533 5664 662 5714 Mss,
683 5654 1081 5706 eritmtdationem.

270 5717 293 5778 ξ
331 5717 514 5778 Aliquot
546 5724 674 5773 Uss,
711 5731 1038 5766 renascuntur.

267 5777 292 5810 7
327 5783 381 5825 In
402 5777 524 5835 εδδ..
547 5785 729 5828 vetitus.

449 5841 672 5902 Saxcr.
731 5843 1002 5903 AUGUST.
1039 5843 1119 5905 Χ.
1154 5855 1157 5858 ’

1575 285 1778 347 LIBER
1813 285 2086 350 PRIMUS.

3364 299 3434 358 85

1885 299 2086 350 ιιΜυδ.
3364 299 3434 358 85

1885 384 2084 440 Christi
2107 399 2235 440 crux
2254 383 2421 449 gratia
2441 384 2931 457 largiorejustillect
2955 407 2974 442 ι
3005 389 3270 462 (Oratione
3287 395 3339 449 in
3367 299 3482 450 Noo-

1889 473 2040 527 talcm
2099 475 2311 538 Christi,
2365 480 2523 545 paulo
2566 487 2675 546 post
2722 479 2964 553 initimn).
3031 483 3174 538 idem
3222 499 3408 542 rursus
3456 503 3476 544 :

1896 581 1915 615 α
1949 564 2238 632 Venerare,
2275 585 2296 619 ι
2329 567 2516 636 inquit,
2550 588 2568 621 ι
2605 570 2966 638 nativitatem,
2998 589 3094 643 per
3120 591 3276 646 quam
3307 589 3482 634 terre-

1892 671 1974 709 nte
1994 657 2282 712 nativitatis
2302 658 2524 714 vinculis
2547 659 2797 716 liberatus
2823 678 2900 718 es.
2931 665 3142 720 Honora
3168 669 3482 726 Bethlehem

1894 749 2136 817 pusillam
2159 758 2210 803 et
2238 750 2535 816 minimam,
2565 767 2661 822 per
2687 771 2842 822 quam
2873 757 2965 812 tibi
2991 775 3267 829 regressus
3296 762 3360 816 ad
3389 779 3483 832 pa-

1894 840 2127 894 radisum
2160 840 2452 909 patefactus
2479 851 2562 898 est
2595 863 2613 896 )
2649 843 2832 911 (Ibid.,
2868 848 2956 902 sub
2996 852 3206 923 ﬁnem).
3242 853 3480 924 itemque

1896 933 2016 986 alibi
2049 933 2114 986 de
2159 933 2430 1002 Baptismo
2458 935 2677 1004 loquens
2717 955 2731 991 :
2778 957 2796 989 ε
2832 939 3188 1010 Persuadent,
3228 964 3244 997 ι
3277 947 3482 1016 inquit,

1903 1042 1920 1074 ‹
1953 1025 2044 1078 tibi
2068 1024 2134 1078 de
2162 1025 2262 1079 hoc
2285 1041 2496 1095 quoque
2518 1041 2694 1082 sermo
2715 1027 2908 1084 Christi
2937 1031 3183 1100 dicentis,
3215 1039 3491 1096 neminem

1898 1134 2052 1188 posse
2078 1120 2298 1174 introire
2326 1121 2376 1174 in
2407 1136 2626 1190 regnqu
2649 1122 2929 1189 oculorum,
2960 1126 3060 1181 nisi
3084 1139 3300 1185 renatus
3326 1131 3487 1187 fuerit

1896 1222 1961 1262 ex
1983 1224 2117 1278 aqua
2141 1220 2191 1263 et
2217 1210 2403 1280 spiritu
2435 1227 2452 1262 ι
2481 1210 2659 1281 (Joan.
2692 1228 2767 1278 ili,
2792 1214 2867 1285 5).
2896 1214 2998 1269 Per
3018 1216 3157 1272 hunc
3179 1220 3360 1289 prima:
3388 1237 3488 1277 na-

1900 1300 2118 1354 tivitatis
2153 1303 2378 1357 maculae
2405 1314 2715 1374 purgantur,
2749 1323 2841 1376 per
2877 1323 3008 1378 quas
3037 1311 3089 1365 in
3120 1311 3488 1383 iniquitatibus

1898 1391 2256 1461 concipimur,
2291 1402 2342 1446 et
2374 1394 2424 1448 in
2465 1394 2672 1450 delictis
2708 1407 3008 1466 genuerunt
3037 1417 3133 1456 nos
3161 1413 3360 1460 matres
3386 1421 3487 1460 no-

1899 1491 2043 1535 strue.
2080 1501 2098 1534 ›
2131 1483 2395 1554 Numquid
2433 1494 2486 1540 et
2511 1485 2666 1540 istum
2695 1487 2967 1545 Manicbmi
2994 1507 3182 1562 sapere
3203 1495 3284 1550 vel
3306 1497 3490 1567 jacere

1898 1588 2102 1629 venena
2141 1575 2378 1631 dicturus
2417 1593 2474 1632 es
2507 1577 2532 1631 ἲ
2561 1579 2728 1635 Audis
2778 1597 2964 1637 omnes
2988 1599 3114 1640 uno
3156 1587 3350 1656 corde,
3381 1606 3490 1647 uno

1899 1680 2015 1732 ore,
2044 1681 2146 1720 una
2179 1666 2280 1722 tide
2301 1667 2528 1738 idipsum
2553 1669 2750 1736 dicere,
2779 1681 2832 1728 et
2861 1672 2998 1732 hanc
3025 1691 3147 1733 esse
3171 1679 3490 1739 catholicam

1903 1751 2074 1812 lidem'
2096 1775 2201 1814 non
2229 1760 2540 1818 dissonante
2568 1765 2958 1824 contestatione
2988 1770 3273 1830 ﬁrmatam.

1975 1871 2064 1926 16.
2105 1873 2186 1927 Αη
2235 1873 2327 1928 tibi
2375 1889 2535 1944 parva
2579 1879 2632 1932 in
2673 1893 2782 1934 uno
2820 1880 3078 1954 Gregorio
3117 1887 3491 1960 episcoporum

1900 1966 2237 2021 orientalium
2261 1968 2472 2024 videtur
2495 1973 2819 2028 auctoritas?
2841 1975 2936 2031 Est
2959 1977 3172 2046 quidem
3200 1990 3344 2038 tanta
3367 2001 3494 2055 per-

1901 2069 2050 2122 sona,
2082 2067 2138 2112 ut
2163 2075 2335 2128 neque
2355 2060 2444 2116 ille
2470 2059 2572 2117 hoc
2588 2062 2690 2117 nisi
2720 2079 2782 2118 ex
2806 2064 2911 2121 [ide
2936 2067 3222 2126 christiana
3244 2077 3493 2133 omnibus

1903 2147 2178 2202 notissima
2213 2148 2449 2219 diceret,
2477 2167 2578 2207 nec
2603 2153 2677 2208 illi
2703 2169 2824 2209 eum
2853 2165 2956 2210 tam
2985 2158 3187 2216 clarum
3231 2162 3495 2223 baberent

1902 2247 2061 2308 atque
2088 2240 2448 2326 venerandum
2472 2284 2488 2309 ,
2541 2243 2641 2299 nisi
2668 2244 2782 2301 hanc
2809 2246 2878 2302 ab
2907 2248 2998 2304 illo
3026 2250 3167 2317 dicta
3193 2267 3264 2308 ex
3309 2259 3494 2327 regula

1905 2330 2196 2386 notissima:
2232 2333 2468 2388 veritatis
2505 2347 2877 2406 agnoscerent.
2919 2339 3024 2395 Sed
3053 2343 3096 2396 si
3129 2344 3206 2399 vis
3249 2345 3497 2406 addimus

1905 2422 2028 2476 huic
2063 2431 2117 2477 et
2160 2433 2401 2479 sanctum
2430 2427 2713 2495 Basilium,
2765 2431 2873 2486 imo
2901 2433 3030 2488 velis
3058 2434 3194 2491 nolis
3218 2438 3496 2498 addendus

1905 2520 1988 2567 est
2008 2553 2023 2574 ,
2055 2514 2283 2569 maxime
2310 2517 2432 2586 quia
2460 2526 2513 2572 et
2554 2527 2606 2572 tu
2633 2519 2702 2575 de
2739 2520 2875 2578 libro
2913 2523 3056 2592 ejus,
3093 2543 3253 2597 quem
3280 2533 3497 2604 scripsit

1904 2604 2162 2698 adversus
2186 2607 2537 2678 Manichacus,
2581 2612 2632 2666 in
2662 2624 2853 2684 quarto
2879 2617 3146 2676 volumine
3175 2621 3332 2694 hujus
3359 2643 3494 2698 ope-

1907 2695 1984 2749 ris
2015 2696 2088 2750 tui
2114 2697 2314 2768 aliquid
2345 2702 2539 2769 putasti
2572 2719 2692 2760 esse
2727 2707 3056 2776 ponendum,
3090 2714 3232 2783 quod
3275 2717 3340 2772 ad
3367 2695 3496 2774 cau-

1904 2799 2018 2841 sam
2048 2791 2247 2857 peccati
2270 2792 2542 2862 originalis
2562 2810 2658 2864 per
2680 2813 2842 2852 unum
2867 2801 3115 2859 intrantis
3140 2806 3192 2859 in
3213 2808 3492 2876 mundum,

1905 2884 1961 2932 et
1984 2894 2081 2948 per
2107 2895 2295 2938 omnes
2320 2881 2566 2941 homines
2595 2891 2920 2945 transeuntis
2951 2895 3174 2951 omnino
3202 2913 3309 2954 non
3333 2903 3496 2970 perti-

1905 2979 2015 3060 net.
2047 2971 2121 3026 ibi
2149 2973 2346 3044 quippe
2373 2977 2500 3046 agit,
2528 2993 2596 3032 ne
2622 2979 2818 3036 malum
2847 2983 3198 3044 substantiale
3219 2991 3491 3060 credatur,

1906 3057 2110 3117 habens
2130 3078 2281 3118 suam
2309 3069 2596 3136 quamdam
2623 3072 2900 3129 materiam
2921 3115 2938 3142 ,
2973 3078 3110 3133 sicut
3142 3081 3354 3151 sapiunt
3378 3057 3495 3140 Ma;

1905 3152 2118 3208 nichaei.
2143 3155 2282 3211 Dicit
2307 3174 2454 3230 ergo,
2494 3180 2513 3214 c
2544 3179 2648 3218 non
2677 3179 2799 3222 esse
2827 3169 3198 3243 substantiam,
3242 3177 3336 3232 sed
3363 3193 3494 3235 con-

1907 3245 2266 3340 versationem
2291 3249 2307 3280 ¹
2333 3290 2349 3317 ,
2382 3267 2500 3320 qua:
2536 3253 2612 3330 [de
2655 3257 2768 3312 sola
2809 3259 3082 3319 voluntate
3117 3268 3429 3340 contingat,
3468 3291 3488 3325 ι

1904 3352 2010 3392 non
2037 3339 2121 3394 bis
2153 3341 2241 3411 qui
2279 3346 2581 3416 contagium
2619 3350 2807 3405 mortis
2833 3354 3064 3425 antiquae
3099 3358 3268 3426 prima
3297 3339 3494 3417 nativi-

1907 3435 2013 3484 tate
2034 3438 2331 3500 traxerunt,
2357 3435 2451 3490 sed
2484 3455 2504 3488 ‹
2535 3437 2599 3492 iis
2619 3441 2705 3509 qui
2728 3443 3098 3513 mgritudinem
3127 3454 3497 3510 conversatio-

1905 3523 1988 3577 nis
2029 3524 2096 3580 de
2134 3527 2404 3584 voluntate
2431 3533 2643 3600 prOpria
2677 3535 3046 3606 collegerunt,
3098 3559 3118 3594 ι
3153 3542 3207 3597 id
3233 3553 3349 3611 est,
3377 3547 3490 3616 jam

1903 3616 2195 3687 majoribus
2245 3621 2452 3678 ratione
2498 3626 2770 3682 utentibus
2810 3639 2864 3684 et
2909 3632 3131 3689 arbitrio
3174 3637 3490 3696 voluntatis.

1910 3723 1930 3758 ι
1965 3707 2115 3764 lianc
2143 3712 2602 3770 conversationem
2630 3731 2697 3772 ex
2722 3719 2981 3776 accidenti
3007 3726 3313 3782 venientem
3339 3729 3495 3786 facil-

1903 3797 2028 3854 lime
2056 3817 2078 3853 ι
2109 3799 2240 3857 dicit
2265 3820 2285 3855 ς
2318 3817 2476 3873 posse
2509 3806 2576 3862 ab
2605 3811 2976 3878 mgrotantium
3025 3815 3299 3875 voluntate
3338 3834 3493 3892 sepa-

1902 3891 2031 3947 rari.
2071 3911 2091 3946 ι
2127 3893 2266 3950 Dicit
2303 3895 2497 3965 etiam,
2530 3917 2551 3952 ‹
2585 3899 2629 3954 si
2656 3903 2924 3960 evenisset
2946 3908 3144 3964 malum
3162 3910 3272 3977 ,'ita
3303 3891 3491 3970 utnon

1903 3985 2106 4041 valeret
2134 3985 2356 4045 ulterius
2376 4005 2406 4044 a
2429 3991 2699 4049 voluntate
2723 3999 3008 4066 removeri,
3039 3999 3091 4055 id
3119 4011 3220 4070 est,
3250 4008 3494 4075 quamvis

1901 4079 2204 4145 accidisset,
2235 4082 2280 4136 si
2310 4083 2380 4137 ita
2406 4085 2688 4142 accidisset
2715 4096 2772 4143 ut
2807 4091 3046 4161 separari
3073 4093 3295 4152 ulterius
3325 4113 3355 4153 a
3395 4115 3493 4155 vo-

1903 4169 2106 4227 luntate
2155 4186 2261 4227 non
2298 4173 2534 4241 valeret;
2570 4177 2763 4234 merito
2785 4178 2886 4236 dici
2918 4193 3116 4252 posset,
3147 4187 3494 4248 substantiale

1902 4261 2115 4332 quidem
2138 4265 2334 4320 malum
2353 4267 2376 4299 '
2397 4282 2502 4322 non
2524 4283 2663 4336 esse,
2691 4271 2786 4327 sed
2811 4272 2978 4343 ipsam
3004 4277 3354 4338 substantiam
3375 4284 3494 4341 sine

1902 4356 2101 4410 malitia
2127 4371 2247 4427 quae
2271 4358 2483 4426 accidit,
2501 4359 2611 4430 jam
2636 4377 2756 4418 esse
2785 4380 2888 4420 non
2913 4380 3086 4436 posse.
3115 4369 3170 4426 Si
3194 4381 3372 4430 autem
3399 4389 3493 4431 ac-

1903 4447 2084 4512 cessit,
2115 4466 2134 4500 ι
2168 4449 2358 4520 inquit,
2389 4468 2410 4503 ‹
2441 4459 2497 4506 et
2525 4453 2842 4524 principium
2872 4459 3196 4517 accessionis
3222 4478 3327 4518 non
3359 4465 3491 4521 sub-

1903 4538 2154 4593 stantiam
2185 4538 2387 4606 babuit,
2415 4541 2508 4597 sed
2531 4543 2857 4601 voluntatem
2881 4563 2894 4611 ;
2920 4547 3072 4605 facile
3095 4559 3271 4621 potest
3293 4557 3490 4613 malum

1903 4645 1932 4683 a
1974 4631 2266 4688 substantia
2306 4635 2578 4703 separari,
2623 4646 2680 4691 ut
2720 4647 2776 4693 et
2813 4639 3046 4710 subjecta
3076 4643 3332 4702 voluntati
3361 4648 3493 4704 sub-

1901 4723 2094 4778 stantia
2123 4724 2318 4779 munda
2348 4726 2518 4796 possit
2547 4743 2640 4796 per
2663 4731 2838 4784 omnia
2864 4733 3155 4802 possideri,
3187 4736 3256 4791 ita
3287 4746 3346 4793 ut
3369 4741 3495 4795 nul-

1901 4815 2006 4870 lius
2040 4815 2163 4869 mali
2194 4815 2274 4870 vel
2315 4817 2462 4887 signa
2505 4829 2835 4875 remaneant.
2867 4841 2888 4876 ι
2933 4822 3036 4879 lsta
3067 4825 3138 4880 ita
3179 4837 3324 4884 recte
3360 4829 3497 4886 dixit

1903 4915 2118 4962 sanctus
2164 4908 2422 4974 Basilius,
2463 4918 2519 4964 ut
2562 4913 2721 4966 etiam
2761 4913 2831 4970 de
2870 4916 2986 4986 ipso
3025 4920 3200 4987 malo,
3231 4923 3371 4992 quod
3401 4940 3498 4995 per

1903 4997 2072 5052 Adam
2094 4998 2310 5054 intravit
2334 4999 2386 5054 in
2411 5002 2688 5070 mundum,
2711 5014 2764 5059 et
2786 5022 2880 5076 per
2899 5023 3085 5065 omnes
3106 5011 3352 5070 homines
3375 5031 3497 5085 per-

1906 5090 2132 5156 transiit,
2164 5089 2299 5145 bene
2332 5093 2501 5162 possit
2527 5094 2784 5167 intelligi;
2824 5098 2944 5168 quia
2974 5108 3030 5156 et
3068 5102 3237 5172 ipsum
3265 5108 3497 5163 accessit

1904 5189 2106 5236 natura:
2133 5181 2397 5239 humanae.
2425 5184 2542 5240 Non
2569 5188 2713 5243 enim
2739 5191 2817 5253 sic
2846 5202 2962 5246 erat
2981 5193 3003 5224 ⁸
3031 5196 3275 5263 primitus
3302 5198 3494 5254 condi-

1905 5281 1990 5332 ta:
2019 5281 2073 5328 et
2094 5275 2410 5344 principium
2436 5279 2758 5336 accessionis
2777 5296 2884 5337 non
2906 5284 3254 5341 substantiam
3282 5287 3492 5357 habuit,

1903 5363 1997 5419 sed
2027 5365 2354 5422 voluntatem
2373 5407 2388 5434 ,
2417 5367 2532 5426 sive
2575 5372 2813 5428 mulieris
2835 5389 2955 5444 quae
2980 5390 3010 5428 a
3039 5386 3292 5446 serpente
3329 5378 3494 5433 sedu-

1968 5519 1990 5592 ξ
2019 5518 2188 5592 Elui-es
2209 5534 2266 5570 ac
2288 5522 2454 5592 probae
2473 5531 2602 5575 nota
2625 5524 2859 5592 Mss.,_se¢_t
2879 5527 3249 5592 conversionem.
3281 5536 3332 5580 Et
3350 5529 3488 5592 infra,

2095 5581 2178 5657 qui
2197 5578 2537 5657 wgfitudinept
2558 5578 2874 5657 conversionis
2895 5601 2912 5638 :
2937 5602 2992 5639 ac
3013 5589 3159 5652 paulo
3191 5578 3328 5654 posti
3355 5578 3491 5646 ira;

1904 5648 2253 5694 conversionem
2293 5659 2358 5696 ea:
2389 5648 2627 5697 accidenti
2657 5649 2934 5700 venientem.

1971 5704 1994 5779 ξ
2005 5712 2185 5779 omnes
2198 5709 2525 5779 manuscrirti,
2540 5710 2848 5760 substantiale
2861 5711 3073 5775 quidem,
3086 5716 3278 5779 omisso,
3292 5718 3490 5772 nulum.

1974 5766 1996 5799 ³
2027 5767 2163 5830 Editi,
2186 5776 2272 5820 est.
2302 5766 2575 5834 assuerat.

2640 5857 3085 5937 (Vingt-une.)
