3984 6510
468 344 564 400 651

467 466 552 511 eta
579 460 680 518 est,
708 452 820 507 sive
841 445 942 504 viri
964 444 1079 516 ejus
1104 442 1192 513 qui
1220 440 1454 496 seducta:
1478 437 1544 493 ad
1569 433 1896 508 peccandum
1918 445 2047 487 con-

470 546 638 601 sensit
666 541 839 597 uxori.
879 536 986 593 Sed
1025 533 1166 606 quod
1193 533 1302 599 ait,
1349 550 1370 584 ι
1403 528 1558 585 facile
1598 542 1757 600 posse
1792 523 1992 581 malum
2017 537 2049 576 a

467 640 741 693 'roluntate
778 631 857 686 vel
904 643 933 682 a
971 625 1262 682 substantia
1289 621 1559 692 separari,
1596 637 1616 673 ι
1662 634 1768 675 non
1806 617 2051 671 humana:

472 727 626 784 facile
665 733 749 780 est
783 718 1059 785 voluntati,
1091 716 1186 772 sed
1213 712 1593 770 misericordizn
1633 710 1748 766 Dei.
1778 707 1928 776 Quod
1957 705 2051 761 ad-

474 825 660 866 versus
685 806 1005 862 Manichaeos
1034 804 1212 873 utique
1241 800 1454 864 sufficit,
1480 797 1569 868 qui
1598 804 1784 868 putant
1807 808 1928 849 esse
1954 792 2055 846 im-

474 898 727 972 possibile
746 893 938 951 mutari
959 894 1013 948 in
1037 893 1234 949 bonum
1258 898 1498 946 naturam
1524 886 1671 962 mali.
1701 885 1824 941 ldeo
1850 898 1956 938 non
1981 880 2055 936 ait

479 1001 691 1050 Sanctus
715 988 961 1052 Basilius,
984 987 1152 1056 ipsam
1174 983 1496 1039 voluntatem
1518 978 1771 1045 hominis,
1799 978 1909 1031 sive
1928 974 2054 1031 sub-

474 1083 722 1139 stantiam
746 1080 834 1136 vel
871 1087 1149 1144 naturam,
1180 1075 1374 1129 malum
1402 1088 1430 1126 a
1457 1087 1516 1127 se
1542 1084 1699 1141 posse
1727 1067 1883 1122 facile
1911 1079 2056 1134 sepa-

475 1182 626 1233 rare;
666 1163 760 1219 sed
792 1182 815 1216 ι
841 1163 908 1217 ab
936 1178 997 1216 ca
1030 1175 1183 1231 posse
1217 1159 1366 1213 facile
1407 1154 1641 1226 separari
1670 1170 1683 1206 :
1716 1170 1738 1205 ν
1788 1152 1864 1207 sic
1897 1149 2056 1205 verba

479 1272 575 1314 sua
605 1257 803 1313 librans
827 1295 840 1321 ,
885 1262 942 1308 ut
970 1262 1022 1308 ct
1063 1250 1382 1306 Maniclueos
1402 1289 1418 1315 ,
1449 1255 1633 1302 contra
1663 1259 1797 1316 quos
1825 1242 2053 1314 agebat,

477 1347 778 1412 refellerct,
810 1355 863 1400 et
909 1353 1090 1397 eontra
1131 1340 1358 1396 divinam
1387 1337 1610 1409 gratiam
1650 1336 1934 1390 lmmanam
1970 1348 2059 1388 su-

479 1438 716 1509 perbiam
748 1452 853 1491 nun
880 1434 1176 1490 extolleret.
1222 1432 1319 1488 Ille
1355 1431 1550 1501 quippe
1576 1427 1947 1507 Omnipotens,
1972 1423 2060 1481 cui

480 1528 771 1585 secundum
794 1526 1139 1596 Evangelium
1165 1522 1318 1579 facile
1337 1531 1439 1588 est,
1468 1519 1610 1592 quod
1639 1518 1942 1576 hominibus
1959 1519 2063 1572 im-

480 1621 732 1692 possibile
757 1627 839 1675 est
870 1618 947 1693 (Μ
954 1620 1076 1672 allii.
1097 1633 1184 1672 nx
1212 1658 1228 1684 ,
1254 1614 1372 1686 26),
1401 1613 1596 1669 malum
1631 1611 1772 1683 quod
1795 1610 1948 1665 nobis
1974 1623 2064 1665 ac-

484 1712 633 1778 cidit,
660 1710 744 1765 vel
768 1725 832 1765 ex
859 1708 1017 1780 primi
1040 1706 1289 1770 hominis,
1318 1704 1401 1761 vel
1422 1720 1485 1760 ex
1514 1710 1696 1759 nostra
1723 1704 1938 1773 insuper
1964 1715 2061 1755 vo-

483 1802 708 1866 luntate,
739 1801 810 1855 ita
839 1815 949 1855 sua:
977 1796 1159 1869 gratiae
1198 1797 1440 1868 largitate
1464 1803 1761 1859 consumet,
1795 1812 1815 1846 ι
1845 1801 1905 1849 ut
1932 1791 2061 1847 sub-

480 1891 620 1962 jecta
661 1888 952 1945 substantia
983 1886 1271 1952 voluntati,
1310 1903 1330 1937 ι
1362 1883 1805 1955 quemadmodum
1831 1896 2066 1937 comme-

486 1982 705 2038 morain
738 1981 939 2037 dixisse
962 1979 1212 2041 Basilium
1232 2018 1248 2045 ,
1293 1995 1312 2030 ι
1349 1976 1547 2031 munda
1570 1976 1737 2046 possit
1764 1990 1861 2044 per
1888 1972 2064 2029 omnia

484 2071 776 2143 possideri,
808 2070 887 2127 sic
917 2089 937 2123 ι
969 2083 1219 2135 omnino,
1270 2086 1291 2122 ι
1325 2078 1385 2123 ut
1412 2066 1607 2122 nullius
1636 2065 1759 2121 mali
1790 2063 1873 2120 vel
1917 2063 2066 2134 signa

487 2169 818 2220 remaneant.
849 2180 869 2215 ι
909 2161 1028 2216 Fiet
1067 2160 1237 2227 hoe‘,
1280 2167 1335 2214 et
1364 2160 1478 2229 ipsa
1506 2172 1629 2227 spes
1655 2167 1733 2211 est
1775 2154 2067 2211 indubitata

489 2254 747 2310 fidelium.
775 2252 883 2309 Sed
911 2250 1124 2322 quando
1148 2249 1472 2320 perﬁciatur,
1506 2248 1559 2303 in
1591 2257 1836 2318 promptu
1869 2254 1953 2301 est
1975 2260 2068 2301 ca-

487 2345 701 2401 tholicae
737 2343 880 2400 fidei.
911 2342 1061 2398 Tunc
1089 2341 1229 2396 enim
1270 2340 1478 2395 dicetur
1507 2337 1809 2394 novissimae
1842 2337 2070 2392 inimica:

488 2436 671 2499 morti,
708 2434 806 2490 Ubi
825 2442 897 2489 est
914 2431 1160 2488 contentio
1189 2439 1275 2485 tuo
1289 2430 1316 2486 ?
1333 2429 1419 2485 ubi
1438 2438 1509 2485 est
1529 2428 1734 2484 aculeus
1752 2435 1868 2483 tuus
1892 2427 1933 2501 (l
1950 2424 2069 2481 Cor.

487 2542 577 2593 xv,
599 2526 733 2597 55)?
1826 2507 1835 2514 ’
2002 2506 2007 2513 δ

561 2618 650 2673 17.
692 2616 821 2672 Item
847 2613 987 2685 quod
1017 2625 1406 2669 commemoras
1430 2610 1630 2666 dixisse
1659 2609 1936 2678 Basilium,
1973 2626 1992 2661 ι
2010 2608 2073 2664 Si

488 2711 708 2765 castitas
736 2708 904 2763 virtus
929 2715 1033 2773 est,
1062 2721 1256 2775 corpus
1273 2720 1402 2760 vero
1428 2704 1846 2758 substantialitcr
1874 2703 2073 2758 malum

492 2807 653 2866 esset,
700 2798 1024 2869 impossibile
1048 2806 1163 2852 erat
1196 2805 1403 2851 castum
1428 2808 1624 2864 corpus
1654 2794 1909 2856 inveniri;
1950 2793 2073 2864 quia

490 2903 686 2960 corpus
715 2886 1054 2958 turpitudinis
1073 2927 1089 2953 ,
1135 2885 1343 2941 virtutis
1384 2898 1488 2939 non
1517 2884 1669 2939 ﬁeret
1694 2898 1918 2953 corpus;
1950 2897 2074 2937 cum

493 2988 669 3035 autem
694 2977 1084 3042 sanctificatur,
1126 2977 1338 3031 virtutis
1365 2974 1613 3040 efficitur,
1643 2982 1697 3030 et
1733 2975 1804 3028 ita
1835 2988 2076 3028 commu-

495 3070 637 3124 nicat
675 3069 842 3123 virtus
882 3067 1094 3136 corpori
1137 3080 1436 3136 corpusque
1461 3066 1678 3133 virtuti,
1707 3080 1803 3135 per
1825 3080 1982 3135 quam
2021 3071 2077 3120 et

494 3160 754 3231 templum
781 3158 1011 3215 efficitur
1033 3157 1147 3213 Dei.
1182 3157 1334 3213 Unde
1360 3158 1403 3212 si
1430 3172 1590 3212 onme
1617 3171 1811 3227 corpus
1841 3157 2074 3214 fornica-

496 3250 654 3305 tionis
678 3257 860 3314 esset,
904 3247 1232 3318 impossibile
1285 3248 1470 3317 utique
1514 3257 1629 3303 crat
1675 3248 1970 3304 castitatem
2022 3250 2075 3304 in

495 3340 810 3411 corporibus
848 3338 1072 3394 inveniri
1107 3353 1120 3391 :
1154 3347 1376 3409 tumque
1403 3338 1617 3393 demum
1650 3348 1853 3394 naturae
1881 3353 2074 3409 corpo-

496 3448 617 3491 rum
645 3446 926 3502 possemus
950 3430 1147 3484 malum
1173 3430 1522 3485 substantiale
1544 3430 1819 3500 deputare.
1864 3429 1920 3485 Si
1950 3446 2076 3487 vero

494 3538 663 3593 usque
690 3537 754 3577 eo
783 3522 1023 3591 corporis
1051 3521 1238 3576 merita
1267 3530 1659 3590 processerunt,
1698 3529 1950 3591 tantoque
1981 3522 2077 3577 ho-

501 3630 628 3670 nore
666 3614 973 3669 decoratum
1012 3621 1127 3679 est,
1170 3627 1234 3668 ac
1265 3613 1367 3667 tale
1412 3611 1776 3667 indumentum
1814 3614 2078 3682 pudicitia:

495 3707 766 3775 suscepit,
808 3712 866 3760 ut
906 3705 1098 3760 domus
1139 3705 1218 3759 sui
1262 3705 1479 3760 factoris
1507 3720 1627 3761 esse
1656 3715 1985 3773 mereretur,
2016 3720 2079 3762 ac

498 3798 650 3851 fieret
679 3796 940 3851 thalamus
969 3794 1090 3850 Filii
1122 3796 1232 3860 Dei,
1264 3803 1323 3850 ιιι
1349 3796 1624 3851 venientes
1651 3796 1808 3851 Pater
1831 3805 1885 3851 et
1916 3796 2078 3851 Filius

498 3886 877 3943 habitationem
895 3900 1178 3955 corporum
1199 3886 1396 3956 eligere
1415 3886 1787 3956 dignarentur;
1812 3887 2079 3957 quomodo

500 3995 605 4033 non
635 3976 975 4033 exsecrabilis
998 3985 1052 4031 et
1079 3977 1333 4032 ridendus
1361 3976 1630 4032 Manichat.
1661 3992 1841 4033 sermo
1861 3978 2079 4033 convin-

498 4070 673 4126 citur?
700 4088 719 4122 ι
765 4069 891 4140 quid
934 4070 1103 4139 potuit
1126 4069 1232 4125 dici
1274 4070 1450 4125 verius
1488 4078 1543 4125 et
1569 4070 1842 4126 catholicae
1884 4072 2080 4143 regula:

496 4162 883 4231 congruentius
897 4160 958 4215 "i
978 4160 1185 4215 Dictum
1202 4168 1286 4215 est
1303 4161 1443 4216 enim
1462 4161 1719 4217 adversus
1738 4162 2077 4232 Manicluros,

490 4261 750 4322 putantes
789 4259 949 4322 atque
974 4250 1303 4307 affirmantes
1326 4252 1368 4317 ³,
1412 4252 1479 4306 de
1506 4265 1664 4324 gente
1702 4254 2039 4309 tenebrarum
2061 4296 2077 4324 ,

504 4358 664 4415 quam
692 4342 883 4398 malam
908 4351 1151 4399 naturam
1182 4342 1368 4398 dicunt
1409 4344 1517 4399 Deo
1543 4344 1684 4400 bono
1720 4354 2077 4414 coreternam,

500 4435 701 4497 habere
751 4434 1010 4506 originem
1036 4448 1263 4505 corpora
1281 4475 1296 4501 ,
1328 4443 1384 4490 et
1411 4449 1531 4491 esse
1556 4435 1715 4491 etiam
1746 4436 1859 4507 ipsa
1889 4437 2081 4493 immu-

498 4526 684 4582 tabilia
712 4524 887 4582 mala:
916 4541 1024 4581 non
1051 4525 1306 4581 adversus
1335 4541 1461 4593 eos,
1506 4528 1597 4598 qui
1628 4535 1870 4583 tenentes
1900 4544 2083 4584 veram

503 4627 560 4674 et
583 4634 710 4674 vere
729 4617 1069 4674 christianam
1092 4618 1250 4674 fidem
1272 4659 1288 4686 ,
1336 4633 1477 4674 nunc
1503 4619 1714 4690 quidem
1741 4622 2084 4691 corruptibile

502 4722 626 4763 esse
654 4722 880 4778 corpus,
920 4717 978 4765 ει
1001 4724 1290 4780 aggravare
1316 4711 1546 4765 animam
1572 4711 1897 4768 confitentur
1925 4712 2083 4788 (Sap.

506 4816 585 4865 Ix,
615 4799 738 4871 l5);
768 4798 867 4854 sed
892 4815 993 4857 nec
1021 4801 1127 4857 tale
1150 4801 1398 4873 primitus
1422 4803 1690 4858 conditum
1720 4814 1877 4875 atque
1907 4806 1959 4860 in
1991 4822 2084 4875 pa-

505 4889 686 4946 radiso
711 4890 1056 4959 constitutum
1072 4933 1087 4959 ,
1117 4906 1216 4947 nec
1238 4892 1341 4947 tale
1365 4907 1577 4963 semper
1601 4896 1856 4960 futurum,
1881 4896 1973 4950 sed
2000 4897 2085 4951 in-

508 4983 851 5054 corruptione
878 4992 1038 5055 atque
1062 4984 1461 5041 immortalitate
1490 4986 1801 5042 mutandum
1819 5029 1833 5055 ,
1863 4996 1919 5044 et
1944 5005 2086 5046 nunc

457 5121 464 5140 ,
506 5073 613 5151 iam
656 5090 776 5132 esse
815 5075 1050 5146 incipere
1090 5078 1349 5146 templum
1391 5078 1520 5145 Dei,
1550 5079 1858 5151 conjugali,
1899 5082 1983 5138 vel
2009 5085 2087 5138 vi-

506 5167 646 5223 duali
664 5208 680 5235 ,
699 5167 960 5228 veletiam
983 5168 1222 5240 virginali
1245 5168 1493 5239 pudicitia
1509 5169 1816 5226 decoratum
1837 5189 1851 5227 :
1874 5175 2085 5244 quando

505 5257 609 5314 etsi
648 5272 775 5314 caro
831 5259 1159 5330 concupiscit
1195 5260 1453 5316 adversus
1491 5261 1769 5331 spiritum,
1801 5264 1879 5319 sic
1909 5272 2083 5321 tamen

502 5350 727 5421 spiritus
750 5350 1081 5423 concupiscit
1105 5351 1360 5408 adversus
1385 5368 1604 5410 carnem
1637 5352 1843 5427 (Galat.
1873 5372 1928 5424 v,
1959 5357 2083 5430 17),

562 5543 588 5612 ξ
610 5541 809 5612 Aliquot
831 5545 1136 5612 manuscripti
1153 5585 1169 5610 ,
1193 5544 1247 5612 ﬁt
1268 5546 1374 5599 hoc.

566 5604 597 5680 ξ
606 5604 781 5680 'l‘rhes'e
802 5608 1038 5680 rant-anis
1058 5604 1410 5680 manuscripts,
1429 5609 1676 5680 catholica:
1688 5610 1821 5680 ﬁdei
1828 5628 2088 5680 coagmen-

497 5661 836 5742 l‘itt‘sifmteri
860 5674 987 5742 Mssa
1029 5668 1278 5742 catholicae
1300 5661 1315 5673 “
1328 5661 1511 5742 regula!
1526 5661 1529 5662 ν
1544 5661 2055 5742 ὧὶιῇνῖὶιῗᾶιῖἇξίῖίὶ‹ἶῖιῖ

503 5716 843 5785 mamilius
864 5716 1049 5781 mutant
1059 5716 1528 5793 iiifé'dnieiiiéiziaé.
1545 5716 1677 5742 ΝΤ
1695 5716 1897 5730 “mm.
1939 5716 2085 5744 mm,

573 5786 597 5818 ⁸
628 5793 678 5836 In
701 5794 829 5851 Mss,
848 5787 1112 5853 ﬁrmantes.

795 5822 829 5851 η
848 5822 901 5851 ἰι
916 5822 1112 5849 saueius”.

1243 326 1518 384 CONTRA
1555 317 1896 380 JULIANUM
1928 309 2404 379 PELAGIAN'UM,
2441 309 2497 368 S.
2540 303 2908 367 AUGUSTINI

2156 434 2214 482 ut
2238 439 2337 481 nec
2377 424 2542 495 ipsius
2568 421 2810 495 corporis
2836 419 3074 479 membra
3112 419 3359 478 exhibeat
3399 417 3744 494 iniquitatis‘

2153 531 2302 572 arma
2333 524 2550 586 peccato
2581 511 2755 587 (Rom.
2776 528 2857 579 vt,
2889 512 3000 586 15).
3032 586 3039 592 ,

2231 606 2319 662 18.
2348 605 2455 662 Sed
2483 604 2604 659 audi
2628 602 2769 674 quod
2789 602 2854 657 ad
2879 617 2992 658 rem
3013 610 3330 675 praesentem
3354 608 3580 674 spectat,
3607 599 3745 672 quid

2157 697 2226 752 de
2251 705 2469 767 peccato
2496 694 2651 765 primi
2674 692 2903 748 hominis
2926 692 2993 747 ad
3019 689 3118 749 nes
3145 691 3306 747 etiam
3332 691 3638 762 pertinente
3662 688 3750 746 di-

2154 797 2245 842 cat
2270 787 2370 842 iste
2399 795 2613 841 sanctus
2649 785 2764 839 sine
2793 783 2900 839 ulla
2938 784 3283 855 ambiguitate
3312 783 3559 838 Basilius.
3590 780 3747 850 Quod

2160 876 2259 932 etsi
2289 876 2464 945 reperi
2497 875 2902 944 interpretatum
2921 913 2941 941 ,
2989 883 3165 930 tamen
3188 878 3412 943 propter
3443 872 3751 943 diligentio-

2156 956 2272 1022 rem
2302 965 2413 1019 veri
2440 964 2618 1030 fidem,
2651 964 2874 1019 verbum
2904 978 2935 1018 e
2962 963 3131 1017 verbo
3156 963 3313 1016 malui
3345 961 3640 1017 transferre
3679 961 3751 1017 de

2157 1071 2352 1130 grteco.
2384 1056 2440 1110 In
2469 1070 2717 1110 sermone
2743 1054 2807 1110 de
2834 1053 3082 1125 Jejunio:
3116 1072 3134 1106 ι
3162 1052 3460 1123 Jejuniutn,
3489 1072 3509 1105 ›
3545 1053 3748 1122 inquit,

2166 1165 2185 1200 ι
2215 1148 2270 1201 in
2313 1146 2558 1216 paradiso
2598 1145 2716 1215 lege
2762 1145 3110 1199 constitutum
3155 1152 3258 1199 cst.
3310 1143 3548 1198 Primum
3601 1143 3750 1197 enim

2161 1226 2465 1293 mandatum
2515 1236 2718 1305 accepit
2746 1234 2913 1290 Adam
2942 1251 2956 1288 :
3004 1236 3047 1288 Α
3082 1235 3220 1306 ligno
3248 1232 3442 1288 sciendi
3472 1233 3659 1287 bonum
3705 1240 3755 1287 et

2160 1329 2352 1383 nmium
2381 1344 2481 1382 non
2509 1326 2878 1383 manducabitis
2903 1325 3058 1401 (Gen.
3083 1342 3147 1394 ll,
3178 1324 3286 1399 l7).
3322 1325 3441 1380 Non
3472 1325 3758 1379 "tandum-

2161 1420 2277 1475 bitis
2303 1430 2480 1475 autem
2517 1421 2560 1488 ',
2583 1420 2843 1491 jejunium
2867 1429 2969 1487 est,
2997 1427 3052 1473 et
3078 1418 3212 1489 legis
3255 1417 3649 1473 constitutionis
3675 1417 3759 1470 in-

2158 1512 2333 1567 itium.
2362 1511 2415 1567 Si
2430 1511 2725 1581 jejunasset
2750 1526 2778 1564 a
2807 1511 2951 1582 ligno
2973 1510 3103 1575 Eva,
3128 1525 3238 1563 non
3270 1509 3376 1564 isto
3396 1508 3759 1580 indigeremus

2161 1602 2387 1674 jejunio.
2417 1601 2532 1656 Non
2557 1602 2697 1658 enim
2729 1617 2864 1672 opus
2894 1600 3087 1655 habent
3114 1599 3352 1655 valentes
3378 1598 3617 1664 medico,
3659 1597 3759 1653 sed

2164 1692 2305 1749 male
2354 1692 2609 1748 habentes
2656 1689 2873 1764 (Matth.
2920 1704 2997 1754 ix,
3047 1689 3161 1761 12).
3207 1688 3607 1759 Ᾱίετοιενίιιιυε
3663 1704 3763 1759 per

2166 1793 2464 1855 peccatum,
2488 1798 2738 1837 sanemur
2758 1798 2852 1852 per
2872 1780 3257 1852 pmnitentiam.
3271 1779 3590 1835 Ptnuitentia
3610 1786 3752 1834 vero

2167 1877 2283 1931 sine
2303 1875 2506 1946 jejunio
2532 1889 2699 1929 vacua
2726 1880 2830 1928 est.
2855 1871 3128 1927 Maledicta
3157 1881 3290 1925 terra
3309 1870 3484 1940 spinas
3509 1881 3556 1925 et
3585 1870 3757 1924 tribuo

2168 1968 2243 2022 los
2265 1967 2426 2039 pariet
2461 1964 2609 2038 (Gen.
2638 1981 2715 2029 Ill,
2746 1965 2832 2029 17,
2864 1964 2976 2035 18).
3008 1956 3326 2018 Contrisiari
3352 1961 3627 2017 ordinatus
3662 1976 3757 2027 es,

2170 2058 2425 2130 numquid
2448 2057 2723 2114 deliciari?
2744 2076 2762 2110 ι
2793 2057 2857 2111 Ει
2879 2055 3038 2126 paulo
3060 2063 3177 2126 post
3198 2054 3249 2108 in
3273 2052 3461 2109 eodem
3483 2067 3765 2120 sermone,

2171 2150 2311 2206 idem
2342 2150 2454 2221 ipse
2478 2166 2492 2204 :
2527 2168 2544 2201 ι
2570 2149 2703 2216 Quia
2729 2164 2832 2203 non
2859 2147 3218 2218 jeju‘na‘vimus
3237 2186 3253 2212 ,
3282 2164 3304 2198 ι
3333 2144 3536 2216 inquit,
3571 2162 3591 2198 ι
3614 2144 3769 2200 deci—

2171 2240 2347 2297 dimus
2388 2240 2455 2295 de
2483 2240 2748 2311 paradiso.
2772 2239 3082 2308 .iejunemus
3105 2252 3267 2308 ergo,
3291 2245 3349 2290 ut
3375 2236 3442 2291 ad
3469 2240 3594 2291 eum
3622 2235 3767 2292 red-

2172 2346 2355 2389 eamus
2381 2350 2400 2384 ›
2448 2331 2641 2403 (Serm.
2676 2332 2754 2401 1).
2800 2330 2923 2385 [huc
2950 2339 3110 2399 atque
3135 2326 3433 2398 huiusmodi
3459 2323 3563 2382 alia
3591 2326 3770 2383 sancti

2174 2424 2355 2479 Basilii
2400 2424 2444 2479 si
2492 2423 2742 2494 legisses,
2785 2422 2870 2477 vel
2908 2422 2952 2475 si
2982 2421 3115 2475 lecta
3157 2420 3383 2475 fideliter
3417 2418 3773 2475 considerare

2173 2514 2434 2568 voluisses
2451 2527 2759 2583 ,,nunqttam
2788 2510 3026 2583 profecto
3053 2510 3119 2566 de
3140 2510 3332 2566 litteris
3353 2510 3470 2580 ejus
3494 2509 3560 2565 ad
3585 2508 3773 2565 offun-

2173 2605 2380 2663 dendas
2396 2605 2617 2660 nebulas
2635 2604 3017 2675 ignorantibus,
3040 2619 3101 2658 ea
3127 2617 3245 2674 quae
3269 2601 3404 2657 nihil
3426 2601 3492 2656 ad
3513 2602 3773 2672 qumstio-

2176 2713 2299 2752 nem
2346 2713 2465 2767 quae
2512 2696 2652 2751 inter
2698 2710 2796 2751 nos
2839 2697 3065 2751 vertitur
3110 2695 3404 2765 pertinent,
3446 2694 3499 2749 in
3537 2694 3621 2750 his
3661 2695 3773 2751 tuis

2177 2791 2329 2847 libris
2347 2792 2525 2847 nescio
2540 2807 2642 2863 qua
2660 2799 2837 2846 mente
2858 2790 3149 2860 posuisses.
3172 2789 3339 2846 Audis
3365 2788 3508 2860 quod
3537 2789 3640 2844 iSto
3659 2805 3774 2845 non

2177 2883 2536 2954 indigeremus
2561 2882 2785 2953 jejunio,
2809 2883 2852 2937 si
2867 2882 3025 2936 homo
3044 2881 3229 2952 jejunii
3249 2882 3421 2953 legem
3447 2897 3552 2937 non
3578 2882 3776 2938 fuisset

2178 2972 2231 3029 in
2264 2974 2491 3044 paradisi
2521 2973 2771 3029 felicitate
2811 2985 3209 3044 transgressus;
3256 2980 3309 3027 et
3347 2987 3512 3044 negas
3542 2982 3776 3043 peccato

2178 3065 2389 3120 illorum
2433 3064 2706 3120 hominum
2734 3065 2994 3121 obnoxios
3018 3074 3242 3120 caeteros
3266 3066 3433 3120 nasci.
3476 3065 3647 3121 Audis
3671 3066 3776 3122 ad-

2174 3156 2438 3237 junctum,
2468 3175 2487 3208 ι
2507 3157 2620 3211 Non
2644 3158 2785 3212 enim
2807 3158 2921 3213 sani
2951 3157 3189 3228 indigent
3214 3156 3453 3225 medico;
3485 3177 3504 3211 ›
3530 3168 3585 3215 ει
3604 3175 3775 3230 negas

2181 3264 2280 3304 nos
2307 3249 2587 3304 sanitatem
2609 3291 2623 3315 ,
2655 3250 2706 3303 in
2737 3264 2838 3320 qua
2870 3249 3037 3305 creati
3065 3264 3278 3316 sumus,
3310 3261 3529 3322 peccato
3557 3252 3775 3310 illorum

2180 3337 2455 3394 hominum
2484 3338 2814 3409 perdidisse?
2843 3340 3010 3395 Audis
3033 3336 3385 3408 sententiam,
3418 3358 3535 3413 qua:
3564 3346 3770 3415 prolata

2180 3431 2341 3487 estin
2374 3431 2603 3502 primum
2643 3432 2911 3487 hominem
2954 3442 3318 3501 peccatorem,
3359 3432 3551 3505 Spinas
3593 3445 3639 3489 et
3681 3435 3773 3489 tri-

2181 3506 2323 3576 ιηιιοὲ
2341 3530 2473 3576 terra
2491 3523 2651 3593 pariet
2672 3522 2787 3589 tibi,
2815 3521 2881 3577 ad
2904 3538 2999 3577 nos
3020 3523 3178 3578 etiam
3205 3523 3503 3594 pertinere;
3525 3534 3583 3580 et
3606 3542 3778 3597 negas

2181 3611 2442 3667 obnoxios
2484 3626 2604 3669 esse
2644 3621 2897 3683 peccato,
2928 3628 3063 3683 quos
3101 3613 3274 3669 eidem
3303 3615 3479 3670 cernis
3508 3615 3779 3673 obnoxius

2181 3716 2301 3757 esse
2328 3702 2646 3757 sententiae?
2674 3701 2841 3757 Audis
2865 3703 2930 3757 ad
2959 3702 3269 3771 paradisum
3293 3720 3415 3771 nos,
3451 3706 3593 3762 unde
3620 3706 3778 3763 deci-

2181 3793 2380 3858 dimus,
2413 3794 2590 3849 redire
2618 3792 2852 3860 debere;
2883 3805 2937 3850 et
2966 3810 3130 3865 negas
3157 3795 3225 3851 ad
3254 3812 3348 3852 nos
3374 3813 3560 3853 eorum
3583 3813 3781 3870 pecca-

2183 3893 2326 3952 tttm,
2359 3885 2448 3955 qui
2478 3885 2579 3940 soli
2622 3894 2746 3942 tunc
2776 3886 3021 3943 homines
3050 3887 3102 3942 in
3136 3888 3381 3958 paradiso
3430 3890 3677 3960 fuerant,
3720 3893 3780 3949 in

2183 3975 2373 4048 quibus
2402 3984 2456 4031 et
2484 3990 2581 4030 nos
2610 3976 2835 4045 fuimus,
2867 3979 3187 4049 pertinere?

2255 4066 2344 4122 19.
2373 4066 2509 4136 Quid
2554 4066 2677 4123 hinc
2721 4069 2911 4140 plura?
2964 4070 3093 4128 Vide
3136 4071 3244 4142 jam
3289 4082 3466 4129 utrum
3505 4074 3782 4134 sufficiant

2187 4159 2279 4214 tibi
2307 4176 2372 4215 ex
2397 4159 2627 4216 Orientis
2651 4161 2893 4232 partibus
2919 4163 3029 4219 duo
3049 4165 3138 4221 isti
3169 4174 3274 4221 tam
3301 4167 3537 4238 insignes
3565 4170 3692 4236 viri,
3722 4179 3782 4227 et

2185 4259 2292 4305 tam
2338 4251 2482 4307 clara
2525 4247 2731 4323 praediti
2778 4258 3091 4325 sanctitate,
3121 4266 3194 4324 et,
3220 4259 3356 4314 sicut
3377 4260 3569 4327 fertur,
3610 4264 3779 4319 etiam

2184 4356 2345 4398 carne
2372 4336 2610 4415 germani
2644 4344 2741 4418 (a).
2784 4346 2890 4403 Sed
2919 4348 3006 4405 die
3034 4365 3141 4405 non
3181 4350 3451 4407 sufficere.
3505 4354 3780 4414 Habemus

2186 4431 2320 4489 alios
2348 4434 2636 4491 orientales
2680 4438 2960 4508 episcopos
2988 4442 3420 4511 quatuordecim,
3456 4444 3778 4516 Eulogium,

2187 4522 2481 4593 Joannem,
2510 4526 2919 4581 Ammonianum
2947 4527 2990 4595 ',
3035 4529 3420 4603 Porphyrium,
3452 4533 3778 4604 Eutonium,

2188 4614 2571 4687 Porphyrium,
2592 4613 2779 4695 Fidum
2796 4659 2809 4682 ,
2836 4618 3143 4687 Zoninum‘,
3175 4614 3590 4690 Zoboennumi',
3615 4625 3781 4700 Nym-

2188 4704 2430 4775 phidium
2449 4706 2491 4774 ⁸,
2540 4706 2905 4763 Chromatium
2928 4711 2972 4778 τ,
3030 4709 3275 4767 Joviuum
3300 4754 3315 4779 ,
3367 4714 3737 4773 Eleutherium
3760 4759 3780 4785 ,

2189 4794 2533 4864 Clematium,
2579 4812 2713 4867 quos
2752 4815 2857 4854 uno
2897 4801 3018 4856 loco
3047 4802 3200 4858 simul
3243 4803 3487 4860 inventos
3530 4807 3583 4862 in
3616 4809 3781 4864 istum

2190 4882 2498 4942 consessum
2530 4887 2870 4946 introducere
2896 4891 3198 4960 valeamus;
3229 4895 3350 4950 illus
3380 4896 3525 4967 ipsos
3551 4900 3644 4969 qui
3675 4900 3780 4957 Pe-

2190 4978 2330 5050 lagio
2344 4978 2547 5049 judiccs
2573 4982 2958 5050 praesederunt,
2988 5001 3218 5058 eumque
3245 4997 3304 5043 ut
3332 4988 3601 5058 homines,
3629 4995 3783 5051 nullo

2254 5069 2278 5138 ξ
2308 5074 2458 5138 vetus
2478 5068 2673 5138 Floriac.
2697 5079 2801 5133 διε,

2258 5131 2280 5205 ῗ
2313 5130 2451 5205 “FQ:
2467 5137 2513 5181 ⁸⁸
2533 5130 2723 5205 "ww"!
2739 5130 3207 5205 "de-me
3231 5146 3333 5191 Non
3354 5142 3677 5197 manduca“:
3692 5143 3784 5196 au-

2188 5195 2301 5242 tem.
2336 5198 2393 5242 At
2414 5200 2541 5254 Mss,
2562 5194 2932 5248 manducubilis.

2253 5252 2276 5328 ξ
2307 5258 2462 5328 Quae
2485 5256 2633 5328 Yatlc.
2656 5262 2785 5328 ιιεεη
2810 5258 3123 5311 Αωιποηίιιηι.

2254 5313 2279 5347 ⁸
2310 5315 2631 5383 Editio_Lov.,
2950 5328 3050 5371 Am.
3073 5328 3128 5373 et
3143 5327 3218 5373 Er.
3239 5356 3263 5383 ,ν
3282 5322 3532 5376 Insistam.
3569 5329 3785 5383 Vatiae.

2190 5381 2339 5487 ζιεεῶ
2368 5375 2584 5429 Ioniam.
2615 5375 2859 5431 'Gallieani
2899 5395 3105 5446 omnes,
3149 5375 3400 5437 laniatum.
3434 5375 3785 5448 Vide—infra:

2204 5529 2209 5535 .
2253 5500 2276 5533 '
2309 5499 2426 5535 Rﬂiﬂ
2495 5499 2756 5535 Ὶηινιοηηωι
2806 5509 2898 5535 lim
2986 5505 3280 5535 vniam-ou
3306 5519 3320 5534 ο
3358 5512 3583 5535 Α-μηιι-
3623 5514 3687 5535 ...2

3297 5519 3320 5571 ⁵
3356 5512 3585 5577 ⁸³⁸⁸⁸⁸³³
3623 5514 3786 5567 "ib"

2312 5629 2415 5672 Duo
2438 5626 2636 5692 ovatio.
2655 5626 3193 5692 uss.,’1ry_mpltindiwn.

2256 5684 2279 5747 "_
2311 5692 2414 5747 ᾼωο
2440 5691 2492 5747 ξι
2511 5690 2609 5747 Et,
2631 5684 2969 5739 εὔνοήιαέίωὶι.

2257 5744 2509 5825 ςειλιὲεῇἰξ
2533 5744 2807 5825 gertmnus
2816 5750 2966 5825 frater
2985 5752 3245 5825 Gregorius
3263 5760 3522 5825 melius,
3555 5769 3664 5811 non
3697 5760 3793 5813 ιικ

2196 5813 2511 5858 Nazianzenus
2530 5813 2613 5873 qui
2629 5824 2771 5880 supra
2793 5813 3013 5874 lautianm
3031 5813 3104 5878 αἱ
3120 5813 3397 5880 augustino.

3616 260 3763 366 π.

3797 5043 3814 5133 l
