3984 6500
197 310 299 372 ω

206 428 427 488 culter:
439 429 602 501 parte
616 435 849 501 urgente
861 424 1164 485 adversario
1174 433 1422 498 putantes
1432 424 1780 492 catholicum,

1548 306 1758 365 LIBER
1794 305 2071 368 PRIMUS.

3361 324 3473 385 εει

1962 425 2053 481 20.
2083 424 2162 482 'l‘u
2187 423 2397 483 Interim
2424 427 2590 486 habes
2614 429 2668 487 in
2696 442 3001 504 conspectu,
3031 450 3142 494 non
3159 436 3332 496 solum
3354 439 3469 500 Oc-

208 531 437 591 tanquam
451 519 782 576 catholicum
801 523 1224 591 pronuntiarunt.
1238 517 1349 574 Nisi
1372 519 1511 575 enim
1530 518 1580 573 in
1600 534 1795 581 eorum.
1890 518 2137 587 cidentis,
2163 534 2348 576 verum
2395 522 2555 577 etiam
2593 521 2824 580 Orientis
2862 527 3163 600 episcopos.
3207 530 3340 590 Nam
3377 536 3471 608 qui

210 620 482 682 conspectu
495 610 790 682 audituque
804 612 822 643 ¹
840 610 1142 666 damnasset
1159 624 1251 665 eos
1277 610 1367 682 qui
1392 609 1593 678 dicunt,
1612 611 1782 681 (quod

213 712 471 776 peccatum
491 701 624 757 Adae
646 703 821 773 ipsum
838 702 1007 758 solum
1034 702 1236 758 larserit
1251 744 1264 767 ,
1297 711 1351 757 et
1377 717 1485 757 non
1507 718 1670 774 genus
1686 704 1785 758 hu-

205 811 442 862 manum;
470 802 528 850 et
553 793 699 865 quod
728 794 955 849 infantes
984 808 1154 863 nuper
1180 794 1291 848 nati
1317 793 1370 846 in
1395 808 1462 848 eo
1484 801 1625 850 statu
1653 794 1781 860 sint,

202 877 249 942 in
267 900 369 956 quo
386 884 567 940 Adam
615 884 713 940 fuit
758 894 882 940 ante
908 892 1289 955 peccatum;et
1310 884 1539 940 infantes
1574 887 1781 941 etiamsi

205 992 297 1033 non
342 976 722 1046 baptizentur,
774 975 972 1031 habere
1020 975 1183 1031 vitam
1236 986 1528 1042 mternam;
1561 995 1581 1030 ι
1634 977 1783 1032 nullo

203 1069 348 1125 modo
368 1069 498 1123 inde
523 1069 625 1124 nisi
651 1068 933 1124 damnatus
958 1069 1155 1124 exisset
1183 1067 1437 1142 (a).lQuid
1463 1069 1606 1125 enim
1631 1069 1780 1125 vobis

198 1160 436 1234 prodest,
485 1161 631 1232 quod
658 1161 842 1217 nescio
884 1176 1014 1232 quas
1037 1177 1197 1217 ansas
1221 1170 1382 1233 atque
1419 1175 1621 1227 uncos,
1666 1170 1781 1216 arte

198 1254 366 1309 nescio
392 1253 550 1323 cujus
579 1253 944 1325 perplexitatis
971 1253 1204 1309 inseritis
1223 1295 1240 1322 ,
1272 1268 1340 1308 ne
1381 1253 1640 1324 simplicia
1680 1268 1779 1324 pa-

200 1352 370 1411 teant,
401 1352 462 1398 et
488 1344 633 1399 clara
663 1344 914 1399 luceant?
936 1344 1069 1414 Quis
1098 1345 1237 1399 enim
1269 1360 1374 1399 non
1404 1344 1610 1412 videat,
1640 1359 1777 1415 quo-

194 1436 349 1492 modo
394 1436 500 1491 ista
550 1435 626 1492 illi
669 1430 879 1506 iudices
923 1436 1172 1508 accipere
1212 1445 1534 1508 potuerunt,
1577 1437 1780 1492 scilicet

194 1527 487 1584 secundum
524 1527 844 1584 catholicam
884 1526 1074 1594 fidem,
1122 1543 1245 1599 qua:
1286 1527 1479 1600 ubique
1528 1528 1778 1600 parvulos

192 1620 547 1676 exorcizando
566 1630 621 1676 et
643 1619 974 1676 exsufﬂando
999 1620 1066 1676 de
1085 1627 1350 1692 potestate
1375 1620 1512 1679 eruit
1534 1622 1780 1676 tenebra-

193 1728 341 1777 rum;
370 1728 482 1768 non
514 1712 650 1768 sicut
676 1720 1037 1783 exponuntur,
1067 1711 1155 1768 vel
1183 1711 1358 1782 potius
1384 1719 1779 1782 componuntur

189 1823 219 1861 a
244 1806 436 1861 vobis?
463 1806 533 1861 Et
562 1813 739 1861 tamen
765 1804 943 1861 dicere
970 1802 1247 1875 potuistis,
1296 1821 1317 1857 ‹
1341 1803 1473 1860 Adae
1500 1812 1776 1874 peccatum

193 1914 291 1953 non
333 1898 722 1970 propagatione
742 1939 759 1966 ,
804 1896 902 1955 sed
932 1896 1227 1954 imitatione
1250 1896 1452 1953 laesisse
1472 1912 1641 1969 genus
1673 1896 1777 1953 bu-

190 2007 399 2046 manum
427 2009 444 2054 ;
477 2000 530 2046 et
552 1990 783 2047 infantes
809 2004 977 2060 nuper
1001 1998 1155 2045 natos
1170 2002 1275 2047 non
1296 1987 1353 2044 in
1382 2002 1447 2044 co
1475 1997 1613 2044 statu
1634 2002 1774 2058 esse,

188 2083 239 2138 in
265 2100 372 2154 quo
402 2081 506 2137 fuit
530 2083 701 2137 Adam
744 2090 872 2139 ante
898 2091 1203 2155 peccatum,
1230 2080 1374 2155 quod
1411 2080 1499 2137 ille
1526 2082 1778 2153 praecepti

188 2144 347 2242 capax
376 2171 564 2238 fuerit,
596 2171 681 2229 isti
710 2144 1017 2227 εδδυεήοἶι
1046 2144 1222 2227 sint.)
1247 2144 1373 2226 'His
1411 2144 1620 2227 nebulis
1647 2144 1777 2227 illud

188 2263 439 2341 judicium
482 2278 546 2319 se
589 2271 741 2333 putat
772 2262 1001 2318 illusisse
1026 2261 1295 2332 Pelagius,
1337 2275 1539 2332 vosque
1578 2261 1647 2316 ad
1674 2260 1777 2318 hoc

190 2357 329 2412 nefas
375 2367 491 2412 toto
533 2357 710 2428 capite
756 2355 1055 2419 annuitis',
1103 2363 1158 2411 et
1186 2362 1265 2410 tot
1288 2355 1357 2409 ab
1385 2354 1477 2411 illo
1497 2354 1778 2426 episcopos

186 2450 366 2505 irrisos
390 2465 513 2505 esse
537 2450 749 2504 ridetis.
777 2449 885 2507 Sed
917 2448 1169 2519 numquid
1188 2488 1205 2510 .
1260 2467 1281 2501 ι
1312 2449 1542 2506 infantes
1569 2450 1779 2507 etiamsi

184 2558 283 2597 non
309 2543 672 2613 baptizeutur,
703 2542 904 2599 habere
927 2544 1090 2599 vitam
1120 2551 1406 2610 aeternam,
1440 2562 1459 2597 ο
1493 2545 1598 2599 ulla
1627 2545 1780 2601 calli-

183 2635 346 2690 ditate
394 2636 452 2690 in
493 2634 637 2691 aliud
685 2636 1028 2706 detorquere,
1076 2635 1157 2690 vel
1189 2634 1310 2691 ullis
1351 2635 1492 2691 loliis
1534 2636 1778 2694 ficulneis

187 2728 400 2800 operire
441 2727 736 2799 potuistis?
759 2729 869 2787 Eos
897 2727 1040 2783 enim
1068 2728 1158 2799 qui
1188 2728 1290 2783 hoc
1318 2728 1522 2797 dicunt,
1550 2745 1656 2786 non
1685 2745 1780 2800 po-

187 2819 289 2874 tuit
334 2818 475 2889 apud
514 2818 815 2877 catholicos
842 2817 1056 2888 judiccs
1079 2817 1184 2874 nisi
1209 2818 1464 2874 damnare
1493 2819 1774 2891 Pelagius:

186 2921 247 2968 ct
269 2912 416 2984 quod
445 2912 716 2978 sentiebat,
745 2911 1016 2975 damnavit
1063 2926 1242 2967 coram
1293 2910 1632 2980 hominibus,
1684 2912 1780 2968 da-

199 3004 373 3058 mnari
393 3004 698 3060 metuensab
712 3003 1038 3061 hominibus.
1064 3004 1199 3059 Nam
1211 3004 1254 3059 si
1284 3004 1384 3059 hoc
1411 3020 1517 3062 nou
1542 3006 1773 3073 sentitis,

197 3097 351 3151 nobis
380 3098 553 3168 utique
574 3097 911 3153 consentitis.
942 3096 1050 3153 Sed
1081 3097 1202 3167 quia
1230 3096 1388 3152 nobis
1411 3112 1516 3152 non
1542 3113 1777 3155 consen-

192 3188 338 3255 titis,
394 3188 524 3243 illud
578 3190 699 3245 sine
751 3189 1083 3245 dubitatione
1131 3188 1357 3245 sentitis.
1412 3191 1490 3246 Ac
1531 3205 1628 3260 per
1675 3190 1811 3263 hoc,

196 3280 469 3335 trientales
515 3295 614 3335 vos
652 3279 861 3351 judices
886 3279 1145 3336 damnant
1170 3279 1213 3348 ³,
1246 3295 1276 3335 a
1313 3280 1504 3351 quibus
1527 3280 1780 3353 Pelagius

191 3370 421 3425 damnari
455 3371 677 3439 timens,
710 3386 803 3426 eos
830 3370 921 3441 qui
946 3371 1185 3425 sentiunt
1210 3370 1310 3427 ista
1335 3370 1626 3439 damnavit,
1653 3387 1778 3429 cum

190 3463 266 3517 eis
287 3478 421 3534 quos
450 3462 729 3519 damnavit
755 3461 994 3534 profecto
1017 3462 1373 3530 damnandus,
1402 3463 1525 3534 quia
1556 3462 1609 3521 id
1631 3464 1778 3534 quod

195 3555 395 3624 negavit
437 3570 562 3622 ore,
618 3554 788 3610 corde
826 3554 1074 3610 servavit.
1118 3553 1252 3609 Nam
1282 3554 1422 3625 quod
1455 3553 1634 3610 verbis
1663 3554 1778 3625 ejus

198 3646 603 3715 anathematur,
650 3646 705 3700 in
750 3645 941 3701 litteris
989 3645 1106 3716 ejus
1156 3646 1438 3702 invenitur.
1471 3645 1586 3702 Sed
1637 3662 1779 3703 nunc

195 3752 306 3791 cum
336 3738 424 3791 illo
452 3752 560 3792 non
590 3751 731 3810 ago:
760 3747 814 3792 tu
839 3737 965 3808 quid
987 3737 1159 3807 dicis,
1185 3753 1305 3793 cum
1330 3755 1436 3810 quo
1463 3739 1593 3795 mihi
1636 3756 1779 3797 nunc

199 3843 278 3884 res
299 3838 379 3884 est
396 3827 423 3881 Y
460 3829 606 3884 Ecce
631 3828 826 3887 adsunt
853 3836 929 3884 tot
948 3827 1155 3899 iudices
1181 3830 1504 3886 orientales:
1532 3830 1777 3902 leguntur

203 3928 340 3988 gesta
366 3919 759 3983 ecclesiastica,
790 3935 907 3989 qua:
934 3919 1077 3990 apud
1103 3935 1196 3975 eos
1223 3928 1348 3976 sunt
1385 3920 1585 3977 habita.
1616 3922 1777 3994 Legi-

214 4019 290 4064 tur
315 4010 583 4081 obiectum
610 4026 730 4065 esse
751 4011 986 4082 Pelagio,
1009 4011 1179 4082 «quod
1199 4012 1340 4069 dicat
1369 4012 1596 4069 infantes
1616 4015 1775 4070 etiam

206 4116 299 4155 non
354 4102 654 4171 baptizatos
707 4101 908 4157 habere
963 4102 1123 4157 vitam
1174 4112 1449 4158 aeternam.
1481 4122 1501 4156 ι
1557 4102 1777 4175 Legitur

209 4194 433 4268 Pelagius
458 4212 554 4252 eos
579 4196 892 4262 damnasse,
922 4198 1013 4268 qui
1039 4198 1140 4252 hoc
1163 4196 1347 4253 dicunt
1384 4215 1399 4253 :
1434 4213 1609 4269 neque
1633 4198 1775 4254 enim

212 4285 315 4340 illos
333 4287 539 4357 judices
573 4288 729 4343 aliter
758 4291 1018 4357 potuisset
1043 4287 1307 4349 evadere.
1329 4288 1479 4344 Nunc
1509 4290 1622 4359 ipse
1648 4290 1777 4361 quid

212 4379 365 4436 dicis?
388 4381 672 4437 Habebunt
701 4383 868 4437 vitam
894 4391 1146 4438 aeternam
1173 4383 1403 4453 parvuli,
1436 4383 1643 4439 etiamsi
1667 4399 1774 4439 non

214 4468 441 4540 baptizati
467 4486 530 4526 ex
561 4471 662 4527 hac
682 4472 788 4525 vita
809 4472 1182 4542 emigraverint
1200 4514 1214 4539 ,
1241 4488 1308 4527 an
1336 4488 1440 4528 nou
1468 4473 1776 4530 habebunt?

216 4558 262 4614 Si
281 4562 488 4629 dixeris,
514 4561 829 4618 Habebunt:
859 4561 1056 4634 Pelagii
1076 4565 1149 4618 tui
1169 4571 1221 4619 te
1246 4565 1406 4620 verba
1421 4564 1774 4632 damnabunt,

218 4661 265 4705 et
291 4653 353 4708 illi
381 4668 565 4727 omnes
591 4671 621 4707 a
649 4654 844 4726 quibus
870 4655 1042 4709 timuit
1069 4655 1182 4725 ipse
1210 4655 1469 4711 damnari.
1513 4655 1569 4712 Si
1597 4665 1775 4712 autem

220 4742 419 4810 dixeris,
469 4744 587 4801 Non
617 4744 890 4800 habebunt
930 4762 944 4799 :
988 4762 1167 4816 quacro
1193 4762 1295 4818 qua
1319 4763 1475 4803 causa
1520 4749 1776 4806 innocens

220 4836 372 4909 imago
398 4840 491 4895 Dei
520 4840 643 4895 vit'e
663 4838 687 4872 ’⁵
722 4840 1018 4909 privatione
1046 4841 1310 4910 punietur,
1341 4842 1386 4895 si
1417 4842 1617 4898 nullum
1647 4857 1775 4912 pec-

222 4939 371 4986 catum
398 4948 461 4987 ex
490 4932 722 4987 humana
754 4933 1134 5004 pr0pagationc
1170 4932 1519 4989 contrahitur.
1564 4933 1620 4990 Si
1651 4950 1778 4991 vero

218 5023 561 5096 contrahitur,
613 5039 712 5079 cur
754 5023 1028 5078 Manichmi
1071 5023 1347 5091 dicuntur,
1387 5024 1475 5096 qui
1514 5023 1617 5080 hoc
1651 5041 1775 5081 sen-

220 5111 338 5166 titmt
359 5154 376 5180 ,
396 5086 667 5184 quibus
714 5114 958 5185 Pelagius
982 5113 1264 5171 damnatus
1287 5086 1477 5172 fuisset
1495 5157 1523 5183 ,ν
1538 5116 1645 5178 nisi
1675 5118 1777 5174 hoc

214 5216 267 5258 se
293 5206 481 5263 sentire
506 5205 807 5280 fmxisscti

266 5424 285 5488 ξ
316 5431 418 5488 Duo
438 5437 471 5476 e
493 5426 733 5475 vatlmms
751 5431 878 5488 Uss...
902 5429 953 5488 tu
973 5437 1142 5476 eorum
1162 5431 1415 5488 conspectu
1437 5426 1651 5479 auditus.

266 5486 289 5553 ξ
318 5486 538 5553 Plerique
561 5494 693 5553 Mss,
715 5486 962 5553 maluistis.

269 5550 399 5619 ’βιοῖ
424 5548 532 5600 iss.
554 5549 680 5600 aditi
701 5556 849 5610 vero,
888 5548 1133 5599 timent.
1170 5555 1226 5599 Et
1247 5548 1389 5612 paulo
1420 5560 1527 5614 post
1545 5586 1560 5613 ,
1584 5556 1780 5605 anathe-

266 5647 651 5745 ῗῖιῖιῖξόῗέερωηί
674 5678 805 5745 less-1
830 5677 1026 5745 ιεβρνεπιξ
1045 5671 1170 5745 ﬁev-

266 5731 341 5797 (α)
357 5735 472 5786 Vide
490 5733 752 5786 libumde
772 5736 927 5785 Gestis
947 5734 1146 5802 Pelagii,
1171 5749 1253 5785 nn.
1279 5735 1359 5798 Ξῖ,
1379 5736 1457 5797 57,
1484 5736 1564 5789 65.

1892 608 2044 664 nobis
2086 608 2272 666 deesse
2311 611 2644 682 videbantur,
2670 615 2848 685 plures
2876 616 3107 677 Orientis
3146 622 3468 682 invenimus.

1882 697 2087 754 Omnes
2120 714 2228 755 uno
2267 701 2560 772 eodemque
2597 705 2757 761 modo
2782 707 3026 778 credunt,
3056 726 3151 782 per
3173 728 3341 770 unum
3366 715 3472 772 ho-

1889 790 2086 846 minem
2116 801 2389 863 peccatum
2421 794 2648 852 intrasse
2686 797 2739 852 in
2771 800 3044 869 mundum,
3077 811 3133 859 et
3156 820 3252 875 per
3275 821 3469 878 pecca-

1888 890 2001 937 tum
2029 892 2276 951 mortem,
2302 892 2356 940 et
2376 885 2445 940 ita
2468 886 2520 941 in
2545 902 2730 944 omnes
2752 889 2996 950 homines
3022 901 3390 966 pertransisse,
3415 901 3478 971 in,

1885 986 1993 1043 quo
2018 988 2205 1030 omnes
2235 985 2588 1044 peccaverunt
2608 977 2792 1052 (Rom.
2810 997 2864 1045 v,
2889 983 2977 1054 12)
3003 1002 3015 1038 :
3044 987 3133 1056 qui
3162 988 3350 1045 modus
3378 991 3467 1046 hic

1882 1072 1987 1130 est,
2011 1074 2067 1119 ut
2096 1075 2314 1135 peccato
2342 1067 2484 1123 illius
2506 1070 2659 1126 unius
2685 1070 2914 1129 hominis
2941 1077 3093 1145 primi
3111 1094 3297 1137 omnes
3317 1085 3468 1140 nasci

1880 1153 2171 1210 credantur
2196 1157 2430 1213 obnoxii.
2462 1160 2518 1215 Si
2540 1162 2640 1217 hoc
2665 1164 2753 1233 qui
2781 1164 2928 1231 dicit,
2956 1168 3277 1228 Manichacus
3295 1175 3393 1231 abs
3414 1184 3466 1231 te

1883 1243 2135 1301 dicitur‘:
2166 1247 2296 1303 istos
2320 1251 2516 1320 aspice,
2550 1252 2663 1309 istis
2689 1255 2946 1312 erubesce
2963 1262 3003 1322 ',
3036 1259 3347 1332 istisparce,
3374 1266 3463 1322 vel

1883 1334 1977 1390 tibi
2005 1337 2199 1406 potius,
2232 1355 2298 1395 ne
2325 1351 2501 1398 rector
2536 1351 2593 1398 et
2627 1344 2891 1403 habitator
2910 1349 2931 1381 ³
2958 1348 3168 1407 illorum
3208 1354 3303 1411 tibi
3332 1355 3468 1413 forte

1883 1441 1990 1481 non
2019 1439 2220 1498 parcat.
2252 1431 2306 1487 Si
2333 1441 2510 1490 autem
2539 1436 2669 1493 istos
2692 1438 3009 1497 Manichmos
3034 1457 3152 1500 csse
3172 1460 3278 1502 non
3308 1446 3465 1516 dicis,

1882 1533 1982 1574 nec
2003 1535 2087 1577 me
2107 1524 2307 1592 poteris
2332 1524 2571 1584 invenire
2595 1543 2690 1585 cur
2715 1531 2880 1588 dicas.
2910 1533 3093 1606 Neque
3121 1538 3262 1594 enim
3288 1556 3376 1597 me
3398 1544 3468 1598 ob

1877 1609 2025 1666 aliud
2054 1610 2157 1669 hoc
2179 1629 2298 1671 esse
2319 1615 2474 1684 dicis,
2498 1621 2601 1674 nisi
2626 1622 2748 1692 quia
2774 1623 2842 1679 dc
2866 1636 3084 1694 peccato
3112 1629 3265 1699 primi
3294 1629 3467 1689 homi-

1883 1703 1984 1769 nis,
2013 1703 2097 1760 cui
2141 1720 2329 1763 omnes
2364 1711 2594 1768 carnalis
2633 1715 2879 1793 nativitas
2917 1718 3192 1789 obligavit,
3218 1737 3317 1779 nec
3342 1724 3468 1795 inde

1880 1812 2199 1870 quemquam
2238 1801 2339 1858 nisi
2376 1804 2667 1874 spiritualis
2694 1809 2942 1866 nativitas
2966 1813 3149 1883 solvit,
3178 1815 3317 1887 quod
3343 1832 3466 1874 creo

1880 1887 2012 1944 dunt
2032 1889 2213 1957 credo,
2253 1893 2395 1964 quod
2436 1901 2621 1951 tenent
2656 1905 2835 1965 teneo,
2865 1902 3007 1972 quod
3042 1904 3235 1962 docent
3271 1907 3464 1975 doceo.

1879 1981 2022 2052 quod
2064 1983 2355 2053 praedicant
2394 1986 2645 2057 praedico.
2682 1988 2805 2046 Istis
2833 1993 2983 2062 cede,
3015 2003 3068 2051 ct
3098 2010 3205 2053 non
3234 2013 3321 2055 me
3357 2015 3467 2056 cae-

1880 2071 2011 2128 des‘
2042 2090 2056 2128 :
2087 2076 2368 2145 acquiesce
2397 2078 2533 2147 istis,
2564 2088 2619 2135 et
2639 2082 2882 2150 quiesces
2906 2099 2936 2140 a
2963 2101 3066 2142 me.
3096 2087 3395 2157 Postremo.
3419 2092 3468 2149 si

1881 2163 2009 2217 mihi
2041 2179 2135 2234 per
2162 2180 2256 2221 eos
2279 2162 2391 2222 fieri
2414 2184 2519 2224 non
2540 2171 2622 2225 vis
2645 2158 2867 2239 amicus,
2901 2176 3088 2232 saltem
3109 2187 3252 2249 peto,
3281 2196 3351 2237 ne
3370 2197 3468 2253 per

1880 2268 1968 2308 me
2013 2253 2222 2310 illorum
2259 2257 2506 2315 efliciaris
2534 2260 2798 2318 inimicus.
2831 2263 2938 2320 Sed
2962 2269 3229 2337 quomodo
3256 2287 3361 2328 non
3389 2274 3479 2330 efv

1882 2341 2106 2412 ficieris,
2136 2345 2181 2401 si
2212 2346 2265 2402 in
2301 2349 2405 2404 isto
2432 2366 2617 2408 errore
2646 2357 3040 2427 permanseris?
3082 2359 3291 2427 Quanto
3338 2378 3467 2437 ergo

1880 2433 2093 2501 melius,
2137 2444 2195 2490 ut
2237 2436 2319 2492 his
2354 2440 2596 2509 accedas,
2620 2441 2687 2497 ab
2726 2443 2818 2500 illo
2857 2447 3074 2504 recedes
3097 2450 3138 2504 ⁸.
3170 2433 3468 2510 Tantumne

1880 2522 2020 2594 apud
2047 2533 2098 2581 te
2123 2537 2345 2597 possunt
2375 2529 2620 2602 Pelagius
2641 2541 2695 2588 et
2724 2534 3022 2605 Caelestius,
3054 2548 3163 2595 uta
3192 2542 3321 2599 solis
3345 2553 3469 2600 ortu

1886 2628 2056 2684 usque
2077 2615 2142 2670 ad
2164 2632 2419 2673 occasum
2452 2627 2528 2675 tot
2548 2636 2611 2677 ac
2631 2630 2806 2680 tantos
2831 2626 3107 2684 catholicae
3132 2629 3255 2687 fidei
3279 2633 3469 2691 docto-

1881 2716 1971 2797 res
1999 2712 2051 2797 et
2077 2703 2409 2775 defensores,
2440 2711 2688 2781 antiquos
2711 2723 2763 2768 et
2786 2725 2980 2773 nostra:
3001 2721 3144 2775 aetati
3167 2722 3466 2797 contiguos,

1879 2790 2206 2850 dormientes
2239 2804 2296 2851 et
2336 2810 2630 2867 manentes,
2660 2817 2763 2858 non
2786 2805 2956 2861 solum
2983 2807 3254 2878 deserere,
3283 2790 3469 2871 verum

1880 2882 2042 2937 etiam
2067 2883 2388 2944 Manichaee
2422 2889 2620 2947 audeas
2646 2895 2949 2966 appellare?
2987 2898 3151 2956 Miror
3174 2903 3219 2958 si
3246 2902 3346 2961 hoc
3367 2907 3470 2962 ali—

1880 2973 2092 3053 quando
2127 2989 2193 3031 ex
2236 2985 2328 3032 tuo
2369 2981 2561 3048 poterit
2588 2997 2681 3038 ore
2711 2984 3019 3058 procedere,
3046 2992 3186 3061 quod
3216 3003 3267 3050 te
3291 2976 3469 3054 tamen

1880 3064 2113 3120 clamare
2150 3068 2384 3136 pravitas
2418 3071 2491 3125 tui
2519 3074 2791 3151 compellit
2815 3081 3040 3136 erroris.
3074 3082 3178 3139 Sed
3204 3087 3395 3143 mirum
3422 3091 3470 3147 si

1881 3153 1934 3209 in
1964 3154 2098 3211 facie
2126 3156 2358 3215 hominis
2396 3170 2598 3218 tantum
2639 3164 2979 3225 intervallum
3022 3181 3104 3228 est
3142 3175 3281 3232 inter
3316 3178 3470 3236 fron-

1881 3252 1988 3340 tem
2019 3255 2073 3302 et
2096 3248 2346 3321 linguam,
2370 3261 2426 3308 ut
2452 3253 2505 3309 in
2534 3255 2633 3311 hac
2656 3254 2819 3314 causa
2844 3259 2990 3317 frons
3016 3280 3122 3320 non
3148 3271 3472 3340 comprimat

1881 3335 2138 3407 linguam.

1951 3428 2179 3486 CAPUT
2218 3431 2305 3486 Vl.
2335 3434 2519 3490 —2!.
2566 3436 2671 3493 Sed
2708 3441 2835 3511 quid
2878 3446 3145 3514 mussites,
3192 3451 3335 3507 novi.
3378 3454 3471 3513 [lic

1876 3517 2009 3588 jam,
2055 3519 2160 3587 die,
2203 3524 2498 3582 audiamus.
2551 3527 2609 3584 In
2648 3539 2891 3589 extremo
2928 3537 2999 3590 tui
3041 3541 3219 3608 operis
3259 3543 3327 3598 de
3362 3562 3470 3616 quo

1881 3626 2024 3707 nunc
2049 3612 2273 3683 agimus,
2302 3616 2355 3672 id
2384 3627 2486 3687 est,
2520 3619 2572 3675 in
2603 3624 2772 3693 quarti
2808 3625 2927 3682 libri
2967 3642 3117 3699 parte
3158 3612 3466 3707 novissinm,

1888 3722 1906 3755 ι
1935 3703 2164 3761 Sanetus
2199 3707 2468 3777 Joannes,
2494 3730 2513 3764 ι
2565 3712 2758 3786 inquis,
2808 3736 2829 3770 ς
2859 3703 3471 3798 ConstantinopoliIanus

1879 3806 2040 3868 negat
2083 3813 2205 3856 esse
2251 3800 2304 3856 in
2348 3805 2584 3873 parvulis
2632 3809 2893 3879 originale
2941 3825 3238 3883 peccatum.
3304 3822 3356 3876 In
3404 3840 3469 3880 ea

1880 3889 2076 3959 quippe
2110 3889 2349 3961 homilia,
2379 3911 2541 3965 quam
2576 3898 2644 3954 de
2686 3900 2965 3973 baptizatis
2997 3909 3176 3965 habuit
3205 3912 3470 3972 :Benedi-

1880 3987 2018 4076 ctus,
2048 3980 2239 4053 inquit,
2269 3985 2409 4041 Deus
2448 3989 2535 4058 qui
2578 3989 2704 4046 fecit
2739 3994 3000 4051 mirabilia
3031 4003 3193 4069 solus,
3226 4007 3312 4076 qui
3343 4006 3470 4065 fecit

1881 4071 2148 4140 universa,
2180 4083 2235 4131 et
2268 4080 2529 4135 convertit
2557 4083 2822 4140 universa.
2866 4087 3005 4147 Ecce
3032 4071 3289 4153 libertatis
3318 4114 3469 4156 scrc-

1880 4162 2046 4259 nitate
2079 4165 2422 4259 perfruuntur
2447 4171 2536 4241 qui
2573 4174 2889 4231 tenebantur
2912 4194 2948 4250 p
2966 4182 3071 4237 :qu
3095 4193 3219 4249 ante
3252 4192 3467 4259 captivi,

1881 4261 1937 4351 et
1975 4254 2121 4351 cives
2160 4257 2435 4351 Ecclesia}
2469 4270 2595 4317 sunt
2640 4264 2731 4333 qui
2787 4267 2999 4343 fuerunt
3056 4273 3108 4329 in
3164 4254 3472 4351 peregrina;

1882 4344 2041 4401 tionis
2082 4361 2267 4433 errore
2288 4391 2302 4412 ,
2331 4360 2385 4406 et
2416 4349 2636 4422 iustitiae
2667 4356 2718 4411 in
2749 4367 2894 4415 sorte
2920 4344 3198 4421 versantur
3235 4344 3323 4440 qui
3356 4371 3473 4427 fuc-

1880 4446 2003 4492 runt
2023 4438 2076 4493 in
2095 4440 2407 4498 confusione
2441 4446 2663 4514 peccati.
2702 4448 2818 4505 Non
2856 4454 2996 4508 enim
3026 4464 3226 4513 tantum
3250 4438 3383 4518 sunt
3409 4465 3471 4521 li«

1879 4527 2017 4596 beri,
2047 4530 2142 4586 sed
2172 4540 2226 4587 ct
2252 4534 2421 4588 sancti
2446 4553 2460 4589 :
2490 4552 2593 4592 non
2624 4550 2826 4596 tantum
2864 4546 3052 4612 sancti,
3081 4549 3173 4604 sed
3207 4560 3260 4606 et
3293 4552 3419 4622 justi
3452 4574 3468 4611 :

1881 4638 1989 4679 non
2038 4624 2209 4679 solum
2245 4624 2394 4696 justi,
2418 4628 2523 4692 sed,
2549 4639 2602 4684 et
2650 4631 2741 4687 filii
2774 4650 2788 4687 :
2826 4651 2930 4690 non
2959 4638 3129 4694 solum
3156 4642 3268 4708 ﬁlii,
3300 4646 3392 4700 sed
3414 4658 3470 4703 et

1884 4716 2124 4772 ha-rcdcs
2156 4735 2169 4770 :
2200 4735 2305 4773 non
2328 4722 2498 4776 solum
2527 4722 2787 4793 hmredes,
2811 4729 2904 4784 scd
2933 4739 2985 4784 ct
3007 4729 3198 4789 fratres
3226 4736 3422 4794 Christi
3449 4758 3465 4795 :

1882 4822 1982 4861 nec
2025 4816 2227 4862 tantum
2275 4807 2466 4865 fratres
2506 4812 2724 4881 Christi,
2754 4817 2846 4872 sed
2893 4828 2946 4874 et
2982 4820 3290 4882 cohaercdcs
3315 4844 3331 4881 :
3360 4845 3470 4892 llOL

1884 4898 2055 4953 solum
2079 4899 2405 4967 cohzcredcs,
2434 4902 2527 4956 sed
2555 4914 2607 4958 et
2634 4907 2869 4963 membra
2901 4926 2914 4963 :
2947 4926 3051 4966 non
3077 4924 3275 4971 tantum
3299 4935 3472 4976 mem-

1885 4989 2000 5056 bra,
2029 4990 2125 5045 sed
2154 4999 2208 5047 et
2242 4994 2497 5063 templum
2529 5013 2542 5049 :
2570 5012 2675 5051 non
2723 5007 2923 5055 tantum
2970 5006 3246 5078 templum,
3279 5012 3371 5068 sed
3417 5023 3474 5070 et

1884 5094 2081 5152 organa
2109 5082 2356 5152 Spiritus.
2392 5084 2548 5141 Vides
2575 5098 2704 5158 quot
2732 5100 2857 5146 sunt
2880 5092 3221 5165 Baptismatis
3257 5102 3474 5175 largita-

1885 5181 1966 5229 tcs
1997 5191 2011 5227 :
2038 5182 2091 5229 et
2131 5176 2374 5230 nonnulli
2415 5177 2673 5249 deputant
2706 5183 2978 5240 caelestem
3004 5191 3230 5260 gratiam
3264 5195 3313 5249 in
3347 5212 3473 5267 pce-

1884 5367 2174 5481 mgnsgeet
2188 5375 2285 5433 Era,
2303 5370 2353 5423 si
2373 5369 2461 5423 hoc
2473 5374 2602 5438 quod
2621 5374 2743 5428 dicit
2767 5377 3060 5435 ﬂuuio/neua
3077 5385 3165 5437 ab;
3186 5393 3233 5437 le
3249 5387 3434 5442 dicitur
3451 5405 3473 5445 :

1949 5495 1969 5559 ξ
2003 5493 2147 5555 Editi,
2167 5492 2283 5559 ista:
2304 5495 2549 5559 erubesce.
2575 5507 2701 5559 stas,

1948 5553 1970 5620 ξ
2001 5553 2217 5605 Nonnulli
2237 5569 2266 5606 c
2284 5556 2489 5620 Belgicis
2506 5568 2629 5620 .\:ss.,
2649 5553 2847 5614 arbiter.
3032 5590 3037 5595 λ

1948 5617 1973 5649 ⁸
2003 5625 2104 5667 Am.
2129 5623 2203 5667 Er.
2225 5629 2282 5668 ac
2304 5617 2470 5690 pltirps
2490 5617 2635 5681 uss,
2677 5631 2723 5674 et
2760 5623 2880 5677 mihi
2917 5627 3079 5681 cedes.
3124 5632 3320 5692 Quidam
3346 5644 3469 5692 νεεδ

1893 5684 1999 5732 Istas
2034 5680 2180 5730 crede
2197 5716 2212 5735 ,
2235 5687 2280 5731 et
2303 5680 2424 5731 uuln
2443 5682 2633 5735 credes.

2196 5716 2424 5795 ἶθονέεᾶἷεῖ
2443 5716 2842 5806 Ῡέιξξῗὲεσεάεδς
2875 5749 2955 5801 Vel
2971 5784 2988 5813 ,
3030 5751 3239 5809 reccdts.
