3984 6504
217 450 238 484 ι
261 444 350 485 cur
374 439 548 497 usque
571 423 643 482 ad
671 424 779 483 hoc
807 423 1101 481 mortalitas
1128 420 1461 494 deliquisset,
1494 429 1552 477 ut
1578 435 1802 476 excussa

219 525 280 579 de
303 518 734 591 perennitatibus
767 517 964 574 inl'eros
996 515 1289 572 adamaret.
1324 514 1514 569 Flebat
1538 512 1803 576 Christus,

207 604 351 683 quod
373 624 467 665 eos
486 608 579 678 qui
603 608 939 663 immortales
964 621 1084 662 esse
1114 614 1379 676 poterant,
1411 604 1652 660 diabolus
1680 602 1809 658 fecit

219 716 330 759 esse
357 699 616 756 mortales
636 719 657 752 ι
689 697 946 771 (Homilia
971 698 1032 751 de
1065 695 1262 750 Lazaro
1301 690 1639 766 resuscitato).
1669 693 1805 761 Quid

174 828 189 869 ,.
219 792 318 847 dici
344 799 528 860 posset
560 787 917 863 expressius?
954 787 1090 854 Quid
1120 787 1189 840 ad
1232 788 1330 841 ista
1376 784 1715 854 respondes?
1752 784 1809 841 Si

220 883 383 940 Adam
410 880 601 952 grandi
645 888 869 951 peccato
905 895 1002 935 suo
1040 895 1198 934 omne
1223 894 1392 950 genus
1428 878 1716 934 humanum
1756 878 1810 932 in

219 988 500 1031 commune
527 971 825 1040 damnavit,
851 970 1106 1041 numquid
1130 970 1228 1025 nisi
1251 970 1532 1026 damnatus
1556 969 1810 1039 parvulus

222 1066 498 1124 nascitur?
548 1065 618 1121 Et
662 1081 760 1136 per
807 1080 984 1135 quem,
1012 1063 1113 1120 nisi
1155 1079 1250 1133 per
1290 1062 1583 1128 Christum,
1608 1062 1677 1116 ab
1709 1059 1811 1116 ista

220 1158 567 1218 damnatione
589 1156 880 1212 liberatur?
912 1154 967 1211 Si
994 1163 1048 1211 et
1074 1154 1124 1208 iu
1147 1152 1351 1209 Lazaro
1379 1152 1570 1208 dicitur
1588 1165 1810 1208 excussa

222 1251 285 1305 de
325 1246 753 1318 perennitatibus
795 1245 1087 1301 mortalitas
1129 1244 1328 1301 inferos
1355 1243 1664 1308 adamasse;
1693 1241 1812 1312 quis

222 1341 527 1397 rnortalium
556 1354 663 1395 non
690 1338 763 1394 ad
780 1340 934 1394 istam
955 1338 1160 1409 culpam
1179 1352 1465 1407 casumque
1488 1335 1810 1406 pertineat‘,

221 1452 327 1505 quo
352 1433 554 1490 cecidit
580 1432 783 1505 primus
819 1432 982 1487 homo
1015 1430 1084 1486 de
1114 1431 1235 1485 vita:
1270 1420 1624 1501 perennitate,
1653 1442 1812 1497 quam

225 1528 266 1580 si
291 1540 397 1581 non
426 1530 678 1595 peccaret
696 1521 1011 1593 acceperat?
1035 1519 1091 1577 Si
1116 1520 1361 1576 diabolus
1386 1534 1577 1575 omnes
1595 1519 1687 1591 qui
1709 1518 1814 1573 im-

223 1617 480 1672 mortales
523 1630 646 1671 esse
692 1621 957 1685 poterant,
1011 1611 1133 1668 fecit
1179 1626 1299 1666 esse
1340 1611 1631 1674 mortales;
1674 1607 1815 1665 unde

226 1711 379 1763 etiam
424 1707 636 1778 parvuli
679 1706 997 1769 moriuntur,
1045 1704 1092 1761 si
1135 1704 1350 1760 obnoxii
1400 1701 1815 1774 peccatoprimi

227 1801 366 1856 iltius
392 1798 631 1855 hominis
653 1813 762 1853 non
786 1796 949 1852 sunt?
981 1795 1246 1867 Numquid
1267 1810 1415 1867 ergo,
1447 1795 1545 1850 nisi
1570 1811 1664 1865 per
1689 1810 1815 1851 eum

226 1894 278 1947 in
306 1908 414 1963 quo
440 1906 635 1947 omnes
662 1888 1072 1946 viviﬁcabuntur
1089 1930 1105 1956 ,
1134 1888 1297 1945 etiam
1324 1887 1529 1960 parvuli
1556 1888 1623 1944 de
1650 1902 1816 1960 regno

226 1983 413 2038 mortis
433 1983 736 2038 emuntur?
776 1993 789 2000 “
1464 2030 1469 2037 .

293 2074 386 2129 25.
422 2072 646 2128 Tractat
670 2072 811 2128 idem
832 2072 1063 2128 Joannes
1088 2072 1140 2128 in
1168 2086 1418 2130 sermone
1445 2071 1675 2144 quodam
1714 2070 1818 2127 hu-

228 2164 455 2235 iusmodi
482 2164 856 2234 quaestionem,
889 2179 985 2220 cur
1006 2163 1193 2221 bestia:
1215 2164 1303 2221 vel
1332 2164 1526 2220 lmdant
1550 2163 1815 2230 homines,

228 2258 313 2314 vel
338 2258 674 2323 interimant,
704 2273 828 2313 cum
868 2258 1130 2314 sententia
1169 2256 1380 2313 Domini
1422 2256 1698 2313 manifesta
1724 2256 1816 2323 sit,

228 2366 329 2422 qua
355 2365 451 2407 eas
486 2349 694 2406 homini
732 2349 985 2418 subdidit,
1026 2359 1084 2405 ut
1115 2365 1299 2407 earum
1346 2350 1541 2407 habeat
1582 2357 1819 2421 potesta-

230 2452 334 2498 tem
364 2440 521 2516 (Gen.
551 2458 592 2507 ι,
615 2441 690 2497 28
709 2441 750 2513 ).
780 2440 948 2510 Quam
978 2442 1327 2512 quazstionem
1352 2441 1429 2497 sic
1451 2440 1633 2509 solvit,
1657 2448 1714 2497 ut
1739 2440 1822 2497 di-

228 2541 335 2601 cat,
360 2542 487 2588 ante
514 2542 792 2603 peccatum
823 2548 1010 2588 omnes
1048 2531 1242 2588 bestias
1268 2533 1471 2589 homini
1502 2533 1663 2589 fuisse
1690 2534 1820 2590 sub-

225 2623 430 2695 iectas;
462 2621 605 2692 quod
633 2632 812 2678 autem
844 2638 985 2678 nunc
1013 2623 1313 2680 hominibus
1339 2631 1563 2691 nocent,
1607 2639 1821 2694 pugnam

229 2714 388 2787 primi
431 2728 553 2770 esse
590 2713 817 2785 peccati.
864 2714 1074 2769 Prolixa
1118 2714 1360 2769 tractatio
1403 2723 1518 2781 est,
1552 2714 1671 2770 ideo
1699 2715 1823 2770 huic

232 2806 384 2876 operi
425 2820 529 2860 non
572 2821 600 2859 a
631 2820 720 2861 me
768 2805 1058 2860 inseritur:
1103 2804 1197 2861 sed
1240 2804 1439 2875 aliquid
1482 2814 1656 2861 tamen
1700 2805 1825 2861 inde

240 2905 455 2966 oportet
477 2904 533 2950 ut
555 2910 771 2965 ponam.
807 2914 827 2949 ι
862 2895 1156 2962 Timemus,
1194 2914 1213 2949 ι
1246 2895 1434 2967 inquit,
1467 2914 1486 2949 ι
1522 2895 1742 2963 bestias,
1770 2904 1825 2954 et

247 3001 539 3057 paremus:
562 3002 660 3041 non
683 2985 1014 3042 contradico.
1037 2987 1105 3041 Et
1129 3002 1157 3040 a
1179 2988 1476 3058 principatu
1494 2987 1819 3043 decidimus:

252 3089 305 3134 et
332 3078 435 3132 hoc
457 3077 570 3133 dico
600 3078 714 3148 ipse
742 3077 926 3134 etiam.
971 3076 1076 3134 Sed
1110 3093 1213 3133 non
1246 3078 1349 3133 hoc
1384 3078 1615 3134 octendit
1651 3078 1821 3149 legem

231 3166 339 3222 'Dei
367 3181 485 3222 esse
508 3168 823 3223 mendacem
854 3185 869 3220 :
895 3167 963 3222 ab
991 3168 1140 3222 initio
1165 3168 1308 3223 enim
1335 3182 1440 3222 non
1465 3166 1536 3222 ita
1560 3183 1648 3223 res
1672 3177 1826 3224 erant

233 3258 538 3328 disposite;
571 3258 665 3313 sed
698 3258 974 3323 timebant,
1019 3265 1077 3314 et
1113 3258 1430 3324 tremebant,
1480 3267 1532 3314 et
1575 3258 1826 3331 subjicie-

237 3347 428 3405 bantur
453 3349 699 3405 domino.
727 3350 795 3404 Et
819 3348 1068 3420 quoniam
1096 3366 1123 3403 a
1156 3349 1342 3406 ﬁducia
1369 3349 1682 3416 decidimus,
1709 3365 1827 3422 pro-

236 3439 372 3499 l’ecto
402 3452 459 3496 et
486 3441 555 3496 ab
584 3441 815 3497 honore.
847 3440 1001 3498 Unde
1043 3441 1148 3498 hoc
1191 3441 1529 3499 manifestum
1558 3442 1673 3498 est?
1711 3441 1822 3498 Ad-

236 3530 383 3585 duxit
422 3530 628 3587 bestias
663 3531 730 3586 ad
775 3531 964 3600 Adam,
994 3532 1175 3589 videre
1207 3532 1334 3603 quid
1362 3548 1459 3590 eas
1482 3542 1728 3601 vocaret,
1773 3541 1827 3590 et

237 3635 342 3677 non
369 3621 580 3677 resiluit
605 3621 777 3676 Adam
809 3630 1057 3694 tanquam
1087 3622 1298 3679 timens.
1338 3643 1357 3678 ι
1389 3622 1456 3679 Ει
1479 3624 1639 3695 paulo
1670 3632 1822 3695 post:

241 3728 263 3763 ι
296 3710 408 3766 Hoc
431 3726 625 3777 unum,
662 3729 683 3764 ι
717 3711 906 3783 inquit,
945 3731 963 3765 ι
1000 3712 1207 3785 signum
1235 3754 1253 3781 ,
1296 3713 1437 3785 quod
1480 3729 1587 3769 non
1632 3713 1828 3770 fuerint

236 3801 441 3856 homini
484 3801 555 3856 ab
598 3802 751 3857 initio
791 3803 1052 3859 terribiles
1092 3803 1313 3870 bestiae;
1351 3792 1643 3860 secundum
1681 3804 1825 3859 aliud

236 3894 343 3948 isto
373 3892 735 3960 manifestius,
775 3910 894 3965 quae
925 3894 1018 3951 fuit
1058 3896 1124 3952 ad
1166 3896 1443 3953 mulierem
1485 3912 1580 3969 per
1603 3912 1824 3968 serpen-

235 3992 345 4041 tem
377 3986 687 4057 disputatio.
716 3987 774 4043 Si
813 3988 954 4042 enim
1000 3995 1184 4044 essent
1226 3988 1486 4045 terribiles
1524 3988 1827 4045 hominibus

234 4075 460 4145 beStire,
492 4094 600 4133 non
639 4078 821 4149 utique
849 4080 1040 4135 mulier
1077 4079 1190 4135 viso
1218 4090 1468 4150 serpente
1503 4080 1824 4147 mansisset;

236 4184 350 4224 non
376 4170 676 4241 accepisset
700 4171 1002 4237 consilium,
1035 4188 1140 4227 non
1180 4172 1229 4229 ei
1264 4182 1386 4229 cum
1428 4180 1574 4229 tanta
1617 4188 1827 4230 sermo-

234 4262 512 4318 cinaretur
540 4262 756 4332 ﬁducia,
786 4264 880 4319 sed
907 4266 1083 4321 statim
1112 4266 1180 4322 ad
1225 4267 1396 4338 ipsum
1439 4278 1493 4324 et
1528 4270 1829 4339 expavisset

236 4361 291 4409 et
319 4354 623 4411 resiluisset
649 4367 925 4427 aspectum
952 4376 966 4413 :
995 4373 1137 4414 nunc
1164 4367 1339 4415 autem
1382 4368 1436 4417 et
1463 4361 1734 4432 disputat,
1774 4371 1829 4419 et

235 4460 345 4500 non
382 4446 553 4502 timet.
590 4447 1014 4505 N‘ondumeuim
1054 4458 1177 4506 erat
1209 4451 1367 4507 timor
1402 4453 1501 4509 iste
1525 4471 1538 4509 :
1562 4453 1655 4511 sed
1705 4456 1828 4526 quia

238 4545 524 4605 peccatum
555 4538 853 4610 ingressum
884 4550 985 4608 est,
1016 4541 1191 4597 ablata
1220 4551 1339 4598 sunt
1370 4558 1432 4599 ea
1462 4560 1580 4615 qua:
1612 4546 1828 4602 honoris

240 4636 415 4681 erant.
439 4646 458 4680 ι
479 4628 712 4700 Itemque
730 4640 851 4702 post
878 4631 1180 4701 paululum:
1205 4651 1223 4685 ι
1250 4633 1513 4702 Quamdiu
1540 4635 1775 4705 quidem,
1803 4654 1823 4689 ι

238 4718 437 4788 inquit,
467 4737 487 4770 ι
522 4719 751 4775 habebat
778 4720 843 4776 ad
877 4721 1038 4777 Deum
1067 4722 1337 4792 ﬁduciam,
1368 4727 1618 4782 terribilis
1647 4728 1831 4784 bestiis

240 4819 392 4873 crat;
415 4810 521 4865 sed’
540 4813 660 4882 quia
691 4812 929 4880 oll‘endit,
964 4824 1233 4872 extremos
1260 4818 1419 4873 etiam
1447 4834 1828 4875 conservorum

240 4915 464 4956 suorum
491 4904 598 4972 jam
646 4915 820 4975 pavet.
851 4906 1002 4974 Quod
1031 4908 1076 4962 si
1117 4906 1220 4963 hoc
1257 4925 1360 4964 non
1404 4919 1522 4978 est,
1559 4929 1579 4963 ι
1615 4912 1826 4982 inquit;

248 5009 268 5043 ι
306 5001 365 5047 tu
412 4993 540 5048 mihi
588 4996 851 5062 ostende,
899 5007 1022 5053 ante
1062 5007 1335 5075 peccatum
1380 5001 1520 5070 quod
1566 5002 1830 5058 terribiles

242 5092 399 5138 erant
424 5083 729 5140 hominibus
756 5087 977 5143 bestiae:
1011 5089 1103 5144 sed
1135 5106 1240 5144 non
1279 5091 1517 5147 habebis.
1550 5093 1603 5149 Si
1650 5101 1828 5149 autem

243 5182 371 5244 post
395 5181 539 5229 tanta
567 5175 837 5246 ingressus
867 5187 949 5234 est
974 5179 1162 5245 timor;
1204 5191 1257 5236 et
1283 5180 1384 5238 hoc
1412 5183 1588 5238 tutela:
1620 5184 1828 5239 Domini

248 5272 334 5319 est
349 5265 396 5318 ’.
425 5264 482 5321 Si
510 5267 652 5322 enim
682 5269 931 5326 mandato
958 5272 1099 5342 quod
1128 5272 1309 5327 datum
1335 5284 1438 5342 est,
1470 5284 1613 5331 moto
1640 5276 1706 5331 ab
1734 5277 1831 5331 ho-

246 5355 395 5410 mine
417 5365 470 5410 et
493 5359 690 5425 soluto,
722 5358 892 5416 honor
914 5362 1002 5432 qui
1028 5363 1077 5418 ei
1104 5363 1259 5419 datus
1287 5374 1401 5420 erat
1423 5383 1453 5420 a
1483 5368 1591 5421 Deo
1614 5410 1628 5432 ,
1674 5385 1828 5423 man-

249 5447 412 5503 sisset
436 5448 744 5519 immobilis,
764 5467 870 5509 non
898 5453 1055 5512 facile
1081 5460 1467 5516 resurrexisset
1488 5444 1770 5533 n(llomilid
1797 5464 1830 5520 9

250 5554 682 5667 ageng
718 5567 803 5612 its.
826 5599 842 5625 ,
885 5576 981 5616 non
1019 5564 1162 5618 istam
1199 5568 1392 5633 culpant
1427 5584 1684 5637 canorique
1718 5585 1832 5637 per.

318 5678 598 5762 153.33%.
613 5682 776 5762 ⁸ξιιξιᾳ
806 5700 1036 5752 graecum.
1063 5697 1116 5743 At
1136 5696 1211 5743 Er.
1237 5700 1290 5746 et
1310 5700 1445 5757 ιον..
1469 5695 1618 5749 tutela
1640 5704 1832 5750 Domina

254 5742 363 5802 est;
385 5742 652 5807 ouu'sso,‘ei
672 5743 781 5798 hac.

1567 304 1766 362 LlBER
1808 302 2083 361 PRlMUS.

3386 302 3497 366 658

1918 422 1970 475 in
2001 419 2277 491 Gemitu).
2320 420 2524 493 Nempe
2573 419 2913 479 manifestum
2938 428 3040 486 est.
3062 429 3303 477 sanctum
3328 419 3496 477 Joan-

1917 528 2040 567 nem
2086 511 2187 567 hac
2229 511 2585 583 disputatione
2625 523 2987 579 mons1rasse,
3032 511 3162 567 illud
3203 509 3345 582 quod
3401 525 3501 580 per

1917 618 2080 658 unum
2110 604 2379 659 hominem
2404 603 2421 635 ¹
2454 603 2751 674 ingressum
2794 606 2897 670 est,
2929 618 3209 659 commune
3250 601 3502 657 omnibus

1919 693 2116 749 factum
2158 708 2280 750 esse
2318 703 2626 765 peccatum,
2654 694 3081 766 quandoquidem
3109 694 3360 751 omnibus
3396 703 3505 751 ter-

1918 803 2008 842 ror
2029 787 2327 843 communis
2356 799 2439 842 est
2466 788 2756 844 bestiarum
2782 806 2795 843 :
2828 804 2945 860 quae
2973 790 3155 860 utique
3184 804 3284 845 nec
3323 787 3505 844 infau-

1918 878 2059 933 tibus
2091 885 2343 948 parcunt;
2382 893 2519 949 quos
2546 878 2813 951 profecto,
2860 881 3154 936 secundum
3203 880 3365 937 istum
3398 889 3477 938 tra

1917 978 2118 1026 clatum
2133 968 2376 1039 Joannis,
2402 971 2545 1026 nullo
2572 972 2734 1027 modo
2757 972 3030 1039 laederent,
3055 973 3169 1029 sive
3197 981 3467 1030 terrerent
3490 1018 3505 1035 ρ

1919 1062 2022 1117 nisi
2047 1069 2230 1117 essent
2246 1061 2444 1117 veteris
2470 1062 2612 1116 illius
2637 1063 2838 1133 peccati
2865 1063 3186 1134 obligatione
3206 1064 3505 1120 constricti.

1990 1153 2082 1210 26.
2124 1153 2240 1222 Dic,
2269 1153 2499 1219 Juliane,
2527 1154 2617 1211 dic
2653 1156 2812 1211 etiam
2846 1155 3005 1210 istum
3034 1154 3203 1226 (quid
3228 1157 3372 1211 enim
3393 1156 3504 1226 jam

1919 1245 2131 1316 dubitas
2153 1245 2410 1316 dicere?)
2440 1244 2787 1301 Manichmutn
2813 1288 2830 1313 ,
2878 1246 2969 1317 qni
3014 1255 3216 1301 tztntam
3263 1257 3465 1302 natura:
3488 1288 3505 1310 ,

1917 1338 2074 1407 cujus
2103 1337 2461 1393 innocentiam
2490 1338 2799 1406 defenditis,
2833 1337 2957 1395 fecit
2997 1338 3264 1410 iniuriam,
3297 1349 3350 1394 et
3378 1355 3508 1409 pro-

1923 1427 2257 1500 pagationem
2284 1427 2641 1495 damnationis
2669 1429 2917 1485 asseruit.
2946 1428 3059 1484 lmo
3083 1444 3211 1484 vero
3239 1431 3431 1486 cohibe
3457 1440 3511 1486 te

1921 1519 2121 1590 ipsum,
2146 1519 2192 1575 si
2217 1519 2346 1592 quid
2369 1519 2461 1576 tibi
2487 1529 2571 1576 est
2594 1520 2846 1578 sanabilis
2869 1523 3087 1590 mentis,
3108 1532 3160 1579 et
3187 1523 3426 1595 corrige;
3455 1533 3512 1580 et

1921 1608 2207 1680 aliquando
2236 1610 2492 1685 intellige,
2536 1611 2814 1682 quomodo
2848 1613 3083 1682 potuerit
3121 1613 3303 1670 dicere
3346 1613 3510 1670 Joan-

1922 1715 2041 1770 nes,
2073 1701 2327 1772 parvulos
2350 1717 2457 1758 non
2483 1702 2683 1761 habere
2707 1715 2959 1774 peccata;
2988 1721 3093 1760 non
3118 1704 3261 1776 quod
3287 1716 3510 1776 peccato

1923 1795 2220 1863 primorum
2270 1793 2546 1849 hominum
2590 1809 2699 1849 non
2760 1803 3041 1851 teneantur
3084 1795 3362 1863 obstricti,
3414 1796 3512 1854 sed

1921 1883 2065 1954 quod
2093 1898 2189 1940 sua
2222 1883 2367 1939 nulla
2402 1884 2792 1942 commiserint.
2819 1886 2887 1942 Et
2922 1884 3029 1943 hoc
3063 1886 3280 1958 quidem
3318 1889 3372 1943 in
3414 1904 3512 1946 ea-

1922 1976 2045 2032 dem
2067 1976 2179 2048 ipsa
2202 1975 2446 2045 homilia,
2468 1977 2513 2033 si
2538 1985 2701 2033 totam
2723 1976 2965 2050 legisses,
2989 1979 3230 2036 invenire
3253 1980 3469 2050 potuisti
3493 1999 3510 2036 :

1923 2075 2017 2122 aut
2040 2067 2085 2122 si
2113 2068 2310 2138 legisti,
2361 2067 3023 2138 nescioquemadmodum
3059 2078 3113 2127 te
3149 2071 3325 2142 potuit
3368 2086 3512 2144 βιω-
3564 2085 3571 2090 ·

1927 2159 2089 2214 terire
2118 2175 2132 2213 :
2162 2166 2256 2214 aut
2281 2158 2325 2214 si
2351 2159 2626 2230 prmterire
2654 2175 2761 2215 non
2788 2161 2979 2231 potuit,
3007 2161 3175 2218 miror
3201 2177 3298 2219 cur
3326 2171 3378 2218 te
3404 2178 3511 2219 non

1924 2249 2250 2316 correxerit;
2271 2249 2316 2305 si
2338 2260 2515 2306 tamen
2538 2251 2736 2322 aliquid
2762 2252 2903 2322 apud
2931 2262 2981 2308 te
2996 2254 3137 2310 valet
3163 2253 3384 2311 Joannis
3408 2270 3512 2309 au-

1924 2340 2163 2402 claritas.
2192 2340 2298 2396 Aut
2323 2341 2370 2397 si
2395 2341 2486 2397 illo
2512 2355 2762 2398 sermone
2787 2343 3042 2413 perlecto,
3061 2359 3233 2414 coque
3253 2343 3373 2400 loco
3397 2344 3515 2415 ejus

1925 2447 2082 2503 quem
2114 2444 2628 2490 commemoraturus
2667 2448 2808 2502 sum,
2852 2436 3064 2508 cognito
3091 2446 3251 2508 atque
3286 2452 3512 2508 perspe-

1926 2532 2036 2591 cto,
2067 2522 2123 2579 in
2150 2524 2405 2596 opinione
2433 2533 2523 2580 tua
2552 2526 2875 2581 manendum
2908 2528 3137 2597 putasti;
3177 2528 3359 2600 utquid
3392 2529 3515 2585 inde

1927 2609 2091 2670 verba
2119 2615 2371 2686 quaelibet
2397 2615 2667 2671 inseruisti
2707 2616 2856 2685 operi
2889 2616 3014 2672 tuo?
3043 2616 3125 2673 An
3160 2616 3301 2674 forte
3329 2628 3389 2674 ut
3416 2633 3516 2673 nos

1930 2713 2100 2761 totum
2145 2706 2365 2777 legere’
2410 2721 2803 2775 commonercs,
2833 2716 2889 2764 et
2930 2707 3170 2765 invenire
3213 2709 3354 2765 unde
3397 2718 3517 2766 tuas

1928 2797 2460 2869 deprchenderemus
2492 2808 2548 2855 et
2584 2799 3026 2855 convinceremus
3071 2800 3335 2856 insidias?
3377 2802 3517 2868 Quid

1928 2889 2070 2945 enim
2098 2890 2355 2959 apertius,
2384 2904 2543 2960 quam
2574 2889 2627 2946 id
2654 2889 2795 2961 quod
2822 2889 2895 2945 ibi
2921 2890 3087 2958 dixit,
3105 2909 3126 2944 ι
3166 2891 3324 2947 Venit
3347 2894 3517 2948 semel

1928 2978 2194 3049 Christus,
2239 2987 2294 3035 et
2325 2980 2562 3051 paternis
2597 2993 2701 3035 nos
2738 2980 3075 3048 cautionibus
3112 2982 3313 3038 invenit
3353 2984 3515 3039 astri-

1928 3080 2065 3138 ctos,
2097 3086 2229 3141 quas
2257 3071 2573 3141 conscripsit
2599 3071 2789 3126 Adam.
2820 3071 2913 3127 illc
2938 3071 3145 3127 initium
3176 3073 3515 3145 obligationis

1927 3161 2180 3226 ostendit,
2212 3162 2446 3230 peccatis
2475 3162 2672 3218 nostris
2700 3162 2853 3217 lenus
2879 3162 3421 3237 accrevitt>(Homilia
3448 3165 3517 3219 ad

1930 3251 2228 3325 Neap/19,10:
2248 3249 2308 3325 )?
2353 3252 2590 3309 Audisne
2620 3253 2890 3311 hominem
2921 3253 2974 3309 in
3019 3254 3124 3312 lide
3174 3256 3433 3311 catholica
3460 3266 3517 3312 et

1929 3346 2196 3402 eruditum
2221 3355 2278 3402 et
2301 3347 2633 3403 erudientem
2655 3388 2671 3415 ,
2708 3347 3123 3420 distinguentem
3151 3349 3515 3420 debitumpa-

1933 3440 2071 3496 terni
2096 3439 2458 3511 chirographi,
2490 3440 2632 3511 quod
2663 3440 3058 3498 haereditarium
3088 3442 3243 3499 nobis
3271 3442 3514 3506 inhaesit.

1929 3531 1998 3586 ab
2022 3530 2100 3585 eis
2126 3529 2341 3598 debitis,
2371 3545 2597 3601 quorum
2628 3545 2724 3602 per
2757 3538 2938 3589 nostra
2971 3542 3185 3602 peccata
3224 3532 3380 3588 fenus
3418 3548 3514 3589 ac-

1930 3620 2132 3678 crevit?
2164 3620 2344 3694 Audis
2371 3621 2497 3691 quid
2538 3622 2775 3693 parvulis
2814 3622 2876 3679 in
2910 3622 3183 3693 Baptismo
3222 3623 3515 3690 relaxetur,

1931 3711 2022 3782 qui
2050 3709 2284 3766 nondum
2316 3711 2528 3782 propria
2558 3712 2735 3768 debita
2764 3723 3168 3781 contraxerunt,
3204 3729 3306 3770 nec
3337 3724 3516 3770 tamen

1930 3820 1960 3859 a
2015 3813 2237 3875 paterno
2291 3803 2647 3876 chirographo
2703 3805 2969 3862 immunes
3017 3820 3137 3867 esse
3189 3807 3514 3878 potuerunt?

1931 3897 2108 3955 Verba
2142 3898 2337 3970 quippe
2367 3897 2485 3968 ejus
2518 3914 2625 3953 non
2655 3899 3001 3969 interpretata
3043 3899 3120 3955 sic
3165 3898 3411 3970 leguntur
3458 3901 3512 3954 in

1929 4005 2138 4062 graeco:
2160 4007 2180 4041 ι
2212 3973 2423 4062 ἓρχεται
2445 3992 2579 4057 ἅπαξ
2602 3996 2627 4045 ὁ
2650 3997 2878 4061 Χριστὸς,
2904 3992 3031 4063 εὗραν
3060 3999 3191 4059 ἡμῶν
3215 4000 3520 4064 χιιρόιραφον

1932 4091 2165 4153 star-566v,
2193 4087 2220 4136 ὃ
2246 4106 2297 4137 τι
2315 4088 2504 4155 ἤραρεν
2523 4088 2547 4136 ὁ
2574 4070 2729 4151 Ᾱδάμ.
2771 4069 2960 4144 ἐκεῖνος
2986 4093 3073 4144 τὴν
3100 4084 3253 4153 ἀρχὴν
3281 4092 3522 4149 εισήγαγεν

1932 4182 2015 4229 τοῦ
2039 4179 2243 4244 κρείους,
2273 4181 2407 4243 ἡμεῖς
2433 4182 2512 4230 τὸν
2534 4178 2775 4243 datustth
2800 4180 3066 4243 ηὓεήσαμιν
3084 4191 3188 4237 ταῖς
3202 4184 3519 4244 μεταγενεστίο

1930 4286 2038 4335 ραις
2062 4267 2339 4337 ἁμαρτίαις.
2364 4284 2383 4319 ι
2405 4264 2534 4335 Quae
2549 4266 2770 4331 verbum
2791 4281 2823 4323 e
2844 4267 3043 4322 verbo'
3066 4267 3518 4338 interpretatasic

1933 4368 1992 4409 se
2037 4354 2268 4411 habent:
2314 4373 2334 4408 ι
2366 4355 2525 4412 Venit
2552 4356 2718 4413 semel
2747 4354 3245 4425 Christus,,invenit
3272 4368 3514 4415 nostrum

1933 4448 2340 4520 chirographum
2363 4452 2826 4523 paternum,un
2869 4454 3087 4522 scripsit
3105 4453 3293 4508 Adam.
3315 4452 3406 4508 Ille
3432 4454 3519 4508 in.-

1935 4540 2089 4595 itium
2114 4540 2320 4596 induxit
2338 4541 2522 4607 debiti,
2561 4558 2659 4598 nos
2683 4542 2836 4598 fenus
2861 4544 3105 4599 auximus
3133 4545 3518 4615 posterioribus

1935 4630 2216 4701 peccatis.»
2249 4630 2515 4702 Numquid
2539 4642 2821 4688 contentus
2850 4632 2947 4688 fuit
2966 4631 3166 4700 dicere,
3200 4644 3513 4706 tpaternum

1934 4720 2380 4793 chirographum;
2408 4743 2427 4777 ι
2453 4723 2555 4779 nisi
2584 4723 2826 4790 adderet,
2855 4742 2875 4777 ι
2902 4726 3181 4780 nostrum?
3209 4744 3229 4780 ι
3251 4725 3322 4783 Ut
3348 4728 3518 4783 scire-

1934 4827 2073 4880 mus,
2099 4823 2398 4885 antequam.
2423 4814 2578 4871 l'cnus
2622 4818 2856 4886 peccatis
2896 4818 3096 4875 nostris
3132 4820 3518 4888 posterioribus

1935 4920 2275 4975 augeremus,
2298 4904 2411 4975 jam
2442 4907 2943 4980 illiuschirographi
2972 4908 3177 4980 paterni
3207 4909 3274 4966 ad
3305 4926 3403 4968 nos
3430 4912 3524 4971 de.-

1935 5007 2101 5052 mtum
2137 4997 2421 5068 pertinere.

2005 5087 2095 5142 9.7.
2135 5087 2278 5159 Lege
2305 5090 2464 5145 etiam
2495 5089 2942 5161 quemadmodum
2971 5100 3205 5164 exponat
3233 5092 3374 5149 idem
3404 5094 3518 5165 ipse

1934 5179 2014 5233 vir
2040 5189 2255 5236 sancms
2283 5180 2531 5236 eumdem
2562 5182 2735 5253 ipsum
2764 5182 3008 5254 Apostoli
3039 5184 3235 5252 locum,
3266 5186 3354 5241 ubi
3380 5187 3486 5239 seri
3504 5215 3519 5241 τ

1936 5280 2083 5342 ptum
2128 5279 2232 5339 est,
2277 5270 2384 5327 Per
2419 5289 2575 5327 unum
2621 5274 2872 5329 hominem
2914 5287 3172 5344 peccatum
3221 5276 3425 5330 intravit
3465 5277 3519 5330 iu

1935 5362 2198 5418 utendum.
2228 5362 2305 5418 lbi
2344 5364 2487 5419 enim
2518 5364 2637 5422 luce
2661 5367 2858 5422 clarius
2887 5366 2939 5422 in
2983 5365 3142 5438 hujus
3177 5366 3299 5422 ﬁdei
3337 5367 3522 5422 catho-

2001 5516 2027 5588 ﬂ
2053 5514 2139 5588 [lic
2171 5513 2223 5563 in
2246 5512 2389 5565 editis
2408 5513 2601 5566 additur
2618 5550 2633 5577 ,
2670 5522 2956 5581 peccatum;
2991 5514 3120 5581 quod
3142 5515 3284 5565 abest
3303 5526 3332 5564 a
3355 5525 3522 5565 manu-

1934 5583 2145 5638 scriptis.

2000 5639 2020 5703 ξ
2055 5636 2183 5703 Apud
2199 5642 2330 5698 Lov.,
2356 5649 2442 5689 nos
2464 5645 2622 5703 tecum
2643 5637 2845 5703 legere..

2003 5700 2024 5731 ³
2055 5693 2200 5765 Fﬂiti,
2240 5693 2355 5759 Quir:
2410 5699 2554 5765 verba
2594 5714 2622 5755 e
2666 5693 2821 5754 tv'érbo.
2853 5701 3138 5754 concinnius
3179 5698 3523 5765 manustxlpe'rl

1939 5768 2054 5824 Qua:
2072 5760 2267 5813 verbum
2297 5773 2324 5812 ε
2346 5762 2506 5814 ωνυο.
