3984 6536
519 341 627 400 659

519 461 636 518 lica:
661 459 882 518 veritate
915 466 1175 516 versatur.
1204 459 1362 528 Quod
1395 467 1580 514 totum--
1608 459 1730 528 quia
1771 457 1988 529 longum
2018 465 2102 513 est

521 552 646 609 huic
672 551 825 623 operi
855 550 1118 616 intexere,
1147 565 1322 620 paucae
1342 550 1464 605 inde
1502 549 1825 620 contingam.
1863 567 1884 602 ι
1937 549 2104 604 Mani-

519 642 749 708 festum,
788 660 806 694 ι
841 641 1047 711 inquit,
1088 659 1106 692 ι
1145 642 1395 711 quoniam
1435 657 1542 695 non
1589 641 1762 710 ipsum
1801 649 2098 711 peccatum,

517 735 662 806 Quod
710 749 775 790 ex
820 733 953 803 legis
1003 735 1463 804 transgressione,
1510 733 1604 788 sed
1649 733 1780 788 illud
1825 742 2102 804 peccatum

517 825 660 898 quod
688 841 752 881 ex
777 823 905 880 Adzn
930 823 1309 890 inobedientia,
1340 824 1442 880 hoc
1465 833 1580 880 erat
1604 824 1746 894 quod
1773 824 1952 879 omnia
1976 839 2105 877 con-

515 917 812 974 taminavit.
861 935 881 971 ι
926 917 991 972 Ει
1030 917 1188 987 paulo
1219 926 1340 987 post
1379 934 1393 971 :
1433 935 1454 969 ι
1501 916 1778 987 Regnavit,
1825 933 1846 967 ι
1895 915 2100 985 inquit,

523 1027 544 1062 ο
579 1023 715 1064 mors
743 1008 805 1063 ab
832 1007 998 1063 Adam
1035 1025 1194 1077 usque
1237 1008 1306 1062 ad
1338 1007 1572 1078 Moysen,
1617 1016 1665 1063 et
1691 1007 1744 1061 in
1778 1022 1860 1062 eos
1889 1007 1976 1079 qui
2003 1021 2105 1060 non

457 1085 469 1103 ’
509 1109 864 1174 peccaverunt.
891 1099 1168 1169 Quomodo
1193 1100 1468 1170 regnavit?
1491 1099 1559 1153 In
1584 1098 1912 1152 similitudine
1936 1107 2102 1152 trans-

507 1190 786 1263 gressionis
801 1189 948 1258 Adw,
970 1191 1057 1261 qui
1075 1199 1149 1244 est
1173 1193 1336 1263 forma
1352 1190 1530 1260 futuri.
1554 1189 1842 1259 PrOpterea
1860 1196 1912 1243 et
1929 1187 2100 1242 forma

513 1290 599 1338 est
624 1281 822 1338 Christi
847 1281 1039 1337 Adam.
1071 1281 1350 1350 Quomodo
1375 1279 1545 1336 forma
1582 1290 1691 1344 est,
1729 1279 1911 1334 aiunt?
1950 1279 2097 1346 Quo-

515 1376 658 1430 niam
699 1374 837 1430 sicut
881 1374 974 1430 ille
1016 1389 1083 1429 ex
1126 1374 1414 1444 semetipso
1458 1370 1816 1437 nascentibus,
1859 1370 2101 1440 quamvis

421 1493 440 1546 ".-
513 1482 622 1523 non
653 1465 1088 1522 manducaverint
1115 1465 1182 1521 de
1209 1465 1370 1536 ligno,
1403 1465 1570 1519 lactus
1600 1471 1684 1518 est
1709 1477 1867 1517 causa
1887 1462 2096 1529 mortis,

429 1547 453 1560 ”
513 1574 634 1629 qua:
661 1573 756 1630 per
781 1557 956 1614 cibum
985 1557 1200 1614 inducta
1229 1567 1348 1612 est:
1375 1557 1446 1612 ita
1473 1565 1528 1612 et
1554 1555 1794 1612 Christus
1824 1556 1894 1610 iis
1915 1557 2004 1626 qui
2034 1570 2100 1610 ex

513 1650 636 1719 ipso
670 1657 822 1716 sunt,
846 1650 1055 1705 tametsi
1083 1648 1214 1705 nihil
1247 1649 1391 1720 juste
1417 1649 1644 1719 egerint,
1673 1647 1842 1704 factus
1869 1657 1952 1704 est
1977 1663 2103 1718 pro-

513 1740 661 1796 visor
680 1741 920 1811 justitim,
946 1756 1103 1812 quam
1133 1756 1230 1812 per
1257 1755 1471 1796 crucem
1511 1740 1664 1796 nobis
1692 1741 1940 1797 omnibus
1969 1757 2101 1797 con-

513 1833 754 1890 donavit.
794 1852 815 1887 ι
844 1834 966 1890 Alio
992 1835 1111 1890 loco
1146 1835 1198 1889 in
1229 1833 1418 1890 eodem
1448 1849 1698 1890 sermone
1739 1853 1752 1889 :
1793 1853 1812 1887 ‹
1865 1835 1936 1891 Ut
1977 1851 2098 1891 cum

513 1927 610 1982 tibi
649 1927 842 1983 dixerit
879 1926 1112 1994 Judazus,
1165 1944 1184 1980 ι
1229 1926 1420 1997 inquit,
1455 1944 1474 1978 ι
1509 1927 1776 1997 quomodo
1804 1928 1958 1982 unius
1989 1928 2100 1983 vir-

512 2027 628 2074 tute
654 2016 850 2074 Christi
877 2019 1108 2074 mundus
1145 2019 1377 2074 salvatus
1409 2019 1528 2073 est?
1569 2020 1742 2089 possis
1780 2020 1829 2073 ei
1883 2019 2060 2074 dicere
2083 2061 2098 2084 ,

513 2109 975 2178 Quemadmodum
1057 2125 1166 2166 uno
1227 2109 1568 2165 inobediente
1627 2109 1793 2164 Adam
1869 2108 2100 2164 mundus

511 2201 798 2256 damnatus
842 2209 944 2258 est.
989 2200 1301 2272 Quanquam
1347 2217 1452 2256 non
1507 2201 1613 2257 sint
1663 2195 1882 2272 mqualia
1932 2203 2100 2272 gratia

513 2302 676 2364 atque
707 2301 1000 2365 peccatum,
1033 2310 1206 2365 neque
1248 2293 1394 2365 paria
1438 2294 1547 2349 sint
1586 2309 1732 2349 mors
1766 2305 1923 2364 atque
1955 2294 2059 2348 vita
2085 2337 2100 2361 ,

511 2401 622 2442 non
662 2386 884 2459 mqualis
928 2387 1068 2443 Deus
1109 2403 1172 2443 ac
1214 2387 1475 2442 diabolus.
1518 2406 1536 2440 ›
1571 2386 1699 2441 ltem
1749 2395 1868 2457 post
1911 2387 2102 2457 paulu-

515 2478 668 2534 lum:
705 2496 724 2532 ι
773 2477 880 2534 Sed
923 2495 1025 2534 non
1068 2477 1489 2548 quemadmodum
1536 2479 1791 2544 delictum,
1845 2498 1863 2532 ι
1911 2479 2099 2550 inquit,

523 2589 544 2624 ι
578 2572 650 2626 ita
677 2579 722 2627 et
750 2571 934 2643 gratia.
963 2571 1024 2627 Si
1051 2572 1184 2626 enim
1209 2571 1358 2625 unius
1387 2571 1568 2625 delicto
1590 2570 1736 2625 multi
1757 2571 1940 2625 mortui
1962 2579 2099 2636 sunt,

514 2662 677 2716 multo
706 2662 866 2732 magis
890 2663 1055 2733 gratia
1081 2661 1176 2717 Dei
1205 2671 1251 2716 et
1276 2661 1466 2716 donum
1495 2661 1548 2715 in
1571 2663 1736 2733 gratia
1766 2663 1916 2718 unius
1940 2662 2104 2716 homi-

515 2754 599 2808 nis
617 2752 741 2808 Jesn
761 2752 948 2808 Christi
970 2749 1022 2807 in
1047 2753 1232 2807 multos
1251 2752 1538 2807 abundavit.
1562 2752 1711 2820 Quod
1737 2753 1879 2808 enim
1903 2753 2050 2820 dicit,
2079 2773 2098 2806 ι

499 2843 712 2914 inquit,
747 2861 767 2896 ι
801 2842 1108 2914 hujusmodi
1135 2851 1217 2898 est
1248 2860 1263 2898 :
1290 2841 1348 2898 Si
1375 2851 1651 2912 peccatum
1681 2843 1867 2910 valuit,
1897 2851 1951 2897 et
1980 2858 2102 2914 pec-

517 2943 696 2988 catum
726 2935 881 2990 unius
923 2933 1188 3000 hominis;
1229 2933 1417 3004 gratia,
1464 2941 1519 2990 et
1561 2935 1655 2990 Dei
1698 2935 1886 3014 gratia,
1915 2943 2104 2990 etnon

518 3027 692 3081 solum
725 3025 918 3092 Patris,
958 3025 1051 3082 sed
1097 3026 1256 3081 etiam
1303 3025 1458 3093 Filii,
1504 3027 1950 3098 quemadmodum
1997 3043 2104 3084 non

523 3117 752 3187 amplius
791 3117 1140 3188 praivalebit?
1177 3117 1342 3172 Multo
1388 3118 1533 3174 enim
1577 3117 1678 3172 hoc
1717 3118 2102 3173 rationabilius.

519 3205 651 3263 Nam
683 3208 844 3263 alium
879 3223 977 3279 pro
1002 3209 1108 3264 alio
1137 3208 1398 3275 damnari,
1426 3223 1532 3264 non
1569 3209 1724 3264 valde
1762 3210 1971 3265 videtur
2005 3209 2105 3264 ha-

519 3299 650 3355 bere
675 3298 937 3355 rationem
967 3318 984 3355 :
1013 3300 1175 3355 alium
1214 3309 1390 3356 autem
1423 3315 1521 3371 pro
1550 3299 1654 3356 alio
1679 3299 1892 3368 salvari,
1919 3313 1972 3356 et
2012 3301 2108 3356 de-

518 3391 728 3446 centius
757 3391 926 3462 magis
955 3399 1008 3447 et
1033 3391 1401 3448 rationabilins
1429 3397 1668 3462 apparet.
1695 3389 1750 3448 Si
1783 3391 1942 3462 igitur
1975 3391 2105 3448 iliud

519 3485 721 3541 factum
750 3493 850 3553 εει,
878 3485 1046 3541 multo
1077 3489 1244 3558 magis
1273 3483 1396 3541 hoc.
1433 3504 1452 3539 ι
1475 3485 1713 3555 itemque
1740 3484 1866 3539 alibi
1896 3484 1948 3538 in
1975 3500 2107 3540 con-

519 3577 904 3649 sequentibus:
941 3595 960 3630 ι
995 3577 1275 3646 Iudicium,
1311 3595 1332 3631 ›
1365 3577 1557 3648 inquit,
1590 3596 1609 3630 ι
1658 3593 1721 3633 ea:
1757 3593 1862 3632 uno
1891 3578 1946 3632 in
1983 3593 2107 3632 con-

521 3670 910 3736 demnationem,
935 3672 1101 3742 gratia
1129 3679 1295 3724 autem
1321 3687 1383 3726 ea:
1408 3670 1580 3724 multis
1602 3668 1796 3724 delictis
1830 3669 1884 3724 in
1902 3671 2104 3741 justi/i-

525 3763 773 3816 rationem
800 3781 820 3815 ›
839 3761 1016 3832 (Rom.
1049 3777 1102 3828 v,
1133 3761 1346 3833 12-16).
1374 3779 1394 3814 ι
1419 3761 1530 3817 lloc
1554 3761 1693 3817 idem
1719 3769 1822 3830 est,
1863 3779 1883 3814 ι
1910 3762 2098 3833 inquit,

527 3855 697 3925 «quod
717 3855 929 3921 dicitur,
955 3856 1204 3926 quoniam
1235 3856 1447 3927 quidem
1477 3865 1702 3912 mortem
1731 3856 2104 3920 etdamnatio-

517 3963 644 4002 nem
681 3947 856 4019 potuit
899 3957 1174 4017 peccatum
1221 3947 1510 4011 inducere,
1557 3948 1728 4019 gratia
1773 3957 1950 4004 autem
1995 3963 2104 4004 non

516 4054 684 4094 unum
731 4039 862 4095 illud
906 4038 1270 4094 tantummodo
1317 4039 1582 4096 interfecit
1639 4050 1953 4110 peccatum,
2004 4039 2100 4096 sed

519 4132 682 4187 etiam
711 4139 832 4203 post
857 4131 986 4187 illud
1017 4131 1334 4186 introeuntia
1366 4139 1602 4203 peccata.
1638 4151 1658 4185 ι
1693 4133 1760 4187 Ει
1785 4131 1942 4202 paulo
1972 4142 2096 4203 post

517 4223 588 4278 de
615 4223 718 4278 hoc
746 4223 898 4294 ipso:
933 4241 952 4275 ι
984 4223 1244 4290 Quoniam
1273 4223 1288 4254 ²
1319 4238 1464 4293 ergo,
1502 4242 1521 4276 ι
1557 4223 1744 4293 inquit,
1785 4241 1804 4276 ι
1838 4223 1988 4293 plura
2021 4224 2105 4279 iu-

523 4313 764 4370 lrodueta
782 4323 907 4370 sunt
921 4315 1082 4380 bona,
1101 4322 1274 4370 etnon
1301 4316 1470 4370 solum
1501 4315 1632 4369 illud
1659 4315 1996 4372 interiectum
2021 4327 2102 4374 est

517 4416 820 4476 peccatum,
848 4406 943 4464 sed
971 4407 1131 4463 etiam
1162 4408 1337 4462 omnia
1368 4407 1591 4478 reliqua,
1620 4407 1852 4463 ostendit
1878 4408 2060 4466 dicens
2087 4427 2102 4464 :

513 4491 700 4555 Gratia
723 4508 892 4555 autem
919 4517 983 4556 ea:
1011 4501 1180 4556 multis
1207 4501 1400 4556 delictis
1435 4502 1486 4554 in
1505 4501 1944 4572 justiﬁcationem.
1985 4521 2010 4556 ι
2037 4503 2105 4559 Ει

515 4599 641 4662 post
673 4592 944 4664 paululum
980 4594 1087 4647 ait:
1130 4611 1154 4646 ιι
1193 4593 1372 4648 Primo
1407 4593 1548 4648 enim
1589 4593 1722 4648 dixit
1764 4597 2012 4664 quoniam
2057 4596 2105 4651 si

517 4683 679 4738 unius
719 4693 996 4754 peccatum
1042 4684 1305 4741 interfecit
1346 4701 1572 4753 omnes,
1623 4686 1794 4740 multo
1841 4688 2007 4758 magis
2051 4697 2104 4743 et

522 4773 679 4829 unius
705 4775 874 4845 gratia
915 4777 1109 4847 poterit
1151 4777 1377 4831 salvare.
1420 4777 1545 4831 Post
1575 4777 1690 4832 lucc
1717 4787 1892 4832 autem
1919 4787 2103 4834 osten-

521 4863 620 4932 dit,
655 4883 676 4919 ι
707 4865 896 4937 inquit,
941 4884 960 4918 ι
992 4867 1241 4937 quoniam
1273 4882 1379 4922 non
1407 4868 1534 4922 illud
1563 4869 1734 4922 solum
1765 4867 2103 4924 interfectum

520 4965 606 5013 est
629 4967 906 5028 peceatum
947 4973 1042 5028 per
1077 4959 1319 5029 gratiam,
1353 4958 1448 5014 sed
1473 4959 1631 5014 etiam
1660 4960 1838 5014 omnia
1870 4961 2100 5032 reliqua:

522 5058 578 5104 et
621 5064 728 5105 non
761 5049 934 5105 solum
973 5058 1191 5120 peccata
1233 5049 1509 5106 interiecta
1547 5057 1692 5116 sunt,
1724 5049 1818 5105 sed
1861 5052 2020 5106 etiam
2050 5061 2105 5108 et

519 5139 716 5196 tributa
733 5139 935 5211 iustitia
957 5148 1057 5196 est.
1079 5139 1148 5195 Et
1167 5155 1272 5196 non
1301 5147 1503 5196 tantum
1533 5141 1704 5197 solum
1733 5141 1929 5214 profuit
1949 5141 2106 5198 Chri-

517 5240 656 5299 stus,
687 5239 945 5303 quantum
975 5231 1153 5286 nocuit
1182 5230 1372 5297 Adam,
1413 5230 1511 5287 sed
1549 5231 1718 5287 multo
1750 5233 1976 5301 amplius
2016 5241 2103 5288 at-

518 5337 624 5394 que
651 5321 820 5395 magis
844 5323 886 5376 ⁸.
923 5341 942 5376 ι
977 5322 1105 5377 Post
1136 5321 1249 5378 haec
1279 5323 1333 5377 in
1359 5322 1544 5380 eodem
1574 5337 1694 5378 cum
1726 5321 1793 5378 de
1833 5323 2105 5395 Baptismo

519 5423 719 5484 ageret,
768 5412 1090 5484 interposuit
1127 5413 1290 5470 verba
1333 5414 1576 5484 Apostoli
1613 5413 1839 5471 dicentis
1882 5432 1896 5470 :
1947 5433 1968 5468 ι
2023 5415 2105 5470 An

511 5505 763 5578 ignoratis
785 5545 802 5574 ,
867 5506 1038 5578 inquit
1071 5547 1086 5574 ,
1152 5509 1333 5579 fratres
1355 5549 1372 5576 ,
1413 5523 1654 5580 quoniam
1713 5508 2010 5581 quicumque
2045 5508 2110 5564 in

517 5659 772 5771 "gnatm,
794 5661 1044 5726 quomodo.
1087 5667 1144 5712 At
1185 5661 1496 5728 manusa'ipti
1533 5664 1672 5729 juxta
1709 5677 1936 5730 gruum,
1985 5680 2103 5732 σιω-

581 5755 736 5833 nm.
763 5789 814 5836 et
835 5797 1006 5844 omnes
1026 5792 1154 5850 κει,
1177 5785 1352 5850 mtq'us.

1328 342 1602 400 CONTRA
1637 340 1974 400 IULIANUM
2012 337 2475 416 PELAGIANUM,
2514 345 2571 404 S.
2613 347 2982 407 AUGUSTI!“
3680 373 3776 434 m

2215 457 2414 516 Christo
2444 462 2684 534 baptizati
2709 483 2901 536 sumus,
2931 468 2984 524 in
3013 479 3171 526 morte
3193 472 3210 504 ‘
3241 474 3402 548 ipsius
3429 479 3656 552 bnptizati
3691 509 3770 548 ηε.

2213 553 2360 606 mus?
2402 553 2691 624 Conscpulti
2735 575 2853 630 ergo
2896 577 3070 616 sumus
3120 563 3199 618 illi
3253 585 3342 638 per
3382 569 3685 643 Baptisnmm
3719 584 3774 640 in

2213 653 2392 741 morte.
2419 644 2554 711 Quid
2582 657 2682 713 est,
2712 649 2766 703 in
2793 661 2951 705 morte
2979 653 3116 708 illius
3147 655 3391 727 baptizati
3416 669 3618 720 smnus."
3644 670 3704 728 Ut
3721 684 3770 730 et

2213 732 2311 825 ipsi
2341 735 2630 791 moriamur
2659 739 2796 794 sicut
2819 751 2874 795 et
2899 742 3004 797 ille.
3037 741 3178 799 Crux
3221 749 3361 804 enim
3393 761 3474 806 εει
3499 754 3761 825 Baptisma.

2212 823 2360 890 Quod
2405 841 2532 898 ergo
2577 845 2707 885 crux
2751 832 2962 890 Christo
3003 844 3056 890 ct
3094 840 3430 908 sepulcrum,
3483 823 3587 903 hoc
3629 855 3766 911 nobis

2213 914 2476 1012 baptisma
2521 918 2714 976 factum
2745 933 2857 990 est;
2907 928 3118 982 tametsi
3160 945 3264 985 non
3299 933 3349 986 in
3395 935 3590 992 eisdem
3630 941 3761 1012 ipsis.

2212 1003 2330 1074 ipse
2355 1023 2581 1079 namque
2597 1026 2756 1068 carne
2777 1023 2828 1068 et
2848 1025 3084 1072 mortuus
3101 1027 3252 1076 estet
3269 1025 3505 1093 sepultus
3525 1045 3538 1082 :
3567 1003 3662 1086 nos
3679 1052 3764 1090 au-

2211 1107 2318 1151 tem
2345 1111 2564 1170 peccato
2591 1103 2644 1157 in
2671 1114 2914 1176 utroque.
2946 1108 3284 1182 Quapropter
3314 1130 3420 1170 non
3449 1118 3593 1187 dixit,
3631 1123 3764 1180 Com-

2213 1189 2428 1288 plantati
2455 1195 2609 1248 morti
2632 1211 2647 1262 ;
2678 1197 2792 1265 sed,
2820 1199 3138 1256 similitudini
3163 1206 3339 1258 mortis
3362 1207 3533 1276 (Rom.
3555 1228 3623 1276 vr,
3643 1215 3770 1288 5-5),

2211 1279 2354 1372 μοι-ε
2377 1283 2605 1354 namque
2628 1297 2678 1342 et
2705 1289 2804 1344 hoc
2833 1301 2884 1345 ct
2913 1292 3060 1358 illud,
3088 1295 3180 1350 sed
3208 1312 3314 1351 non
3341 1299 3511 1353 cidem
3539 1287 3630 1372 ipsi
3658 1279 3767 1362 suti-

2208 1368 2355 1439 jaeet
2380 1392 2394 1428 :
2425 1375 2516 1429 sed
2545 1376 2659 1432 hmo
2683 1380 2897 1449 quidem
2926 1385 3104 1440 carnis
3131 1387 3362 1455 Christi,
3400 1368 3573 1446 nostra
3607 1408 3764 1455 autem

2211 1464 2432 1561 peccati.
2464 1466 2917 1535 Quemadmodum
2933 1490 3061 1544 ergo
3085 1477 3170 1533 illa
3197 1494 3348 1548 vera,
3369 1491 3423 1536 et
3451 1482 3562 1540 lucc
3592 1504 3610 1539 ι
3641 1489 3762 1561 (llo-

2209 1553 2351 1608 milia
2379 1557 2448 1611 10
2472 1559 2523 1612 in
2552 1559 2716 1632 Epist.
2750 1564 2820 1617 ad
2844 1564 3104 1622 Romanos
3121 1569 3162 1640 ).

2278 1645 2370 1701 28.
2410 1647 2673 1720 Numquid
2703 1653 2944 1711 dubitare
2965 1657 3075 1726 jam
3109 1661 3310 1728 poteris
3350 1675 3582 1721 sanctum
3621 1668 3766 1726 Joan-

2207 1751 2330 1791 nem
2361 1747 2465 1794 tam
2498 1740 2651 1812 longe
2680 1759 2801 1799 esse
2825 1761 2856 1800 a
2884 1762 3044 1803 sensu
3084 1759 3286 1819 vestro,
3325 1769 3481 1822 quam
3510 1773 3607 1811 non
3637 1776 3768 1818 rece-

2207 1827 2286 1884 dit
2312 1845 2341 1882 a
2367 1846 2528 1886 sensu
2554 1834 2858 1890 catholico?
2889 1837 3152 1910 Numquid
3183 1842 3235 1895 in
3269 1843 3385 1912 ejus
3415 1845 3766 1918 disputatione,

2208 1935 2311 1990 qua
2338 1924 2554 1992 exponit
2578 1925 2614 1978 Α
2625 1928 2814 1995 postoli
2843 1929 3013 1984 locum
3043 1931 3167 1987 huic
3196 1935 3481 2003 quwstioni
3508 1955 3620 2009 qua:
3645 1941 3766 1998 inter

2209 2026 2308 2066 nos
2335 2014 2555 2068 vertitur
2579 2020 3056 2086 pernecessnrium,
3107 2023 3194 2078 ubi
3239 2025 3499 2095 scriptum
3537 2038 3646 2096 est,
3675 2031 3764 2086 Per

2207 2117 2365 2156 unum
2391 2104 2642 2161 hominem
2669 2120 2927 2180 peccatum
2953 2113 3154 2168 intravit
3181 2117 3236 2170 in
3267 2118 3511 2172 mundum
3528 2163 3543 2187 ,
3583 2131 3633 2177 ct
3673 2140 3762 2180 ca:-

2210 2204 2318 2250 tera
2358 2213 2478 2268 quae
2521 2215 2755 2256 connexa
2797 2213 2942 2273 sunt,
2986 2207 3184 2264 alicubi
3225 2211 3433 2266 redolet
3459 2214 3480 2244 ³
3519 2216 3649 2286 quod
3682 2235 3770 2276 vos-

2208 2286 2412 2356 dicitis,
2445 2303 2660 2362 propter
2705 2294 3054 2354 imitationem
3101 2301 3206 2356 hoc
3250 2318 3371 2358 esse
3415 2304 3644 2378 dictum,
3673 2327 3760 2367 non

2211 2391 2430 2450 propter
2454 2386 2720 2441 carnalem
2765 2391 3134 2474 nativitatem?
3162 2393 3356 2451 Nonne
3389 2397 3476 2454 illo
3519 2416 3618 2458 uno
3655 2419 3764 2474 pec-

2190 2480 2328 2527 cato
2353 2475 2708 2532 contaminata
2739 2477 2868 2535 dicit
2896 2497 3014 2538 esse
3037 2485 3241 2550 omnia,
3267 2495 3321 2540 et
3349 2487 3426 2542 sic
3451 2489 3574 2546 illud
3597 2494 3763 2552 distin-

2207 2564 2320 2634 guit
2348 2579 2376 2618 a
2404 2569 2613 2623 caeteris
2642 2579 2822 2638 postea
2861 2575 3164 2631 commissis
3206 2577 3620 2652 introductisque
3655 2600 3760 2654 pec-

2207 2654 2372 2722 catis,
2403 2673 2523 2727 qua:
2550 2675 2644 2715 vos
2672 2661 2844 2717 dicitis
2871 2665 2936 2719 ad
2967 2665 3345 2734 imitationem,
3377 2685 3477 2725 non
3503 2672 3568 2728 ad
3593 2690 3760 2745 propa-

2209 2747 2386 2819 ginem
2411 2751 2700 2819 pertinere,
2724 2763 2782 2808 ut
2807 2770 2911 2809 non
2940 2755 3027 2810 illa
3055 2765 3289 2824 tantum,
3315 2760 3408 2816 sed
3433 2761 3600 2818 ethoc
3619 2774 3667 2820 et
3689 2767 3758 2822 illa

2209 2851 2307 2907 per
2327 2842 2549 2910 gratiam
2577 2841 2774 2900 Christi
2801 2846 2943 2902 dicat
2981 2849 3212 2905 interﬁci
3243 2851 3305 2906 ‘1?
3350 2853 3533 2910 Nonne
3575 2856 3636 2913 de
3674 2859 3758 2915 Ba-

2209 2931 2455 2998 ptismate
2488 2933 2723 3000 Apostoli
2755 2937 2934 3002 verba,
2965 2938 3051 2993 ubi
3081 2939 3178 3008 ait,
3219 2939 3528 3014 Quicumque
3549 2945 3756 3017 baptizati

2208 3036 2382 3074 sumus
2407 3022 2460 3075 in
2486 3021 2706 3093 Christo,
2733 3027 2786 3080 in
2825 3038 2984 3083 morte
3017 3031 3158 3085 illius
3201 3033 3444 3101 baptizati
3469 3052 3661 3100 sumus;
3695 3039 3758 3093 sic

2211 3115 2450 3183 exponit,
2481 3125 2536 3168 ut
2565 3117 2705 3172 dicat
2731 3119 2801 3172 ita
2831 3133 2952 3174 eum
2983 3131 3209 3191 peccato
3239 3125 3396 3192 mori,
3439 3127 3522 3196 qui
3560 3127 3756 3198 baptiza-

2212 3213 2298 3260 tur
2330 3207 2380 3260 iu
2411 3205 2650 3275 Christo,
2685 3211 2822 3264 sicut
2855 3226 3015 3268 carne
3037 3212 3059 3244 ⁸
3103 3223 3191 3270 εει
3237 3225 3475 3272 mortuus
3515 3218 3760 3286 Christus-r

2193 3297 2332 3366 quia
2362 3297 2416 3351 in
2447 3309 2620 3354 morte
2643 3299 2840 3357 Christi
2878 3303 3136 3374 baptizari
3179 3305 3318 3360 nihil
3355 3317 3437 3362 est
3469 3308 3600 3362 aliud
3626 3325 3752 3379 quam

2211 3397 2430 3457 peccato
2457 3389 2630 3444 mori?
2655 3389 2752 3446 Cui
2782 3407 2909 3462 ergo
2939 3404 3157 3464 peccato
3190 3397 3444 3465 parvulus
3477 3399 3693 3464 moritur,
3717 3399 3754 3452 si

2210 3479 2465 3549 originale
2493 3495 2598 3536 non
2631 3483 2825 3537 traxit?
2852 3485 2934 3538 An
2973 3484 3112 3540 forte
3149 3502 3263 3542 non
3305 3489 3358 3542 in
3401 3501 3566 3545 morte
3591 3489 3753 3544 Christi

2209 3570 2414 3638 parvuli
2442 3571 2810 3640 baptizantur?
2835 3588 2956 3629 cum
2984 3575 3278 3644 Apostolus
3303 3594 3410 3632 non
3433 3579 3631 3647 dixerit,
3653 3579 3756 3648 Qui-

2210 3659 2369 3727 dam;
2402 3662 2516 3727 scd,
2547 3662 2855 3735 Quicumque
2892 3665 3133 3738 baptizati
3159 3685 3339 3724 sumus
3376 3669 3429 3724 in
3465 3669 3646 3726 Christo
3665 3711 3680 3739 ,
3711 3671 3758 3724 in-

2211 3761 2370 3807 morte
2397 3753 2555 3822 ipsius
2585 3756 2824 3826 tmptizati
2851 3774 3046 3812 sumus.
3089 3759 3175 3814 An
3222 3763 3432 3833 quando
3465 3764 3756 3834 baptizantur

2211 3845 2538 3916 Baptismate
2563 3847 2877 3918 christiano,
2915 3850 3106 3905 dicturi
3135 3855 3273 3908 estis
3313 3856 3452 3926 quod
3481 3872 3578 3910 non
3613 3857 3754 3926 bapti-

2211 3946 2401 3994 zentur
2427 3941 2478 3993 in
2505 3940 2752 4008 Christo;
2779 3958 2847 3997 ne
2875 3957 2970 3998 vos
2995 3943 3284 4016 episeOpus
3307 3947 3532 4002 Joannes
3554 3963 3636 4003 sua
3671 3948 3756 4004 de-

2211 4029 2451 4086 ﬁnitione
2489 4032 2732 4101 sull‘ocet,
2775 4034 2869 4104 qui
2896 4035 3024 4090 dicit
3053 4036 3155 4092 hoc
3194 4053 3318 4094 esse
3362 4039 3665 4109 Baptismum
3689 4037 3756 4094 eis

2210 4123 2300 4192 qui
2339 4121 2672 4192 baptizantur
2706 4126 2758 4179 in
2785 4125 3018 4192 Christo,
3049 4128 3194 4198 quod
3225 4145 3352 4184 crux
3393 4140 3446 4185 et
3490 4130 3756 4200 sepulcrum

2210 4209 2312 4267 fuit
2339 4212 2572 4277 Christo,
2609 4221 2667 4268 ut
2693 4215 3136 4285 quemadmodum
3167 4218 3262 4275 ille
3293 4229 3527 4276 mortuus
3553 4229 3626 4275 est
3657 4233 3754 4273 car-

2211 4319 2298 4371 ne,
2339 4305 2417 4360 sic
2444 4313 2497 4360 et
2525 4307 2656 4362 istos
2698 4306 3053 4378 intelligamus
3094 4319 3342 4366 mortuos
3379 4326 3494 4366 esse
3533 4304 3752 4381 peccato?

2211 4396 2352 4454 Ecce
2364 4398 2448 4453 cui
2461 4399 2596 4467 viro,
2609 4413 2768 4470 quam
2790 4416 2982 4471 magno
2997 4401 3308 4458 christiana:
3323 4403 3442 4458 ﬁdei
3458 4413 3605 4474 atque
3623 4402 3752 4470 hujus

2211 4491 2458 4547 catholici
2487 4492 2749 4563 dogmatis
2771 4493 3062 4562 defensori,
3093 4494 3312 4550 voluisti
3341 4505 3565 4551 vestrum
3591 4493 3753 4562 dogma

2211 4595 2548 4652 supponere,
2580 4583 2728 4654 quasi
2770 4583 2984 4653 dixerit,
3022 4603 3042 4638 ι
3075 4588 3327 4656 parvulos
3365 4587 3514 4657 primi
3556 4583 3756 4639 hominis

2211 4688 2318 4728 non
2351 4674 2652 4744 inquinatos
2679 4690 2798 4731 esse
2833 4685 3083 4746 peccato;
3122 4695 3144 4730 ι
3192 4693 3316 4734 cum
3355 4677 3576 4741 dixerit,
3616 4694 3634 4728 ι
3673 4687 3749 4729 eos

2211 4784 2317 4824 non
2353 4767 2550 4824 habere
2581 4779 2836 4838 peccata:
2882 4788 2904 4823 ι
2947 4785 3068 4841 qua:
3107 4786 3216 4824 non
3258 4786 3381 4826 eum
3423 4768 3630 4838 intelligi
3665 4764 3754 4820 nisi

2210 4862 2424 4932 propria
2463 4862 2714 4925 voluisse,
2755 4862 2871 4931 ejus
2900 4869 3006 4916 tam
3046 4862 3214 4916 multa
3249 4859 3542 4918 testimonia
3569 4867 3750 4926 tamque

2212 4953 2490 5008 manifesta
2519 4952 2810 5007 declarant.

2279 5043 2505 5100 CAPUT
2533 5041 2810 5098 Vll.—29.
2835 5041 2971 5112 Quid
2989 5051 3039 5099 ιε
3056 5042 3214 5114 igitur
3227 5039 3596 5111 adjuvit,.quod
3610 5037 3747 5092 Joan-

2211 5138 2295 5193 nis
2336 5134 2932 5206 ConstantinOpolitani,
2981 5141 3228 5204 tanquam
3265 5133 3356 5186 tibi
3385 5127 3749 5199 suﬂ'ragaretur,

2212 5227 2574 5286 testimonium-
2589 5227 2850 5298 posuisti?
2868 5229 2949 5281 An
2979 5233 3036 5281 ut
3062 5240 3223 5279 unum
3245 5223 3458 5278 verbum
3473 5217 3610 5290 quasi
3623 5215 3679 5270 ab
3692 5225 3749 5268 eo

2211 5321 2648 5394 praetermissum,
2679 5319 2822 5374 velut
2841 5325 2992 5373 acuta
3020 5315 3305 5372 calliditate
3329 5322 3578 5384 captares,
3612 5313 3661 5364 et
3683 5309 3748 5359 tot

2267 5516 2290 5588 ξ
2329 5513 2493 5586 Plures
2511 5519 2646 5588 Mss,
2665 5513 2717 5564 in
2749 5518 2952 5566 mortem
2981 5510 3151 5578 ipsius.
3180 5517 3234 5562 Et
3254 5510 3395 5575 paulo
3416 5513 3540 5574 post,
3569 5509 3741 5572 μενων

2272 5583 2434 5629 lsmum
2452 5583 2505 5627 in
2524 5583 2740 5627 πιονεεηι.

2272 5642 2293 5672 ι
2324 5640 2397 5688 sic
2417 5646 2524 5690 Mss.
2550 5644 2606 5688 At
2628 5639 2762 5702 editi.
2789 5635 2936 5702 αιίςπίι
2955 5633 3190 5702 τβάρισῖευ..
3260 5700 3267 5702 .
3293 5691 3307 5702 -
3342 5697 3354 5702 -
3415 5689 3440 5702 ρ
3473 5689 3486 5702 -

2273 5703 2296 5736 ³
2329 5706 2378 5748 tn
2400 5689 2525 5759 uss,
2547 5707 2594 5750 et
2629 5698 2716 5762 illa
2748 5689 2905 5762 gratia
2941 5696 3119 5762 chrisli
3138 5695 3268 5762 dicat
3285 5689 3498 5762 inter/id.

2275 5765 2294 5796 δ
2327 5769 2433 5814 uss.
2457 5751 2554 5814 duo
2574 5751 2872 5836 oatucaiiiet
2891 5759 3096 5812 totidem
3118 5757 3320 5812 Vaticani
3342 5787 3360 5818 ,
3381 5751 3526 5806 ciunt.
