3984 6496
222 310 309 369 ωε
1568 294 1767 353 LIBER
1807 293 2077 354 PRIMUS.

221 425 486 482 verborum
524 419 645 490 ejus
686 435 879 490 ψηυαο
907 415 1226 482 obrueret-is,
1272 423 1376 468 tam
1411 413 1677 483 ingentem
1703 411 1797 467 tibi

218 530 452 590 aggerem
477 510 895 568 commoveres?
921 511 972 563 in
1013 515 1217 562 tantum
1263 503 1589 575 improvidus
1630 512 1684 558 et
1714 503 1797 557 in-

216 617 412 669 cautus,
445 611 504 659 ut
540 617 642 658 nec
669 603 724 656 in
757 600 869 670 ipsa
911 597 1149 663 bomilia,
1178 595 1266 650 ubi
1297 596 1382 651 vix
1413 610 1574 649 unum
1602 593 1670 649 de
1695 609 1799 664 quo

216 697 342 753 male
381 693 660 749 intellecto
693 691 901 761 decepti
935 688 1250 758 deciperetls
1277 729 1292 752 ,
1321 685 1681 742 testimonium
1709 700 1799 740 re-

217 789 381 861 perire
408 785 635 858 potuisti
667 785 710 851 ί,
743 783 1048 838 adverteres
1073 787 1314 834 sanctum
1355 777 1614 834 Joannem
1654 776 1798 831 Con-

213 877 740 946 stantinOpolitannm
771 873 897 927 satis
917 869 1190 926 evidenter
1213 867 1546 938 expressisse
1570 909 1583 931 ,
1611 881 1799 921 omnes

213 967 450 1022 homines
479 964 723 1035 exceptis
758 962 952 1019 debitis
980 959 1206 1030 propriis
1232 958 1436 1028 paterni
1473 972 1594 1012 esse
1622 956 1798 1010 chiro-

211 1057 388 1131 graphi
415 1057 710 1112 debitores.
738 1052 805 1108 Et
831 1063 1002 1107 tamen
1030 1059 1377 1122 posteaquam
1397 1049 1557 1103 verba
1580 1048 1695 1117 ejus
1722 1047 1801 1101 in-

214 1148 537 1220 terposuisti,
578 1148 768 1216 quibus
807 1143 1152 1198 intentionem
1198 1151 1339 1195 tuam
1370 1139 1561 1211 putasti
1601 1137 1800 1209 aliquid

213 1241 468 1312 adjuvari,
497 1239 743 1309 sequeris
778 1245 830 1292 et
866 1236 1035 1290 dicis:
1069 1252 1088 1285 ‹
1121 1231 1255 1289 Cum
1286 1233 1443 1303 igitur
1463 1230 1661 1302 liquido
1689 1231 1799 1285 cla-

215 1340 322 1388 rcat
361 1330 505 1385 hanc
553 1343 738 1383 sanam
786 1338 839 1382 et
880 1341 1061 1380 veram
1099 1338 1220 1378 esse
1265 1323 1604 1389 sententiam,
1641 1335 1802 1391 quam

216 1424 378 1494 primo
401 1421 524 1476 loco
553 1421 708 1487 ratio,
731 1419 924 1474 deinde
960 1417 1350 1487 Scripturarum
1373 1415 1594 1469 munivit
1614 1425 1802 1469 aucto-

217 1517 355 1579 ritas,
397 1522 453 1568 et
480 1528 639 1584 quam
679 1520 984 1567 sanctorum
1012 1510 1247 1563 virorum
1279 1522 1489 1577 semper
1513 1505 1802 1560 celebravit

216 1606 457 1672 eruditio,
487 1604 578 1676 qui
609 1613 785 1658 tamen
812 1602 1016 1656 veritati
1055 1599 1421 1653 auctoritatem
1451 1614 1554 1651 non
1582 1611 1678 1650 suo
1710 1597 1804 1650 tri-

217 1698 370 1752 buere
411 1709 706 1759 consensu,
750 1693 845 1748 sed
873 1690 1230 1746 testimonium
1257 1697 1312 1744 et
1337 1688 1558 1759 gloriam
1595 1687 1662 1742 de
1689 1686 1804 1756 ejus

216 1804 497 1861 suscepere
549 1787 862 1853 consortio,
911 1784 1114 1840 nullum
1162 1782 1480 1853 prudentum
1523 1779 1805 1835 conturbet

215 1880 534 1951 censpiratio
579 1879 932 1950 perditorum.
969 1895 988 1930 ι
1033 1876 1159 1932 “me
1187 1875 1346 1931 verba
1371 1884 1454 1928 tua
1485 1888 1592 1944 quo
1638 1874 1803 1944 profi-

215 1975 374 2038 ciunt,
405 1969 510 2024 nisi
541 1978 600 2024 ut
645 1976 920 2040 appareat,
967 1966 1050 2022 vel
1092 1965 1358 2036 quomodo
1401 1964 1470 2018 de
1513 1965 1611 2019 hac
1645 1979 1802 2018 causa

214 2065 345 2119 scire
368 2062 674 2132 neglexeris
695 2060 1076 2115 catholicorum
1103 2059 1394 2112 sententias
1419 2071 1802 2127 sermonesque

214 2158 518 2222 doctorum;
549 2155 636 2210 vel
658 2155 701 2209 si
733 2169 828 2208 eos
845 2168 1000 2208 nosse
1016 2151 1233 2218 curasti,
1253 2167 1355 2220 qua
1382 2149 1567 2204 fraude
1592 2151 1804 2204 coneris

213 2248 596 2305 circumvenire
631 2246 968 2302 nescientes?
991 2243 1125 2299 Nam
1163 2245 1230 2298 de
1256 2243 1461 2298 ratione
1489 2251 1542 2298 et
1571 2241 1637 2297 de
1679 2257 1805 2297 san-

213 2353 411 2399 ctarum
437 2341 837 2412 Scripturarum
876 2337 1190 2393 auctoritate
1217 2345 1272 2390 ut
1311 2350 1452 2390 nunc
1483 2333 1694 2390 interim
1721 2342 1805 2389 ta-

213 2450 354 2490 ceam
376 2450 391 2498 ;
417 2431 682 2486 hanecine
701 2430 1040 2494 sententiam,
1058 2443 1158 2498 qua
1176 2426 1379 2497 negatis
1411 2433 1626 2496 peccato
1653 2424 1806 2494 primi

215 2525 445 2579 hominis
468 2522 734 2578 obnoxios
765 2521 1014 2590 parvulos
1041 2517 1207 2584 nasci,
1236 2525 1544 2572 sanctorum
1569 2516 1804 2570 virorum

213 2633 426 2688 semper
451 2615 749 2671 celebravit
777 2612 1046 2668 eruditio?
1087 2610 1204 2665 Non
1236 2610 1337 2664 hoc
1365 2610 1481 2664 istis
1524 2617 1602 2663 tot
1629 2616 1806 2662 tanto-

213 2723 437 2778 rumque
479 2715 789 2762 sanctorum
834 2714 888 2760 et
927 2703 1274 2768 eruditorum,
1319 2718 1438 2772 qua:
1477 2716 1807 2756 commemo-

215 2802 349 2867 ravi,
377 2798 698 2854 testimoniis
725 2796 990 2850 indicatur
1013 2813 1025 2848 :
1052 2796 1158 2849 imo
1175 2810 1205 2849 e
1225 2793 1494 2849 contrario
1515 2803 1641 2863 pulo
1663 2792 1804 2862 quod

219 2894 329 2964 jam
348 2892 548 2958 videas,
573 2899 828 2961 quantum
855 2897 906 2943 te
927 2887 1106 2958 opinio
1133 2887 1230 2941 ista
1253 2885 1533 2951 fefellerit;
1557 2886 1600 2940 si
1631 2894 1807 2940 tamen

228 3003 337 3040 non
367 2985 487 3038 dolo
512 2983 614 3052 agis
639 2991 800 3052 atque
827 2980 879 3035 id
907 2989 1031 3034 ante
1052 2979 1162 3049 jam
1193 2992 1438 3032 noveras.
1473 2975 1578 3032 Sed
1616 2986 1670 3030 ut
1691 2992 1806 3032 me-

229 3079 333 3134 lius
358 3077 424 3132 de
454 3088 502 3131 te
525 3075 734 3131 credam
758 3092 772 3141 ;
803 3075 847 3128 si
881 3087 1020 3127 nunc
1049 3072 1276 3142 primum
1308 3070 1406 3124 ista
1435 3069 1732 3140 cognoscis,
1761 3067 1810 3124 si

219 3169 287 3223 de
323 3176 538 3239 peccato
567 3165 728 3236 primi
773 3164 1022 3227 hominis,
1055 3160 1196 3232 quod
1224 3175 1288 3215 eo
1315 3159 1422 3215 sint
1449 3160 1685 3230 obligati,
1718 3160 1808 3230 qui

214 3257 497 3313 carnaliter
522 3263 849 3326 generantur
893 3251 1144 3317 infantes,
1184 3264 1285 3305 nec
1314 3265 1380 3305 eo
1409 3249 1510 3304 nisi
1548 3249 1809 3321 spirituali

215 3351 622 3421 regeneratione
648 3349 949 3412 solvuntur,
981 3359 1120 3400 nunc
1148 3345 1375 3415 primum
1409 3344 1663 3414 perspicis
1705 3343 1810 3400 hoc

216 3444 463 3504 didicisse
492 3452 547 3498 et
571 3441 822 3496 docuisse
853 3447 932 3493 tot
957 3447 1188 3500 sanctos,
1220 3436 1361 3506 quod
1403 3445 1458 3492 et
1484 3451 1581 3490 nos
1619 3435 1809 3491 didici—

217 3551 330 3589 nius
355 3545 412 3590 et
439 3533 733 3588 docemus:
759 3538 900 3584 muta
918 3528 1028 3598 jam
1046 3527 1200 3581 istam
1219 3537 1473 3594 mentem,
1494 3525 1808 3582 obliviscere

220 3625 369 3694 hujus
405 3627 632 3690 erroris,
671 3630 726 3677 et
754 3618 1137 3691 propemodum
1181 3616 1398 3683 furoris,
1430 3632 1535 3687 quo
1563 3616 1618 3670 in
1648 3623 1726 3670 tot
1749 3630 1812 3672 ac

221 3711 347 3764 tales
377 3719 561 3778 patres
588 3706 942 3761 Manichmum
959 3701 1215 3772 jacnlaris
1239 3700 1604 3771 opprobrium.
1633 3701 1687 3756 Si
1713 3715 1811 3756 ne-

222 3801 390 3855 sciens
418 3802 521 3856 hoc
547 3799 744 3867 fecisti,
773 3815 868 3854 cur
907 3815 1012 3854 non
1054 3800 1305 3854 miseram
1348 3798 1555 3868 respuis
1593 3797 1811 3868 imperi-

225 3893 383 3948 tiam?
409 3895 456 3949 si
501 3894 700 3959 sciens,
748 3907 848 3948 cur
888 3908 993 3948 non
1038 3892 1349 3964 sacrilegam
1379 3890 1607 3962 deponis
1649 3889 1812 3945 auda-

226 3988 354 4040 ciam
370 3987 396 4040 ?

292 4080 379 4133 50.
427 4077 776 4134 Convinceris
800 4077 1036 4148 undique
1064 4094 1079 4131 :
1110 4078 1227 4133 luce
1255 4077 1480 4132 clariora
1510 4083 1635 4132 sunt
1661 4075 1812 4132 testi-

229 4170 395 4222 monia
427 4177 572 4223 tanta
615 4178 943 4224 sanctorum.
976 4169 1033 4224 In
1063 4184 1286 4240 quorum
1312 4177 1632 4224 conventum
1663 4177 1714 4224 te
1735 4168 1815 4222 in-

232 4261 550 4316 troduxerim
581 4261 853 4331 conspice.
889 4261 984 4316 llic
1012 4270 1095 4316 est
1137 4261 1549 4317 Mediolanensis
1583 4260 1815 4315 Ambro-

233 4352 353 4418 sius,
377 4368 532 4422 quem
565 4353 818 4423 magister
850 4361 970 4406 tuus
995 4351 1241 4422 Pelagius
1270 4359 1410 4406 tanta
1439 4351 1814 4422 praedicatione

235 4443 476 4511 laudavit,
506 4453 564 4497 ut
590 4443 810 4510 diceret,
868 4462 887 4495 ‹
939 4444 990 4498 in
1029 4443 1176 4498 libris
1218 4443 1335 4512 ejus
1365 4444 1629 4514 prmcipue
1655 4443 1812 4499 [idem

234 4533 400 4589 lucere
434 4534 754 4602 Romanam,
785 4535 872 4605 qui
899 4537 921 4566 ¹
949 4535 1264 4605 scriptorum
1301 4535 1438 4590 inter
1477 4535 1696 4589 Latinos
1715 4535 1814 4591 ﬂos

236 4627 434 4694 quidam
454 4631 726 4696 speciosus
750 4626 965 4693 enituit,
991 4628 1058 4681 ita
1083 4635 1139 4682 ut
1162 4626 1276 4697 ejus
1315 4626 1473 4682 ﬁdem
1509 4635 1565 4682 et
1597 4629 1816 4698 purissi-

236 4731 368 4770 mum
394 4718 448 4771 in
478 4717 767 4786 Scriptnris
791 4733 1006 4773 sensum
1035 4717 1426 4788 reprehendere
1447 4733 1548 4773 nec
1569 4718 1814 4773 inimicus

236 4807 462 4864 auderet.
498 4829 518 4862 ι
554 4809 654 4864 llic
690 4818 772 4864 est
816 4819 872 4864 et
909 4808 1524 4880 Constantinopolitanus
1558 4807 1812 4874 Joannes,

235 4915 380 4968 quem
407 4910 460 4955 tu
502 4902 555 4955 in
599 4917 820 4956 numero
849 4900 1177 4956 eruditorum
1203 4915 1265 4954 ac
1309 4908 1613 4954 sanctorum
1639 4899 1816 4954 excel-

237 4991 577 5048 lentissimum
609 4993 662 5048 in
695 4993 795 5048 hac
825 4994 935 5064 ipsa
969 5001 1079 5061 tua,
1111 4992 1196 5048 cui
1223 4991 1542 5064 respondeo,
1576 4991 1813 5062 diSputa-

241 5085 369 5140 tione
396 5085 641 5156 posuisti.
673 5085 769 5140 llic
799 5093 886 5140 est
913 5084 1160 5150 Basilius,
1189 5083 1342 5154 cujus
1370 5092 1420 5138 te
1457 5082 1636 5138 verbis
1664 5082 1730 5138 ad
1762 5081 1814 5138 id

239 5174 366 5243 quod
394 5191 533 5229 nunc
576 5175 750 5245 agitur
792 5190 896 5228 non
944 5174 1354 5245 pertinentibus,
1391 5172 1584 5244 putasti
1619 5173 1814 5244 aliquid

239 5265 484 5333 adjuvari.
509 5267 605 5320 llic
624 5267 1035 5333 suntctczeteri,
1057 5280 1281 5335 quorum
1309 5273 1360 5319 te
1385 5279 1600 5320 movere
1624 5263 1816 5318 debeat

239 5365 372 5411 tanta
407 5359 712 5414 consensio.
752 5357 866 5414 Non
916 5365 1000 5414 est
1040 5357 1160 5424 ista,
1201 5356 1338 5412 sicut
1384 5355 1508 5410 stilo
1555 5354 1816 5409 maledico

238 5449 438 5518 scribis,
483 5470 501 5504 ι
534 5451 861 5521 conspiratio
894 5449 1240 5521 perditorum.
1272 5465 1290 5501 ι
1340 5447 1396 5503 ln
1443 5446 1680 5502 Ecclesia
1719 5461 1812 5500 ca-

241 5541 422 5597 tholica
446 5543 706 5598 doctrinae
727 5559 872 5599 sana:
888 5542 1076 5598 studiis
1095 5543 1434 5606 claruerunt;
1453 5537 1814 5609 spiritualibus

298 5631 314 5663 ί
349 5632 476 5704 aditi,
504 5631 744 5704 potuistis.
769 5640 825 5683 Al.
844 5639 973 5696 uss,
993 5630 1216 5698 potuisti;
1239 5637 1380 5684 etex
1403 5629 1478 5682 his
1506 5628 1698 5694 quidam
1730 5639 1815 5692 po-

235 5699 355 5752 It,
375 5695 663 5746 educi-teris.

297 5756 322 5788 ³
349 5754 694 5825 nmmum.

1907 414 2071 468 armis
2120 412 2307 469 muniti
2333 420 2406 470 .et
2449 413 2670 471 accincti
2726 423 2938 471 strenua
2985 424 3169 472 contra
3213 415 3492 474 hmrcticos

1907 503 2045 559 bella
2074 514 2382 576 gesserunt;
2414 505 2675 575 perfuncti
2702 507 2720 539 ¹
2755 507 2980 563 fideliter
3005 524 3114 563 suae
3140 508 3493 579 dispensatio-

1907 597 1991 652 nis
2013 596 2282 653 laboribus
2322 598 2372 652 in
2403 599 2548 668 pacis
2589 600 2792 670 gremio
2819 600 3166 656 dormierunt.
3204 619 3222 654 ι
3256 599 3428 657 Unum
3464 620 3484 668 ρ

1905 687 2040 742 dicis
2071 707 2089 740 ‹
2123 703 2416 760 egressum,
2456 709 2475 743 ι
2507 705 2593 745 me
2626 691 2795 760 ipsum
2829 691 3150 761 significans,
3189 710 3208 744 ‹
3241 691 3327 762 qui
3356 691 3495 748 inse

1906 793 2168 833 summam
2201 779 2367 850 praelii
2405 780 2558 834 sitam
2589 790 2737 851 optat
2774 781 2991 853 intelligi
3021 779 3122 854 (a).
3154 801 3172 835 ι
3221 783 3358 838 Ecce
3387 799 3492 838 non

1907 884 2007 940 ego
2033 883 2190 937 unus,
2221 869 2314 924 scd
2343 879 2421 926 tot
2444 885 2506 926 ac
2533 873 2660 925 tanti
2691 873 2860 929 sancti
2899 875 3195 945 crnditique
3221 875 3493 933 doctores.

1908 963 2000 1018 tibi
2022 978 2119 1033 pro
2143 979 2228 1019 me
2266 963 2350 1019 vel
2389 979 2618 1029 mecum,
2663 981 2865 1036 proque
2903 968 3138 1021 omnium
3165 979 3407 1023 nostrum
3440 982 3495 1024 et

1909 1064 1996 1109 tua
2024 1055 2209 1126 ipsius,
2237 1056 2283 1111 si
2307 1056 2470 1127 sapis,
2493 1056 2665 1112 salute
2684 1057 3023 1127 respondent.

1977 1146 2066 1201 51.
2122 1146 2238 1201 Non
2281 1147 2398 1214 tibi,
2443 1148 2579 1202 sicut
2627 1148 3003 1214 ealutnniaris,
3047 1167 3066 1200 ‹
3096 1147 3268 1205 solum
3311 1152 3489 1220 populi

1907 1255 2148 1294 murmur
2175 1239 2491 1310 opponimus
2523 1257 2536 1292 :
2567 1260 2587 1294 ι
2618 1255 2915 1311 quanquam
2942 1251 2994 1295 et
3025 1239 3137 1312 ipse
3158 1242 3382 1312 populus
3399 1243 3494 1296 ad-

1905 1346 2091 1386 versus
2129 1344 2224 1385 vos
2261 1339 2544 1402 propterea
2588 1341 2904 1397 murmuret,
2947 1333 3066 1401 quia
3113 1346 3215 1386 non
3255 1343 3337 1388 est
3375 1333 3494 1388 t-dis

1906 1424 2131 1494 quzestio
2156 1425 2199 1492 ',
2224 1440 2338 1495 qua:
2365 1424 2530 1494 possit
2555 1425 2714 1480 etiam
2734 1425 3088 1495 cognitionem
3121 1425 3298 1494 fugere
3325 1440 3482 1496 popu-

1908 1515 2096 1570 larem.
2126 1516 2325 1570 Divites
2351 1525 2404 1571 et
2430 1530 2713 1587 pauperes,
2735 1516 2930 1571 excelsi
2958 1527 3115 1587 atque
3135 1516 3324 1584 intimi,
3351 1515 3492 1571 docti

1907 1616 1960 1660 ct
1987 1605 2204 1671 indocti,
2252 1621 2427 1662 mares
2472 1617 2527 1662 et
2569 1607 2780 1661 femina:
2828 1617 3090 1662 noverunt
3135 1607 3260 1677 quid
3307 1607 3496 1677 cuique

1906 1697 2048 1752 :etati
2084 1697 2139 1752 in
2179 1697 2502 1768 Baptismate
2540 1699 2860 1754 remittatur.
2906 1699 3059 1755 Unde
3099 1700 3257 1754 etiam
3298 1710 3495 1755 matres

1907 1789 2142 1858 quotidie
2166 1797 2277 1844 toto
2305 1788 2434 1845 orbe
2465 1799 2727 1846 terrarum
2751 1808 2856 1846 non
2882 1793 2947 1845 ad
2976 1792 3244 1861 Christum
3269 1802 3494 1859 tantum,

1908 1881 1958 1935 id
1981 1889 2080 1948 est,
2113 1881 2178 1936 ad
2222 1892 2476 1949 unctum;
2509 1883 2603 1938 sed
2637 1883 2704 1938 ad
2743 1883 3008 1939 Christum
3053 1885 3257 1951 Jesntn,
3303 1885 3354 1940 id
3392 1897 3494 1951 est,

1907 1976 2069 2028 etiam
2091 1973 2418 2030 Salvatorem
2446 1991 2564 2029 cum
2590 1977 2818 2046 parvulis
2839 1987 3078 2031 currunt.
3100 1977 3204 2033 Sed
3226 1993 3371 2044 ecce,
3391 1993 3497 2048 quo

1909 2076 1959 2120 te
1981 2065 2266 2133 introduxi,
2310 2076 2602 2122 conventus
2642 2078 2946 2122 sanctorum
2998 2069 3218 2123 istorum
3263 2085 3367 2124 non
3412 2080 3497 2126 est

1908 2158 2191 2212 multitudo
2219 2159 2505 2228 popularis:
2527 2175 2630 2213 non
2657 2159 2828 2212 solum
2851 2159 2960 2226 filii,
2985 2159 3079 2214 sed
3106 2169 3156 2215 et
3187 2171 3366 2230 pitres
3393 2161 3496 2216 Ec-

1906 2251 2086 2306 clesia:
2125 2260 2266 2306 sunt.
2309 2250 2389 2306 Ex
2434 2251 2526 2305 illo
2557 2266 2778 2306 numero
2807 2261 2949 2315 sunt,
2981 2251 3048 2305 de
3079 2251 3270 2320 quibus
3305 2251 3498 2321 prmdi-

1908 2351 2053 2396 ctum
2069 2351 2168 2408 est,
2194 2340 2300 2396 Pro
2323 2343 2547 2413 patribus
2569 2342 2666 2395 tuis
2689 2341 2793 2396 nati
2817 2353 2933 2395 sunt
2961 2341 3049 2395 tibi
3070 2343 3162 2410 lilii
3184 2359 3202 2408 ;
3224 2343 3494 2397 constitues

1910 2452 1991 2490 eos
2017 2436 2268 2506 principes
2292 2453 2441 2506 super
2465 2452 2660 2489 omnem
2676 2446 2859 2490 terram
2892 2433 3063 2508 (Psal.
3108 2450 3249 2501 xuv,
3282 2433 3394 2504 l7).
3420 2434 3503 2488 Ex

1909 2543 2011 2598 qua
2044 2527 2133 2581 lilii
2170 2529 2407 2598 generati
2435 2527 2456 2559 ⁸
2495 2536 2637 2593 sunt,
2670 2537 2724 2581 ut
2764 2526 2877 2581 lucc
2917 2526 3220 2592 discerent;
3259 2524 3374 2595 ejus
3404 2539 3499 2596 pa-

1912 2627 2020 2673 tres
2048 2617 2170 2674 facti
2193 2627 2337 2684 sunt,
2371 2627 2426 2672 ut
2444 2619 2715 2673 docerent.

1980 2709 2069 2764 5⁵2..
2093 2709 2227 2777 Quid
2258 2718 2339 2764 est
2363 2708 2502 2779 quod
2525 2725 2618 2763 vos
2647 2707 2874 2779 gaudere
2895 2707 3087 2778 jactas,
3113 2707 3254 2778 quod
3285 2707 3382 2762 ista
3405 2723 3499 2763 ve-

1910 2800 2061 2868 ritas,
2089 2816 2246 2870 quam
2289 2809 2344 2855 tu
2385 2816 2622 2856 errorem
2655 2810 2824 2871 putas,
2854 2801 2935 2855 vel
2963 2800 3134 2870 putari
3163 2799 3333 2869 cupis,
3381 2817 3398 2851 ι
3433 2799 3501 2854 de

1911 2902 2054 2948 tanta
2080 2893 2414 2948 multitudine
2444 2903 2762 2947 assertorem
2810 2908 2916 2947 non
2955 2899 3130 2962 potest
3166 2891 3438 2946 invenire?
3473 2909 3492 2942 ι

1910 2984 2073 3054 Quasi
2128 3000 2290 3056 parva
2341 2985 2408 3039 sit
2455 2985 2570 3054 ejus
2607 2985 2830 3038 assertio
2863 3023 2878 3048 ,
2929 2982 3071 3053 quod
3120 2982 3170 3036 in
3226 2981 3327 3036 hoc
3374 2981 3498 3035 fidei

1914 3075 2220 3130 firmissimo
2249 3083 2300 3128 et
2325 3074 2694 3144 antiquissimo
2721 3072 3196 3142 fundamentoipsa
3227 3079 3338 3125 toto
3363 3071 3494 3125 orbe

1911 3164 2100 3220 diffusa
2161 3179 2266 3219 non
2316 3179 2346 3218 a
2394 3179 2452 3219 se
2499 3164 2765 3234 discrepat
2832 3163 3138 3216 multitudo.
3204 3161 3259 3218 Si
3317 3170 3497 3216 autem

1912 3264 2206 3312 assertores
2247 3269 2341 3310 eos
2393 3255 2635 3326 ﬂagitas,
2676 3269 2900 3325 quorum
2940 3252 3137 3322 aliquid
3186 3253 3345 3307 etiam
3410 3252 3502 3306 lit-

1914 3354 2146 3402 terarum
2203 3346 2428 3401 inveniri
2469 3354 2680 3415 potest,
2718 3345 3042 3414 illustrisqne
3090 3343 3331 3398 doctrina
3380 3351 3493 3406 est;

1912 3451 1979 3492 en
2021 3436 2171 3492 adest
2221 3446 2548 3492 assertorum
2603 3436 2717 3507 ejus
2768 3434 3127 3511 memorabilis
3178 3445 3229 3490 et
3274 3451 3501 3490 venera-

1913 3526 2055 3594 bilis,
2113 3543 2398 3583 consessus
2443 3538 2601 3598 atque
2643 3542 2954 3582 consensus.
2995 3525 3220 3581 Sanctus
3266 3523 3500 3580 lrenmus

1915 3620 2062 3687 dicit,
2086 3620 2356 3690 antiquam
2383 3617 2650 3688 serpentis
2674 3618 2880 3688 plagam
2909 3617 3013 3670 fide
3035 3613 3228 3670 Christi
3256 3624 3310 3670 ct
3337 3631 3496 3669 cruce

1916 3712 2112 3776 sanari,
2158 3720 2213 3766 et
2249 3708 2389 3780 quod
2428 3709 2734 3779 protoplasti
2767 3717 2984 3778 peccato
3025 3707 3217 3760 fuimus
3253 3715 3500 3775 tanquam

1917 3801 2140 3857 vinculis
2169 3800 2385 3869 aliigati.
2414 3799 2639 3854 Sanctus
2675 3797 2970 3869 Cyprianus
2994 3796 3142 3861 dicit,
3172 3796 3346 3866 perire
3376 3810 3500 3865 par-

1916 3894 2118 3957 vulum,
2143 3891 2242 3948 nisi
2272 3889 2429 3944 fuerit
2453 3889 2770 3959 baptizatus,
2798 3885 3041 3957 quamvis
3065 3887 3113 3942 ei
3148 3901 3253 3940 non
3289 3887 3500 3956 propria

1917 3985 2270 4052 dimittantur,
2299 3983 2391 4038 sed
2422 3982 2591 4037 aliena
2624 3989 2856 4051 peccata.
2888 3980 3112 4037 Sanctus
3151 3978 3384 4034 Reticins
3421 3979 3502 4032 di-

1917 4079 2008 4143 cit,
2035 4077 2232 4133 veteris
2262 4075 2510 4144 hominis,
2539 4091 2645 4146 quo
2668 4091 2760 4146 per
2785 4075 3051 4130 lavacrum
3082 4072 3502 4144 regenerationis

1916 4169 2181 4231 exuimur,
2210 4180 2315 4220 non
2340 4172 2545 4220 tantum
2573 4176 2776 4230 vetera,
2819 4163 2912 4218 sed
2953 4163 3180 4232 ingenita
3222 4177 3340 4216 esse
3380 4175 3502 4231 pec-

1918 4270 2054 4315 eata.
2087 4259 2312 4315 Sanctus
2339 4257 2612 4330 Olympius
2639 4255 2787 4322 dicit,
2839 4255 3022 4309 vitium
3066 4253 3132 4308 de
3173 4253 3511 4323 protoplasto—

1918 4352 1970 4406 in
1997 4349 2238 4422 germine
2261 4363 2527 4420 sparsum,
2547 4357 2603 4402 ut
2632 4358 2906 4418 peccatum
2931 4361 3050 4400 eum
3077 4344 3290 4399 homine
3319 4357 3498 4398 nasce~

1918 4452 2084 4499 retur.
2113 4441 2340 4496 Sanctus
2369 4439 2599 4494 llilarius
2627 4438 2775 4503 dicit,
2807 4454 2871 4491 ex
2897 4445 3112 4506 peccato
3142 4450 3262 4489 esse
3287 4448 3504 4491 omnem

1919 4550 2156 4601 carnem,
2187 4542 2384 4604 praeter
2413 4531 2575 4596 illius,
2603 4531 2691 4600 qui
2715 4530 2859 4584 venit
2881 4527 3300 4583 invsitnilitndine
3319 4527 3496 4585 carnis

1920 4627 2125 4698 peccati
2146 4627 2262 4681 sine
2292 4633 2529 4696 peccato.
2554 4623 2708 4687 Dicit,
2733 4623 2832 4677 sub
2858 4621 3055 4691 peccati
3087 4620 3289 4690 origine
3313 4628 3367 4674 et
3403 4619 3500 4674 sub

1921 4719 2119 4790 peccati
2149 4718 2264 4788 lege
2294 4725 2472 4770 natum
2499 4729 2639 4780 esse,
2669 4714 2821 4784 cujus
2844 4729 2946 4766 vox
2973 4722 3076 4776 est,
3105 4711 3210 4782 Ego
3239 4712 3289 4764 iu
3315 4711 3501 4781 iniqui-

1921 4811 2103 4864 tatibus
2126 4817 2393 4877 conceptus
2435 4823 2544 4860 sum
2572 4805 2739 4875 (Psal.
2769 4821 2806 4870 ι,
2834 4805 2911 4874 7).
2940 4803 3166 4857 Sanctus
3187 4801 3496 4856 AmbrOsius

1920 4903 2067 4968 dicit,
2100 4915 2192 4956 eos
2220 4899 2309 4970 qui
2337 4897 2587 4967 baptizati
2621 4897 2815 4952 fuerint
2856 4895 3103 4966 parvulos
3128 4894 3177 4947 in
3211 4892 3496 4962 primordia

1923 5001 2124 5048 naturae
2151 5005 2261 5045 sua:
2289 5005 2318 5044 a
2346 4988 2542 5044 malitia
2570 4986 2868 5042 reformari.
2893 4979 3048 5052 Dicit,
3073 4985 3244 5040 solum
3268 5000 3337 5039 ex
3360 4984 3499 5038 natis

1919 5086 1986 5142 de
2018 5085 2209 5140 femina
2239 5093 2477 5139 sanctum
2527 5082 2811 5136 Dominum
2850 5079 3055 5146 Iesum,
3088 5078 3229 5133 nulla
3277 5088 3493 5132 terrens:

1920 5175 2162 5246 centagia
2190 5173 2506 5243 corruptela:
2533 5171 2851 5226 immaculati
2891 5178 3071 5240 partus
3098 5169 3331 5222 novitate
3378 5181 3498 5220 seno

1921 5268 2073 5321 sisse.
2108 5265 2264 5330 Dicit,
2291 5262 2433 5335 quod
2461 5264 2513 5318 in
2539 5262 2705 5316 Adam
2729 5275 2918 5316 omnes
2945 5260 3218 5323 morimur,
3257 5257 3378 5326 quia
3408 5270 3490 5324 per

1922 5366 2082 5413 lltllllll
2106 5357 2374 5411 hominem
2416 5361 2688 5425 peccatum
2733 5353 2946 5407 intravit
2971 5351 3021 5404 in
3055 5349 3328 5413 mundum,
3356 5357 3410 5400 et
3438 5346 3504 5399 il-

1924 5449 2024 5503 lius
2048 5447 2200 5517 culpa
2225 5461 2368 5500 mors
2393 5445 2628 5500 omnium
2660 5449 2759 5498 est.
2786 5441 2942 5506 Dicit,
2971 5437 3111 5509 quod
3153 5437 3204 5491 in
3245 5436 3360 5507 ejus
3390 5437 3494 5490 vui-

1985 5563 2002 5628 ξ
2037 5567 2237 5628 Αμιηετ.
2263 5567 2319 5628 et
2337 5566 2464 5619 Mss,
2489 5556 2767 5628 permistis.

1985 5626 2005 5656 ²
2038 5623 2350 5672 Floriacensis
2371 5628 2474 5680 ιιι,
2492 5623 2726 5683 que-sitio.

1986 5685 2010 5718 ⁸
2039 5685 2113 5733 sic
2134 5685 2182 5732 in
2196 5684 2420 5733 outnibus
2444 5675 2549 5730 uss.
2576 5688 2629 5730 At
2651 5681 2701 5742 in
2724 5679 2894 5739 editis,
2906 5675 3204 5742 “generatis

1994 5746 2076 5809 (α)
2100 5745 2216 5796 vide
2238 5744 2374 5807 intra,
2399 5742 2483 5793 lib.
2512 5743 2561 5806 5,
2581 5755 2638 5792 ιι..
2653 5740 2704 5792 4.
