4072 6558
358 491 488 532 nere
521 491 681 532 omne
709 487 877 545 genus
914 471 1198 530 occidisse“.
1237 471 1552 533 humanum.
1580 469 1680 525 nisi
1712 469 1951 527 Samari-

358 581 517 626 tanus
556 568 646 624 ille
683 565 1014 624 descendens
1053 565 1271 619 vulnera
1309 564 1425 634 ejus
1460 566 1654 620 acerba
1683 574 1947 620 curasset.

357 661 520 728 Dicit,
549 660 714 716 fuisse
748 659 942 726 Adam,
979 665 1033 714 ct
1059 657 1112 712 in
1155 657 1247 712 illo
1287 656 1448 712 fuisse
1477 671 1704 722 omnes;
1743 655 1952 726 perisse

357 755 555 818 Adam,
586 760 640 808 et
669 755 722 807 in
752 750 844 806 illo
888 748 1089 821 perisse
1128 763 1338 804 omnes.
1385 747 1543 814 Dicit,
1583 763 1684 802 nos
1708 748 1956 818 contagio

358 844 620 902 maculari
669 851 954 914 antequam
1001 840 1306 910 nascimur,
1347 855 1449 897 nec
1491 840 1781 896 humanum
1827 855 1957 894 con-

362 943 579 1007 ceptum
606 950 726 992 esse
771 935 1065 1008 iniquitatis
1101 943 1388 1002 exsortem,
1431 935 1554 1006 quia
1600 934 1954 1005 concipimur,

361 1027 560 1098 inquit,
593 1027 646 1083 in
675 1035 893 1098 peccato
922 1036 1223 1098 parentum,
1256 1037 1310 1084 et
1334 1027 1386 1082 in
1415 1027 1622 1083 delictis
1647 1043 1832 1084 eorum
1862 1043 1959 1082 na-

363 1123 610 1188 scimur;
641 1119 736 1177 sed
763 1131 818 1176 et
855 1121 970 1190 ipse
1013 1129 1196 1192 partus
1223 1120 1382 1176 habet
1420 1120 1664 1192 contagia
1697 1136 1811 1188 sua,
1857 1135 1958 1176 nec

361 1227 534 1268 unum
583 1211 952 1267 tantummodo
1009 1213 1169 1268 habet
1215 1213 1328 1284 ipsa
1389 1221 1580 1280 natura
1629 1213 1954 1283 contagium.

363 1301 530 1370 Dicit,
571 1301 840 1358 diabolum
883 1303 1259 1371 feneratorem,
1305 1319 1335 1358 a
1375 1319 1480 1374 quo
1531 1305 1640 1358 Eva
1691 1304 1957 1359 maculata

367 1391 616 1450 obnoxia:
644 1395 998 1450 successionis
1027 1395 1200 1449 usuris
1228 1410 1386 1450 omne
1428 1410 1594 1465 genus
1629 1395 1960 1451 dei'eneravt't

365 1483 684 1541 humanum.
712 1485 866 1549 Dicit,
895 1500 926 1540 a
951 1485 1163 1541 diabolo
1193 1485 1358 1541 Evam
1393 1485 1694 1555 deceptam,
1735 1493 1792 1540 ιιι
1828 1502 1960 1556 sup-

365 1578 635 1650 plantaret
660 1578 854 1644 virum,
884 1578 1140 1649 obligaret
1175 1577 1563 1634 ittereditatem.
1602 1578 1754 1644 Dicit,
1789 1577 1959 1633 Adam

367 1669 446 1726 ita
473 1685 656 1725 morsu
681 1669 920 1724 vitiatum
948 1684 1067 1724 esse
1096 1669 1381 1740 serpentis,
1413 1675 1470 1722 ut
1505 1683 1692 1724 omnes
1723 1669 1813 1723 illo
1841 1667 1957 1723 vul-

368 1775 504 1815 nere
547 1759 926 1816 claud‘icemus.
967 1760 1106 1816 Dicit
1136 1801 1151 1827 ,
1183 1773 1284 1830 per
1336 1773 1621 1830 corporum
1649 1759 1756 1814 viri
1790 1768 1844 1816 et
1879 1759 1960 1815 fe-
1992 1785 1994 1788 ·

368 1853 534 1910 minae
557 1853 990 1908 commixtionem
1023 1853 1290 1909 neminem
1315 1861 1589 1923 expertem
1605 1867 1723 1908 esse
1745 1853 1959 1918 delicti;

370 1946 460 2017 qui
491 1954 670 2001 autem
691 1960 881 2015 expers
909 1945 1088 2000 delicti
1118 1952 1219 2010 est,
1243 1943 1296 2000 id
1323 1951 1407 2000 est
1428 1945 1681 1999 Dominus
1697 1945 1959 2012 Christus,

369 2037 534 2091 etiam
579 2034 882 2106 huiusmodi
925 2049 1044 2090 esse
1090 2035 1457 2106 conceptionis
1491 2045 1785 2105 expertem.
1826 2037 1965 2090 Dicit

371 2127 472 2182 tibi
497 2135 712 2182 sanctus
745 2126 1102 2194 innocentius,
1132 2128 1344 2183 lavacro
1371 2128 1787 2200 regenerationis
1821 2143 1960 2198 prte-

369 2217 592 2273 teritum
617 2217 802 2272 vitium
829 2233 988 2273 omne
1013 2219 1247 2290 purgari,
1277 2219 1420 2290 quod
1450 2235 1544 2290 per
1569 2219 1716 2274 illuni
1745 2219 1959 2287 accidit,

371 2309 462 2380 qui
494 2311 661 2365 libero
682 2310 903 2366 arbitrio
928 2311 1124 2366 cadens
1147 2352 1162 2376 ,
1191 2312 1243 2368 in
1274 2311 1532 2382 profunda
1557 2311 1833 2367 demersus
1858 2321 1960 2366 est.

370 2397 534 2462 Dicit,
568 2399 666 2454 nisi
693 2400 1126 2456 manducaverint
1155 2415 1369 2456 carnem
1401 2403 1630 2468 Domini,
1663 2409 1716 2455 et
1743 2401 1962 2471 sangui-

370 2505 496 2547 nem
525 2491 776 2558 biberint,
805 2493 966 2548 vitam
997 2493 1246 2564 parvulos
1274 2492 1470 2552 habere
1499 2509 1603 2547 non
1633 2507 1806 2563 posse.
1829 2491 1965 2548 San—

371 2593 493 2640 ctus
522 2583 810 2655 Gregorius
833 2585 982 2650 dicit,
1021 2585 1213 2639 melius
1253 2584 1414 2640 fuisse
1443 2601 1548 2639 non
1573 2585 1821 2640 excidere
1849 2599 1878 2637 a
1901 2583 1966 2638 ii-

371 2687 482 2744 gno
509 2674 631 2728 vitae
658 2684 810 2744 gustu
833 2675 1167 2729 amarissimo
1195 2675 1417 2744 peccati,
1447 2675 1541 2730 sed
1567 2675 1839 2730 emendari
1863 2689 1962 2730 nos

373 2761 574 2818 debere
601 2773 722 2833 post
745 2763 972 2834 lapsum.
1005 2765 1161 2830 Dicit,
1194 2779 1294 2820 nos
1317 2782 1384 2820 ex
1409 2765 1561 2820 bonis
1589 2765 1656 2820 ad
1683 2767 1849 2820 tristia
1871 2767 1965 2822 dc-

369 2855 606 2920 vol‘utos,
636 2862 690 2910 et
715 2855 882 2911 vulta
931 2857 1166 2912 tristibus
1207 2856 1274 2912 ad
1321 2857 1542 2912 meliora
1589 2859 1858 2928 reparari;
1907 2867 1964 2914 ut

373 2959 510 3016 quos
551 2955 737 3017 gustus
779 2947 907 3018 ligni
952 2947 1098 3002 vetiti
1144 2948 1547 3013 condemnavit,
1589 2948 1785 3006 Christi
1832 2965 1963 3004 crux

373 3039 544 3108 gratia
571 3038 797 3109 largiore
827 3039 1099 3108 jttstiiicet.
1139 3039 1298 3105 Dicit,
1335 3039 1687 3094 venerandam
1719 3057 1839 3096 esse
1871 3055 1966 3096 na-

377 3131 655 3197 tivitatem,
687 3147 783 3201 per
812 3147 969 3201 quam
1001 3141 1226 3186 terrena:
1255 3133 1547 3186 nativitatis
1571 3133 1795 3186 vinculis
1823 3133 1960 3188 libe-

371 3239 576 3278 ramur.
603 3223 760 3290 Dicit,
792 3224 1196 3296 regeneratione
1216 3240 1282 3280 ex
1305 3241 1442 3296 aqua
1461 3234 1516 3280 et
1543 3227 1728 3296 spiritu
1747 3225 1960 3296 pntgari

371 3313 612 3367 maculas
637 3314 824 3384 prima:
858 3313 1165 3380 nativitatis,
1213 3331 1308 3386 per
1345 3331 1476 3385 quas
1517 3316 1569 3370 in
1597 3316 1963 3386 iniquitatibus

374 3405 726 3475 concipimur.
759 3405 898 3461 Dicit
929 3407 1022 3461 tibi
1066 3417 1282 3464 sanctus
1313 3409 1559 3475 Basilius,
1611 3425 1709 3464 nos
1747 3411 1962 3481 aegritu-

375 3495 556 3550 dinem
583 3498 917 3553 contraxisse
941 3499 1169 3570 peccati,
1201 3501 1452 3570 quoniam
1483 3500 1590 3554 Eva
1619 3502 1788 3556 noluit
1825 3517 1856 3557 a
1899 3502 1963 3556 li-

373 3601 480 3658 gno
501 3587 767 3658 prohibito
806 3588 1071 3659 jojunare.
1114 3591 1249 3645 Dicit
1291 3601 1597 3660 postremo,
1641 3607 1740 3646 nos
1769 3591 1835 3646 de
1865 3607 1962 3662 pa-

376 3681 556 3734 radiso
584 3680 868 3748 decidisse,
895 3683 1016 3752 quia
1047 3697 1152 3737 non
1177 3683 1554 3754 jejunavimus,
1597 3693 1757 3754 atque
1785 3693 1843 3738 ut
1871 3685 1962 3740 illo

369 3771 676 3840 redeamus,
701 3773 940 3844 praecipit
983 3774 1306 3846 jejunemus.
1339 3775 1532 3836 Dicunt
1581 3777 1674 3832 tibi
1704 3792 1799 3833 ore
1851 3793 1962 3834 uno

373 3873 452 3918 tot
474 3866 640 3920 sancti
671 3866 928 3936 episcopi,
959 3867 1231 3938 Eulogius,
1261 3867 1518 3937 Joannes,
1553 3871 1955 3938 Amntouianus,

371 3955 720 4027 Porphyrius,
749 3957 1026 4026 Eutouius,
1059 3958 1387 4030 Porphyrius
1413 3960 1546 4014 alius
1574 3961 1614 4027 ⁸,
1642 3959 1825 4026 Fidus,
1851 3960 1962 4014 Zo-

370 4047 551 4114 ninus,
580 4045 922 4116 Zoboeunus,
944 4049 1311 4121 Nymphidius,
1331 4049 1689 4118 Chromatius,
1713 4052 1956 4119 Jovinus,

369 4137 734 4207 Eleutherius,
763 4141 1090 4196 Clematius:
1124 4142 1232 4197 Nos
1275 4142 1546 4212 Pelagium
1594 4160 1697 4196 non
1729 4144 1960 4197 absolvi-

367 4245 513 4294 mus.
568 4232 668 4286 nisi
711 4233 836 4302 quia
886 4233 1157 4288 damnavit
1198 4249 1292 4289 eos
1338 4235 1426 4304 qui
1481 4235 1664 4289 dicunt
1709 4235 1961 4305 parvulos

369 4321 579 4376 etiamsi
605 4336 709 4376 non
741 4323 1074 4394 baptizentur
1101 4325 1301 4380 habere
1327 4327 1488 4379 vitam
1531 4337 1806 4380 aeternam.
1838 4325 1959 4382 Jam

367 4421 428 4468 tu
458 4415 742 4486 responde,
772 4425 948 4472 utrum
987 4418 1126 4472 Deus
1149 4417 1324 4489 justus
1351 4419 1482 4473 nulli
1515 4419 1799 4475 obnoxiam
1831 4435 1960 4492 pec-

368 4516 492 4561 cato
515 4505 800 4576 imaginem
831 4523 980 4565 suam
1015 4511 1224 4580 privare
1253 4511 1358 4565 vita
1385 4513 1552 4582 possit
1573 4522 1794 4568 :eterna.

439 4598 530 4654 '55.
571 4597 852 4656 Postremo
914 4612 1130 4657 sanctus
1184 4603 1468 4673 episcOptts
1506 4603 1738 4661 Joannes
1790 4605 1956 4672 dicit,

367 4702 530 4756 quem
561 4697 616 4744 tu
646 4690 1027 4748 honorabiliter
1045 4695 1482 4748 commemorasti
1505 4737 1518 4760 ,
1551 4712 1710 4766 quem
1739 4706 1792 4752 tu
1819 4699 1958 4754 sicut

368 4787 613 4832 sanctum
644 4780 1016 4850 eruditumque
1042 4781 1299 4846 laudasti,
1323 4799 1479 4853 quem
1511 4792 1564 4838 tu
1593 4787 1957 4842 testimonium

369 4877 426 4923 ct
451 4867 672 4937 gloriam
711 4869 778 4924 de
816 4871 1090 4925 consortio
1117 4872 1357 4929 veritatis
1398 4877 1696 4945 suscepisse
1733 4877 1952 4933 dixisti:

369 4959 532 5014 etiam
560 4958 672 5027 ipse
700 4959 848 5025 dicit,
880 4961 1046 5015 Adam
1074 4962 1151 5016 sic
1180 4978 1430 5033 peccasse
1457 4966 1585 5021 illud
1605 4969 1806 5038 grande
1831 4986 1958 5041 pec-

365 5059 567 5115 catum,
597 5057 650 5104 ut
670 5063 828 5105 omne
852 5066 1020 5120 genus
1043 5051 1333 5110 humanum
1356 5055 1406 5109 in
1429 5071 1710 5112 commune
1731 5059 1956 5116 damna-

365 5149 468 5196 ret.
502 5141 673 5207 Dicit,
703 5142 757 5196 in
799 5142 984 5200 Lazari
1027 5154 1200 5200 morte
1243 5146 1362 5201 ideo
1399 5146 1612 5205 ﬂevisse
1649 5151 1952 5224 Christum,

363 5231 488 5302 quia
513 5231 581 5287 de
609 5235 1034 5302 perenuitatibus
1063 5252 1282 5292 excussa
1312 5239 1611 5295 mortalitas
1631 5243 1828 5299 inferos
1853 5245 1953 5300 ad-

363 5323 598 5391 amavit;
630 5332 685 5380 et
720 5325 842 5396 quia
871 5341 964 5382 eos
1003 5329 1092 5399 qui
1135 5330 1463 5387 immortales
1505 5348 1624 5388 esse
1665 5343 1948 5406 poterant,

361 5416 607 5474 diabolus
635 5417 759 5474 fecit
784 5434 902 5474 esse
933 5421 1201 5477 mortales.
1228 5423 1386 5490 Dicit,
1415 5433 1538 5480 ante
1554 5436 1829 5496 peccatum
1853 5428 1952 5485 ho-

359 5507 524 5564 minis
568 5510 714 5564 omui
757 5510 916 5565 modo
953 5511 1151 5570 bestias
1189 5513 1391 5570 homini
1440 5516 1604 5572 fuisse
1637 5519 1946 5590 subiectas;

431 5639 450 5670 ί
477 5645 529 5687 tn
573 5643 770 5708 excusis
814 5643 1004 5708 deerat,
1049 5646 1347 5708 Porphyrius
1381 5645 1520 5698 alius.
1565 5651 1844 5701 ttestituitur
1881 5665 1948 5703 ex

359 5703 712 5776 WWPIED.
749 5707 1105 5776 mo,_gmutus,
1129 5703 1231 5758 hic"
1240 5719 1366 5776 unus
1403 5721 1433 5759 e
1473 5711 1690 5776 quinque
1712 5713 1947 5766 Vaticanis

360 5753 532 5822 habet,
559 5753 794 5827 zorinus;
814 5753 895 5816 alii
917 5753 1382 5831 {insaniant—i3.

1203 349 1476 408 CONTRA
1515 347 1856 408 JCLIANUM
1893 345 2265 418 ΡΕιΑαιωι,
2303 351 2361 408 S.
2403 353 2772 413 AUGUSTINI

3545 357 3652 420 σω

2061 477 2408 539 posteaquam
2435 486 2562 527 vero
2589 479 2864 542 peccatum
2909 470 3040 528 illud
3075 471 3329 544 intravit,
3358 477 3590 546 cmpisse
3620 495 3654 536 a

2064 564 2220 619 nobis
2258 565 2456 621 bestias
2483 565 2796 622 formidari:
2822 583 2994 638 usque
3037 567 3172 624 adeo
3203 579 3478 640 peccatum
3523 572 3658 628 tilud

2063 656 2218 726 primi
2247 656 2479 713 hominis
2505 657 2724 730 intelligi
2751 659 2918 714 voluit
2941 659 3011 714 ad
3033 674 3222 716 omnes
3249 660 3496 718 homines
3523 679 3651 734 per-

2065 747 2268 814 tinere;
2301 748 2390 804 ubi
2415 765 2534 820 quis
2557 767 2662 806 non
2691 751 2870 805 videat
2897 765 3018 807 esse
3038 766 3390 822 consequens,
3421 765 3474 809 ut
3501 756 3654 810 nulla

2063 835 2352 894 bestiarum
2393 839 2642 908 parvulos
2669 839 2918 907 laederet,
2951 841 3052 896 nisi
3093 852 3147 896 et
3185 845 3329 914 ipsos
3359 843 3497 900 illius
3523 862 3653 916 pec-

2063 928 2168 982 cati
2211 928 2424 984 vinculo
2453 929 2704 986 nativitas
2745 931 2974 986 carnalis
3000 932 3394 1006 obstringeret?
3425 937 3562 992 Dicit
3595 939 3652 992 in

2063 1019 2252 1076 eodem
2279 1037 2547 1090 sermone,
2577 1039 2645 1078 ex
2675 1039 2779 1094 quo
2805 1033 2858 1078 tu
2889 1024 3115 1082 incautis
3137 1027 3154 1057 ¹
3181 1027 3442 1099 obrepere
3470 1030 3650 1084 volui-

2063 1112 2162 1178 sti,
2195 1112 2337 1183 quod
2377 1129 2475 1169 nos
2503 1114 2747 1169 Christus
2790 1115 3050 1170 invenerit
3074 1156 3092 1182 ,
3123 1125 3178 1172 et
3217 1128 3442 1186 paterno
3469 1121 3651 1174 chiro-

2063 1206 2268 1276 grapho
2299 1215 2483 1260 nostro
2520 1207 2662 1276 quod
2706 1209 2918 1278 scripsit
2951 1208 3118 1263 Adam
3141 1251 3156 1276 ,
3185 1221 3238 1264 et
3265 1211 3654 1281 posterioribus

2063 1297 2297 1368 propriis
2323 1297 2516 1351 debitis
2543 1297 2822 1368 obligatos.
2858 1298 3094 1368 Exponit
3119 1300 3364 1370 Apostoli
3394 1302 3570 1356 locum
3601 1303 3658 1357 in

2065 1401 2171 1456 quo
2201 1394 2310 1441 tota
2341 1387 2440 1441 ista
2483 1402 2642 1443 causa
2682 1388 2962 1456 consistit,
2995 1389 3084 1444 ubi
3119 1391 3377 1461 scriptum
3407 1403 3523 1460 est,
3555 1391 3662 1448 Per

2065 1493 2222 1530 unum
2249 1477 2502 1532 hominem
2533 1490 2792 1548 peccatum
2819 1479 3022 1534 intravit
3051 1497 3103 1534 tn
3127 1483 3370 1536 mundum
3397 1483 3574 1552 (Rom.
3599 1503 3660 1552 ν,

2067 1565 2180 1642 12),
2199 1577 2253 1622 et
2275 1578 2466 1623 caetera
2493 1569 2613 1624 huic
2647 1572 2922 1625 sententia:
2950 1571 3298 1628 Cohaereutia.
3327 1573 3436 1630 Nec
3463 1576 3514 1630 in
3548 1557 3658 1632 tam

2065 1658 2272 1728 prolixa
2293 1675 2384 1711 sua
2401 1658 2758 1728 disputatione
2773 1660 2928 1732 quod
2943 1660 3124 1716 dicitis
3148 1662 3295 1731 dicit,
3325 1679 3432 1719 non
3463 1681 3658 1737 pr0pa-

2066 1749 2277 1818 gatione
2301 1749 2514 1820 generis
2551 1749 2655 1806 hoc
2685 1761 2957 1820 peccatum
2983 1752 3034 1806 in
3061 1767 3248 1808 omnes
3274 1755 3538 1823 homines,
3561 1757 3660 1814 sed

2067 1839 2360 1896 imitatione
2383 1843 2636 1898 transisse
2651 1860 2666 1897 :
2681 1841 2788 1897 into
2803 1859 2832 1898 e
2849 1843 3118 1899 contrario
3142 1861 3300 1916 quam
3321 1862 3382 1902 se
3399 1864 3483 1903 res
3505 1851 3664 1905 aliter

2067 1929 2259 1986 habeat
2277 1947 2307 1986 a
2329 1934 2766 2004 eoepiscoporum
2789 1949 3006 1990 suorum
3024 1937 3300 1991 sententiis
3317 1955 3424 1994 non
3447 1939 3660 1996 dissen-

2069 2023 2247 2078 tiendo
2275 2023 2623 2080 demonstrat.
2659 2026 2796 2082 Dicit
2825 2028 2968 2082 enim
2994 2069 3009 2093 ,
3039 2029 3218 2084 omnia
3255 2041 3472 2100 peccato
3503 2034 3662 2102 primi

2069 2115 2299 2169 hominis
2319 2131 2438 2172 esse
2465 2118 2820 2172 contaminata
2847 2135 2860 2172 :
2881 2128 2935 2174 et
2960 2135 3026 2174 ne
3049 2119 3149 2174 hoc
3173 2135 3280 2174 non
3307 2123 3665 2190 generatione

2067 2208 2290 2276 carnali,
2318 2209 2410 2263 sed
2433 2209 2727 2266 imitatione
2753 2209 2986 2264 morali'
3007 2211 3201 2266 factum
3227 2221 3474 2282 putetur;
3505 2213 3660 2282 dicit,

2067 2297 2237 2352 Adam
2280 2309 2560 2370 prepterea
2599 2301 2800 2356 dictum
2845 2301 3070 2358 formam
3114 2303 3314 2370 futuri,
3357 2305 3476 2375 quia
3520 2307 3663 2362 sicut

2068 2388 2158 2444 ille
2187 2405 2253 2446 ex
2277 2392 2566 2463 semetipso
2597 2395 2940 2450 nascentibus
2959 2435 2977 2462 ,
3013 2397 3257 2466 quamvis
3293 2411 3400 2452 non
3429 2397 3660 2454 mand‘u-

2065 2484 2306 2538 caverint
2346 2483 2412 2539 dc
2440 2486 2581 2556 ligno
2607 2527 2620 2552 ,
2651 2485 2820 2542 factus
2844 2495 2926 2543 est
2954 2503 3114 2543 causa
3158 2490 3347 2546 mortis
3367 2533 3382 2556 ,
3410 2505 3528 2562 qua:
3560 2507 3662 2560 per

2067 2575 2245 2630 cibum
2269 2576 2481 2632 inducta
2503 2590 2622 2646 e5t;
2646 2581 2715 2634 ita
2735 2589 2789 2636 et
2813 2581 3056 2636 Christus
3077 2581 3142 2637 iis
3161 2583 3250 2652 qui
3279 2598 3346 2638 ex
3373 2583 3490 2653 ipso
3512 2593 3660 2652 sunt,

2070 2669 2284 2724 tametsi
2327 2669 2454 2724 nihil
2479 2669 2625 2742 juste
2651 2672 2893 2742 egerint,
2923 2672 3094 2728 factus
3121 2683 3202 2728 est
3235 2676 3478 2744 provisor
3496 2675 3671 2746 justi-

2069 2760 2189 2828 tite,
2222 2778 2380 2832 quam
2424 2779 2520 2834 per
2571 2779 2783 2820 crucem
2822 2765 3069 2821 omnibus
3105 2765 3446 2822 condonavit.
3492 2769 3667 2838 Dicit,

2071 2849 2314 2907 Judaeum
2361 2863 2646 2925 negantem
2693 2856 2892 2912 virtute
2943 2856 3098 2912 unius
3151 2855 3348 2911 Christi
3401 2859 3666 2914 mundum

2069 2959 2225 3014 posse
2254 2945 2444 3000 salvari
2469 2987 2486 3012 ,
2513 2947 2580 3002 de
2610 2949 2777 3019 ipsius
2803 2949 2959 3018 primi
2991 2949 3224 3005 hominis
3269 2961 3486 3020 peccato
3515 2953 3664 3007 refu-

2069 3036 2308 3102 tandum,
2340 3054 2446 3109 quo
2471 3055 2579 3096 uno
2606 3041 2946 3097 inobediente
2985 3041 3269 3097 damnatus
3295 3053 3379 3098 est
3409 3043 3664 3100 mundus.

2071 3127 2230 3193 Dicit,
2262 3145 2366 3184 non
2397 3130 2548 3185 valde
2575 3131 2966 3188 videri‘habere
2991 3133 3249 3189 rationem
3271 3175 3287 3200 ,
3321 3143 3375 3187 ut
3399 3135 3533 3189 alios
3559 3149 3666 3203 pro

2069 3221 2176 3276 alio
2198 3222 2498 3288 damnetur,
2523 3231 2579 3280 et
2603 3233 2779 3280 tamen
2809 3225 3145 3281 factumesse
3171 3241 3265 3296 per
3284 3225 3448 3280 Adam
3474 3243 3486 3278 :
3513 3226 3664 3282 unde

2069 3315 2241 3382 magis
2273 3314 2559 3382 persuadet
2600 3329 2720 3372 esse
2748 3315 3072 3371 credendum
3093 3358 3108 3382 ,
3137 3315 3274 3386 quod
3299 3315 3573 3370 decentius
3603 3325 3662 3371 et

2066 3404 2437 3460 rationabilius
2467 3417 2726 3477 apparet,
2757 3407 2949 3461 salvari
2991 3408 3154 3462 alium
3199 3423 3297 3477 pro
3337 3407 3478 3473 alio;
3511 3407 3664 3478 quod

2067 3495 2316 3566 impletur
2345 3495 2397 3550 in
2441 3495 2672 3553 Christo.
2708 3498 2837 3566 Quis
2865 3507 3042 3553 autem
3085 3513 3190 3552 non
3221 3497 3431 3564 videat,
3461 3499 3505 3552 si
3537 3514 3668 3568 pec-

2067 3599 2242 3644 eatum
2287 3591 2443 3661 primi
2477 3590 2710 3645 hominis
2751 3605 2854 3645 non
2898 3591 3279 3662 propagatione
3303 3631 3319 3656 ,
3347 3589 3442 3644 sed
3483 3590 3664 3644 imita-

2069 3680 2214 3738 tione
2255 3697 2354 3751 per
2380 3698 2568 3738 omnes
2599 3682 2841 3737 homines
2889 3683 3199 3752 pertransiit
3221 3724 3236 3748 ,
3267 3683 3534 3738 neminem
3564 3698 3668 3752 pro

2067 3773 2171 3828 alio
2191 3815 2206 3838 ,
2240 3772 2332 3827 sed
2375 3789 2472 3828 suo
2501 3773 2740 3828 damnari
2771 3788 3204 3844 unumquemque
3233 3783 3450 3843 peccato
3470 3815 3484 3840 ,
3517 3773 3670 3842 quod

2067 3879 2174 3919 non
2205 3864 2343 3918 alius
2370 3865 2420 3918 in
2452 3880 2572 3920 eum
2597 3863 2904 3934 generando
2933 3864 3246 3928 transmisit,
3269 3864 3361 3918 sed
3397 3863 3510 3932 ipse
3540 3863 3666 3918 imi-

2067 3955 2232 4011 tando
2253 3971 2348 4011 sua
2377 3957 2647 4011 voluntate
2675 3953 2981 4011 commisit?
3009 3955 3166 4022 Dicit,
3188 3971 3286 4025 per
3303 3955 3526 4026 gratiam
3551 3971 3668 4010 non

2067 4045 2194 4100 illud
2241 4063 2402 4101 unum
2453 4047 2819 4102 tantummodo
2863 4047 3018 4117 primi
3065 4047 3318 4113 hominis,
3361 4047 3456 4102 sed
3491 4047 3656 4101 etiam

2069 4147 2190 4208 post
2234 4137 2358 4191 illud
2412 4138 2732 4192 introeuntia
2777 4135 3056 4192 interfecta
3101 4151 3222 4191 esse
3269 4147 3506 4205 peccata.
3555 4135 3666 4192 Ubi.

2067 4229 2197 4283 satis
2227 4231 2404 4299 utique
2449 4229 2725 4300 distinguit
2769 4238 2989 4299 peccata
3039 4229 3370 4300 posteriora,
3399 4246 3517 4300 qua:
3553 4229 3666 4284 dici

2067 4331 2288 4389 possunt
2318 4320 2612 4376 imitatione
2646 4321 2929 4376 commissa
2950 4361 2966 4388 ,
2995 4322 3062 4376 ab
3090 4320 3184 4375 illo
3214 4337 3319 4376 uno
3342 4321 3484 4392 quod
3529 4337 3662 4392 pro-

2069 4411 2346 4480 pagatione
2391 4413 2820 4481 pertransiit:et
2849 4412 3084 4468 ostendit
3111 4423 3334 4482 utraque
3379 4411 3664 4467 interiecta

2067 4517 2188 4557 esse
2213 4519 2309 4573 per
2337 4505 2584 4574 gratiam,
2615 4515 2671 4559 ut
2700 4505 2993 4560 secundum
3020 4505 3264 4576 Apostoli
3309 4505 3662 4562 intentionem

2065 4597 2186 4667 plus
2210 4605 2463 4666 appareat
2505 4597 2766 4666 profuisse
2801 4597 3140 4668 regenerittio
3163 4640 3178 4664 ,
3213 4613 3371 4668 quam
3403 4607 3666 4654 nocuerat

2063 4688 2356 4756 generatio.
2385 4687 2472 4742 Sic
2497 4688 2638 4742 enim
2661 4689 2880 4758 exponit
2909 4687 3052 4758 quod
3078 4688 3278 4744 dictum
3306 4697 3389 4743 est
3415 4706 3430 4744 :
3459 4686 3527 4742 Et
3552 4705 3664 4743 non

2063 4777 2193 4831 sicut
2221 4777 2476 4844 delictum,
2506 4779 2576 4832 ita
2600 4787 2670 4832 est
2695 4789 2742 4833 et
2771 4779 2998 4833 donum:
3018 4797 3138 4832 nam
3158 4779 3417 4851 judicium
3445 4779 3652 4849 quidem

2065 4885 2128 4923 ea:
2150 4885 2252 4922 uno
2278 4870 2330 4922 in
2360 4870 2865 4936 condemnationem;
2889 4872 3056 4942 gratia
3082 4880 3248 4925 autem
3279 4888 3343 4926 ea:
3373 4871 3539 4924 multis
3565 4870 3661 4924 dc-

2065 4960 2195 5014 lictis
2215 4961 2267 5013 in
2279 4959 2699 5031 justiﬁcationem
2726 4961 2835 5034 (Id.
2868 4978 2919 5028 v,
2947 4963 3057 5034 16).
3081 4963 3196 5030 Qua
3221 4963 3506 5026 sententia,
3535 4943 3658 5016 inii-

2063 5054 2192 5108 tatio
2219 5054 2307 5108 illa
2336 5063 2515 5110 vestra
2538 5095 2554 5120 ,
2582 5055 2724 5125 qttod
2765 5065 2849 5110 est
2876 5055 3136 5110 novititun
3165 5055 3433 5126 Pelagiani
3458 5055 3663 5110 erroris

2059 5145 2577 5216 machinamentum,
2607 5148 2775 5204 Paulo
2801 5149 3047 5219 apostolo
3068 5149 3356 5212 scribente,
3382 5157 3434 5202 et
3453 5147 3666 5203 Joanne

2061 5242 2316 5311 episcopo
2344 5251 2651 5312 exponente
2691 5243 3038 5297 subvertitur.
3072 5241 3206 5296 Dicit
3245 5241 3404 5296 etiam
3443 5239 3512 5294 de
3543 5239 3665 5308 ipso

2060 5335 2363 5404 Baptismo,
2391 5350 2665 5406 exponens
2691 5334 2833 5405 quod
2871 5335 2946 5389 ait
2983 5333 3271 5406 Apostolus
3299 5373 3314 5396 ,
3347 5331 3666 5400 Quicumque

2060 5423 2300 5496 baptizali
2343 5442 2518 5480 sumus
2557 5427 2612 5479 in
2655 5410 2890 5492 Christo,
2919 5425 2973 5478 in
3014 5433 3176 5478 morte
3220 5423 3380 5491 ipsius
3415 5421 3664 5491 baptizati

2057 5532 2231 5570 sumus
2259 5513 2367 5588 (Id.
2397 5531 2452 5570 vx
2475 5556 2490 5582 ,
2518 5515 2608 5587 5),
2637 5515 2769 5570 nihil
2802 5530 2923 5572 esse
2959 5513 3105 5569 aliud
3151 5513 3207 5568 in
3247 5521 3422 5567 morte
3451 5510 3656 5565 Christi

2119 5652 2139 5724 ἶ
2169 5649 2463 5724 ἓίεῖ,¹ῗ¹⁰¹“ί³⁶·,
2591 5653 2734 5724 εδίὲίν
2751 5653 3019 5724 ίποέιεξττέδς..
3197 5713 3244 5724 _.
3303 5711 3337 5724 .,

2055 5714 2308 5827 ηῶνξὲἰιὶ,
2340 5713 2550 5766 mortali.
2591 5713 2772 5780 Aptius,
2798 5718 2890 5768 nisi
2927 5714 3160 5780 fallimur,
3197 5713 3511 5765 Floriacensis
3545 5713 3660 5770 ﬁsa.
3689 5736 3698 5744 -
