3984 6524
234 303 326 362 605

234 417 476 488 baptizari
495 458 513 484 ,
545 430 705 488 quam
734 424 954 486 peccato
979 411 1141 478 mori,
1176 412 1311 468 sicut
1339 411 1427 467 ille
1456 421 1697 466 mortuus
1727 418 1809 466 est

230 527 402 566 carne.
444 509 600 566 Unde
643 523 866 563 necesse
903 515 981 561 est
1025 515 1079 560 ut
1119 504 1321 574 parvuli
1365 513 1452 558 aut
1495 503 1546 558 in
1595 501 1805 556 Christo

228 620 327 657 non
350 602 366 633 ¹
409 601 768 669 baptizentur,
798 607 888 653 aut
919 599 962 652 si
1005 597 1360 667 baptizautur,
1391 597 1444 649 in
1488 604 1659 648 morte
1688 595 1804 662 ejus

227 693 590 762 baptizenlur;
624 705 688 744 ac
711 691 789 743 sic.
816 697 1029 759 peccato
1058 688 1153 758 ipsi
1175 701 1386 757 quoque
1417 685 1726 747 moriantur,
1751 693 1806 737 ct

226 786 340 856 quia
367 799 475 838 non
505 781 708 843 habent
750 781 1020 852 proprium
1043 820 1060 847 ,
1089 779 1157 832 ab
1194 779 1351 832 alieni
1396 778 1534 830 illius
1557 817 1571 839 ,
1603 776 1651 829 id
1681 784 1763 829 est
1789 815 1802 839 ,

225 876 509 947 originalis,
541 874 682 945 quod
710 875 948 929 omnium
974 887 1258 928 commune
1299 871 1494 925 factum
1523 879 1603 924 est
1623 911 1636 934 ,
1671 884 1803 924 con-

223 968 564 1022 taminatione
591 964 930 1020 mundentur.

288 1058 377 1113 54.
420 1057 516 1112 liis
547 1066 624 1112 tot
661 1071 725 1110 ac
752 1055 911 1109 tantis
953 1053 1180 1108 molibus
1222 1052 1453 1107 virorum
1499 1059 1800 1105 sanctorum

222 1147 605 1218 doctorumque
636 1147 879 1212 vallatus,
908 1145 1080 1200 adhuc
1115 1161 1318 1198 causam
1347 1156 1567 1197 nostram
1599 1143 1802 1212 putabis

226 1240 420 1292 nullum
450 1251 753 1292 assertorem
783 1240 845 1292 de
873 1247 1011 1291 tanta
1035 1237 1352 1290 multitudine
1374 1237 1591 1289 invenire
1607 1235 1800 1303 potuis-

222 1330 310 1384 se!
333 1334 412 1383 An
447 1338 649 1383 tantam
695 1328 1100 1382 consensionem
1132 1326 1466 1382 sacerdotum
1506 1323 1796 1378 catholico-

223 1438 355 1487 rum,
383 1421 812 1491 conspirationem
839 1419 1074 1474 dicturus
1103 1433 1160 1474 es
1182 1417 1527 1488 perditorum?
1547 1416 1654 1471 Nec
1673 1431 1800 1481 san-

223 1523 354 1566 ctum
375 1512 782 1583 Hieronymum,
803 1509 922 1581 quia
938 1509 1214 1580 presbyter
1227 1508 1340 1574 fuit,
1356 1506 1797 1562 contemnendum

223 1603 490 1658 arbiti-eris
515 1647 531 1669 ,
563 1604 652 1674 qui
682 1619 856 1674 graeco
885 1611 938 1657 et
979 1603 1174 1666 latino,
1209 1603 1424 1669 insuper
1453 1611 1504 1654 et
1548 1599 1760 1653 lu-bra-o
1782 1641 1795 1662 ,

222 1697 454 1751 eruditus
485 1697 718 1765 eloquio,
749 1711 811 1748 ex
839 1695 1156 1750 occidentali
1185 1693 1249 1748 ad
1281 1694 1590 1747 orientalem
1625 1703 1797 1745 trans-

223 1789 331 1843 iens
359 1787 656 1842 Ecclesium
677 1829 691 1851 ,
724 1787 775 1840 in
808 1787 938 1841 locis
966 1787 1164 1840 sanctis
1193 1794 1349 1855 atque
1379 1786 1429 1839 in
1468 1785 1680 1838 Litteris
1711 1801 1797 1838 sa-

226 1881 345 1942 cris,
378 1895 550 1949 usque
577 1879 643 1933 ad
672 1878 996 1948 decrepitam
1037 1878 1163 1931 vixit
1192 1886 1400 1931 mtalem
1421 1879 1442 1908 '
1467 1897 1479 1932 :
1508 1893 1799 1946 omnesque

221 1976 300 2028 vel
346 1992 485 2045 pene
529 1991 720 2030 omnes
750 1975 838 2045 qui
879 1983 1001 2028 ante
1046 1974 1192 2028 illum
1240 1973 1438 2042 aliquid
1481 1989 1545 2026 ex
1575 1982 1798 2038 utraque

219 2077 362 2136 parte
390 2066 541 2120 orbis
570 2065 636 2120 de
662 2065 900 2120 doctrina
918 2065 1269 2120 ecclesiastica
1293 2064 1616 2134 scripserant
1646 2064 1792 2133 lt'gil,

219 2173 311 2212 nec
337 2157 497 2210 aliam
525 2155 594 2210 de
636 2156 733 2210 hac
764 2173 819 2210 re
847 2157 1011 2210 tenuit
1053 2156 1412 2227 prompsitque
1455 2155 1794 2211 sententiam.

217 2251 456 2316 Quicum
504 2256 800 2316 exponeret
841 2248 1026 2302 Jonam
1074 2248 1423 2317 prophetam,
1465 2248 1798 2316 apertissime

216 2340 359 2401 dixit,
379 2338 522 2409 quod
550 2338 699 2391 etiam
717 2339 914 2408 parvuli
943 2349 1141 2408 peccato
1157 2337 1452 2406 o/I'endentis
1470 2339 1629 2392 Adam
1659 2351 1798 2392 tene-

214 2443 381 2484 mttur
404 2430 614 2483 obnoxii
643 2428 732 2500 (In
761 2447 874 2499 cap.
903 2430 937 2485 5
958 2429 1000 2501 ).
1030 2429 1172 2484 Itane
1199 2439 1343 2483 tuum
1373 2429 1453 2484 sic
1480 2429 1680 2482 ainabis
1709 2445 1796 2482 er-

214 2538 406 2585 rorem,
440 2522 493 2575 in
523 2537 683 2591 quem
707 2521 924 2590 juvenili
949 2521 1264 2575 confidentia
1291 2531 1344 2575 et
1387 2520 1618 2574 humano
1647 2521 1796 2589 lapsu

215 2613 476 2668 incautius
517 2611 803 2679 decidisti,
837 2621 893 2666 ut
920 2613 986 2666 ab
1017 2612 1132 2666 istis
1171 2613 1444 2667 catholica:
1486 2613 1700 2666 unitatis
1743 2620 1792 2667 et

221 2705 462 2759 veritatis
515 2706 921 2768 sacerdotibus,
970 2720 1033 2758 ex
1078 2703 1301 2758 diversis
1347 2704 1492 2758 orbis
1539 2714 1796 2760 terrarum

214 2797 452 2867 partibus
482 2806 622 2849 tanta
659 2797 798 2850 inter
826 2812 883 2850 se
908 2796 1026 2849 fidei
1055 2795 1332 2849 concordia
1357 2796 1792 2864 congruentibus,

219 2890 274 2942 in
301 2898 408 2941 tam
436 2903 616 2958 magna
645 2903 824 2948 causa,
856 2888 943 2940 ubi
966 2888 1266 2942 christianm
1295 2887 1566 2955 rcligiou‘s
1589 2903 1794 2942 summa

228 2977 499 3040 consistit,
529 2992 629 3030 non
671 2978 845 3030 solum
875 2977 1188 3042 dissentire,
1217 2975 1308 3030 sed
1337 2992 1429 3030 eos
1465 2977 1661 3030 audeas
1686 2977 1794 3030 Ma-

232 3067 462 3122 niclueos
487 3069 694 3136 insuper
739 3069 1084 3138 nuncupare?
1112 3067 1260 3136 Quod
1293 3068 1338 3122 si
1366 3084 1468 3122 non
1500 3068 1628 3122 facis
1649 3111 1664 3136 ,
1699 3084 1797 3124 nec

222 3159 351 3213 mihi
392 3158 490 3214 hoc
523 3160 665 3230 juste
712 3161 840 3214 facis
864 3202 881 3227 ,
912 3154 1070 3230 quem
1115 3161 1289 3214 cernis
1337 3160 1388 3214 iu
1420 3160 1604 3213 eadem
1634 3176 1794 3215 causa

217 3249 654 3319 disputationibus
691 3252 862 3314 meis,
891 3251 1080 3321 quibus
1120 3249 1374 3305 adversus
1422 3266 1506 3304 me
1545 3249 1796 3306 ferociter

216 3342 453 3410 irritaris,
479 3343 692 3397 illorum
721 3354 960 3397 secutum
986 3343 1147 3398 fuisse
1171 3343 1408 3412 vestigia.
1435 3343 1488 3398 Si
1513 3352 1685 3396 autem
1709 3358 1794 3398 me

215 3434 379 3488 solum
413 3434 504 3488 tali
534 3434 778 3504 aspergis
797 3433 1104 3504 opprobrio,
1135 3450 1237 3488 non
1263 3433 1331 3488 ob
1357 3433 1518 3498 aliud,
1550 3434 1648 3487 nisi
1671 3434 1793 3504 quia

216 3525 276 3579 de
307 3535 526 3593 peccato
571 3525 725 3595 primi
757 3525 990 3580 hominis
1011 3525 1150 3595 quod
1186 3527 1418 3580 sentiunt
1439 3527 1630 3592 sentio,
1652 3526 1792 3596 quod

218 3624 387 3668 tenent
413 3623 596 3680 teneo,
617 3613 758 3686 quod
788 3615 1072 3684 przedicant
1090 3615 1350 3684 praedico;
1374 3617 1491 3686 quis
1519 3626 1570 3670 te
1592 3633 1695 3670 non
1720 3617 1796 3670 vi-

215 3705 330 3759 deat
353 3707 406 3760 in
436 3723 525 3762 me
552 3717 794 3778 apertum
815 3707 1018 3778 jactare
1044 3709 1362 3776 convicium,
1393 3710 1460 3763 de
1486 3709 1592 3764 illis
1616 3711 1794 3765 occul-

217 3805 318 3850 tum
345 3797 560 3866 quidem
581 3840 596 3862 ,
626 3798 720 3852 sed
749 3806 923 3852 tamen
949 3799 1125 3854 simile
1167 3799 1362 3854 habere
1403 3799 1700 3868 judicium?
1729 3803 1795 3858 Et

218 3894 384 3942 tamen
411 3888 766 3943 consideratis
788 3929 804 3952 ,
833 3898 892 3943 ιιι
920 3889 1020 3943 alia
1053 3899 1253 3944 taceam
1276 3933 1291 3956 ,
1320 3891 1402 3944 vel
1429 3891 1647 3946 Joannis
1674 3894 1792 3964 epi-

220 3981 354 4048 scopi
383 3981 563 4035 verbis
583 3981 649 4034 de
667 3990 852 4037 nostro
882 3991 1102 4051 paterno
1121 3983 1473 4054 chirographo
1498 3985 1639 4054 quod
1660 3987 1792 4040 scri-

220 4071 315 4140 psit
342 4072 533 4139 Adam,
568 4089 688 4144 qua:
713 4074 875 4129 verba
907 4074 960 4129 in
986 4090 1050 4129 eo
1076 4089 1344 4143 sermone,
1368 4077 1510 4133 unde
1534 4079 1672 4149 quod
1703 4096 1791 4134 vo-

217 4162 416 4217 voluisti
463 4165 763 4233 protulisti,
800 4165 1065 4220 invenisse
1107 4176 1158 4221 te
1201 4167 1400 4232 credo;
1433 4169 1512 4222 vel
1555 4170 1791 4241 episcopi

219 4252 502 4319 Ambrosii,
550 4254 693 4325 quod
738 4255 806 4310 de
855 4257 1232 4312 commixtione
1275 4259 1436 4312 maris
1479 4268 1533 4314 et
1582 4260 1792 4316 femina:

221 4344 383 4398 nullus
413 4354 590 4414 potest
626 4361 816 4414 expers
845 4361 963 4401 esse
1006 4348 1240 4416 peccati,
1271 4365 1389 4418 quae
1434 4349 1485 4404 in
1514 4367 1632 4405 meo
1657 4353 1791 4407 libro

222 4431 409 4502 legisti,
442 4436 536 4489 sed
565 4436 616 4489 in
645 4437 749 4490 tuis
776 4437 1032 4506 attingere
1060 4439 1311 4503 timuisti;
1349 4441 1448 4495 etsi
1479 4456 1660 4496 coram
1690 4444 1788 4497 bo-

224 4524 437 4579 tuiuibus
463 4527 530 4580 sit
551 4526 683 4581 dura
711 4526 856 4604 frons
879 4537 989 4595 tua,
1014 4529 1277 4585 erubescit
1300 4547 1482 4585 coram
1509 4532 1617 4587 Deo
1639 4549 1790 4590 mens

225 4619 325 4666 tua.
455 4686 458 4692 Ι

285 4706 366 4762 55.
407 4707 518 4779 Ego
542 4710 756 4779 quidem
785 4726 882 4781 pro
922 4711 1202 4767 dilectione
1229 4730 1346 4784 qua:
1392 4716 1521 4770 mihi
1550 4728 1632 4772 est
1661 4733 1786 4790 erga

226 4804 288 4860 te,
312 4815 462 4869 quam
498 4801 607 4856 Deo
649 4803 880 4873 propitio
904 4803 1227 4873 quibuslibet
1265 4808 1517 4863 conviciis
1553 4811 1691 4864 absit
1733 4821 1790 4866 ut

225 4887 279 4942 de
303 4873 544 4947 medullis
574 4893 677 4947 mei
721 4894 896 4948 cordis
923 4898 1204 4967 exstirpcs,
1239 4888 1450 4954 mallem
1472 4941 1487 4966 ,
1520 4902 1590 4956 fili
1620 4903 1786 4958 Julia-

225 4992 301 5044 ne,
330 4990 383 5034 ιιι
405 4983 682 5046 iuventute
706 4985 923 5039 nusliore
949 4995 1106 5055 atque
1132 4987 1348 5045 fortiore
1371 5001 1420 5046 te
1443 4993 1705 5062 vinceres,
1734 5004 1790 5050 et

225 5073 596 5130 animositatem
649 5076 805 5147 (quid
850 5079 990 5133 aliud
1043 5096 1199 5151 quam
1248 5083 1534 5139 humanam
1551 5085 1595 5158 ?)
1623 5128 1640 5155 ,
1683 5103 1784 5156 qua

224 5165 356 5232 Cupis
382 5175 542 5226 tuam.
573 5170 974 5240 qualiscumque
1003 5173 1092 5238 sit,
1122 5178 1370 5244 quoniam
1411 5187 1494 5232 tua
1515 5179 1624 5248 jam
1649 5179 1785 5238 facta

220 5265 311 5324 est,
339 5260 624 5329 praevalere
655 5264 996 5332 sententiam,
1021 5269 1318 5336 p0tentiore
1345 5269 1539 5340 pietate
1563 5288 1786 5344 supera-

275 5371 290 5437 ξ
321 5372 403 5437 ῌίρ
422 5373 702 5434 particulam
722 5383 986 5437 negantem
1009 5380 1313 5431 restituimus
1331 5395 1392 5431 ex
1418 5390 1524 5434 Mss.

273 5433 752 5509 Aliovanieqses
784 5433 871 5509 ῥιιΔ
900 5437 1105 5501 Belgicis
1123 5447 1245 5509 _ltss.
1285 5433 1602 5509 addiderant,
1643 5447 1788 5509 cujus

213 5493 338 5563 νὴ
357 5495 595 5563 Mum
617 5495 690 5563 αθ-
709 5496 900 5563 mw
943 5493 1091 5563 “alue
1115 5501 1166 5551 in
1205 5493 1511 5555 occidenth
1532 5493 1602 5557 aii

213 5551 776 5618 meadis'resptendtdt.
802 5567 918 5608 Tum
938 5551 1255 5670 sequebatur,
1277 5551 1786 5634 'uiéaiiiiiei'iei'ﬁﬁé

213 5626 382 5670 unm,
395 5626 488 5666 etc.
501 5619 592 5666 Sed
614 5619 788 5668 absunt
808 5624 956 5670 verba
981 5623 1010 5670 il
1032 5636 1059 5670 a
1084 5637 1179 5670 non
1201 5628 1342 5670 modo
1363 5630 1423 5670 ab
1438 5632 1786 5670 τιιιιίηιιίηιιιιιηι

209 5619 592 5693 W‘ew.’
614 5619 956 5693 “Wire”?
981 5619 1070 5693 ίηει
1084 5637 1179 5693 "9.“
1201 5619 1342 5693 m1000
1363 5630 1423 5676 ah
1438 5619 1786 5693 antiquioribus

209 5677 370 5739 alitis.
388 5679 476 5730 sed
503 5681 648 5731 etiam
671 5692 698 5731 ι
719 5680 964 5734 Gallicanis
983 5691 1036 5737 et
1057 5688 1289 5738 Vaticanis
1309 5677 1566 5757 manuscrii'
1578 5677 1656 5744 tis.

1601 293 1798 350 LIBER
1838 284 2106 352 PRIMUS.

1913 425 2034 474 res;
2067 422 2119 468 et
2148 413 2285 469 sicut
2313 413 2564 486 Polemo,
2595 418 2812 476 luxuria:
2854 423 3066 478 coronis
3094 427 3289 482 sensim
3317 431 3496 502 capite

1913 499 2164 557 detractis
2192 505 2375 574 eisque
2409 509 2626 576 objectis
2650 551 2662 573 ,
2698 529 2909 567 manum
2942 516 3100 584 pallio
3129 499 3403 587 subdidit,
3432 540 3492 578 os

1911 601 1965 646 et
2010 595 2208 648 vultum
2254 595 2500 653 formavit
2544 601 2606 654 ad
2656 607 3057 676 verecundiam,
3089 609 3154 664 ad
3193 621 3492 668 extremum

1914 693 2080 737 totum
2110 700 2166 739 se
2199 687 2303 751 illi,
2331 689 2395 741 ad
2423 707 2578 760 quctn
2611 693 2956 752 deridendum
2989 711 3222 767 venerat,
3258 703 3493 772 discipu-

1913 777 2020 832 lum
2054 780 2302 845 tradidit;
2331 783 2408 836 sic
2433 794 2485 837 ct
2522 794 2574 839 tu
2606 786 2940 858 loquentibus
2983 794 3072 848 tibi
3108 805 3182 849 tot
3215 799 3490 852 venerabi-

1911 867 2047 926 libus
2077 871 2218 935 viris,
2253 875 2582 944 maximeque
2612 880 2861 950 episcopo
2888 885 3166 940 Ambrosio
3197 889 3246 942 in
3271 888 3488 960 integri-

1911 969 2014 1015 tate
2040 965 2312 1019 catholica:
2353 966 2471 1022 fidei
2501 972 2662 1024 etiam
2709 975 2779 1026 tui
2813 977 2934 1029 mali
2964 978 3196 1036 doctoris
3231 995 3283 1038 et
3327 983 3488 1038 dece-

1911 1053 2074 1119 ptoris
2104 1070 2196 1110 ore
2243 1057 2452 1111 laudato
2476 1101 2490 1126 ,
2537 1070 2590 1114 ct
2626 1065 2889 1134 episcopis
2933 1068 3126 1124 Basilio
3164 1082 3215 1126 et
3245 1073 3484 1140 Joanne,

1907 1159 2040 1212 quos
2071 1154 2121 1198 tu
2159 1163 2368 1216 quoque
2411 1151 2460 1203 in
2493 1154 2686 1207 sanctis
2714 1158 2975 1212 ertulitis‘
3008 1162 3231 1215 veridica
3264 1175 3484 1219 attesta-

1911 1235 2052 1289 tione
2083 1239 2324 1306 posuisti,
2352 1252 2595 1312 tanquam
2625 1261 2850 1303 coronas
2871 1250 3200 1307 ebriosorum
3229 1256 3486 1322 alijiccrcs

1908 1325 2088 1381 laudes
2119 1327 2544 1400 Pelagianorum,
2567 1337 2753 1405 quibus
2785 1348 3031 1410 tanquam
3056 1359 3274 1412 magnus
3301 1360 3484 1400 eorum

1906 1416 2154 1472 defensor
2200 1422 2506 1487 extolleris;
2554 1435 2606 1479 et
2643 1427 2858 1496 stilum,
2901 1441 2958 1484 ιιι
3005 1432 3185 1486 mitius
3229 1433 3483 1503 dixerim,

1905 1512 2370 1579 contumeliosum,
2402 1530 2507 1570 non
2537 1526 2784 1589 tanquam
2827 1522 2986 1590 pallio
3013 1525 3227 1592 pudoris
3253 1525 3482 1582 abscon-

1904 1601 2077 1665 dercs,
2111 1605 2202 1658 sed
2235 1617 2478 1676 tauquam
2509 1626 2663 1663 manu
2693 1614 3054 1670 etnendatiore
3079 1617 3481 1687 confringeres;

1907 1700 2157 1762 tuumque
2191 1706 2372 1763 peetus
2403 1699 2620 1754 veritate
2647 1703 3054 1771 complendum,
3083 1723 3185 1760 non
3215 1708 3485 1765 Platonico

1905 1781 2222 1848 Xenocrati,
2256 1787 2348 1839 sed
2392 1789 2504 1841 istis
2530 1792 2888 1848 sacerdotibus
2917 1795 3248 1864 Christianis,
3282 1800 3358 1854 vel
3391 1815 3483 1870 po-

1906 1875 2081 1928 tiusiu
2109 1877 2186 1929 eis
2231 1876 2327 1945 ipsi
2376 1879 2595 1931 Domino
2623 1881 2860 1946 Christo,
2892 1902 2994 1940 non
3039 1889 3181 1941 velut
3206 1889 3294 1958 qui
3339 1905 3479 1944 nunc

1907 1967 2129 2035 primum
2162 1971 2372 2022 veneris
2397 2012 2409 2034 ,
2441 1971 2674 2025 traderes
2693 2016 2706 2037 ,
2738 1975 2833 2027 sed
2861 1977 3004 2031 velut
3027 1980 3114 2047 qui
3145 1995 3443 2034 recesseras
3463 2022 3480 2046 ,

1903 2059 2173 2113 redderes.
2203 2060 2352 2126 Quod
2385 2053 2432 2114 si
2464 2063 2553 2116 tibi
2583 2066 2860 2119 consilium
2890 2084 3062 2122 nicum
3090 2071 3352 2140 diSplicet,
3383 2088 3481 2143 age

1903 2160 1959 2204 ut
1988 2151 2177 2218 placet.
2213 2153 2322 2220 Ego
2347 2153 2486 2207 enim
2519 2163 2571 2207 et
2597 2155 2638 2208 si
2671 2168 2942 2212 correctus
2974 2159 3155 2226 fueris,
3181 2179 3302 2232 qure
3324 2164 3344 2194 ¹
3376 2179 3483 2217 ma-

1897 2239 2012 2310 jora
2045 2251 2160 2294 vota
2192 2258 2306 2296 mea
2338 2254 2480 2309 sunt,
2509 2244 2862 2302 abundantius
2891 2242 3314 2324 cumulatiusque
3343 2270 3479 2324 gau-

1903 2329 2040 2385 debo
2066 2349 2080 2384 :
2108 2342 2161 2387 et
2205 2334 2278 2395 si,
2321 2333 2460 2404 quod
2505 2337 2799 2405 abominor,
2832 2340 2882 2393 in
2915 2339 3013 2395 hac
3058 2344 3314 2412 pravitate
3356 2359 3482 2413 per-

1903 2425 2165 2480 manseris
2187 2468 2204 2490 ,
2233 2442 2296 2480 ex
2325 2431 2622 2500 opprobriis
2661 2432 2761 2484 tuis
2799 2432 3124 2488 fructuosum
3157 2435 3362 2490 habebo
3382 2478 3396 2496 .
3427 2445 3481 2491 et

1901 2532 1999 2587 pro
2026 2535 2110 2573 me
2135 2521 2366 2575 caelestis
2393 2522 2653 2578 mercedis
2682 2535 3042 2595 augmentum,
3067 2536 3121 2582 et
3149 2527 3216 2583 de
3239 2536 3290 2584 te
3316 2530 3482 2585 mise-

1901 2609 2123 2663 ricordis
2153 2610 2351 2664 doloris
2376 2613 2638 2667 aculeum.

1971 2697 2197 2755 CAPUT
2227 2701 2335 2756 \‘lll
2364 2700 2460 2774 (τι).
2505 2733 2572 2742 -
2595 2705 2682 2759 56.
2705 2704 2811 2760 Sed
2842 2707 3088 2776 quoniam
3110 2707 3218 2778 jam
3241 2711 3476 2777 ostendi,

1901 2801 2027 2860 quot
2045 2804 2096 2846 et
2113 2793 2295 2862 quales
2313 2803 2362 2847 et
2379 2805 2602 2864 quantos
2615 2796 2754 2852 viros
2774 2797 2896 2853 fidei
2918 2800 3192 2856 catholicae
3220 2803 3480 2858 defenso-

1900 2897 1986 2935 res
2015 2891 2173 2953 atque
2188 2884 2432 2939 doctores
2451 2885 2608 2941 falsos
2640 2887 2798 2941 facias
2828 2889 3144 2945 Manichteos
3170 2909 3184 2958 ;
3227 2892 3474 2961 audijatn

1903 2988 2207 3043 parumper,
2239 2976 2498 3030 inerudita
2525 2979 2820 3034 temeritate
2847 2991 3098 3050 quantum
3139 2999 3292 3036 veros
3320 2983 3474 3051 adju-

1899 3077 1992 3116 ves
2021 3063 2355 3119 Manicharos.
2388 3065 2498 3120 lloc
2536 3067 2675 3123 cnim
2709 3084 2793 3123 mc
2823 3070 3056 3124 secundo
3083 3071 3478 3141 locodisputa-

1901 3153 2057 3208 tionis
2087 3170 2219 3209 mea:
2250 3155 2736 3211 demonstraturum
2767 3173 2884 3212 esse
2913 3161 3148 3228 promisi.
3180 3162 3476 3230 Mauiehmi,

1898 3243 2040 3315 quod
2078 3246 2236 3300 etiam
2281 3255 2330 3301 te
2372 3247 2500 3302 satis
2531 3264 2688 3304 nosse
2727 3249 3004 3316 indicasti,
3049 3251 3180 3307 duas
3222 3263 3477 3320 naturas,

1899 3345 2056 3390 unam
2085 3336 2208 3392 boni
2230 3379 2244 3403 ,
2273 3338 2495 3393 alteram
2526 3340 2650 3394 mali
2674 3381 2690 3407 ,
2732 3355 2798 3394 ex
2828 3341 3049 3397 diversis
3073 3352 3230 3413 atque
3256 3345 3394 3399 inter
3421 3360 3481 3400 se

1897 3426 2136 3481 adversis
2177 3428 2566 3497 coarternisque
2608 3431 2919 3501 principiis,
2949 3433 3181 3489 vanitate
3223 3434 3478 3504 sacrilega

1898 3515 2111 3570 nefandi
2185 3520 2384 3572 erroris
2486 3519 2760 3575 inducunt.
2820 3522 3014 3576 Contra
3052 3539 3216 3594 _quos
3290 3526 3477 3580 catho-

1901 3609 1997 3661 lica
2029 3608 2176 3674 ﬁdes,
2215 3610 2303 3664 Dei
2332 3611 2696 3666 tantummodo
2734 3613 2850 3667 sine
2889 3613 3038 3668 initio
3067 3625 3305 3669 naturam
3339 3632 3478 3685 prm-

1897 3698 2056 3763 dicat,
2088 3701 2277 3754 summi
2308 3702 2504 3756 scilicet
2527 3710 2686 3773 atque
2712 3704 3160 3759 incommutabilis
3189 3706 3341 3770 boni,
3373 3707 3474 3761 hoc

1896 3798 1997 3854 est,
2031 3790 2169 3844 illius
2200 3790 2478 3846 iuetTaoilis
2501 3792 2773 3849 Trinitatis
2799 3812 2812 3849 :
2835 3810 2865 3848 a
2903 3810 3012 3864 quo
3035 3811 3274 3861 summo,
3307 3807 3361 3850 ut
3391 3797 3477 3851 di-

1896 3889 2037 3934 ctum
2067 3890 2176 3946 est,
2205 3889 2363 3950 atque
2394 3882 2809 3938 incommutabili
2850 3884 2989 3938 bono
3015 3887 3312 3941 universam
3345 3903 3477 3940 cou-

1898 3970 2064 4024 ditam
2093 3971 2220 4025 dicit
2251 3986 2368 4026 esse
2391 3982 2709 4040 creaturam,
2737 3984 3059 4045 naturasque
3082 3991 3268 4031 omnes
3290 3976 3480 4044 bonas,

1896 4063 2137 4130 quamvis
2183 4062 2411 4131 impares
2459 4063 2735 4130 Creatori,
2763 4066 2885 4134 quia
2927 4083 2990 4121 ex
3035 4068 3200 4122 nihilo
3230 4080 3476 4134 creatas,

1897 4152 2122 4221 ideoque
2162 4154 2444 4208 mutabiles
2471 4173 2485 4210 :
2510 4155 2578 4208 ita
2613 4166 2666 4208 ιιι
2703 4157 2920 4211 omnino
2963 4158 3107 4213 nulla
3149 4168 3332 4213 natura
3371 4160 3477 4226 sit,

1895 4259 2013 4314 qua:
2043 4261 2148 4299 non
2179 4256 2268 4300 aut
2296 4246 2409 4315 ipse
2439 4247 2524 4313 sit,
2557 4257 2648 4302 aut
2677 4249 2744 4304 ab
2771 4249 2884 4320 ipso
2913 4250 3045 4305 facta
3077 4252 3177 4317 sit;
3213 4260 3269 4306 ut
3308 4270 3478 4322 quan-

1895 4345 2176 4407 tacumque
2213 4348 2304 4394 aut
2332 4341 2734 4414 qualiscumque
2780 4352 2965 4398 natura
3005 4344 3110 4410 sit,
3145 4345 3195 4399 in
3223 4356 3478 4417 quantum

1895 4444 2084 4489 natura
2116 4444 2219 4502 est,
2247 4434 2442 4490 bonum
2473 4438 2561 4490 sit.

1963 4526 2053 4581 57.
2094 4525 2350 4594 Quaerunt
2380 4527 2554 4597 itaque
2578 4543 2607 4581 a
2653 4528 2824 4596 nobis,
2855 4529 2996 4584 unde
3020 4530 3088 4584 sit
3113 4529 3332 4584 malum.
3375 4529 3480 4584 Re-

1893 4617 2237 4686 spondemus,
2253 4617 2330 4671 Ex
2347 4618 2507 4683 bono,
2523 4617 2614 4672 sed
2639 4633 2740 4672 non
2761 4635 2970 4673 summo
2988 4629 3042 4675 et
3062 4620 3478 4676 ineommutabili

1893 4707 2052 4762 bono.
2096 4707 2173 4761 Ex
2205 4710 2358 4764 bonis
2388 4708 2547 4778 igitur
2577 4709 2914 4766 inferioribus
2943 4721 3101 4781 atque
3139 4711 3478 4768 mutabilibus

1893 4809 2006 4855 orta
2036 4809 2159 4854 sunt
2184 4799 2340 4853 mala.
2371 4799 2498 4868 Qua:
2531 4801 2666 4856 mala
2697 4802 2818 4856 licet
2845 4802 3197 4871 intelligamus
3227 4818 3330 4857 non
3359 4819 3481 4860 esse

3395 316 3501 374 66‘;

3518 4601 3531 4666 ι

3529 4675 3548 4776 ι

1892 4901 2128 4958 naturas,
2171 4891 2266 4948 sed
2296 4893 2418 4946 vitia
2448 4889 2794 4947 naturarum:
2831 4903 3003 4951 tamen
3035 4897 3191 4950 simul
3224 4896 3478 4968 intelligi-
3535 4951 3540 4956 ,

1893 5000 2012 5039 mus
2040 5000 2120 5048 ea,
2151 4985 2251 5038 nisi
2282 5000 2346 5040 ex
2371 4985 2632 5054 aliquibus
2659 4996 2712 5040 et
2752 4987 2804 5040 in
2837 4987 3100 5058 aliquibus
3130 4989 3333 5044 naturis
3362 5005 3480 5045 85st:
3529 4989 3536 5060 ξ

1893 5092 1998 5130 non
2035 5092 2232 5147 posse;
2279 5092 2376 5132 nec
2419 5076 2616 5146 aliquid
2646 5092 2764 5132 esse
2791 5078 3007 5146 malmn,
3053 5079 3154 5133 nisi
3181 5096 3210 5134 a
3241 5080 3480 5136 bonitate

1893 5167 2175 5221 defectum.
2219 5165 2324 5221 Sed
2350 5165 2499 5236 cujus
2527 5165 2816 5232 defectum,
2846 5167 2946 5222 nisi
2976 5168 3199 5239 alicujus
3230 5169 3344 5224 sine
3376 5170 3480 5225 du-

1892 5266 2147 5314 bitattoue
2185 5261 2426 5312 naturai?
2464 5262 2595 5325 Quia
2623 5267 2676 5314 et
2718 5263 2831 5329 ipsa
2857 5263 3102 5316 voluntas
3142 5263 3302 5326 mala,
3339 5275 3478 5314 non-

1892 5349 1992 5404 nisi
2019 5349 2245 5420 alicujus
2267 5349 2507 5404 voluntas
2537 5357 2618 5404 est
2644 5353 2876 5420 profecto
2906 5359 3127 5405 naturae.
3160 5351 3227 5406 Et
3256 5351 3479 5420 angelus

1891 5441 2086 5513 quippe
2121 5451 2176 5498 et
2213 5443 2374 5498 homo
2402 5453 2604 5498 natura:
2641 5453 2784 5498 sunt.
2833 5443 2947 5498 Non
2974 5445 3116 5500 enim
3155 5453 3328 5516 potest
3357 5458 3478 5500 esse

1955 5575 1972 5608 ί
2008 5573 2320 5624 Floriacensis
2340 5579 2446 5633 113.,
2478 5570 2530 5624 in
2550 5574 2728 5626 sanctis
2743 5571 2926 5628 Litteris
2940 5571 3161 5626 eruditas.

1953 5638 1975 5668 ³
2009 5636 2142 5694 Editi,
2168 5636 2220 5698 in
2249 5647 2360 5698 quo.
2384 5642 2476 5686 Mss
2498 5669 2514 5695 ,
2538 5647 2666 5698 mue.

1952 5699 2024 5762 (τι)
2062 5707 2108 5760 Αι
2127 5697 2191 5747 ιιιι
2217 5697 2316 5746 Am.
2344 5704 2395 5748 et
2414 5703 2489 5747 Er.
2504 5730 2522 5760 ,
2542 5704 2685 5762 caput
2705 5697 2754 5749 ὅ.

3529 5133 3538 5226 ἒ
