3984 6504
563 325 667 384 667

562 441 758 498 nullius
771 442 1030 510 voluntas,
1044 441 1255 512 quando
1268 450 1348 496 est
1364 441 1626 496 voluntas.
1649 439 1719 496 Et
1741 447 1946 495 tantum
1967 438 2144 493 valent

561 535 763 586 eaadem
785 531 1174 598 voluntates,ut
1189 546 1372 586 earum
1399 540 1728 598 naturarum,
1750 544 1972 600 quarum
1996 536 2138 592 sunt,

561 621 755 678 faciam
774 625 1073 693 qualitates.
1104 623 1234 678 Nam
1252 625 1294 678 si
1322 633 1608 694 quaeratur,
1642 623 1812 693 qualis
1833 622 1903 676 sit
1925 620 2141 690 angelus

561 707 644 760 vel
685 706 842 760 homo
871 707 1025 761 mala:
1057 707 1338 762 voluntatis
1375 724 1388 760 :
1432 706 1726 761 rectissime
1761 703 2135 774 respondetur,

557 795 755 860 Malus;
787 797 954 866 magis
973 797 1238 866 accipiens
1265 797 1533 868 qualitatis
1551 811 1746 851 nomen
1768 811 1832 850 ex
1863 794 2140 849 voluntate

559 886 718 952 mala,
748 903 906 957 quam
935 903 999 943 ex
1029 897 1214 943 natura
1243 889 1400 944 bona.
1425 889 1684 957 Quoniam
1706 895 1894 942 natura
1918 893 2001 940 est
2025 886 2137 954 ipsa

555 977 850 1033 substantia
869 981 1180 1040 «thouitatis
1196 991 1247 1036 et
1261 981 1471 1036 malitia:
1491 997 1550 1036 ca
1558 996 1656 1052 pax
1677 999 1690 1034 :
1709 980 1960 1035 bonitatis
1972 994 2140 1048 capax

551 1075 658 1134 est,
685 1070 1086 1140 participatione
1107 1073 1228 1128 boni
1249 1089 1278 1127 a
1299 1088 1404 1143 quo
1425 1072 1560 1128 facta
1576 1081 1660 1127 est
1690 1089 1704 1124 :
1735 1071 1989 1126 malitiam
2009 1083 2138 1125 vero

551 1162 697 1229 capit
723 1175 828 1217 non
857 1163 1259 1233 participatione
1285 1163 1438 1229 mali,
1466 1163 1563 1220 sed
1593 1162 1887 1234 privatione
1914 1159 2062 1225 boni,
2085 1159 2138 1214 id

554 1259 658 1318 est,
709 1268 814 1308 non
857 1269 977 1308 cum
1009 1256 1261 1311 miscetur
1303 1265 1504 1310 natura:
1531 1269 1650 1325 qua:
1691 1251 1908 1324 aliquod
1936 1250 2135 1306 malum

553 1349 639 1396 est
665 1341 706 1409 ί,
739 1343 859 1413 quia
887 1345 1030 1399 nulla
1075 1355 1259 1401 natura
1285 1345 1336 1402 iu
1365 1353 1619 1416 quantum
1657 1353 1846 1399 natura
1887 1349 1990 1410 est,
2022 1356 2138 1394 ma-

552 1431 664 1486 lum
694 1443 776 1490 est
797 1451 811 1499 ;
835 1435 930 1491 scd
956 1452 1075 1490 cum
1102 1437 1278 1496 deﬁcit
1301 1453 1332 1493 a
1349 1446 1531 1492 natura
1553 1451 1670 1507 qua:
1693 1447 1956 1490 summum
1977 1441 2137 1503 atque

553 1523 982 1584 incommutabile
1025 1539 1106 1586 est
1147 1529 1379 1596 bonum;
1430 1539 1709 1600 propterea
1751 1529 1873 1599 quia
1917 1542 2024 1582 non
2067 1524 2136 1581 de

551 1617 665 1684 illa,
695 1619 788 1674 sed
815 1620 880 1675 de
908 1620 1073 1677 nihilo
1101 1622 1236 1677 facta
1275 1633 1376 1678 est.
1416 1622 1667 1691 Alioquin
1693 1635 1790 1676 nec
1821 1619 2016 1674 malam
2041 1632 2135 1672 vo-

551 1710 807 1768 luntatem
841 1713 1036 1770 habere
1064 1725 1260 1784 posset,
1295 1716 1394 1770 nisi
1423 1715 1690 1770 mutabilis
1715 1721 1876 1769 esset.
1909 1709 2134 1767 Mutabi-

550 1803 621 1859 lis
647 1821 808 1876 porro
833 1816 1016 1861 natura
1044 1823 1148 1862 non
1175 1815 1336 1872 esset,
1365 1807 1409 1862 si
1439 1807 1504 1863 de
1533 1808 1639 1861 Deo
1663 1815 1826 1870 esset,
1860 1813 1915 1860 et
1941 1818 2043 1856 non
2065 1801 2132 1854 ab

550 1895 646 1952 illo
673 1899 740 1954 de
762 1900 926 1955 nihilo
953 1900 1086 1955 facta
1117 1911 1276 1956 esset.
1304 1901 1635 1971 Quapropter
1659 1902 1916 1956 bonorum
1944 1895 2133 1952 auctor

547 1997 632 2044 est
657 1990 818 2056 Deus,
859 1991 984 2045 dum
1015 2003 1200 2046 auctor
1223 2001 1306 2048 est
1333 2003 1636 2048 naturarum
1673 2010 1686 2047 :
1719 2007 1940 2062 quarum
1969 2005 2132 2060 spon-

547 2087 738 2134 taneus
761 2081 1002 2138 defectus
1026 2099 1055 2138 a
1081 2084 1242 2150 bono,
1271 2101 1374 2139 non
1405 2084 1602 2140 indicat
1621 2101 1650 2138 a
1673 2101 1776 2154 quo
1805 2083 1957 2140 facta:
1983 2091 2126 2150 sunt,

544 2169 640 2224 sed
670 2172 808 2226 unde
833 2172 984 2228 facta:
1003 2185 1145 2230 sunt.
1187 2177 1252 2230 Et
1283 2179 1384 2231 hoe
1405 2193 1508 2232 non
1533 2176 1853 2246 estaliquid,
1877 2175 2128 2247 quoniam

545 2261 758 2329 penitus
784 2263 914 2317 nihil
935 2273 1052 2330 est;
1080 2273 1135 2320 et
1159 2265 1282 2321 ideo
1305 2281 1412 2321 non
1438 2276 1612 2338 potest
1633 2276 1903 2322 auctorem
1930 2265 2128 2320 habere

542 2352 684 2422 quod
714 2353 840 2408 nihil
872 2363 974 2410 est.
2057 2349 2060 2354 ’

614 2443 704 2500 58.
753 2445 1091 2516 Quapropter
1135 2448 1272 2504 sicut
1322 2448 1633 2505 adversatur
1679 2449 1954 2506 catholica:
2005 2447 2126 2506 fidei

541 2534 882 2606 Manichmus,
915 2538 1017 2595 hoc
1035 2548 1139 2606 est,
1168 2541 1289 2597 fidei
1315 2541 1552 2597 veritatis
1574 2559 1818 2612 verisque
1847 2542 2056 2614 pietatis
2077 2543 2121 2610 ',

542 2629 634 2698 qui
660 2629 855 2684 bonum
880 2639 936 2686 et
962 2633 1158 2687 malum
1185 2634 1261 2687 sie
1291 2635 1430 2690 inter
1453 2651 1511 2689 se
1534 2633 1664 2690 dicit
1691 2650 1810 2690 esse
1834 2634 2121 2701 contraria,

541 2729 724 2777 utnon
753 2733 992 2778 natumut
1031 2741 1154 2781 cum
1179 2725 1358 2781 deﬁcit
1385 2743 1414 2780 a
1457 2726 1620 2795 bono,
1661 2727 1806 2783 dicat
1845 2726 1962 2782 fieri
2005 2741 2124 2780 ma-

539 2811 648 2868 lam
678 2813 720 2879 ³,
754 2815 1031 2887 ipsumque
1055 2815 1320 2874 defectum
1347 2819 1463 2888 ejus
1491 2834 1611 2875 esse
1639 2819 1833 2874 malum
1864 2818 2000 2888 ejus,
2029 2817 2124 2874 sed

539 2903 717 2973 potius
737 2905 908 2975 ipsum
937 2908 1134 2963 malum
1161 2909 1299 2965 dicat
1321 2925 1441 2966 esse
1471 2919 1732 2976 naturam,
1761 2919 1834 2978 et,
1862 2911 2002 2981 quod
2043 2919 2126 2968 est

539 2994 798 3064 insanius,
830 2998 946 3053 sine
975 2999 1125 3054 initio
1151 3001 1526 3070 sempiternam
1553 3018 1568 3066 ;
1596 3016 1820 3071 eamque
1848 3000 2125 3072 appellat‘

538 3099 735 3155 corpus
782 3096 838 3142 et
879 3089 1160 3158 spiritum;
1207 3107 1401 3162 corpus
1443 3092 1688 3148 videlicet
1727 3093 1867 3146 unde
1906 3093 2125 3162 Spiritus

539 3187 812 3246 Operetur,
840 3180 1080 3249 spiritum
1125 3197 1250 3237 vero
1276 3183 1364 3253 qui
1392 3193 1643 3254 operetur
1679 3199 1746 3238 ex
1770 3198 1996 3254 corpore
2018 3202 2031 3239 :
2051 3184 2123 3240 ita

539 3266 685 3325 hunc
712 3269 1074 3326 adversarium
1105 3273 1227 3328 lidei
1269 3273 1372 3328 dici
1402 3290 1506 3328 non
1538 3283 1716 3346 potest
1741 3281 1996 3344 quantum
2025 3273 2123 3330 ad-

535 3363 705 3431 juvet,
751 3363 840 3433 qui
867 3365 1004 3418 mala
1047 3379 1111 3420 ex
1138 3365 1292 3420 bonis
1333 3365 1458 3422 oriri
1489 3375 1664 3437 negat,
1699 3374 1752 3420 et
1793 3365 1844 3420 in
1875 3366 2122 3422 eumdem

537 3465 754 3507 sensum
796 3453 986 3522 accipit
1015 3454 1154 3525 quod
1180 3455 1255 3510 ait
1281 3455 1554 3522 Dominus,
1583 3454 1746 3510 Arbor
1767 3455 1900 3510 bona
1927 3456 2124 3524 [ructus

537 3542 701 3596 malos
727 3559 826 3597 non
857 3543 978 3614 facit
1009 3559 1028 3598 :
1055 3560 1174 3600 cum
1206 3545 1292 3600 ille
1320 3546 1572 3616 magister
1616 3546 1775 3612 Deus,
1809 3561 1914 3601 non
1941 3547 2124 3616 utique

537 3641 780 3688 naturam
821 3643 1108 3690 constituat
1143 3635 1410 3702 arborem,
1438 3653 1502 3692 ex
1523 3651 1625 3708 qua
1651 3635 1852 3692 fructus
1877 3637 1944 3692 de
1971 3652 2076 3708 quo
2099 3636 2122 3670 '

540 3723 876 3794 loquebatur,
929 3727 1158 3792 existat;
1211 3727 1306 3783 sed
1329 3729 1652 3784 voluntatem
1679 3743 1773 3784 seu
1804 3730 1996 3786 bonam
2027 3745 2123 3786 seu

538 3815 754 3880 malam,
784 3815 987 3886 fruetus
1013 3825 1191 3874 autem
1217 3833 1402 3889 opera,
1431 3834 1552 3890 quae
1577 3834 1676 3878 nec
1703 3821 1840 3876 bona
1875 3821 2122 3878 volunta—

539 3909 608 3964 tis
649 3909 826 3978 malat,
859 3925 958 3965 nec
1000 3911 1134 3966 mala
1180 3919 1406 3981 possunt
1450 3927 1572 3968 esse
1613 3913 1901 3970 voluntatis
1945 3913 2120 3970 bonae.

537 3999 652 4054 Hoc
676 4007 757 4054 est
781 4003 922 4054 enim
949 4001 1091 4072 quod
1128 4002 1220 4064 ait,
1245 4002 1410 4056 Arbor
1444 4003 1580 4058 mala
1607 4006 1803 4076 fructus
1838 4004 1994 4060 bonos
2021 4023 2123 4059 non

539 4093 682 4164 facit,
715 4103 758 4146 et
781 4093 930 4148 arbor
949 4093 1078 4147 bona
1104 4098 1298 4165 fructus
1325 4095 1484 4148 malos
1509 4112 1610 4150 non
1631 4095 1753 4165 facit
1778 4095 1992 4165 (Matth.
2021 4113 2120 4168 vn,

541 4182 630 4255 18)
663 4201 674 4237 :
699 4195 946 4254 tanquam
971 4183 1190 4248 diceret,
1217 4185 1326 4240 Nec
1347 4200 1508 4254 opera
1531 4186 1666 4240 bona
1691 4187 1936 4242 voluntas
1955 4189 2118 4255 mala,

537 4287 642 4328 nec
679 4273 816 4327 mala
859 4265 1022 4344 Opera
1061 4273 1182 4329 facit
1227 4275 1470 4329 voluntas
1511 4275 1670 4330 bona.
1709 4275 1841 4330 Nam
1887 4277 2120 4346 ipsarum

519 4365 810 4431 arborum,
854 4365 907 4420 id
948 4375 1050 4432 est,
1099 4367 1330 4436 ipsarum
1361 4365 1688 4422 voluntatum
1735 4368 1780 4422 si
1811 4379 2121 4438 qtnerautur

535 4454 800 4526 origines;
846 4472 963 4526 qua:
1008 4465 1334 4524 occurrunt,
1366 4459 1467 4512 nisi
1511 4467 1733 4524 naturae,
1779 4473 1912 4528 quas
1953 4459 2120 4516 bonas

536 4547 679 4602 Deus
703 4547 982 4602 condidit?
1010 4549 1086 4602 Ac
1117 4563 1211 4618 per
1239 4547 1342 4603 hoc
1377 4563 1442 4602 ex
1471 4547 1622 4602 bonis
1649 4557 1762 4604 orta
1793 4557 1917 4603 sunt
1945 4551 2079 4604 mala
2099 4592 2118 4618 ,

537 4653 644 4694 non
674 4655 740 4694 ex
769 4640 922 4694 bonis
959 4641 1317 4696 voluntatibus
1357 4657 1518 4713 Opera
1549 4642 1708 4708 mala,
1751 4641 1844 4697 sed
1873 4657 1938 4698 ex
1963 4643 2120 4700 bonis

535 4731 740 4784 naturis
769 4731 1064 4786 voluntates
1093 4733 1266 4786 malua.
1303 4731 1440 4798 Quid
1469 4747 1597 4802 ergo
1635 4732 1713 4788 sic
1741 4741 1891 4803 optat
1929 4733 2118 4790 audire

533 4821 877 4890 Manichacus,
925 4827 1062 4877 sicut
1087 4839 1152 4878 ex
1191 4823 1346 4878 bonis
1373 4823 1510 4878 mala
1541 4839 1660 4878 esse
1703 4841 1808 4878 non
1854 4840 2030 4894 posse,
2060 4833 2120 4880 ut

533 4914 784 4984 quoniam
823 4913 1004 4984 negari
1053 4930 1158 4969 non
1187 4923 1360 4986 potest
1413 4929 1532 4970 esse
1575 4915 1735 4988 mala,
1782 4915 1911 4970 nihil
1953 4925 2119 4972 restet

531 5004 638 5060 nisi
668 5011 724 5060 ut
751 5020 818 5062 ex
868 5005 1008 5060 malo
1054 5005 1179 5074 sint,
1225 5005 1268 5060 si
1299 5021 1364 5060 ex
1406 5007 1559 5061 bonis
1603 5006 1806 5060 naturis
1845 5021 1964 5062 esse
2010 5023 2115 5062 non

535 5101 796 5165 possunt;
827 5109 891 5150 ac
917 5094 995 5148 sic
1038 5093 1154 5149 sine
1193 5093 1343 5149 initio
1385 5093 1615 5150 habeant
1657 5095 1913 5166 originem
1963 5109 2112 5150 suam

532 5187 673 5244 mala
701 5195 944 5244 naturam
971 5185 1116 5255 mali,
1157 5201 1280 5258 qua:
1301 5185 1416 5242 sine
1441 5185 1588 5242 initio
1617 5200 1828 5256 semper
1853 5187 2032 5258 fuerit,
2062 5197 2117 5244 et

595 5366 614 5398 ⁸
648 5363 788 5426 Bditi,
806 5375 901 5416 non
918 5361 1246 5427 commiscetnr
1257 5369 1452 5427 patum
1472 5375 1580 5426 mra:
1602 5361 1786 5427 aliquid
1807 5361 1985 5427 malum
2001 5369 2072 5416 est
2095 5378 2115 5416 :

531 5423 784 5500 pauloque
793 5433 918 5500 post,
936 5426 1021 5478 sed
1043 5425 1158 5490 quia
1179 5423 1344 5490 deﬁcit
1365 5439 1396 5478 a
1417 5423 1608 5488 natura,
1629 5423 1725 5477 etc.
1745 5426 2066 5478 Emendantur
2085 5439 2118 5478 a

595 5611 618 5645 ⁸
649 5607 816 5662 ultu-es
838 5620 964 5669 Mss,
982 5607 1100 5672 ﬁeri
1119 5607 1317 5661 "totum.
1356 5607 1365 5610 ⁷
1585 5607 1598 5614 ⁷

595 5671 620 5705 ⁸
649 5673 958 5724 Floriacensis
979 5679 1081 5724 Its“
1097 5670 1320 5728 nouella.
1741 5717 1746 5720 _

593 5734 622 5768 ⁸
651 5735 785 5798 aliti,
819 5735 880 5786 de
903 5747 1014 5799 qaut.
1046 5737 1344 5801 Castigantur
1373 5733 1434 5786 ad
1467 5737 1828 5800 manusuiptos.

1353 321 1627 380 CONTRA
1665 319 2004 380 JULIANUM
2041 318 2506 389 PELAGIANUM,
2545 321 2605 380 8.
2643 321 3014 382 AUGUSTINI

2250 435 2356 490 sint
2381 435 2498 491 duae
2525 446 2744 502 natura:,
2778 453 2878 492 una
2917 437 3063 504 boui,
3111 437 3270 497 altera
3296 445 3453 503 mali?
3475 449 3684 513 Necesse
3705 475 3782 518 est

2248 525 2390 580 enim
2421 533 2477 578 ut
2517 534 2610 579 aut
2649 526 2791 581 nulla
2835 527 2943 581 sint
2981 528 3140 594 mala,
3185 539 3273 585 aut
3298 549 3363 588 ex
3406 536 3552 596 bonis
3593 551 3771 605 naturis

2247 615 2374 680 sint,
2424 625 2515 670 aut
2557 633 2621 672 ex
2657 619 2834 672 malis.
2887 619 2943 675 Si
2969 619 3254 678 dixerimus
3285 625 3420 682 nulla
3462 645 3575 688 esse
3617 639 3774 708 mala,

2247 704 2439 804 [rusvtra
2460 707 2685 804 dicimus
2709 710 2834 777 Deo,
2859 709 3040 764 Libera
3061 728 3152 804 nos
3175 716 3354 804 emata
3371 717 3567 788 (Matth.
3585 740 3652 792 v1,
3680 704 3786 804 15).

2246 798 2302 852 Si
2347 807 2526 854 autem
2573 799 2882 864 dixerimus,
2932 817 3038 856 non
3077 803 3202 858 oriri
3229 807 3364 860 mala
3395 809 3489 864 nisi
3518 828 3579 868 ex
3615 798 3785 888 malis,

2245 887 2533 944 Manichaee
2563 891 2862 960 pestilentia
2889 893 3250 976 triumphahit,
3275 906 3537 970 totumque
3561 910 3776 986 vastabit,

2244 989 2300 1037 et
2325 982 2488 1052 ipsius
2516 981 2608 1038 Dei
2640 990 2891 1054 tanquam
2921 971 3229 1041 mutabilem
3259 997 3494 1045 naturam
3523 995 3661 1051 mala:
3697 971 3780 1054 na:

2245 1079 2379 1127 tune
2425 1073 2804 1130 commixtione
2868 1075 3105 1130 violabit.
3163 1075 3494 1148 Relinquitur
3541 1098 3687 1154 ergo,
3729 1099 3784 1146 ut

2243 1163 2382 1217 mala
2407 1177 2470 1218 ex
2499 1162 2651 1219 bouis
2674 1178 2794 1220 esse
2831 1165 3092 1221 fateamur
3118 1184 3131 1220 :
3162 1167 3283 1236 quia
3321 1169 3364 1222 si
3399 1168 3498 1224 hoc
3525 1179 3775 1244 negaveri-

2235 1241 2382 1322 rnus,
2427 1269 2493 1310 ex
2522 1255 2677 1311 malis
2703 1265 2879 1326 erunt,
2925 1265 2982 1313 et
3018 1256 3322 1315 Manichmis
3349 1261 3523 1332 utique
3549 1241 3778 1338 suffraga-

2242 1343 2437 1400 bimur.

2313 1436 2400 1492 '59.
2439 1435 2518 1492 Tu
2561 1437 2736 1510 itaque
2763 1439 2853 1494 ubi
2877 1437 3032 1508 dicis,
3071 1459 3092 1494 ι
3125 1439 3257 1496 Cum
3288 1443 3566 1500 secundum
3593 1457 3784 1506 sentcn-

2241 1525 2367 1581 tiam
2389 1525 2680 1597 Evangelii,
2705 1545 2770 1584 ex
2793 1529 3048 1586 fructibus
3067 1532 3177 1586 suis
3193 1531 3353 1588 arbor
3373 1533 3554 1592 debeat
3573 1541 3778 1608 agnosci,

2242 1617 2328 1674 hic
2357 1618 2652 1675 audiendus
2697 1629 2932 1692 putetur,
2975 1623 3066 1692 qui
3094 1622 3226 1677 dicit
3255 1623 3450 1678 bonum
3493 1641 3602 1682 esse
3627 1631 3782 1699 conju-

2239 1711 2382 1780 gium
2413 1754 2428 1779 ,
2457 1711 2524 1767 de
2552 1729 2658 1782 quo
2698 1713 2830 1768 nihil
2858 1714 2998 1769 aliud
3025 1731 3184 1785 quam
3229 1716 3424 1772 malum
3457 1719 3650 1788 prodire
3676 1721 3782 1777 deli-

2239 1802 2316 1856 nit
2339 1821 2353 1857 :
2385 1821 2404 1855 ›
2435 1806 2513 1860 vis
2541 1807 2720 1876 utique
2741 1807 2984 1862 arborem
3005 1808 3198 1863 bonam
3231 1809 3528 1880 conjugium
3549 1813 3778 1883 deputari,

2238 1892 2305 1948 de
2333 1910 2435 1965 qua
2477 1897 2620 1951 velut
2649 1897 2876 1952 fructum
2904 1900 3098 1953 malum
3131 1901 3282 1954 nasci
3311 1918 3412 1955 non
3442 1902 3519 1957 vis
3547 1901 3781 1961 hominem

2235 1987 2479 2056 contagio
2505 1988 2702 2056 peccati
2741 1989 3015 2060 originalis
3043 1991 3396 2056 obstrictum;
3428 2007 3524 2046 nec
3551 1993 3684 2048 vides
3705 2012 3784 2050 ne-

2235 2093 2387 2133 cesse
2409 2079 2498 2133 tibi
2519 2095 2638 2135 esse
2657 2081 2970 2137 adulterium
2997 2083 3323 2137 constituere
3343 2083 3576 2138 arborem
3595 2086 3776 2146 malam.

2235 2168 2279 2222 si
2309 2169 2610 2240 coniugium
2656 2181 2738 2226 est
2781 2171 2942 2227 arbor
2995 2174 3152 2227 bona.
3219 2173 3294 2228 Ac
3345 2189 3438 2243 per
3482 2173 3596 2240 hoc,
3643 2177 3682 2230 si
3725 2177 3780 2232 de

2234 2259 2481 2332 conjugio
2525 2262 2614 2331 qui
2645 2263 2901 2330 ascitur,
2944 2265 3174 2336 conjugii
3228 2263 3428 2318 fructus
3475 2275 3570 2330 est,
3598 2275 3646 2320 et
3683 2265 3780 2321 ideo

2233 2351 2392 2408 debet
2428 2369 2547 2410 esse
2587 2354 2704 2410 sine
2740 2355 2889 2421 vitio,
2939 2373 3006 2411 ne
3037 2355 3244 2410 fructus
3273 2355 3442 2410 malus
3485 2366 3708 2411 nascatur
3728 2373 3780 2412 cx

2232 2446 2422 2500 arbore
2463 2446 2599 2500 bona
2625 2463 2641 2514 ;
2669 2447 2912 2518 sequitur
2939 2457 2996 2502 ut
3022 2449 3106 2518 qui
3135 2447 3206 2504 de
3252 2447 3511 2503 adulterio
3547 2449 3778 2516 nascitur,

2234 2551 2338 2591 nou
2366 2537 2557 2592 debeat
2581 2541 2722 2592 nasci
2746 2539 2861 2594 sine
2887 2541 3035 2614 vitio,
3067 2557 3132 2594 ne
3157 2539 3365 2595 fructus
3391 2541 3553 2596 bonus
3573 2549 3780 2595 nascatur

2233 2641 2300 2680 ex
2349 2627 2540 2682 arbore
2583 2629 2719 2681 mala
2753 2646 2766 2682 :
2799 2631 3049 2700 quoniam
3101 2631 3364 2685 Dominus
3395 2647 3488 2686 nec
3513 2647 3542 2685 a
3569 2631 3689 2686 bona
3712 2647 3780 2686 ar-

2233 2715 2362 2770 bore
2406 2715 2518 2770 ﬁeri
2550 2715 2751 2772 fructus
2801 2720 2991 2784 malus,
3024 2735 3124 2774 nec
3151 2735 3186 2774 a
3221 2721 3360 2775 mala
3408 2721 3589 2788 bonos,
3635 2719 3778 2776 divina

2230 2808 2545 2862 auctoritate
2590 2807 2796 2864 definit.
2837 2809 2909 2865 Ut
2933 2827 3061 2880 ergo
3093 2811 3223 2866 hinc
3251 2826 3430 2878 exeas,
3475 2813 3589 2882 quia
3617 2827 3702 2867 nec
3723 2812 3774 2868 de

2230 2896 2492 2952 adulterio
2521 2897 2654 2954 dicis
2683 2899 2952 2954 hominem
2996 2901 3140 2956 nasci
3191 2917 3352 2972 posse
3380 2918 3496 2957 cum
3529 2903 3667 2970 vitio,
3701 2919 3778 2956 nc-

2229 2989 2378 3062 gabis
2420 2990 2736 3046 adulterium
2786 3009 2906 3049 esse
2954 2994 3203 3050 arborem
3237 2995 3450 3060 malam,
3495 3010 3559 3050 ne
3609 2996 3686 3050 ille
3709 2997 3777 3064 qui

2229 3081 2522 3138 secundum
2563 3092 2614 3138 te
2653 3085 2768 3139 sine
2795 3086 2924 3140 vitio
2949 3086 3014 3140 de
3045 3085 3314 3142 adulterio
3358 3087 3601 3154 nascitur,
3627 3096 3778 3140 contra

2229 3171 2591 3228 delinitionem
2637 3175 2848 3231 Domini
2901 3176 3070 3232 bonus
3119 3175 3329 3232 fructus
3371 3178 3514 3232 nasci
3565 3177 3626 3232 de
3665 3179 3776 3232 mala

2229 3263 2420 3320 arbore
2477 3265 2737 3322 videatur.
2779 3265 2924 3337 Nega
2968 3282 3096 3338 ergo
3143 3267 3309 3323 etiam
3353 3268 3640 3338 conjugium
3679 3282 3776 3322 esse

2228 3355 2473 3410 arborem
2513 3356 2729 3423 bonam,
2761 3365 2815 3412 et
2841 3373 3052 3414 errasse
3081 3367 3132 3414 te
3168 3368 3232 3414 ut
3275 3359 3378 3414 hoc
3403 3359 3600 3414 diceres
3641 3359 3773 3414 conli-

2231 3455 2364 3502 tcre.
2395 3446 2497 3502 Sed
2543 3447 2780 3504 dicturus
2808 3464 2890 3514 es,
2927 3465 3033 3504 non
3064 3449 3132 3505 de
3177 3451 3444 3506 adulterio
3472 3451 3606 3505 nasci
3637 3449 3774 3504 homi—

2229 3551 2376 3604 nem,
2401 3537 2492 3608 qui
2521 3553 2616 3608 per
2641 3539 2992 3595 adulterinum
3024 3541 3370 3596 concubitum
3396 3543 3631 3614 gignitur.
3659 3541 3778 3596 Un-le

2229 3625 2432 3697 igitur?
2483 3647 2501 3680 ί
2541 3629 2615 3684 De
2651 3639 2875 3698 natura,
2911 3650 2931 3684 ›
2967 3632 3163 3702 inquis,
3226 3653 3246 3686 ‹
3305 3633 3548 3698 humana,
3591 3648 3696 3702 qua:
3735 3631 3775 3684 in

2227 3719 2480 3774 adulteris
2510 3735 2719 3791 quoque
2765 3721 2858 3776 Dei
2896 3737 3029 3792 Opus
3059 3731 3159 3788 est,
3213 3739 3319 3778 non
3363 3723 3607 3795 ipsorum.
3641 3743 3658 3775 ι
3695 3721 3779 3776 Cur

2229 3823 2358 3878 ergo
2377 3808 2564 3866 eodem
2587 3811 2745 3867 modo
2769 3827 2874 3866 non
2902 3811 3170 3882 intelligis,
3195 3830 3296 3870 nec
3317 3815 3384 3870 de
3408 3815 3640 3886 conjugio
3661 3813 3776 3867 nasci

2229 3899 2525 3970 hominem,
2565 3902 2656 3973 qui
2683 3917 2780 3974 per
2808 3903 3150 3958 concubitum
3181 3906 3422 3978 gignitur
3445 3904 3776 3976 conjugalem;

2229 3991 2322 4048 sed
2369 3991 2436 4048 de
2479 4000 2665 4048 natura
2704 3992 3223 4064 similiterhumana,
3257 4012 3380 4068 quae
3427 3997 3478 4052 in
3507 3995 3779 4066 conjugibus

2227 4099 2442 4154 quoque
2485 4085 2576 4140 Dei
2607 4100 2740 4156 opus
2767 4095 2868 4153 est,
2897 4103 3004 4142 non
3045 4089 3288 4158 ipsorum
3323 4106 3338 4144 :
3376 4099 3532 4160 atque
3561 4089 3626 4144 ita
3649 4087 3777 4143 boni-

2229 4175 2323 4229 tati
2367 4190 2476 4230 non
2521 4176 2678 4230 tribui
2727 4178 3049 4246 nuptiarum,
3101 4180 3246 4250 quod
3297 4181 3492 4235 malum
3537 4187 3779 4235 nascentes

2229 4264 2444 4320 trahunt
2467 4265 2534 4321 de
2557 4267 2685 4322 vitio
2709 4276 2912 4322 natura:
2935 4285 2950 4334 ;
2984 4269 3121 4324 sicut
3139 4285 3249 4325 non
3279 4271 3529 4326 tribuitur
3551 4267 3778 4340 iniquitati

2227 4353 2628 4424 adulteriorum,
2658 4358 2802 4426 quod
2835 4358 3032 4412 bonum
3063 4371 3353 4416 nascentes
3382 4361 3592 4416 trahunt
3627 4359 3685 4414 de
3709 4358 3778 4412 in-

2225 4445 2502 4501 stitutione
2529 4449 2775 4503 naturae?
2811 4449 2890 4503 Tu
2933 4463 3111 4506 antem
3141 4451 3397 4523 intelligis
3443 4453 3675 4508 arborem
3701 4449 3778 4504 bo-

2225 4553 2370 4604 nam,
2399 4553 2504 4594 non
2529 4555 2686 4610 quam
2709 4539 2952 4596 Christus
2976 4542 3204 4613 intelligi
3227 4545 3412 4610 voluit,
3441 4543 3492 4598 id
3517 4553 3614 4609 est,
3637 4540 3779 4596 homi-

2225 4631 2310 4686 nis
2333 4631 2660 4688 voluntatem
2700 4633 2916 4700 bertam,
2963 4635 3057 4689 sed
3097 4636 3272 4706 ipsum
3303 4652 3436 4707 opus
3466 4637 3574 4701 Dei,
3603 4633 3650 4690 id
3681 4641 3775 4698 est,

2225 4721 2500 4778 hominum
2520 4723 2604 4780 vel
2629 4726 2860 4794 nuptias,
2886 4726 2969 4782 vel
2993 4735 3258 4782 naturam.
3302 4727 3372 4783 Et
3391 4729 3512 4799 quia
3533 4728 3661 4781 bona
3676 4731 3778 4778 sinu

2225 4815 2341 4872 haec
2363 4833 2522 4887 opera
2555 4819 2670 4884 Dei,
2699 4819 2895 4874 malum
2929 4821 3052 4878 inde
3081 4837 3186 4876 non
3219 4837 3377 4893 posse
3402 4822 3532 4878 dicis
3555 4819 3774 4876 existen‘.

2223 4907 2344 4976 quia
2373 4907 2567 4962 malum
2610 4907 2840 4964 fructum
2883 4911 3019 4966 bona
3061 4913 3223 4966 arbor
3261 4929 3368 4968 non
3417 4921 3582 4982 potest
3607 4910 3774 4964 facere.

2222 4997 2302 5052 Ac
2338 4997 2416 5053 sic
2459 4997 2712 5054 adversus
2755 5007 2807 5055 te
2851 5001 3310 5058 ratiocinationem
3355 5017 3502 5057 suam
3541 4997 3776 5055 concludit

2221 5104 2318 5159 pro
2348 5105 2445 5146 suo
2474 5089 2720 5162 dogmate
2761 5093 3100 5159 Manichacus,
3149 5111 3310 5165 quem
3353 5095 3529 5150 verbis
3559 5093 3665 5148 istis
3692 5089 3774 5142 tuis

2221 5183 2301 5238 sic
2326 5183 2564 5253 adjuvas,
2591 5195 2648 5238 ut
2687 5185 2819 5239 nihil
2861 5187 3025 5256 magis
3057 5193 3204 5256 optet
3239 5185 3448 5252 audire,
3485 5199 3634 5256 quam
3661 5179 3774 5234 mala

2222 5289 2290 5330 ex
2317 5273 2468 5329 bonis
2497 5289 2618 5329 esse
2644 5291 2748 5330 non
2776 5290 2950 5346 posse.
2993 5275 3102 5331 lloc
3138 5277 3281 5332 enim
3309 5285 3544 5344 accepto,
3571 5271 3712 5328 infert
3731 5279 3772 5322 et

2221 5365 2352 5420 dicit
2391 5366 2482 5420 tibi
2515 5383 2530 5419 :
2561 5366 2614 5422 Si
2645 5367 2842 5421 malum
2871 5381 2992 5423 esse
3019 5381 3124 5422 non
3155 5376 3331 5436 potest
3373 5381 3438 5422 ex
3459 5365 3627 5428 bono,
3655 5359 3774 5416 unde

2221 5457 2346 5536 erit,
2378 5457 2480 5512 nisi
2504 5473 2570 5512 ex
2595 5457 2778 5514 male?
2801 5457 2986 5530 Neque
3018 5459 3162 5516 enim
3191 5459 3332 5514 mala
3359 5473 3456 5529 per
3489 5473 3548 5514 se
3571 5457 3674 5526 ipsa
3699 5467 3772 5506 re-

2223 5537 2384 5620 pente
2427 5557 2646 5606 auctore
2689 5551 2837 5606 nullo
2875 5551 3114 5607 existere
3157 5557 3460 5622 potuerunt.
3501 5549 3576 5604 Tu
3617 5549 3772 5599 autem

2221 5638 2355 5694 dicis
2379 5637 2575 5696 malum
2601 5656 2666 5698 ex
2697 5641 2836 5698 bono
2855 5657 2976 5698 esse
2997 5657 3101 5698 non
3123 5657 3304 5714 posse,
3331 5657 3400 5698 ne
3419 5647 3594 5698 contra
3619 5635 3772 5692 Eran-

2223 5729 2345 5800 gclii
2374 5733 2690 5789 sententiam
2718 5733 2876 5788 arbor
2901 5733 3039 5789 bona
3063 5733 3219 5788 faciat
3257 5730 3456 5788 fructus
3483 5727 3660 5786 malos.
3683 5723 3768 5779 ﬁt
