3984 6480
225 305 321 367 ιω

220 428 408 485 manet,
438 417 639 490 inquit,
669 424 739 474 ιιι·
754 415 877 472 mali
905 419 1093 472 natura
1122 410 1282 470 fuerit
1308 410 1652 482 sentpiterna,
1684 424 1806 481 quze

218 512 438 587 potuerit
467 509 613 566 mala
653 521 953 580 generare;
980 505 1103 578 quia
1126 519 1195 561 ex
1238 503 1396 560 bonis
1420 516 1483 559 ea
1512 517 1620 557 non
1649 515 1808 572 posse

218 606 391 665 fateris
418 604 676 661 eximere.

279 697 368 753 ιο.
396 696 653 753 Placetne
676 694 771 751 tibi
789 693 897 765 jam
923 699 1130 749 mutare
1149 689 1489 756 sententiam,
1517 703 1674 759 qnam
1699 702 1804 743 non

219 788 521 846 lanichteis
560 786 808 848 favendo.
854 784 953 840 sed
977 784 1103 855 quid
1127 783 1363 854 loquaris
1402 779 1710 844 nesciendo,
1740 778 1807 834 ad

215 878 572 950 adjuvandam
620 877 1034 933 Manichaeorum
1089 874 1442 944 pestilentiam
1494 871 1808 942 protulisti?

215 969 493 1039 Quomodo
531 969 678 1027 enim
717 968 919 1024 diceret
945 964 1208 1032 Christus,
1256 965 1356 1018 Aut
1402 964 1553 1036 facite
1579 963 1810 1016 arborem

215 1061 397 1116 bonum
422 1069 473 1114 et
503 1063 728 1131 frustum
756 1060 865 1128 ejus
893 1058 1095 1120 bonum,
1141 1065 1228 1109 aut
1267 1054 1417 1125 facile
1441 1053 1669 1107 arborem
1698 1068 1809 1104 nm-

217 1157 314 1211 lom
338 1163 386 1207 el
414 1155 643 1223 fructum
670 1152 782 1222 eiut:
826 1149 1013 1203 titulum
1040 1147 1251 1222 [Matlh.
1285 1163 1377 1215 xit,
1410 1144 1502 1219 '55]
1548 1143 1811 1218 (quando-

216 1244 428 1316 quidem
460 1243 564 1298 lioc
584 1242 796 1299 dicebat
822 1240 1148 1306 hominibus,
1179 1253 1314 1310 quos
1341 1238 1455 1308 ipse
1482 1233 1804 1305 creaverat),

190 1338 259 1409 ⁸εἰ
282 1351 349 1392 ex
382 1335 506 1405 ejus
533 1348 705 1405 opere
736 1333 898 1400 bono,
936 1331 1078 1404 quod
1121 1341 1206 1387 est
1243 1331 1427 1398 homo,
1473 1330 1670 1385 malum
1699 1342 1806 1383 non

218 1437 391 1502 posset
416 1428 676 1494 existere,
704 1426 842 1482 sicut
882 1435 939 1480 tu
962 1426 1127 1495 sapis.
1158 1424 1405 1480 arborem
1436 1423 1629 1479 bonam
1671 1434 1805 1477 con-

213 1521 437 1576 stituens
461 1518 666 1574 bonum
695 1530 832 1588 opus
873 1516 988 1580 Dei,
1018 1515 1072 1571 id
1113 1523 1218 1581 est,
1242 1514 1454 1584 nuptias
1481 1511 1758 1567 hominum
1787 1551 1804 1577 ,

214 1610 289 1666 vel
318 1618 572 1666 naturam
598 1626 613 1673 ;
658 1618 715 1665 et
750 1608 875 1663 ideo
896 1606 1106 1672 dicens,
1136 1605 1333 1660 malum
1360 1603 1483 1659 inde
1526 1602 1671 1657 nasci
1700 1617 1805 1655 non

217 1717 388 1774 posse,
419 1701 549 1771 quia
579 1700 626 1755 si
669 1715 737 1757 ex
769 1698 910 1752 bono
954 1698 1153 1752 malum
1180 1695 1324 1751 nasci
1352 1693 1666 1757 dixerimus,
1714 1706 1802 1745 re-

214 1794 485 1857 sistemus,
536 1801 595 1846 ιιι
636 1800 809 1861 putas,
841 1790 890 1845 ei
919 1791 1006 1860 qui
1033 1788 1188 1855 dixit,
1231 1786 1395 1841 Arbor
1434 1786 1565 1840 bona
1608 1787 1806 1858 fructus

216 1884 372 1938 maloa
413 1899 521 1937 non
559 1882 691 1953 facit
715 1896 736 1937 :
764 1894 885 1936 cum
913 1880 1052 1935 scias
1079 1894 1147 1933 ex
1173 1877 1344 1948 angeli
1369 1885 1421 1933 et
1449 1876 1681 1932 hominis
1707 1890 1806 1929 na-

214 1975 341 2029 turis
366 1973 526 2029 bonis
551 2014 568 2041 ,
596 1986 732 2043 quas
761 1971 890 2027 nulli
934 1978 1186 2041 parentes
1214 1969 1336 2023 mali
1367 1976 1681 2038 genuerunt,
1711 1965 1805 2022 sed

212 2067 352 2122 Deus
372 2081 593 2122 summe
623 2064 794 2119 bonus
823 2063 891 2118 de
915 2062 1072 2118 nullis
1113 2060 1421 2132 parentibus
1448 2058 1665 2125 fecerat,
1697 2073 1804 2112 non

211 2158 411 2215 fructus
450 2159 649 2224 malos,
678 2156 774 2212 scd
805 2156 949 2227 ipsas
973 2153 1140 2209 malas
1163 2152 1385 2208 arbores
1420 2151 1707 2216 exstitisse,
1738 2163 1805 2204 ex

210 2251 399 2321 quibus
445 2249 656 2305 fructus
699 2254 1047 2302 nascerentur
1100 2243 1271 2299 mali?
1322 2242 1581 2297 Dominus
1625 2248 1805 2294 autem

208 2342 365 2400 Jesus
387 2353 445 2400 et
472 2340 800 2396 Manichacus
829 2338 1010 2402 vincit,
1041 2336 1163 2408 quia
1192 2348 1330 2391 unus
1358 2334 1539 2400 homo,
1568 2332 1671 2386 hoc
1699 2338 1802 2397 est,

211 2448 311 2487 una
340 2440 535 2488 natura
581 2437 759 2500 potest
803 2438 1085 2498 utramque
1126 2425 1375 2480 arborem
1427 2421 1643 2484 facere;
1674 2427 1730 2475 et
1754 2429 1807 2475 te

208 2525 389 2588 vincit,
411 2523 537 2593 quia
557 2536 626 2577 ex
636 2529 831 2585 natura
854 2519 989 2575 bona
1017 2525 1191 2588 potest
1210 2515 1348 2570 mala
1371 2514 1533 2568 arbor
1550 2513 1804 2567 existere.

207 2615 289 2672 Ex
325 2627 438 2685 quo
463 2611 658 2673 falsum
699 2625 822 2666 esse
855 2617 1201 2673 monstratur,
1233 2605 1377 2677 quod
1404 2605 1456 2659 in
1485 2601 1807 2657 Manichaeo-

208 2721 328 2762 rum
344 2703 655 2774 sullragium
670 2701 828 2764 dicis,
848 2719 867 2753 ι
891 2698 1027 2755 mala
1044 2713 1109 2754 ex
1125 2697 1275 2753 bonis
1291 2710 1412 2754 esse
1424 2709 1528 2748 non
1547 2706 1706 2763 posse
1725 2708 1740 2758 ;
1779 2709 1801 2747 ι

209 2806 274 2853 ιι
316 2796 418 2851 nisi
445 2811 511 2851 ex
542 2802 729 2849 natura
756 2792 905 2857 mali,
950 2805 1108 2861 quam
1140 2787 1373 2844 nefarius
1419 2786 1627 2841 illorum
1654 2797 1810 2839 error

216 2888 443 2955 inducit,
472 2903 577 2943 non
605 2894 859 2957 putentur
883 2884 1018 2940 mala
1049 2898 1168 2939 esse
1197 2881 1457 2953 potuisse.
1535 2950 1544 2958 .

298 2979 393 3034 ιι.
430 2977 606 3048 Neque
627 2978 771 3033 enim
798 2990 910 3032 uno
937 2983 1141 3030 tantum
1167 2973 1308 3037 loco,
1352 2970 1444 3026 ubi
1471 2985 1538 3026 ex
1567 2970 1811 3038 Evange-

227 3068 302 3125 ﬁo
323 3067 558 3124 arborem
591 3069 783 3124 bonam
803 3064 1322 3123 commemorandam
1343 3063 1557 3133 putasti,
1570 3061 1673 3117 sed
1693 3061 1814 3119 aliis

218 3162 379 3218 etiam
409 3162 539 3218 locis
552 3159 930 3231 disputationis
952 3167 1077 3225 tuae,
1110 3156 1216 3211 ista
1242 3154 1591 3225 perversitate
1610 3150 1808 3207 suifra-

215 3262 367 3323 gatus
393 3266 457 3308 es
485 3250 791 3307 Manichteis
830 3248 1026 3306 :sicuti
1054 3255 1140 3303 est
1176 3244 1327 3310 illud,
1376 3244 1463 3299 ubi
1496 3257 1681 3298 rursus
1721 3241 1809 3297 di-

214 3345 354 3411 xisti,
384 3364 405 3399 ι
439 3345 603 3400 Trahi
632 3352 909 3415 peccatum
934 3356 1032 3413 per
1056 3347 1299 3396 naturam
1331 3346 1436 3393 non
1465 3346 1661 3409 potest,
1686 3338 1809 3408 quia

214 3450 457 3506 percpus
471 3435 571 3491 Dei
584 3449 719 3505 opus
734 3433 929 3488 diaboli
948 3434 1171 3488 transire
1188 3445 1294 3486 non
1309 3429 1517 3484 sinitur.
1546 3428 1652 3483 iAtl
1667 3427 1811 3498 quod

216 3526 307 3580 tibi
331 3541 435 3597 ego
475 3524 803 3595 respondeo,
831 3521 1109 3591 Quomodo
1136 3521 1191 3576 in
1219 3534 1382 3591 opere
1409 3518 1504 3573 Dei
1534 3532 1667 3588 opus
1698 3517 1813 3572 dia-

214 3616 321 3672 boli
371 3631 595 3671 manere
640 3615 853 3683 sinitur,
898 3615 944 3669 si
982 3628 1080 3684 per
1105 3627 1239 3683 opus
1282 3610 1379 3667 Dei
1432 3609 1658 3664 transire
1702 3623 1808 3663 non

214 3709 450 3764 sinitur?
486 3708 620 3778 Quis
648 3709 790 3764 enim
826 3707 1031 3763 dubitet
1070 3705 1223 3777 pejus
1264 3719 1384 3760 esse
1412 3704 1429 3735 ι
1460 3712 1518 3758 ιιι
1546 3703 1654 3758 illic
1695 3716 1813 3756 ma-

215 3810 361 3869 neat,
405 3817 568 3873 quam
592 3809 652 3857 ut
678 3801 826 3857 illinc
852 3798 1126 3855 transeat?
1162 3797 1368 3866 Quaeris
1397 3796 1645 3861 fortasse,
1673 3809 1810 3864 quo-

214 3892 382 3949 modo
408 3908 546 3964 opus
589 3892 786 3948 diaboli
833 3899 1045 3947 maneat
1072 3891 1126 3944 in
1155 3904 1320 3959 opere
1349 3889 1464 3944 Dei.
1513 3887 1631 3942 Noli
1685 3885 1814 3940 alibi

214 3999 479 4054 querere,
513 3984 687 4053 ipsum
728 3982 993 4039 diabolum
1025 3980 1223 4037 recole.
1261 3979 1409 4051 Opus
1437 3978 1532 4034 Dei
1570 3985 1673 4043 est,
1718 3992 1813 4030 na-

215 4082 340 4130 tura
385 4074 571 4146 utique
613 4074 852 4145 angelica
895 4074 1136 4149 :invidia
1183 4087 1313 4128 vero
1342 4086 1478 4142 opus
1520 4079 1604 4125 est
1646 4068 1812 4138 ipsius

214 4160 445 4235 diaboli,
482 4165 625 4236 quod
659 4180 796 4236 opus
833 4173 890 4224 et
924 4164 1184 4235 processit
1210 4178 1276 4220 ex
1318 4163 1429 4230 illo,
1459 4170 1513 4216 et
1556 4170 1733 4215 manet
1760 4160 1811 4214 in

213 4257 332 4313 illo.
370 4257 582 4313 Vanum
628 4266 715 4313 est
757 4257 916 4327 igitur
959 4255 1100 4328 quod
1144 4256 1347 4318 dixisti,
1384 4273 1403 4307 ι
1440 4253 1585 4325 Opus
1616 4252 1812 4307 diaboli

215 4364 317 4420 per
335 4364 473 4419 opus
494 4349 588 4405 Dei
615 4365 721 4404 non
751 4348 996 4413 transire,
1032 4367 1050 4401 ι
1086 4347 1178 4403 ubi
1205 4346 1461 4416 perspicis
1486 4354 1541 4400 et
1568 4359 1808 4399 manere.

216 4440 547 4496 Manichzeus
595 4450 775 4496 autem
821 4450 1067 4511 quantas-
1095 4438 1190 4494 tibi
1234 4439 1433 4510 gratias
1479 4447 1619 4507 agat,
1673 4437 1814 4492 itane

217 4531 461 4587 nondum
505 4531 774 4602 respicis?
822 4529 1057 4585 nondum
1104 4528 1533 4600 expergisceris?
1583 4526 1821 4582 Laborat

217 4625 369 4681 enim
397 4624 740 4692 Maniehmus,
765 4633 823 4679 ut
845 4622 1109 4689 ostendat,
1140 4638 1205 4678 ex
1234 4622 1376 4678 bono
1399 4622 1492 4676 Dei
1518 4636 1682 4691 opere
1699 4634 1815 4675 ma-

216 4714 335 4775 lum
367 4715 493 4770 oriri
520 4729 630 4770 non
676 4729 856 4786 posse,
888 4723 965 4781 ut,
993 4714 1136 4785 quod
1169 4715 1285 4785 ipse
1314 4713 1443 4777 vult,
1485 4713 1686 4768 malum
1713 4711 1815 4767 nisi

216 4821 285 4861 ex
316 4808 464 4882 malo
507 4821 631 4863 esse
670 4821 776 4861 non
822 4821 979 4876 posse
1020 4805 1289 4861 credatur.
1329 4804 1430 4860 Hic
1458 4811 1513 4859 ιιι
1557 4803 1815 4860 mirabilis

217 4897 339 4968 ejus
385 4898 621 4970 adjutor,
678 4917 698 4951 ι
753 4898 853 4953 Per
880 4913 1034 4968 Opus,
1091 4916 1113 4951 ι
1163 4898 1358 4969 inquis,
1397 4916 1417 4951 ι
1470 4897 1565 4952 Dei
1617 4897 1817 4952 malum

218 4988 453 5045 transire
480 5004 591 5043 non
633 4987 869 5043 sinitur:
904 5007 924 5040 ι
957 4995 1015 5043 ιιι
1053 4988 1141 5043 ille
1182 4996 1293 5043 tota
1319 4988 1568 5044 facilitate
1592 4987 1815 5042 conclu-

215 5079 336 5146 dat,
356 5082 528 5137 multo
552 5082 726 5136 minus
747 5079 870 5136 inde
889 5079 1018 5136 oriri
1046 5094 1225 5152 posse,
1248 5095 1343 5151 per
1359 5078 1501 5151 quod
1521 5094 1622 5136 nec
1641 5087 1816 5136 trans-

215 5165 302 5226 ὶιε
327 5171 675 5242 permittitur.

289 5262 521 5321 CAPUT
550 5262 642 5320 IX.
671 5293 745 5305 —
787 5263 881 5320 42.
911 5262 1046 5319 Audi
1074 5263 1181 5320 tale
1204 5262 1348 5318 aliud
1368 5304 1383 5330 ,
1411 5264 1521 5318 imo
1548 5264 1766 5335 gravius
1788 5304 1805 5332 ,

218 5354 313 5411 Ibi
333 5354 640 5413 Manicbaﬁs
658 5356 941 5413 identidem
954 5354 1283 5428 sull‘ragaris.
1295 5375 1315 5408 ι
1327 5357 1572 5424 Evanuit,
1588 5376 1606 5408 ι
1617 5356 1815 5427 inquis,

224 5448 522 5519 roriginale
538 5458 815 5520 peccatum
834 5490 852 5516 ,
871 5450 992 5521 quia
1010 5464 1116 5505 non
1135 5458 1312 5521 potest
1325 5450 1450 5506 mali
1478 5449 1627 5505 radix
1666 5449 1719 5504 in
1748 5463 1816 5504 eo

284 5581 309 5613 ⁸
345 5581 479 5642 ωευ,
499 5586 633 5647 putet
669 5581 805 5646 pejus
827 5595 950 5647 esse.
975 5590 1076 5633 Duo
1097 5594 1159 5633 ex
1183 5581 1671 5647 quinquejfaticanis
1688 5586 1819 5647 uss”

216 5648 367 5769 ὕει,
379 5641 632 5757 minim
650 5641 878 5698 meum
896 5652 1001 5697 tres
1020 5657 1131 5696 eum
1152 5641 1618 5709 aliipiot'callican‘s,
1637 5641 1819 5695 dubitet

1602 292 1800 351 LIBER
1838 292 2105 355 PRIMUS.

3406 303 3511 362 670

1912 410 2054 481 quod
2074 409 2274 469 donum
2310 410 2405 469 Dei
2437 425 2596 468 vocas
2626 409 2841 468 locaria
2874 409 3027 480 Quod
3054 428 3154 483 ego
3197 414 3316 470 vide
3341 431 3499 486 quam

1913 503 2193 559 manifesta
2216 505 2435 561 veritate
2454 506 2788 562 convincam.
2818 505 3007 563 Nonne
3035 522 3224 562 sensus
3269 508 3503 565 hominis

1912 593 2112 649 donum
2144 594 2236 650 Dei
2283 603 2367 650 est
2413 593 2535 652 iEt
2561 605 2738 653 tamen
2785 596 2856 653 ibi
2895 598 3088 654 locavit
3128 600 3373 655 inimicm
3404 601 3492 656 ille

1915 686 2207 742 seminator
2232 685 2466 741 radicem
2511 687 2902 759 mali,quando
2966 701 3238 761 peccatum
3298 692 3500 748 homini

1914 779 2217 848 serpentina
2270 778 2453 835 fraude
2480 781 2741 850 persuasit
2770 780 2922 853 (Gen.
2945 799 3019 847 ιιι,
3052 784 3195 856 1-6).
3220 785 3329 841 Nisi
3355 786 3501 842 enim

1914 869 2148 927 radicem
2177 869 2302 925 mali
2332 870 2598 926 humanus
2628 880 2752 927 tunc
2780 873 3048 943 reciperet
3099 892 3321 944 sensus,
3354 879 3502 933 nullo

1914 960 2076 1015 modo
2104 960 2244 1017 male
2261 960 2503 1017 suadenti
2530 963 3024 1036 accommodaretur
3060 980 3333 1023 assensus.
3361 968 3501 1036 Quid

1912 1054 2087 1109 dicam
2135 1052 2204 1111 de
2250 1053 2431 1110 radice
2457 1054 2695 1110 omnium
2724 1056 2984 1111 malorum
3022 1060 3241 1113 avaritia
3270 1059 3383 1115 ?Et
3411 1060 3501 1116 ubi

1912 1156 1995 1202 est
2020 1149 2155 1216 haec,
2188 1146 2287 1202 nisi
2314 1148 2367 1202 in
2407 1147 2640 1203 hominis
2684 1148 2904 1204 anima?
2931 1158 2986 1204 et
3009 1149 3134 1219 quid
3159 1160 3242 1213 est
3267 1151 3501 1207 hominis

1912 1238 2111 1306 animo,
2141 1238 2245 1294 nisi
2267 1238 2465 1294 donum
2487 1239 2624 1295 Dei?
2654 1239 2932 1308 Quomodo
2966 1254 3095 1311 ergo
3123 1250 3177 1294 tu
3205 1242 3369 1308 dicis,
3398 1242 3500 1297 nisi

1914 1347 2020 1386 non
2048 1330 2438 1387 considerando
2454 1330 2578 1401 quid
2591 1331 2759 1398 dicas,
2780 1350 2798 1383 ι
2820 1330 3051 1387 radicem
3064 1332 3188 1387 mali
3208 1332 3371 1387 locari
3391 1347 3498 1389 non

1915 1440 2072 1495 posse
2101 1425 2153 1479 in
2192 1423 2334 1480 dono
2377 1424 2509 1479 Dei?
2534 1442 2553 1476 ι
2587 1423 2692 1480 Sed
2719 1422 3075 1488 Manichteus,
3117 1423 3201 1479 cui
3232 1438 3327 1493 per
3371 1423 3501 1479 istas

1914 1515 2338 1572 inconsideratas
2367 1519 2659 1570 sententias
2689 1523 2805 1570 tuas
2831 1514 3116 1584 plurimum
3147 1514 3454 1585 sulfragaris
3479 1552 3498 1582 ,

1912 1607 2037 1678 quid
2066 1608 2157 1663 tibi
2175 1607 2315 1662 dicat
2341 1606 2576 1662 attende.
2598 1606 2653 1662 Si
2673 1621 2793 1661 esse
2818 1606 3135 1662 rationalem
3165 1616 3459 1661 creaturam
3483 1645 3501 1670 ,

1916 1699 2007 1755 Dei
2028 1697 2224 1753 donum
2246 1706 2359 1766 est,
2386 1706 2441 1754 et
2460 1696 2593 1753 dicis
2619 1697 2786 1752 locari
2809 1712 2914 1753 non
2940 1712 3095 1767 posse
3115 1696 3347 1751 radicem
3373 1696 3498 1750 mali

1913 1793 1964 1847 in
2018 1791 2161 1847 dono
2203 1791 2331 1859 Dei;
2384 1800 2584 1861 quanto
2615 1789 3189 1861 probabiliusdicitur.
3219 1789 3348 1843 oriri
3387 1803 3495 1842 non

1915 1896 2071 1951 posse
2092 1881 2323 1937 radicem
2342 1882 2468 1937 mali
2485 1898 2549 1938 ex
2568 1881 2709 1936 dono
2734 1882 2825 1936 Dei
2840 1881 2864 1935 ?
2879 1881 2956 1935 Ac
2978 1881 3057 1936 sic
3083 1890 3133 1935 te
3147 1879 3507 1949 sull'ragatore

1912 1971 2202 2027 introducit
2238 1972 2560 2027 Manichmus
2588 1972 2821 2027 radicem
2851 1971 2973 2026 mali
2997 1986 3062 2026 ex
3090 1970 3177 2026 illa
3204 1986 3363 2047 quam
3385 1985 3503 2026 non!

1910 2081 1942 2121 a
1974 2065 2084 2120 Dco
2106 2072 2339 2121 creatam
2360 2107 2375 2133 ,
2411 2064 2508 2121 sed
2550 2065 2660 2120 Deo
2702 2071 3021 2120 comternam
3070 2062 3221 2133 lingit
3249 2070 3505 2117 naturam

1911 2155 2059 2211 mali.
2091 2154 2355 2220 Quoniam
2392 2155 2439 2210 si
2477 2154 2675 2209 dixeris
2696 2194 2713 2219 ,
2742 2169 2806 2209 ex
2834 2152 3002 2208 libero
3028 2153 3249 2208 arbitrio
3292 2160 3505 2207 natum-

1911 2246 2066 2303 bonae
2087 2262 2116 2301 a
2143 2247 2250 2303 Deo
2275 2255 2470 2304 creata:
2493 2256 2667 2301 ortam
2696 2244 2822 2300 mali
2850 2244 3086 2300 radicem
3112 2243 3280 2314 (quod
3305 2242 3499 2299 catho-

1913 2339 2013 2394 lica
2041 2339 2237 2395 veritas
2278 2338 2463 2410 dicit);
2501 2337 2603 2393 illis
2629 2337 2810 2392 verbis
2838 2337 2942 2391 tuis
2972 2347 3022 2391 te
3042 2334 3299 2391 facillime
3331 2348 3498 2403 supe-

1912 2439 2014 2496 rat,
2028 2431 2116 2486 ubi
2129 2430 2226 2496 ais,
2238 2449 2257 2482 ι
2269 2428 2497 2485 radicem
2512 2428 2633 2483 mali
2646 2428 2808 2484 locari
2823 2441 2927 2482 non
2944 2441 3100 2497 posse
3111 2426 3163 2480 in
3175 2425 3318 2480 dono
3333 2425 3444 2481 Dei:
3466 2442 3487 2478 ι

1911 2524 2035 2596 quia
2056 2530 2110 2578 et
2133 2523 2356 2577 liberum
2377 2520 2653 2576 arbitrium
2675 2519 2857 2589 procul
2877 2517 3041 2573 dubio
3065 2515 3353 2571 estdonum
3373 2516 3486 2570 Dei.

1912 2614 1991 2670 Ac
2017 2629 2111 2685 per
2138 2612 2239 2667 hoc
2258 2628 2379 2667 cum
2410 2611 2565 2666 «mali
2592 2610 2823 2666 radicem
2845 2608 2898 2664 in
2923 2608 3066 2664 dono
3088 2608 3182 2664 Dei
3201 2608 3360 2662 locari
3385 2623 3493 2662 non

1914 2722 2071 2778 posse
2094 2726 2113 2759 ι
2130 2706 2332 2772 dixisti,
2353 2703 2642 2761 Manicme
2658 2702 2799 2774 quod
2813 2709 2999 2757 contra
3020 2709 3074 2757 te
3089 2700 3310 2765 diceret,
3327 2710 3381 2757 tu
3401 2700 3495 2755 de-

1913 2797 2055 2853 disti.
2081 2797 2212 2863 Quia
2238 2795 2284 2851 si
2315 2812 2419 2851 non
2452 2792 2693 2865 potestin
2722 2794 2864 2851 bono
2891 2793 3055 2849 locari
3086 2791 3321 2857 malum,
3352 2791 3496 2862 quod

1914 2897 1971 2945 tu
1995 2889 2131 2945 dicis
2159 2888 2322 2955 mihi;
2350 2888 2520 2943 multo
2540 2887 2716 2942 minus
2743 2894 2920 2958 potest
2945 2885 3075 2940 oriri
3099 2901 3164 2940 ex
3192 2884 3335 2939 bono
3374 2898 3494 2938 ma-

1912 2983 2054 3050 lum,
2084 2981 2225 3052 quod
2256 2981 2344 3036 ille
2367 2979 2496 3035 dicit
2521 2979 2635 3035 tibi.
2669 2980 2748 3034 Ac
2784 2979 2861 3033 sic
2902 2976 3218 3043 concludet,
3246 2991 3351 3031 non
3377 2988 3499 3032 esse

1913 3074 2111 3129 malum
2142 3073 2239 3127 nisi
2270 3088 2334 3128 cx
2358 3072 2500 3127 malo
2531 3072 2652 3128 :ubi
2683 3070 2852 3126 victor
2868 3069 3133 3125 videbitur
3151 3068 3286 3132 sibi,
3312 3077 3366 3123 et
3393 3067 3498 3122 erit

1912 3163 2184 3235 profecto,
2217 3162 2319 3217 nisi
2339 3171 2392 3218 et
2420 3162 2492 3216 illi
2513 3161 2790 3217 resistatur
2812 3170 2868 3218 et
2898 3160 3013 3216 tibi.
3044 3158 3255 3215 Veritas
3282 3172 3415 3227 ergo
3433 3157 3501 3210 li-

1913 3256 2001 3313 dci
2028 3256 2305 3311 catholicae
2352 3256 2405 3310 in
2446 3255 2528 3310 his
2576 3254 2752 3310 verbis
2776 3253 2968 3309 vestris
2996 3251 3116 3307 ideo
3145 3248 3501 3305 vincitblani-

1914 3347 2120 3404 chmum
2142 3389 2158 3414 ,
2190 3347 2311 3417 quia
2341 3347 2502 3401 vincit
2531 3355 2583 3400 et
2612 3355 2663 3399 te
2687 3344 2876 3414 ipsum.
2910 3343 3041 3398 Nam
3081 3342 3128 3398 si
3159 3349 3210 3397 te
3236 3358 3340 3396 non
3375 3341 3496 3394 vin-

1915 3448 2060 3495 ceret
2082 3436 2370 3501 dicentem,
2394 3455 2413 3488 ι
2438 3452 2542 3491 non
2558 3450 2712 3505 posse
2728 3434 2780 3489 in
2801 3434 2943 3489 dono
2963 3434 3054 3489 Dei
3072 3432 3233 3488 locari
3261 3431 3498 3486 radicem

1913 3532 2075 3596 mali;
2104 3550 2122 3584 ι
2145 3530 2506 3585 multominus
2528 3527 2874 3583 Manichmum
2901 3534 3081 3596 posset
3094 3525 3306 3580 vincere
3317 3524 3500 3578 dicen-

1918 3632 2024 3678 tem
2042 3664 2056 3686 ,
2080 3637 2186 3676 non
2212 3636 2372 3692 posse
2397 3637 2463 3675 ex
2501 3620 2642 3675 dono
2669 3619 2760 3674 Dei
2781 3618 2910 3673 oriri
2941 3616 3171 3672 radicem
3214 3616 3358 3670 mali.
3387 3613 3498 3670 Sed

1880 3713 1885 3719 ’
1915 3722 1975 3767 ut
1994 3713 2171 3766 vincat
2208 3711 2425 3776 ambos,
2453 3724 2552 3765 nec
2589 3707 2801 3764 aliunde
2827 3707 2984 3773 oriri,
3019 3721 3119 3762 nec
3153 3705 3343 3759 alicubi
3378 3718 3503 3760 esse

1917 3819 2075 3875 posse
2095 3803 2224 3858 dicit
2253 3802 2485 3857 radicem
2507 3800 2664 3868 mali,
2692 3799 2797 3855 nisi
2824 3814 2889 3855 ex
2935 3805 3121 3853 natura
3146 3806 3202 3853 et
3227 3797 3277 3851 in
3309 3804 3498 3850 natura

1916 3894 2160 3950 rationali
2183 3911 2197 3960 ;
2223 3893 2308 3948 cui
2339 3907 2461 3947 esse
2500 3900 2745 3946 naturam
2784 3888 3097 3945 rationalem
3143 3902 3248 3943 non
3275 3894 3358 3942 est
3398 3884 3503 3939 nisi

1917 3986 2115 4042 donum
2144 3986 2234 4041 Dei
2262 4004 2274 4038 :
2306 3984 2397 4039 sed
2416 3983 2664 4054 quoniam
2691 3997 2722 4037 a
2748 3994 2958 4036 summo
2977 3979 3504 4050 atqueincomninta-

1917 4078 2010 4133 bili
2029 4078 2167 4132 bono
2193 4077 2258 4131 tle
2280 4076 2446 4131 nihilo
2475 4075 2608 4130 facta
2629 4082 2739 4138 est,
2768 4082 2824 4128 ut
2854 4080 2992 4128 esset
3016 4113 3032 4139 ,
3056 4071 3301 4142 quamvis
3330 4078 3507 4123 ιιιιιιει-

1917 4168 2043 4235 bile,
2067 4178 2239 4223 tamen
2262 4168 2491 4232 bonum;
2520 4165 2751 4222 deiicere
2770 4163 2844 4237 (α)
2862 4180 2893 4219 a
2915 4164 3099 4219 bonoa
3115 4176 3221 4233 quo
3246 4161 3377 4216 facta
3398 4169 3503 4224 est,

1917 4259 2022 4315 hoc
2041 4268 2125 4314 est
2147 4261 2163 4291 ³
2192 4276 2259 4314 ex
2291 4259 2399 4322 illa,
2427 4258 2509 4314 vel
2535 4258 2589 4312 in
2621 4257 2711 4311 illa
2738 4256 2888 4311 radix
2915 4255 3041 4310 mali
3070 4271 3084 4309 :
3113 4254 3236 4325 quia
3265 4252 3394 4307 nihil
3418 4259 3503 4307 est

1918 4351 2060 4407 aliud
2087 4352 2282 4406 malum
2301 4393 2315 4417 ,
2338 4351 2438 4405 nisi
2464 4350 2693 4421 privatio
2720 4348 2865 4405 boni.

1989 4443 2211 4501 43.1am
2235 4460 2396 4515 porro
2418 4444 2505 4498 ubi
2521 4443 2675 4510 dicis,
2700 4461 2717 4493 ι
2741 4441 3085 4497 llerumratio
3105 4455 3210 4495 non
3229 4439 3351 4494 sinit
3368 4447 3418 4491 ut
3435 4437 3504 4493 de

1920 4536 2060 4591 bono
2076 4511 2271 4589 malum
2299 4543 2355 4589 et
2382 4534 2449 4589 de
2467 4532 2614 4603 justo
2638 4532 2877 4602 iniquum
2903 4529 3103 4601 aliquid
3129 4531 3454 4601 proferatur;
3479 4546 3505 4581 ›
3556 4511 3565 4519 ’

1921 4638 2141 4698 prorsus
2170 4623 2581 4680 Manichaeorum
2611 4623 2769 4680 verba
2802 4622 2956 4678 dicis.
2997 4621 3107 4677 lloc
3159 4621 3300 4676 enim
3351 4634 3509 4674 asse~

1919 4727 2063 4785 runt,
2087 4732 2192 4772 non
2219 4732 2377 4788 posse
2401 4714 2597 4771 malum
2633 4713 2862 4788 proferri
2888 4714 2989 4770 nisi
3029 4712 3097 4770 de
3132 4713 3306 4777 malo;
3348 4720 3402 4767 et
3433 4710 3506 4766 ibi

1922 4821 2030 4868 tota
2055 4827 2241 4868 eorum
2271 4809 2492 4865 nefanda
2519 4821 2664 4865 secta
2694 4807 2969 4875 consistit,
3016 4806 3138 4877 quia
3180 4805 3329 4876 prius
3370 4817 3504 4858 con-

1920 4903 2145 4961 tendunt
2172 4903 2369 4958 malum
2411 4898 2638 4972 proferri
2667 4916 2771 4953 non
2801 4914 2959 4969 posse
2983 4897 3050 4953 de
3091 4897 3252 4952 bono.
3283 4893 3433 4963 Quod
3461 4892 3508 4948 si

1919 4995 2000 5052 eis
2022 5005 2073 5051 te
2095 5001 2314 5049 auctore
2342 4990 2801 5058 concesserimus,
2827 4988 2960 5044 nihil
2989 4987 3141 5043 nobis
3174 4986 3386 5058 penitus
3414 4999 3507 5040 re-

1921 5087 2185 5153 manebit,
2214 5084 2356 5141 unde
2399 5084 2608 5139 illorum
2638 5081 2838 5139 nefaria
2887 5083 3134 5152 dogmata
3183 5080 3507 5149 redarguere

1921 5180 2210 5235 valeamus.
2232 5176 2344 5232 lloc
2367 5184 2452 5232 est
2473 5186 2671 5243 autem,
2693 5173 2933 5246 iniquum
2955 5172 3021 5227 de
3039 5172 3184 5243 justo
3202 5187 3217 5236 ;
3235 5169 3376 5240 quod
3394 5177 3476 5223 est
3490 5208 3509 5236 ,

1922 5270 2117 5327 Malum
2142 5269 2208 5325 de
2254 5267 2415 5323 bono.
2443 5266 2714 5323 Catholica
2764 5265 2924 5337 igitur
2963 5263 3131 5327 lidcs,
3161 5269 3217 5317 ul.
3241 5269 3296 5316 et
3335 5259 3427 5314 tibi
3453 5268 3514 5313 et

1923 5361 2027 5417 illis
2049 5359 2290 5425 resistat,
2321 5362 2420 5414 hoc
2436 5358 2586 5425 dicit,
2613 5372 2718 5413 non
2737 5357 2998 5428 prolatum
3026 5369 3146 5411 esse
3175 5353 3372 5408 malum
3404 5347 3510 5404 nisi

1923 5453 1991 5511 de
2014 5453 2155 5510 bono
2172 5495 2187 5520 ,
2203 5461 2259 5510 et
2281 5452 2519 5523 iniquum
2543 5451 2645 5507 nisi
2668 5449 2919 5519 dejusto.
2947 5448 3081 5516 Quia
3104 5447 3249 5519 prius
3281 5444 3509 5517 angelus

1923 5554 1978 5602 et
1999 5544 2182 5611 homo,
2210 5544 2278 5600 de
2297 5544 2488 5615 quibus
2505 5542 2604 5598 ista
2631 5542 2834 5614 prolata
2860 5548 3019 5608 sunt,
3047 5538 3174 5597 boni
3201 5546 3354 5597 erant
3383 5534 3507 5595 uti-

1987 5640 2005 5672 ι
2039 5644 2181 5688 Juxta
2200 5642 2275 5685 Er.
2294 5634 2444 5698 Lugd.
2469 5642 2590 5684 ven.
2613 5639 2745 5696 μοι,
2769 5631 2873 5686 Ιιωσ
2896 5638 2983 5684 est.
3046 5635 3108 5682 tt.

1987 5699 2062 5765 (tt)
2088 5706 2245 5761 Forte,
2268 5695 2474 5762 deﬁcere
2492 5707 2649 5762 posse.
