4072 6568
401 353 499 404 671

402 476 508 529 que
536 468 592 514 et
611 455 760 526 justi.
790 454 907 512 Non
941 451 1100 520 igitur
1123 448 1423 504 resistimus
1448 443 1753 500 llaniclrris
1797 443 1898 498 nisl
1933 449 1989 497 et

403 564 432 604 a
457 559 509 604 te
529 549 545 579 ¹
576 547 912 602 obtineamus
933 585 947 602 .
980 555 1083 594 non
1109 553 1228 594 esse
1257 537 1394 592 mala
1420 548 1535 591 orta
1561 535 1664 591 nisi
1691 550 1758 590 ex
1785 533 1940 589 bonis
1973 547 1989 591 :

405 653 507 694 nec
535 653 596 692 ea
622 635 756 691 mala
783 631 1106 688 substantias
1127 643 1246 684 esse
1266 669 1282 695 ,
1306 627 1400 683 sed
1423 626 1839 682 substantiarum
1867 624 1992 678 vitia

406 739 736 792 crcatarum,
768 709 957 794 quibus
983 721 1238 778 deficiunt
1264 735 1292 774 a
1319 719 1459 775 bono
1487 717 1735 788 quoniam
1768 714 1998 794 mutabi-

409 821 488 876 les
512 826 748 885 sunt,eo
776 793 916 885 quod
937 829 1002 868 ex
1030 811 1198 866 nihilo
1229 810 1381 864 factas
1430 815 1571 864 sunt.
1603 805 1730 862 Haec
1766 813 1848 860 est
1892 793 1995 860 do-

407 909 594 965 ctrina:
625 905 902 962 catholica:
929 903 1160 968 sanitas,
1215 915 1318 972 qua
1350 898 1653 955 Manicheam
1683 895 1998 967 pestilentia:

407 998 556 1054 virus
576 995 888 1066 expellitur.

481 1089 573 1144 M.
599 1086 751 1143 Unde
767 1085 858 1140 ille
883 1082 1074 1139 doctor
1095 1095 1248 1138 meus
1265 1123 1280 1148 ,
1313 1078 1388 1135 tui
1418 1077 1578 1134 etiam
1607 1077 1733 1131 mali
1762 1075 1997 1131 doctoris

413 1196 510 1238 ore
535 1178 778 1235 lauda-tus
805 1174 1150 1240 Ambrosius,
1181 1171 1236 1228 in
1265 1187 1332 1228 eo
1377 1171 1516 1226 libro
1560 1184 1722 1240 quem
1752 1167 1820 1223 de
1849 1165 1998 1221 Isaac

416 1283 470 1330 et
487 1273 674 1327 Anima
691 1270 928 1339 scripsit:
953 1265 1118 1338 «Quid
1131 1280 1258 1336 ergo
1274 1273 1374 1332 est,
1389 1283 1406 1315 ι
1419 1263 1607 1332 inquit,
1621 1280 1638 1313 ‹
1651 1261 1878 1328 malitia,
1895 1260 2000 1314 nisi

416 1364 543 1418 boni
566 1360 918 1432 indigentia'h
939 1359 1008 1414 Et
1037 1359 1230 1414 iterum
1265 1357 1339 1410 ait
1361 1355 1489 1410 :tEx
1510 1354 1664 1408 bonis
1687 1353 1843 1422 igitur
1863 1351 2002 1405 mala

417 1466 534 1510 orta
549 1462 692 1508 sunt.
721 1451 836 1506 Non
858 1451 998 1506 enim
1025 1447 1299 1504 suntinala
1317 1489 1331 1512 ,
1360 1443 1462 1500 nisi
1479 1459 1596 1514 qua:
1619 1441 2004 1512 privanturbo-

419 1545 505 1598 nis
537 1561 550 1597 :
577 1559 672 1614 per
707 1541 844 1596 mala
896 1549 1070 1594 tamen
1101 1537 1296 1592 factum
1329 1544 1410 1590 est
1435 1541 1496 1588 ut
1521 1534 1658 1586 bona
1686 1532 2005 1586 eminerent.

421 1635 562 1704 Ergo
578 1633 862 1703 indigentia
881 1631 1027 1697 boni,
1047 1629 1198 1683 radix
1225 1627 1440 1680 malitia:
1464 1621 1742 1696 csti(Cap.
1759 1621 2008 1694 7).Vides

419 1741 580 1796 quam
633 1739 754 1778 vera
807 1721 1084 1776 catholica:
1116 1719 1237 1774 ﬁdei
1267 1718 1476 1772 ratione
1501 1715 1794 1785 redarguat
1819 1714 2010 1768 beatus

420 1815 734 1871 Ambrosius
759 1811 1078 1867 Manichmos
1119 1809 1143 1863 ?
1187 1807 1348 1863 Vides
1393 1805 1842 1878 quemadmodum
1873 1819 1968 1858 eos
1991 1844 2008 1868 ,

420 1907 664 1977 quamvis
686 1907 738 1960 in
767 1903 956 1960 eadem
981 1901 1338 1970 disputatione
1368 1913 1473 1952 non
1505 1897 1894 1958 nominaverit,
1927 1902 2008 1948 ta-

421 2011 546 2052 men
580 1997 678 2050 ista
714 1993 1097 2049 sententiarum
1129 1991 1353 2045 veritate
1378 2003 1441 2042 ac
1482 1987 1738 2041 brevitate
1766 1985 2012 2041 convice-

421 2087 494 2142 rit
515 2087 538 2140 ?
558 2085 696 2140 Ecce
721 2083 806 2138 cui
838 2082 1039 2136 homini
1069 2081 1160 2137 Dei
1191 2087 1408 2149 propter
1432 2077 1691 2148 originale
1711 2085 2008 2147 peccatum,

421 2177 568 2248 quod
597 2176 896 2232 catholicus
939 2173 1204 2229 catholico
1249 2173 1508 2239 asseruit,
1559 2171 1748 2241 objicis
1797 2171 2013 2225 nomine

423 2267 840 2322 linieharorum
863 2265 1118 2318 inStinctu
1145 2262 1388 2317 maledici
1415 2260 1610 2316 furoris
1630 2260 1976 2332 opprobrium
1994 2300 2011 2327 ,

421 2357 512 2428 qui
544 2365 728 2412 contra
753 2355 1083 2427 sulfraginm,
1111 2353 1254 2425 quod
1283 2353 1361 2409 eis
1403 2362 1458 2408 tu
1488 2361 1714 2424 praestas
1733 2394 1748 2420 ,
1785 2361 1891 2406 tam
1927 2352 2014 2407 in-

421 2450 624 2506 victum
669 2447 738 2503 ad
783 2461 877 2502 eos
927 2445 1274 2502 debellandos
1299 2443 1577 2500 catholicis
1595 2443 2016 2514 disputatoribus

421 2540 631 2612 praebet
649 2539 923 2594 auxilium.
949 2539 1042 2593 Ille
1065 2539 1262 2608 quippe
1282 2537 1538 2592 adversus
1557 2537 1878 2593 Manichaios
1903 2537 2016 2592 cla-

424 2639 586 2698 maui
607 2631 682 2685 Ex
709 2629 864 2684 bonis
877 2629 1018 2683 mala
1042 2636 1160 2683 orta
1191 2637 1377 2682 suum
1401 2627 1722 2682 etadversus
1753 2643 1876 2683 eum
1907 2641 2010 2698 pro

426 2721 735 2778 Hanichazis
747 2728 804 2775 tu
819 2721 1099 2786 reclamas,
1109 2737 1128 2771 ‹
1139 2718 1373 2774 Necesse
1384 2726 1469 2773 est
1479 2719 1674 2772 malum
1688 2732 1898 2786 esse,ex
1911 2733 2018 2788 quo

427 2821 486 2870 et
501 2827 596 2885 per
619 2811 761 2883 quod
787 2811 956 2867 malus
971 2810 1174 2866 fructus
1189 2811 1496 2882 apparuitp
1519 2810 1738 2875 et,¢Per
1762 2825 1896 2880 Opus
1924 2810 2019 2866 Dei

427 2922 564 2978 opus
579 2905 778 2961 diaboli
796 2905 1026 2960 transire
1040 2919 1150 2958 non
1166 2903 1376 2969 sinitur;
1391 2911 1493 2970 iet,
1507 2901 1590 2957 ειη
1603 2903 1744 2957 dono
1757 2903 1849 2958 Dei
1867 2903 2016 2958 radix

427 2999 554 3055 mali
571 2998 734 3053 locari
750 3011 854 3051 non
873 3003 1068 3066 potest;
1097 3003 1200 3061 iet,
1214 2994 1439 3049 «Rerum
1455 2995 1592 3049 ratio
1613 3009 1716 3048 nou
1740 2995 1864 3049 sinit
1886 2993 2020 3050 utdc

428 3091 574 3147 bono
595 3089 812 3156 malum,
837 3103 898 3144 ac
913 3089 979 3144 de
997 3088 1139 3159 justo
1161 3087 1398 3158 iniquum
1411 3085 1610 3157 aliquid
1637 3085 1964 3156 proferatur.
1995 3105 2014 3140 ι

429 3182 555 3241 Huic
583 3183 781 3238 clamas
808 3195 906 3252 pro
956 3179 1262 3236 Manichaeis
1289 3189 1476 3234 contra
1515 3193 1698 3233 vocem
1738 3179 2018 3234 catholicae

432 3273 676 3329 veritatis
693 3289 792 3343 per
811 3271 1142 3328 sacerdotem
1167 3272 1259 3327 Dei
1294 3271 1591 3342 prolatam;
1623 3279 1681 3325 ut
1731 3271 1775 3325 si
1825 3281 1882 3326 tu
1927 3285 2022 3328 au-

433 3364 629 3430 diaris,
651 3363 928 3418 Manichuci
954 3364 1203 3428 vincant,
1249 3363 1522 3427 dicentes,
1567 3370 1626 3417 ut
1651 3361 1754 3416 alia
1780 3371 1982 3417 taceam
2003 3406 2017 3428 ,

439 3475 460 3510 ι
481 3457 538 3512 Si
567 3469 748 3510 rerum
777 3453 914 3509 ratio
938 3469 1046 3508 non
1074 3454 1203 3508 sinit
1230 3462 1289 3508 ut
1315 3453 1384 3509 de
1412 3453 1554 3508 bono
1585 3453 1780 3507 malum
1824 3452 2022 3524 aliquid

433 3545 775 3618 proferatur;
812 3561 832 3597 ι
868 3559 973 3599 non
995 3561 1124 3615 ergo
1152 3561 1215 3600 ex
1241 3545 1430 3611 bonis,
1460 3543 1597 3599 sicut
1623 3544 1753 3598 dicit
1787 3544 2023 3600 Ambro-

433 3639 583 3704 sius,
609 3636 741 3702 sed,
767 3635 906 3691 sicut
933 3650 1033 3692 nos
1059 3635 1316 3704 dicimus,
1371 3651 1436 3690 ex
1493 3635 1620 3690 mali
1667 3645 1856 3692 natura
1902 3643 2022 3691 orta

495 3755 518 3786 ³
549 3761 616 3804 ltx
635 3753 918 3805 Floriacensi
943 3759 1027 3804 Ms.
1051 3753 1286 3812 addimus,
1312 3757 1358 3802 et
1381 3765 1410 3802 α
1427 3759 1492 3802 ιε.

1215 333 1486 390 CONTRA
1529 327 1865 388 IULIAXUM
1905 325 2366 390 PELAGIANUM.
2405 325 2465 384 S.
2505 329 2876 388 AUGUSTINI

3579 333 3691 392 672

2103 449 2228 496 sunt
2251 441 2406 498 mala.
2433 442 2570 500 Ecce
2591 442 2642 498 in
2663 453 2916 514 quantam
2937 443 3248 516 voraginem
3275 443 3520 500 decidisti
3543 448 3684 502 male

2101 529 2444 603 intelligendo
2495 533 2780 588 Dominum
2806 534 3072 590 dicentem
3095 575 3111 601 ,
3145 534 3311 589 Arbor
3337 535 3464 590 bona
3489 541 3692 607 fructus

2101 623 2263 676 malos
2292 640 2394 678 non
2419 625 2539 696 facit
2563 640 2584 679 :
2608 639 2728 682 cum
2759 625 2864 680 hoc
2889 640 2994 680 non
3037 627 3108 682 sit
3143 626 3343 682 dictum
3367 627 3436 685 de
3462 638 3686 699 natura,

2104 714 2190 770 vel
2212 716 2280 771 de
2306 717 2534 786 nuptiis,
2571 733 2706 789 quas
2733 719 2962 774 instituit
2993 719 3166 788 Deus,
3195 721 3288 777 sed
3315 721 3384 777 de
3411 722 3695 779 voluntate

2107 807 2340 866 hominis
2366 811 2540 878 bona,
2571 825 2603 864 a
2622 827 2726 882 qua
2753 826 2860 866 non
2887 811 3024 866 llunt
3047 827 3208 884 opera
3229 813 3391 868 mala.

2175 902 2268 958 45.
2297 901 2404 962 Sed
2427 919 2494 958 ne
2521 903 2655 958 forte
2683 904 2768 960 vel
2813 913 2868 959 tu
2885 945 2902 972 ,
2929 905 3013 959 vel
3041 905 3302 976 quispiam
3343 906 3516 974 dicat,
3544 907 3696 978 Quo-

2107 992 2268 1048 modo
2295 993 2366 1050 de
2387 994 2582 1052 arbore
2605 1010 2768 1064 quam
2811 995 2938 1051 facit
2963 995 3152 1064 homo,
3181 996 3234 1050 id
3269 1005 3384 1064 est,
3422 999 3698 1055 voluntate

2109 1083 2248 1138 bona
2277 1099 2384 1140 non
2429 1083 2563 1140 fiunt
2589 1084 2792 1141 fructus
2817 1086 2978 1152 mali;
3007 1085 3148 1141 etde
3177 1095 3368 1142 natura
3391 1101 3548 1156 quam
3571 1087 3698 1142 facit

2113 1177 2286 1243 Deus,
2311 1176 2422 1246 ipsa
2451 1191 2570 1246 qua:
2595 1175 2752 1232 faciat
2785 1177 2986 1233 fructus
3005 1179 3208 1244 malos,
3265 1179 3504 1234 nascitur
3539 1193 3704 1234 arnor

2115 1269 2255 1323 mala
2283 1286 2297 1322 :
2325 1269 2473 1338 quasi
2503 1268 2702 1340 aliquid
2750 1269 2941 1324 melius
2982 1269 3141 1322 faciat
3183 1269 3380 1334 homo,
3411 1268 3551 1324 unde
3589 1280 3700 1322 non

2115 1360 2284 1430 possit
2310 1359 2482 1414 malus
2511 1358 2715 1414 fructus
2757 1360 3022 1427 existere;
3051 1375 3215 1430 quam
3255 1367 3340 1415 est
3381 1359 3510 1414 illud
3557 1361 3702 1432 quod

2113 1451 2241 1506 facit
2265 1451 2436 1519 Deus,
2471 1451 2612 1508 unde
2633 1452 2800 1521 possit
2836 1453 2972 1508 mala
3002 1452 3162 1507 arbor
3187 1452 3418 1507 existere
3437 1453 3462 1506 ?
3481 1467 3548 1507 ne
3579 1454 3706 1523 quis

2114 1559 2246 1614 ergo
2271 1543 2352 1598 sic
2379 1544 2738 1612 erret,audiat
2759 1544 3040 1616 diligenter
3063 1544 3400 1598 Ambrosium
3413 1544 3704 1612 dicentem,

2121 1654 2141 1687 ς
2173 1635 2312 1704 Quid
2337 1643 2418 1690 est
2447 1636 2680 1703 malitia,
2713 1637 2814 1691 nisi
2863 1635 2991 1692 boni
3039 1635 3328 1704 indigentia
3357 1635 3520 1690 iNun
3553 1638 3701 1692 enim

2115 1735 2244 1782 sunt
2266 1727 2406 1782 mala
2451 1727 2552 1782 nisi
2584 1743 2703 1797 qua:
2723 1727 3003 1796 privantur
3027 1727 3217 1792 bonis;
3249 1727 3372 1795 quia
3415 1727 3706 1797 indigentia

2117 1817 2271 1883 boni,
2299 1818 2450 1872 radix
2479 1818 2696 1872 malitia:
2723 1827 2824 1872 est.
2857 1835 2876 1868 ›
2909 1816 2976 1872 Et
3001 1816 3125 1870 hinc
3153 1816 3409 1886 intelligat
3433 1815 3556 1870 ideo
3581 1831 3710 1872 esse

2117 1915 2366 1968 arborem
2387 1912 2602 1976 malam,
2627 1911 2950 1968 voluntatem
2979 1909 3172 1964 malam
3193 1926 3207 1976 ;
3226 1909 3346 1979 quia
3371 1909 3610 1964 defectus
3623 1917 3710 1964 est

2117 2019 2147 2058 a
2179 2018 2390 2058 summo
2409 2003 2550 2058 bono
2565 2045 2580 2070 ,
2601 2004 2690 2056 ubi
2720 2002 2917 2058 bonum
2947 2001 3344 2070 creatum‘bono
3364 2010 3580 2056 creante
3595 2001 3711 2071 pri-

2121 2107 2296 2160 vatur,
2329 2103 2390 2148 ut
2415 2095 2486 2150 sit
2515 2095 2567 2148 in
2595 2109 2662 2149 eo
2681 2093 2832 2149 radix
2855 2093 2978 2148 mali
3008 2092 3140 2146 nihil
3189 2091 3330 2146 aliud
3363 2107 3518 2161 quam
3565 2092 3710 2146 indi-

2117 2186 2296 2256 gentia
2319 2183 2466 2240 boni.
2489 2184 2664 2239 Arbor
2686 2193 2864 2238 autem
2887 2183 3024 2238 bona
3045 2181 3168 2238 ideo
3187 2189 3272 2237 est
3285 2181 3528 2236 voluntas
3539 2181 3706 2246 bona,

2119 2277 2243 2348 quia
2275 2291 2372 2347 per
2394 2276 2562 2347 ipsam
2590 2275 2919 2331 convertitur
2946 2275 3108 2330 homo
3130 2273 3200 2328 ad
3240 2289 3506 2329 summum
3549 2285 3712 2340 atque

2121 2367 2552 2428 incommutabile
2597 2368 2794 2424 bonum
2831 2406 2850 2434 ,
2878 2377 2934 2422 et
2957 2365 3210 2436 impletur
3247 2365 3424 2432 bono,
3455 2375 3516 2420 ut
3551 2364 3712 2420 faciat

2121 2459 2356 2516 fructum
2383 2461 2604 2518 bonum.
2635 2461 2712 2516 Ac
2735 2475 2830 2528 per
2857 2459 2961 2514 hoc
2985 2459 3126 2514 Deus
3153 2467 3340 2514 auctor
3361 2465 3446 2514 est
3465 2457 3704 2511 omnium

2123 2550 2426 2617 bonorum,
2475 2551 2576 2606 hoc
2620 2559 2706 2608 est
2753 2558 2808 2604 et
2857 2559 3060 2604 natura:
3105 2548 3283 2616 bourn,
3325 2557 3382 2604 et
3422 2547 3712 2602 voluntatis

2123 2639 2503 2712 beii:e,’quam
2529 2640 2630 2695 nisi
2677 2639 2818 2696 Deus
2864 2638 2917 2694 in
2957 2637 3054 2693 illo
3099 2645 3391 2708 operetur,
3432 2651 3540 2693 non
3590 2637 3716 2692 facit

2123 2727 2288 2786 homo
2308 2747 2322 2782 :
2339 2728 2462 2800 quia
2493 2737 2824 2802 prmparatur
2835 2727 3078 2784 voluntas
3097 2742 3127 2782 a
3145 2727 3376 2782 Domino
3397 2726 3579 2801 (Prov.
3597 2743 3714 2794 vni,

2124 2835 2230 2874 sec.
2255 2817 2447 2890 LXX).
2849 2811 2852 2813 ’

2196 2910 2282 2966 46.
2309 2910 2418 2966 Sed
2441 2910 2552 2980 jam
2573 2909 2818 2964 ordinem
2843 2907 3208 2980 dispositionis
3233 2923 3370 2964 mea:
3407 2908 3564 2964 video
3609 2923 3708 2978 po-

2124 3001 2324 3056 stulare
2347 3041 2364 3068 ,
2387 3009 2445 3054 ut
2470 2997 2657 3054 faciam
2689 2999 2797 3054 Deo
2844 2997 3078 3054 donante
3101 3039 3118 3066 ,
3141 2997 3284 3070 quod
3305 2997 3462 3053 tertio
3487 2999 3604 3053 loco
3631 3013 3719 3054 ine

2127 3092 2386 3148 facturum
2415 3107 2536 3148 esse
2560 3092 2802 3162 promisi,
2827 3091 2934 3146 hoc
2953 3100 3056 3159 est,
3089 3101 3150 3148 ut
3173 3091 3554 3146 catholicorum
3576 3131 3589 3156 ,
3621 3091 3713 3160 qui

2127 3183 2340 3239 luerunt
2363 3191 2488 3238 ante
2517 3197 2636 3248 nos,
2665 3181 3044 3254 episcoporum
3069 3181 3352 3237 sententiis
3370 3221 3386 3247 ,
3425 3194 3714 3250 quascum-

2127 3290 2230 3347 que
2253 3275 2414 3331 rebus
2451 3274 2519 3330 de
2547 3274 2738 3345 quibus
2777 3273 2953 3344 agitur
2979 3281 3334 3344 congruentes
3357 3279 3580 3342 potuero
3619 3287 3712 3326 re-

2129 3365 2324 3436 perire,
2351 3365 2554 3420 vitreas
2580 3364 2815 3434 argutias
2835 3373 2954 3420 tuas
2973 3405 2990 3431 ,
3015 3372 3072 3420 et
3099 3362 3328 3434 fragilia,
3377 3361 3569 3432 quibus
3619 3361 3718 3418 tibi

2129 3455 2354 3510 multum
2384 3455 2578 3510 videris
2604 3463 2790 3510 acutus
2815 3463 2872 3510 et
2896 3454 3112 3522 nitidus,
3131 3465 3444 3524 argumenta
3471 3451 3712 3507 confrin-

2128 3560 2270 3615 gam.
2301 3545 2456 3613 Quod
2475 3544 2554 3600 ab
2581 3545 2686 3599 alio
2715 3546 3086 3614 aggrediemur
3105 3544 3346 3611 exordio,
3373 3543 3460 3600 hic
3480 3543 3636 3599 istius
3661 3541 3728 3596 li-

2129 3637 2212 3694 bri
2237 3638 2540 3709 prolixitate
2573 3637 2848 3692 conclusa.

1357 3923 1833 4058 LIBER
1915 3949 2794 4062 SECUNDUS.

502 4145 864 4208 Pelagianorum
885 4149 1052 4208 contra
1075 4137 1312 4203 originale
1338 4146 1590 4208 peccatum
1607 4142 1898 4208 argumenta

1989 4137 2138 4200 inque
2161 4136 2394 4200 convellit
2429 4139 2716 4188 auctoritate
2739 4151 2796 4187 ac
2815 4139 3078 4188 sententiis
3106 4139 3450 4189 catholicorum
3475 4137 3728 4188 doctorum

439 4211 520 4272 qui
536 4195 740 4272 ani'ein
762 4205 972 4272 Ecclesia
994 4195 1881 4272 claruerinit1_episcoiiorumfseilicet
1905 4195 2164 4272 illustrium
2186 4199 2393 4272 decem,
2419 4202 2618 4272 Irenzei,
2643 4202 2889 4262 Cypriani.
2920 4202 3080 4272 lteticii
3101 4235 3115 4259 ,
3149 4200 3562 4272 Qlyllillii..ilila_l'i_i
3581 4235 3594 4257 ,
3618 4208 3730 4248 Gre-

439 4257 562 4331 g'orii
587 4269 890 4331 Nazianzeui,
923 4265 1184 4324 Ambrosii,
1209 4257 1392 4321 Basilii,
1417 4257 1612 4310 Joannis
1629 4257 2163 4322 ConstantinOpolittmi,
2190 4268 2242 4310 et
2264 4257 2558 4323 lanocentii;
2594 4257 2784 4311 necnon
2807 4261 3082 4326 presbyteri
3104 4257 3402 4327 iuet-unm
3419 4296 3435 4323 ,
3471 4264 3558 4311 viri
3580 4270 3736 4314 sancti

437 4329 496 4380 τῖε
519 4329 807 4392 pereruditi.

1837 4399 2328 4436 III-ﬂmm-

514 4481 742 4538 CAl’UT
770 4479 1054 4537 PRIMUM.
1084 4509 1156 4519 —
1183 4478 1234 4531 1.
1261 4473 1535 4544 Nuncjam
1565 4472 1692 4527 mihi
1724 4471 2037 4543 aggredien-

445 4574 574 4631 dum
606 4581 708 4640 cst,
736 4573 876 4644 quod
909 4571 1064 4627 tertio
1089 4571 1207 4624 loco
1230 4567 1378 4639 posui
1397 4565 1762 4636 diSpositionis
1789 4579 1924 4619 mea:
1949 4603 1964 4628 ,
1984 4569 2044 4618 ut

445 4667 726 4722 sententiis
754 4666 1168 4736 episcoporum,
1197 4662 1286 4732 qui
1330 4659 1633 4730 Scripturas
1686 4667 1902 4713 sanctas
1957 4656 2041 4710 in-

443 4759 588 4830 genti
608 4759 774 4829 gloria
803 4765 1184 4821 tractaverunt,
1216 4763 1327 4818 tua,
1357 4752 1588 4816 Juliane,
1613 4749 1842 4806 Domino
1885 4747 2041 4818 adju-

457 4859 635 4914 vante,
663 4849 1088 4904 machinamenta
1132 4847 1456 4902 subvertant.
1489 4843 1604 4900 Non
1634 4851 1690 4897 ut
1729 4858 1822 4898 eos
1862 4851 2046 4897 osten-

445 4942 572 4997 dam
598 4937 891 4994 sccundum
917 4936 1232 4992 catholicam
1262 4935 1418 4990 fidem
1449 4934 1516 4989 de
1537 4932 1781 5002 originali
1808 4932 2044 4986 sensisse

449 5041 700 5104 peccato;
733 5030 834 5085 hoc
873 5029 1018 5082 enim
1039 5027 1148 5098 jam
1181 5027 1231 5081 in
1265 5025 1450 5098 primis
1475 5023 1632 5094 hujus
1660 5025 1839 5094 operis
1879 5022 2043 5092 parti-

450 5124 552 5178 bus
579 5122 697 5184 feci,
729 5129 786 5174 ut
812 5119 934 5174 inde
964 5127 1318 5174 monstrarem
1343 5158 1357 5181 ,
1387 5125 1516 5186 quot
1543 5123 1597 5170 et
1637 5114 1850 5183 quantis
1875 5113 2037 5178 viris,

451 5212 708 5269 Ecclesia:
733 5211 930 5265 sanctis
961 5209 1227 5279 clarisque
1255 5207 1562 5261 doctoribus
1580 5246 1596 5274 ,
1630 5203 2042 5259 Manichaeorum

449 5303 651 5358 crimen
675 5302 969 5371 impingas;
993 5309 1047 5354 et
1072 5314 1191 5353 cum
1220 5313 1306 5352 me
1335 5299 1485 5366 cupis
1505 5295 1642 5367 apud
1673 5294 2041 5366 imperitorum

451 5394 763 5450 decolorare
787 5391 986 5462 judicia
1009 5432 1023 5458 ,
1052 5405 1146 5444 eos
1172 5389 1260 5459 qui
1289 5387 1604 5444 catholicam
1655 5387 1814 5442 Iidem
1856 5396 2042 5456 contra

451 5483 732 5539 luereticos
758 5480 1130 5544 defenderunt,
1161 5479 1378 5535 hmresis
1409 5479 1621 5533 nefaria:
1643 5479 1857 5532 nomine
1880 5492 2042 5531 aecu-

453 5587 562 5629 ses.
583 5574 688 5630 Sed
713 5589 856 5628 nunc
882 5581 1191 5644 argumenta
1221 5573 1336 5644 ipsa
1361 5584 1557 5636 vestra,
1577 5571 1768 5643 quibus
1792 5569 1946 5642 agilis
1977 5585 2044 5625 ne

455 5665 734 5721 hominum
775 5667 942 5737 prima
969 5665 1217 5722 nativitas
1237 5666 1478 5737 originali
1525 5673 1746 5736 peccato
1793 5662 2043 5719 credatur

463 5757 744 5826 obstricta,
765 5756 991 5830 eloquiis
1017 5767 1141 5814 sunt
1165 5758 1527 5832 redarguenda
1549 5765 1875 5814 sanctorum.
1895 5754 2043 5822 Quos

2147 4483 2360 4544 oportet
2383 4481 2442 4529 ut
2469 4473 2650 4544 populi
2681 4473 2958 4529 christiani
2988 4474 3180 4530 vestris
3217 4473 3453 4544 profanis
3479 4473 3732 4530 novitati-

2146 4565 2248 4622 bus
2270 4575 2614 4637 anteponant,
2643 4567 2826 4638 eisque
2855 4567 3032 4637 potius
3055 4567 3253 4638 eligant
3272 4566 3548 4623 adhzcrere
3571 4581 3740 4636 quam

2135 4643 2323 4714 'vobis.

2218 4751 2273 4806 2.
2305 4752 2430 4807 Hmc
2483 4760 2610 4806 sunt
2657 4760 2804 4806 certe
2855 4752 3002 4806 velut
3073 4752 3248 4822 capita
3299 4757 3736 4822 argumentorum

2150 4843 2300 4912 quasi
2329 4833 3026 4908 iorinidanda.vestrorum,
3069 4843 3266 4912 quibus
3317 4843 3530 4898 terrelis
3585 4841 3736 4894 inlir-

2149 4947 2288 4999 mos,
2317 4941 2372 4987 et
2397 4934 2572 4987 minus
2595 4948 2754 5002 quam
2793 4944 2982 4996 contra
3005 4947 3101 4988 vos
3149 4933 3384 5003 expedit,
3423 4932 3588 5009 sacris
3623 4930 3737 4986 Lit-

2151 5025 2282 5078 teris
2301 5023 2560 5080 eruditos.
2584 5023 2768 5078 Dicitis
2791 5025 2955 5088 enim,
2985 5043 3006 5077 ι
3034 5024 3142 5078 Nos
3171 5023 3462 5079 asserendo
3485 5022 3744 5093 originale

2152 5127 2460 5184 peccatum,
2513 5116 2784 5170 diabolum
2815 5117 2996 5172 dicere
3052 5117 3330 5171 hominum
3405 5118 3742 5172 nascentium

2151 5206 2503 5272 conditorem,
2535 5208 2790 5262 damnare
2835 5209 3070 5278 nuptias,
3121 5223 3318 5277 negare
3367 5207 3422 5261 in
3469 5207 3745 5277 Baptisnm

2151 5295 2347 5352 dimitti
2383 5300 2627 5354 universa
2673 5309 2911 5368 peccata,
2963 5301 3128 5355 Deum
3173 5299 3402 5355 crimine
3448 5299 3748 5369 iniquitatis

2151 5403 2400 5460 arguere,
2427 5390 2856 5459 desperationem
2887 5391 3232 5460 perfectionis
3263 5392 3528 5461 ingerere.
3563 5409 3580 5442 ι
3615 5389 3744 5445 ilice
3773 5379 3776 5384 ’

2151 5481 2348 5551 quippe
2374 5483 2552 5538 omnia
2579 5485 2963 5553 consequentia
3001 5499 3122 5540 esse
3143 5485 3488 5551 contenditis,
3539 5486 3582 5540 si
3629 5501 3746 5539 cre-

2150 5571 2342 5627 damus
2367 5573 2516 5628 nasci
2544 5575 2796 5642 parvulos
2829 5585 3047 5644 peccato
3073 5575 3232 5644 primi
3276 5574 3508 5630 hominis
3554 5575 3752 5644 obliga-

2153 5671 2258 5729 tos,
2289 5670 2346 5717 et
2363 5661 2560 5718 obhoc
2583 5678 2703 5718 esse
2728 5665 2828 5718 sub
2867 5665 3102 5730 diabolo,
3145 5665 3249 5721 nisi
3293 5675 3651 5720 renascantur
3691 5665 3750 5721 in

2150 5754 2384 5812 Christo.
2421 5771 2441 5808 ι
2475 5753 2726 5812 Diabolus
2756 5756 2898 5812 enim
2943 5765 3112 5824 creat,
3153 5775 3169 5809 ι
3203 5755 3380 5811 dicitis
3408 5773 3427 5808 ι
3461 5757 3508 5812 si
3547 5771 3614 5813 cx
3645 5755 3751 5813 hoc
