3984 6488
216 334 312 393 675

208 451 419 505 vulnere
441 451 719 510 creantur.
750 440 895 514 quod
918 440 1159 498 diabolus
1176 447 1402 509 naturae,
1420 453 1538 511 qua:
1554 439 1782 512 primum

202 539 411 600 condita
433 547 537 603 eat,
566 535 763 591 inﬂixit
787 534 1035 591 humana:
1065 552 1079 589 :
1109 543 1164 590 et
1196 534 1520 588 damnantur
1561 532 1782 602 nuptiae,

202 634 247 690 si
274 628 473 702 aliquid
503 627 647 683 unde
670 625 1006 683 damn’ahiles
1029 633 1373 696 generantur,
1419 620 1620 677 habere
1660 635 1783 677 cre-

204 724 397 780 duntur
425 733 566 776 :uec
587 718 771 774 omnia
799 723 1014 787 peccata
1042 715 1382 771 dimittuntur
1407 712 1460 768 in
1490 712 1782 783 Baptismo,

202 815 248 871 si
268 811 487 885 aliquod
512 811 568 867 in
594 810 882 882 baptizatis
910 807 1230 879 coniugibus
1279 815 1522 862 remanet
1562 804 1783 873 malum,

204 922 264 964 es
291 921 399 973 quo
428 911 760 975 generentur
779 900 925 956 mali.
958 898 1418 969 Quemadmodum
1466 905 1644 952 autem
1680 911 1786 951 non

202 995 524 1063 estiuiquus
544 994 708 1059 Deus,
745 992 985 1063 quicum
1044 990 1326 1061 baptizatis
1377 990 1614 1044 remittat
1665 1000 1787 1057 pce-

196 1096 314 1144 cata
347 1085 594 1157 propria,
647 1083 932 1154 parvulum
974 1080 1215 1148 damnat,
1264 1090 1389 1151 quia
1441 1094 1561 1134 cum
1603 1078 1670 1132 ab
1698 1078 1788 1133 illo

204 1189 495 1243 crearetur,
525 1178 774 1232 nesciens
821 1190 920 1230 nec
957 1174 1144 1229 volens
1169 1172 1330 1229 etiam
1372 1187 1438 1228 ex
1464 1170 1565 1225 illis
1590 1185 1787 1243 paren-

204 1271 359 1336 tibus,
386 1268 589 1339 quibus
621 1268 846 1322 remissa
873 1264 1101 1329 fuerant,
1134 1263 1297 1318 traxit
1316 1263 1528 1316 aliena?
1552 1259 1662 1316 Nec
1680 1260 1789 1316 vir-

207 1370 307 1427 tus,
334 1359 425 1415 cui
458 1357 727 1413 vitiositas
774 1356 1088 1427 intelligitur
1134 1369 1256 1411 esse
1292 1351 1578 1419 contraria,
1630 1366 1789 1422 posse

207 1450 442 1508 creditur
490 1449 697 1521 perﬁci;
752 1448 877 1519 quia
926 1447 1233 1518 ingenerata
1281 1444 1411 1500 vitia
1477 1443 1789 1498 incredibile

207 1553 282 1598 est
320 1554 484 1611 posse
532 1537 812 1596 consumi:
843 1552 959 1610 quae
1001 1537 1112 1608 jam
1175 1548 1276 1591 nec
1314 1534 1441 1590 vitia
1489 1534 1789 1604 deputanda

206 1640 337 1687 sunt.
369 1630 492 1686 Non
549 1630 695 1685 enim
738 1636 944 1700 peccat,
984 1626 1075 1699 qui
1107 1640 1219 1682 non
1264 1631 1438 1695 potest
1481 1622 1624 1678 aliud
1670 1635 1790 1679 esse

134 1768 137 1769 ν
206 1738 355 1795 quam
385 1729 606 1778 creatus
624 1730 728 1776 est.
754 1738 776 1774 ι

268 1815 321 1870 3.
353 1813 483 1869 Hau:
503 1813 552 1868 si
583 1812 726 1867 ﬁdeli
776 1809 1046 1881 diligentia
1073 1805 1407 1879 qumreretis,
1453 1818 1552 1861 nec
1580 1816 1645 1860 ea
1671 1817 1791 1874 quas

205 1906 477 1963 catholica:
499 1904 627 1960 ﬁdei
652 1903 881 1961 veritate
906 1911 1064 1972 atque
1091 1899 1406 1970 antiquitate
1428 1897 1644 1953 fundata
1668 1906 1793 1953 sunt

207 1996 399 2053 inﬁdeli
424 1994 813 2067 oppugnantis
855 1993 1108 2058 audacia;
1140 1991 1283 2046 in'ea
1311 2005 1432 2060 qua:
1477 1989 1792 2047 abscondita

206 2095 322 2143 sunt
346 2086 682 2156 sapientibus
707 2092 764 2141 et
785 2082 1153 2156 prudentibus,
1181 2089 1235 2136 et
1256 2080 1487 2137 revelata
1515 2087 1641 2135 sunt
1663 2094 1793 2151 par-

208 2178 339 2233 vulis
357 2176 580 2246 (laute.
607 2191 687 2243 ιι,
714 2175 833 2248 25),
863 2174 1047 2230 nutriti
1073 2170 1273 2228 Christi
1301 2172 1470 2244 gratia
1509 2171 1788 2228 veniretis.

201 2270 359 2326 Inita
382 2270 532 2325 enim
560 2267 849 2324 multitudo
886 2265 1183 2322 dulcedinis
1213 2263 1445 2331 Domini,
1479 2278 1637 2335 quam
1668 2278 1795 2335 pro-

200 2360 338 2417 fecto
358 2376 468 2416 non
494 2360 712 2427 invidit,
729 2367 785 2415 et
809 2367 984 2414 tamen
1009 2355 1291 2413 abscondit
1313 2355 1620 2411 timentibus
1646 2369 1790 2421 eum,

202 2450 424 2523 perfecit
445 2459 633 2507 autem
664 2449 1023 2522 sperantibus,
1052 2462 1159 2503 non
1185 2447 1240 2501 in
1266 2460 1327 2502 se
1352 2444 1503 2517 ipsis,
1526 2443 1622 2500 sed
1647 2446 1699 2499 in
1728 2458 1795 2499 eo

202 2544 371 2619 (Psat.
403 2559 540 2610 nx,
566 2541 686 2613 20).
714 2541 829 2597 Nos
853 2554 982 2612 ergo
1007 2539 1233 2596 dicimus
1261 2537 1404 2610 quod
1431 2553 1493 2592 ea
1524 2536 1657 2591 ﬁdes
1702 2537 1796 2590 ha-

202 2636 309 2701 bet,
339 2636 410 2691 dc
429 2651 538 2706 qua
562 2633 823 2705 scriptum
852 2641 960 2699 est,
1003 2631 1122 2687 Nisi
1142 2629 1478 2694 credideritis,
1510 2644 1612 2683 non
1642 2627 1796 2682 intel-

207 2729 367 2800 ligetis
415 2727 553 2802 (Isai
589 2742 683 2794 vn,
712 2726 768 2792 9,
797 2741 902 2781 sec.
950 2721 1118 2795 LXX)
1151 2741 1166 2779 :
1196 2737 1297 2779 nec
1349 2720 1617 2777 diabolum
1638 2761 1654 2788 ,
1700 2718 1797 2775 sed

207 2822 373 2879 Deum
394 2837 581 2877 verum
610 2829 665 2875 et
680 2835 810 2876 vere
843 2818 1065 2883 bonum,
1103 2831 1224 2873 esse
1250 2814 1522 2871 hominum
1549 2812 1797 2868 condito-

211 2931 355 2981 rem,
376 2914 570 2969 munda
593 2924 613 2954 ι
638 2912 801 2969 etiam
845 2911 915 2968 de
942 2908 1230 2966 immundis
1281 2905 1619 2962 incifahiliter
1666 2918 1799 2975 0pc-

218 3014 464 3072 rautem;
487 3003 719 3075 quamvis
748 3000 1025 3057 hominum
1069 3015 1229 3056 nemo
1249 2996 1479 3054 mundus
1521 3002 1795 3063 nascatur,

220 3105 276 3153 et
303 3096 426 3153 ideo
447 3096 613 3151 donec
640 3093 934 3150 mundetur
976 3092 1177 3165 Spiritu
1206 3098 1413 3157 sancto,
1454 3086 1558 3144 sub
1608 3086 1802 3157 spiritu

210 3187 484 3246 immundo
510 3196 883 3260 essecogatur.
912 3183 1024 3242 Nec
1067 3192 1547 3258 quantamcumque
1570 3179 1805 3235 immun-

211 3279 391 3336 ditiam
417 3289 759 3347 naturarum,
799 3277 966 3333 ullum
1012 3275 1217 3332 crimen
1270 3287 1393 3330 esse
1448 3271 1798 3347 nuptiarum;

207 3371 403 3431 bonum
451 3371 653 3442 quippe
696 3345 1020 3425 discernitur
1082 3365 1359 3438 proprium
1420 3363 1723 3434 nuptiarum
1767 3345 1799 3418 ὀ

212 3466 449 3539 quolibet
474 3468 610 3523 vitio
626 3475 962 3523 naturarum.
983 3464 1097 3523 Nec
1141 3464 1306 3521 ullius
1357 3471 1563 3519 reatum
1621 3475 1800 3517 rema-

213 3574 337 3614 nere
358 3559 591 3629 peccati,
613 3559 705 3631 qui
735 3573 841 3615 non
861 3572 924 3613 ea
966 3572 1084 3628 quae
1110 3557 1161 3611 in
1185 3555 1400 3612 Christo
1433 3555 1491 3608 ﬁt
1519 3568 1800 3621 regenera-

213 3649 355 3705 tione
413 3650 692 3716 solvatur;
746 3648 987 3719 quamvis
1052 3646 1333 3702 infirmitas
1385 3654 1570 3711 restet,
1617 3654 1802 3698 contra

212 3757 370 3811 quam
399 3741 455 3796 in
486 3757 549 3796 sc
593 3742 710 3812 ipso
738 3742 1079 3797 constitutam
1109 3746 1459 3808 regeneratus
1497 3735 1542 3791 si
1590 3734 1804 3807 prolicit

210 3843 428 3903 pugnet.
457 3831 572 3912 Nec
600 3832 813 3902 iniquus
836 3838 917 3885 est
940 3830 1099 3895 Deus,
1128 3843 1248 3884 cum
1280 3827 1511 3897 peccatis
1537 3826 1653 3879 sive
1685 3824 1799 3877 ori-

210 3924 477 3995 ginalibus
501 3923 617 3978 sive
643 3920 871 3993 propriis
898 3920 1052 3990 digna
1074 3918 1322 3976 retribuit
1352 3934 1366 3972 :
1400 3916 1675 3986 magisque
1705 3913 1807 3968 ini-

211 4030 350 4085 qnus
385 4022 482 4068 aut
531 4012 780 4067 infirmus
809 4012 1151 4077 ostenditur,
1174 4009 1220 4064 si
1240 4010 1429 4079 jugum
1464 4021 1616 4078 grate
1657 4020 1808 4073 super

213 4105 351 4174 ﬁlios
371 4103 561 4166 Adam,
592 4120 627 4156 α
664 4102 768 4165 die,
796 4103 935 4158 sicut
975 4101 1231 4171 scriptum
1272 4107 1375 4165 est,
1427 4096 1703 4151 nativitatis
1723 4112 1809 4150 eo-

210 4213 332 4250 rum
369 4213 532 4267 usque
578 4196 634 4249 in
685 4195 818 4249 diem
863 4199 1136 4265 sepultum
1180 4193 1233 4247 in
1284 4190 1540 4245 mtrem‘
1586 4188 1809 4242 omnium

215 4285 404 4358 (Ereti.
438 4303 532 4355 xu,
566 4286 646 4358 1),
678 4286 778 4342 sub
805 4301 911 4356 quo
934 4286 1064 4356 jngo
1089 4285 1263 4354 imago
1292 4283 1406 4353 ejus
1433 4281 1700 4346 atteritur,
1719 4287 1810 4332 aut

215 4378 335 4449 ipse
356 4377 509 4434 nullo
537 4378 623 4433 vel
661 4376 907 4448 originali
938 4376 1021 4432 vel
1056 4376 1276 4446 proprio
1315 4371 1655 4444 praecedente
1683 4384 1809 4440 pec-

217 4481 362 4540 cato,
386 4479 482 4526 aut
502 4469 732 4541 quilibet
751 4468 886 4523 alios
913 4468 1031 4538 ipso
1058 4466 1283 4537 imponit
1311 4464 1499 4520 invito.
1527 4461 1638 4519 Nec
1684 4476 1808 4532 per-

219 4563 380 4619 fectio
402 4569 490 4619 cst
507 4560 839 4633 desperanda
861 4559 1088 4625 virtutis,
1115 4574 1209 4628 per
1226 4557 1344 4627 ejus
1363 4555 1609 4625 gratiam,
1637 4551 1726 4624 qui
1744 4566 1810 4607 ex

221 4657 428 4727 origine
455 4657 697 4711 vitiatam
744 4663 951 4708 mutare
997 4659 1174 4722 potest
1215 4661 1268 4706 et
1307 4663 1497 4704 sanare
1544 4655 1810 4703 naturam.

288 4748 523 4807 CAPUT
550 4747 615 4803 ll.
645 4746 701 4802 4.
731 4774 799 4789 -—-
825 4744 1117 4815 Aggrediar
1138 4742 1296 4813 igitur
1315 4741 1537 4811 implere
1552 4736 1813 4809 pollicita-

224 4846 425 4899 tionem
454 4855 654 4897 meam.
681 4838 795 4895 Nec
823 4839 921 4892 ista
966 4836 1201 4908 quinque
1240 4839 1559 4904 argumenta
1609 4839 1811 4895 vestra,

225 4948 290 4991 ex
316 4933 517 5005 quibus
540 4939 732 4986 cuncta
760 4926 1098 4991 eottnectitis,
1128 4940 1251 4995 qua:
1293 4924 1345 4976 in
1393 4921 1494 4976 hac
1522 4919 1816 4990 quaestione

229 5025 487 5081 adversus
523 5020 851 5078 catholicam
898 5017 1059 5073 ﬁdem
1107 5013 1471 5084 multipliciter
1511 5011 1812 5081 disputatis,

232 5116 544 5187 singillatim
600 5109 927 5168 testimoniis
972 5117 1277 5163 sanctorum
1330 5103 1611 5160 refutanda
1649 5101 1819 5156 susci-

234 5209 371 5278 piam
410 5225 426 5265 :
458 5205 557 5262 sed
583 5211 842 5277 quantum
866 5200 1098 5272 potuerit
1124 5212 1312 5255 eorum
1330 5196 1535 5267 percuti
1556 5204 1610 5250 ct
1629 5192 1811 5263 dejici,

236 5300 393 5354 etiam
422 5313 549 5354 cum
570 5312 602 5352 a
625 5311 716 5352 me
736 5294 808 5351 de
835 5292 1028 5349 litteris
1043 5290 1428 5347 catholicorum
1444 5287 1818 5358 epiSeoporutn

237 5393 441 5462 singula
481 5388 839 5462 proferentur,
890 5394 1092 5441 tantum
1146 5383 1470 5455 percutietur
1511 5387 1672 5450 atque
1720 5376 1821 5432 de-

237 5481 470 5552 iicietur,
497 5481 613 5536 sive
635 5493 811 5535 unum
830 5491 1044 5542 eorum,
1075 5475 1189 5530 sive
1210 5473 1340 5538 duo,
1366 5472 1481 5526 sive
1501 5470 1671 5540 plura,
1709 5467 1822 5523 sive

243 5577 437 5642 omnia,
466 5575 604 5631 sicut
632 5571 861 5628 valuerit
887 5569 1029 5642 quod
1059 5568 1378 5640 proferetur.
1408 5563 1583 5622 Veluti
1632 5570 1715 5636 est
1753 5560 1823 5617 il-

311 5688 327 5718 ι
362 5694 566 5735 veneant
590 5666 717 5739 ius.
735 5682 929 5733 mtmde.

278 5746 284 5753 ’
311 5749 333 5780 ⁸
362 5750 433 5797 sic
584 5756 637 5797 ut
659 5748 709 5796 iu
734 5742 906 5795 t‘ihliis.
933 5743 1066 5807 Editi,
1092 5746 1261 5793 matre.

1526 321 1728 382 LIBER
1765 320 2145 384 SECUNDUS.

3378 331 3481 389 671

1894 438 1985 494 lud
2026 437 2079 494 in
2110 437 2249 495 libro
2276 453 2436 511 quem
2460 436 2529 495 de
2566 432 2711 495 ‘Arca
2757 437 2872 497 Noe
2918 439 3237 515 conscripsit
3287 443 3479 504 beatus

1892 529 2225 596 Ambrosius,
2287 547 2306 582 ι
2335 529 2440 585 Per
2489 545 2672 597 unum,
2712 548 2732 584 ι
2760 531 2950 603 inquit,
2984 551 3005 587 ι
3047 533 3333 591 Dominum
3381 534 3481 593 Je-

1893 635 2012 677 sum
2043 620 2187 677 salus
2213 630 2432 677 ventura
2465 622 2770 680 nationibus
2811 623 3132 693 declaratur,
3190 627 3283 703 qui
3326 625 3476 684 solus

1893 726 2001 767 non
2029 712 2394 783 potuitjustus
2431 727 2551 771 esse
2575 716 2617 785 ⁸,
2647 730 2768 770 cum
2799 717 3073 787 generatio
3099 720 3276 775 omnis
3317 734 3475 776 erra-

1893 812 1993 870 ret,
2021 804 2121 860 nisi
2145 814 2298 858 uatus
2319 819 2383 860 ex
2416 805 2622 877 virgine
2643 808 3003 878 generationis
3045 807 3291 865 obnoxiae
3320 810 3481 880 privi-

1894 896 2032 968 legio
2086 896 2302 952 minime
2342 905 2633 953 teneretur.
2670 897 2835 967 Ecce,
2909 900 3118 972 inquit,
3158 902 3212 957 in
3246 903 3481 973 iniquita-

1894 989 2027 1043 tibus
2072 998 2340 1060 conceptus
2383 1006 2520 1057 sum,
2550 999 2598 1044 ct
2622 989 2676 1044 in
2726 990 2920 1046 delictis
2958 993 3148 1064 peperit
3189 1011 3268 1049 me
3321 1004 3481 1047 "inter

1892 1093 2004 1132 mea
2029 1077 2198 1149 (Psal.
2229 1095 2279 1145 ι,
2312 1078 2388 1149 7),
2415 1078 2546 1134 dicit
2571 1079 2616 1134 is
2635 1079 2917 1151 quijustus
2940 1094 3050 1150 prae
3075 1084 3282 1137 cteteris
3329 1093 3483 1154 puta-

1892 1168 2070 1225 batur.
2094 1168 2261 1238 Quem
2290 1169 2449 1241 igitur
2482 1169 2592 1241 jam
2621 1169 2819 1241 justum
2860 1170 3110 1241 dixerim,
3139 1173 3241 1227 nisi
3287 1173 3476 1229 horum

1894 1259 2120 1316 liberum
2146 1258 2497 1327 vinculorum,
2529 1275 2689 1331 quem
2716 1269 2920 1316 natura:
2943 1261 3242 1317 communis
3264 1263 3479 1319 vincula

1893 1365 2001 1406 non
2050 1352 2304 1407 teneant?
2345 1351 2545 1408 Omnes
2612 1352 2711 1409 sub
2765 1363 3026 1424 peccato,
3079 1353 3149 1410 ab
3199 1353 3369 1410 Adam
3421 1355 3478 1413 in

1894 1457 2081 1497 omnes
2117 1443 2373 1514 regnabat
2418 1459 2582 1500 mors.
2614 1445 2807 1500 Veniat
2845 1445 2992 1501 solus
3012 1444 3191 1517 justus
3245 1446 3297 1502 in
3346 1461 3483 1502 con-

1895 1546 2078 1605 specta
2107 1536 2219 1602 Dei,
2252 1536 2318 1592 de
2339 1551 2445 1607 quo
2467 1536 2575 1606 jam
2610 1553 2716 1592 non
2754 1553 2876 1592 cum
2906 1539 3219 1610 exceptione
3247 1538 3476 1606 dicatur,

1896 1625 2019 1681 Non
2045 1628 2264 1696 peccavit
2291 1627 2344 1681 in
2367 1627 2512 1683 labiis
2559 1629 2664 1682 suis
2694 1627 2816 1699 (Job
2848 1644 2883 1696 ι,
2906 1627 3024 1700 2‘2);
3045 1628 3162 1697 sed,
3200 1627 3477 1685 Peccatum

1896 1732 1997 1771 non
2041 1717 2157 1790 fecit
2192 1736 2212 1771 ι
2264 1716 2305 1788 (Ι
2336 1716 2480 1772 Pctr.
2504 1733 2565 1785 ιι,
2592 1717 2706 1789 22).
2740 1717 2872 1774 lluic
2900 1719 3007 1787 die,
3037 1720 3082 1775 si
3109 1718 3292 1786 audes,
3338 1718 3483 1792 quod

1894 1810 2165 1866 diabolum
2214 1809 2401 1866 fecerit
2444 1809 2720 1866 hominum
2761 1810 3115 1881 conditorem,
3159 1812 3251 1883 qui
3280 1813 3482 1868 utrius-

1896 1920 2000 1976 que
2054 1918 2214 1961 sexus
2257 1900 2640 1961 commixtione
2677 1915 3002 1972 nascuntur;
3050 1905 3481 1979 quandoquidem

1894 1995 2068 2051 solum
2101 1994 2395 2064 Christum,
2442 1996 2565 2067 quia
2612 1996 2682 2051 sit
2707 2004 2865 2052 natus
2895 2011 2961 2053 ex
2986 1997 3211 2067 virgine,
3238 2013 3268 2051 a
3298 1999 3484 2054 vincu-

1896 2087 1963 2145 lis
1982 2088 2224 2143 obnoxia!
2245 2088 2607 2160 generationis
2636 2089 2865 2159 excepit,
2907 2089 3151 2145 omnibus
3180 2089 3386 2146 czeteris
3415 2104 3483 2146 ex

1896 2180 2066 2236 Adam
2096 2181 2197 2237 sub
2218 2182 2422 2252 peccati
2446 2180 2769 2253 obligatione
2798 2181 3160 2246 nascentibus;
3187 2180 3330 2252 quod
3373 2182 3481 2237 uti-

1897 2290 2001 2346 que
2056 2284 2331 2346 peccatum
2371 2274 2613 2353 diabolus
2656 2273 2957 2329 seminavit.
2998 2272 3154 2328 Hunc
3197 2273 3482 2331 damnato-

1896 2380 2012 2422 rem
2041 2366 2300 2437 redargue
2318 2367 2642 2436 nuptiarum,
2677 2366 2765 2436 qui
2791 2365 2908 2419 sine
2932 2374 3149 2435 peccato
3178 2373 3360 2419 natum
3388 2377 3483 2420 so.

1899 2456 2006 2513 lum
2034 2457 2163 2512 dicit
2185 2457 2403 2529 virginis
2441 2457 2627 2512 ﬁlium.
2656 2456 2820 2511 Istum
2851 2464 3156 2527 negatorem
3181 2456 3484 2528 percipien-

1901 2549 1983 2605 dte
2008 2551 2029 2582 ²
2060 2548 2346 2605 οτίἰηίηπθ
2373 2549 2607 2618 virtutis,
2648 2549 2736 2620 qui
2781 2550 2975 2604 asserit
3014 2549 3314 2619 ingenerari
3353 2548 3483 2605 vitia

1898 2641 2080 2711 generi
2110 2639 2345 2694 humano
2367 2640 2417 2693 in
2444 2640 2559 2710 ipso
2599 2639 2967 2709 conceptionis
2990 2639 3243 2694 exordio.
3289 2638 3357 2694 Et
3398 2637 3488 2694 dic

1862 2786 1871 2795 ,
1900 2731 1969 2795 ei,
2003 2730 2143 2803 quod
2169 2731 2430 2787 adversus
2460 2745 2545 2786 me
2572 2730 2624 2785 in
2657 2731 2827 2801 primo
2859 2739 2952 2785 tuo
2976 2731 3248 2786 volumine
3289 2730 3488 2787 videris

1903 2824 1995 2880 tibi
2027 2825 2157 2880 satis
2181 2833 2304 2896 apte
2339 2832 2599 2895 acuteque
2627 2823 2649 2855 ³
2672 2822 2897 2889 dixisse,
2934 2841 2953 2875 ι
2986 2822 3095 2879 Nec
3124 2838 3345 2895 peccare
3391 2837 3489 2882 eos

1901 2917 2139 2983 omnino,
2172 2915 2261 2985 qui
2293 2929 2515 2986 peccare
2541 2914 2792 2973 dicuntur
2831 2931 2846 2970 :
2876 2913 3135 2985 siquidem
3165 2928 3195 2969 a
3221 2928 3486 2985 quocum-

1902 3021 2007 3079 que
2033 3008 2199 3062 creati
2219 3014 2366 3073 sunt,
2407 3006 2700 3062 secundum
2748 3004 2799 3061 id
2826 3005 2968 3077 quod
2985 3005 3148 3061 creati
3199 3013 3342 3073 sunt,
3393 3021 3489 3061 πιθα·

1903 3110 2055 3152 cosse
2096 3095 2295 3151 habent
2324 3095 2527 3162 vivere,
2577 3110 2678 3151 nec
2735 3109 2846 3150 suae
2875 3111 3176 3166 repugnare
3202 3105 3424 3152 natum.
3460 3113 3495 3149 ι.

1904 3186 2031 3242 Haec
2081 3188 2258 3243 omnia
2295 3187 2383 3242 dic
2428 3187 2735 3253 Ambrosio,
2766 3187 2880 3244 sive
2912 3188 2980 3243 de
3011 3188 3319 3259 Ambrosio,
3368 3203 3489 3257 qum

1904 3282 2031 3338 mihi
2065 3293 2170 3336 tam
2199 3282 2448 3352 superbe,
2474 3292 2582 3337 tam
2608 3282 3022 3347 contumeliose,
3057 3288 3162 3335 tam
3190 3280 3490 3353 procaciter

1904 3384 1958 3430 et
1984 3375 2283 3444 petulanter
2306 3372 2563 3442 objectas.
2590 3372 2743 3447 (Nam
2772 3371 2857 3427 his
2880 3373 3060 3428 verbis
3089 3371 3206 3428 suis
3227 3370 3492 3428 infamare

1906 3467 2063 3521 etiam
2108 3463 2447 3534 Baptismatis
2482 3472 2896 3531 sacramentum,
2943 3462 3086 3534 quod
3131 3462 3184 3517 in
3232 3477 3297 3517 eo
3335 3461 3492 3533 plena

1906 3574 2011 3612 non
2042 3557 2132 3610 ﬁat
2164 3557 2407 3611 remissio
2435 3563 2811 3626 peccatorum;
2840 3563 2895 3610 et
2934 3555 3171 3626 iniquum
3201 3555 3366 3610 Deum
3414 3553 3493 3608 fa-

1906 3665 2049 3711 cere,
2079 3648 2165 3719 qui
2190 3656 2401 3728 peccata
2429 3648 2479 3701 in
2508 3646 2630 3701 liliis
2654 3646 2871 3702 damnat
2915 3646 3104 3710 aliena,
3154 3661 3275 3716 qua:
3317 3646 3369 3699 in
3401 3659 3495 3715 pa-

1907 3741 2147 3797 rentibus
2172 3740 2461 3805 relaxavit;
2490 3736 2716 3793 fortasse
2738 3754 2842 3791 non
2871 3745 3044 3807 potest
3063 3736 3167 3792 dici
3197 3736 3489 3808 :quoniam

1908 3848 2029 3888 cum
2057 3831 2172 3886 haec
2201 3832 2528 3901 loqueretur,
2561 3844 2665 3883 non
2693 3828 2760 3883 de
2784 3829 3170 3898 baptizatorum
3200 3827 3493 3898 propagine

1910 3920 2287 3998 loquebatur.)
2319 3922 2485 3979 Porro
2514 3923 2557 3977 si
2581 3932 2796 3977 sanctus
2812 3921 3124 3977 Ambrosius
3152 3936 3258 3975 non
3313 3935 3377 3975 ex
3410 3919 3497 3983 his

1910 4031 2061 4089 erat,
2090 4019 2182 4090 qui
2208 4017 2476 4074 diabolum
2499 4016 2695 4073 faciunt
2725 4015 2997 4070 hominum
3039 4022 3357 4081 creatorem,
3401 4013 3492 4068 vel

1911 4112 2122 4183 nuptias
2150 4109 2424 4174 damnant,
2456 4107 2540 4162 vel
2569 4107 2872 4177 incapacem
2891 4106 3100 4161 virtutis
3122 4112 3364 4159 naturam
3382 4104 3499 4173 opi-

1912 4216 2107 4263 nantur
2131 4202 2445 4269 humanam;
2475 4198 2570 4256 sed
2600 4214 2663 4254 ex
2695 4199 2778 4253 his
2808 4198 3006 4269 potius.
3035 4197 3123 4268 qui
3154 4196 3318 4252 Deum
3348 4210 3498 4251 sam-

1912 4312 2055 4353 mum
2074 4311 2138 4351 ac
2163 4309 2371 4349 summe
2397 4292 2597 4347 bonum
2626 4291 2785 4345 totius
2812 4288 3063 4354 hominis,
3106 4287 3158 4343 id
3200 4295 3302 4353 est,
3337 4288 3500 4340 totius

1912 4389 2103 4443 anima:
2130 4386 2399 4455 tetiusque
2446 4382 2689 4452 corporis
2727 4389 3026 4451 agnoscunt
3067 4386 3122 4434 et
3172 4380 3497 4432 conlitentur

1913 4490 2209 4544 auctorem,
2237 4485 2291 4533 et
2319 4474 2652 4531 honorantin
2680 4472 2764 4527 sui
2796 4471 2993 4542 gradus
3033 4470 3271 4525 bonitate
3311 4470 3500 4539 conju-

1914 4573 2143 4644 gia,nec
2192 4567 2466 4624 hominem
2510 4565 2745 4637 perfecte
2774 4560 3055 4633 justiﬁeari
3100 4574 3259 4631 posse
3304 4565 3498 4644 despe-

1918 4640 2077 4723 rant:
2108 4663 2226 4718 hare
2245 4660 2459 4716 interim
2491 4659 2589 4714 tria
2614 4667 2790 4711 vestra
2821 4659 3129 4725 argumenta
3159 4652 3288 4707 tanti
3312 4649 3332 4681 ⁸
3356 4640 3502 4705 illius

1983 4819 2002 4853 ι
2035 4816 2174 4877 mm.
2197 4813 2280 4879 qui
2300 4811 2428 4879 εοιυρ
2446 4808 2600 4879 rem
2612 4807 2913 4879 fama»
2935 4809 3203 4879 κεεεηιειξι
3223 4801 3507 4879 veniere!"

1919 4897 1986 4935 ex
2007 4864 2173 4933 vcteri
2198 4864 2363 4927 (Bsilice
2383 4864 2665 4924 Fldriaccnsi
2684 4869 2968 4935 addidimus.
2997 4864 3295 4935 tilioquinea
3317 4864 3507 4935 sublata

1918 4925 2028 4997 lve'ai'
2042 4925 2295 4993 debuisset
2329 4936 2451 4987 infra
2487 4939 2612 4997 post,
2644 4934 2830 4983 erraret
2848 4966 2863 4991 ,
2888 4925 3266 4997 _quodnat'us_ex
3286 4925 3505 4997 tjrgt'ne;

1922 4980 2023 5065 iiii;
2042 4980 2612 5065 ξῶῖιῖῖᾷῗιῐυὶῖῑιυὲιὶδ
2646 4980 2814 5065 castra
2849 4980 2992 5065 ’ᾁέιειξ
3027 4988 3257 5065 triﬁdas
3277 4980 3508 5065 esse

1921 5051 2187 5126 sat-1.5;...
2210 5062 2290 5122 29,
2310 5051 2630 5126 correximus,
2653 5052 2824 5126 nonqu
2845 5051 2997 5124 aliud,
3139 5051 3253 5126 quia
3274 5056 3410 5126 natu.
3435 5061 3506 5126 ea:

2137 5110 2289 5175 rem;
2309 5110 2356 5174 id
2378 5110 2637 5192 {mill-‘08“
2673 5115 3001 5167 testimonium
3038 5114 3087 5162 in
3122 5110 3267 5163 citato
3300 5110 3421 5159 libro
3444 5111 3508 5159 de

1922 5181 2020 5243 sua
2043 5198 2096 5241 et
2120 5200 2233 5237 Area
2252 5198 2383 5235 nunc
2397 5181 2718 5243 desideratur.

1987 5232 2020 5289 ῖ
2041 5232 2233 5314 mea
2245 5232 2376 5314 iis};
2392 5232 2722 5314 perﬁciam-
2753 5232 3505 5314 ses,,tmla.rs§tvttd€=tﬂli.§sr

1921 5291 2463 5371 tentia-eduliani'su'pra,
2480 5291 2539 5354 'u.
2564 5291 2596 5352 9.
2613 5291 2912 5371 Laceratus,
2932 5295 3012 5371 Clit.
3024 5291 3255 5367 .vitt'ust'tas
3275 5291 3523 5371 intelligi:

1926 5358 2131 5429 iii'éisé
2150 5358 2409 5428 contraria.
2609 5363 2824 5414 "edim"
2836 5358 3048 5431 ,Ρίῖνῆςδ
3083 5371 3197 5422 qm“
3232 5358 3514 5431 ὶηθεῗξςζᾳέα

1924 5420 2341 5491 adﬂatibus
2376 5420 2456 5481 est
2467 5441 2600 5492 posse
2634 5420 2878 5492 cmtsttmig',
2901 5420 3512 5492 ῐιὸἒίίιωιὶξιιενρξηςξρξφς

1927 5475 2039 5561 Et}?
2049 5475 2268 5563 (ῖιῖοὶΓεξΞῐ
2278 5475 2495 5563 ἱζῗοιῖὄρῖ
2504 5475 2802 5563 communior
2824 5486 2905 5563 sit,
2916 5489 2994 5563 Et
3000 5475 3177 5563 magis“
3173 5475 3374 5563 adﬁne;
3381 5475 3514 5563 {133d

1928 5544 2404 5627 padlo'post'legitur
2426 5548 2797 5607 accommodata,
2823 5544 2894 5595 vel
2913 5544 3193 5607 incapacem
3215 5544 3319 5591 t‘it‘l;
3338 5544 3399 5590 tta
3420 5552 3510 5589 ua-

1928 5615 2363 5686 im-mn'mzinrmtur
2386 5615 2662 5686 humanam.

1994 5665 2490 5740 {sariat—tuopte
2505 5682 2677 5724 omnes
2695 5676 2824 5740 esss,
2850 5665 2944 5720 alte
2952 5671 3199 5729 acuteque.

1997 5752 2019 5782 ι
2049 5730 2357 5808 cauam:
2382 5730 2440 5790 ω’
2458 5746 2581 5799 .‘tss.,
2606 5730 2740 5787 tanti.
