3984 6538
527 357 634 416 675
1315 345 1589 408 CONTRA
1627 342 1968 402 JULIANUM
2007 341 2477 410 PELACIANUM,
2518 341 2576 398 S.
2619 340 2988 400 AUGUSTINI
3715 353 3819 414 επ

529 472 629 528 viri
650 467 966 527 auctoritate
990 463 1247 522 subversa
1270 471 1412 526 sunt,
1447 476 1546 516 nec
1566 459 1788 514 ulterius
1817 456 2114 527 objicienda

529 574 654 621 sunt
682 562 857 630 nobis,
886 560 974 632 qui
1001 558 1068 612 de
1108 554 1352 626 originali
1383 562 1599 624 peccato
1634 568 1697 608 ea
1722 551 1965 615 dicimus,
1997 563 2116 621 qua:

528 656 662 711 dixit
686 655 788 718 ille,
819 652 906 721 qui
937 662 1106 718 neque
1138 645 1370 701 hominis
1411 643 1736 699 creationem
1775 641 1987 697 diabolo
2035 647 2117 692 at-

530 745 733 810 tribuit,
761 755 934 811 neque
980 737 1194 808 nuptias
1237 733 1632 798 condemnavit,
1685 747 1858 803 neque
1897 729 2115 802 justitiaa

530 834 910 908 perfectionem
939 831 990 886 in
1021 839 1211 886 natura
1235 828 1466 884 hominis
1487 826 1806 896 desperavit.

600 926 824 984 CAPUT
843 925 929 981 ΙΙΙ.
954 955 1026 965 -
1045 925 1098 980 5.
1121 923 1194 978 De
1211 922 1418 977 duobus
1431 936 1560 975 vero
1581 919 1805 974 residuis
1834 933 2116 988 argumen-

527 1023 598 1076 tis
625 1020 841 1082 vestris,
865 1033 986 1089 qua:
1011 1016 1078 1072 ad
1102 1016 1430 1086 Baptismum
1477 1014 1766 1084 pertinent,
1808 1027 1931 1066 mox
1968 1011 2117 1065 vide-

527 1114 702 1168 bimus
727 1111 852 1183 quid
878 1111 966 1166 ille
993 1109 1078 1164 vir
1105 1109 1356 1172 senserit,
1384 1115 1440 1162 et
1477 1104 1747 1175 quomodo
1789 1120 1884 1159 vos
1910 1101 2114 1172 ingenti

524 1202 668 1258 mole
718 1199 1050 1256 auctoritatis
1101 1198 1385 1254 obtriverit
1417 1199 1456 1252 ¹.
1501 1196 1636 1250 Dicit
1689 1194 1832 1248 enim
1882 1193 1933 1276 in
1979 1191 2115 1246 libro

525 1305 712 1352 contra
739 1293 1064 1350 Novatianos
1098 1307 1110 1346 :
1149 1309 1168 1344 r
1203 1289 1404 1346 Omnes
1449 1288 1694 1343 homines
1750 1286 1848 1341 sub
1895 1293 2115 1355 peccato

527 1387 822 1452 nascimur,
852 1399 1076 1456 quorum
1108 1382 1222 1454 ipse
1243 1391 1393 1437 ortus
1423 1381 1474 1434 in
1507 1380 1636 1434 vitio
1653 1387 1759 1444 est,
1785 1378 1924 1431 sicut
1950 1375 2116 1432 habes

527 1479 747 1545 lectum,
793 1477 1004 1531 dicente
1061 1473 1250 1540 David,
1295 1471 1428 1526 Ecce
1499 1471 1631 1524 enim
1671 1470 1725 1522 in
1771 1466 2117 1538 iniquitatibus

525 1562 794 1640 conceptus
823 1585 954 1634 sum,
973 1576 1020 1620 et
1039 1567 1094 1620 in
1116 1565 1310 1638 delictis
1335 1565 1527 1635 peperit
1553 1579 1632 1616 me
1653 1569 1813 1615 mater
1836 1576 1965 1614 mea.
1991 1557 2116 1613 Ideo

526 1661 674 1717 Pauli
702 1674 828 1716 caro
855 1663 1051 1727 corpus
1083 1660 1272 1712 mortis
1309 1641 1461 1721 erat,
1511 1654 1652 1710 sicut
1698 1653 1814 1723 ipse
1849 1651 1946 1720 ait,
1986 1650 2114 1718 Quis

525 1773 606 1812 me
627 1754 853 1810 liberabit
899 1753 962 1808 de
1013 1768 1225 1822 corpore
1270 1751 1447 1804 mortis
1488 1749 1642 1818 hujus
1673 1746 1850 1819 (Rom.
1873 1761 1966 1812 vn,
1995 1743 2115 1814 24)?

526 1847 722 1904 Christi
747 1853 926 1902 autem
951 1858 1077 1900 caro
1105 1841 1374 1898 damnavit
1398 1847 1698 1912 peccatum,
1726 1837 1868 1909 quod
1887 1851 2116 1892 nascen-

525 1939 596 1994 do
621 1953 724 1992 non
755 1935 945 2001 sensit,
975 1931 1118 2004 quod
1153 1932 1433 1987 moriendo
1460 1929 1746 1994 cruciﬁxit;
1775 1937 1836 1982 ut
1872 1928 1923 1981 in
1951 1942 2113 1982 carne

527 2039 708 2085 nostra
740 2033 884 2084 esset
925 2021 1234 2095 justiﬁcatio
1266 2038 1361 2092 per
1385 2021 1630 2091 gratiam,
1686 2017 1780 2074 ubi
1837 2026 1950 2072 erat
1989 2025 2116 2070 ante

526 2120 756 2176 colluvie
803 2133 898 2189 per
946 2116 1156 2186 culpam
1191 2132 1211 2167 ι
1243 2113 1379 2185 (Lib.
1409 2114 1434 2168 1
1462 2112 1522 2166 de
1547 2111 1754 2174 Pwnit.,
1781 2127 1896 2180 cap.
1919 2108 1996 2180 5).
2021 2109 2117 2163 llic

527 2227 658 2268 sane
689 2211 866 2264 omnia
907 2207 1064 2262 simul
1097 2215 1273 2261 vestra
1323 2212 1632 2276 argumenta
1682 2202 1933 2258 subversa
1969 2209 2112 2256 sunt.

526 2306 579 2361 Si
607 2304 746 2360 enim
776 2315 962 2356 omnes
997 2299 1239 2354 homines
1269 2297 1369 2352 sub
1396 2302 1617 2366 peccato
1638 2293 1926 2358 nascimur,
1978 2308 2115 2362 quo-

526 2413 646 2452 rum
676 2397 790 2468 ipse
823 2403 972 2449 ortus
995 2393 1047 2448 in
1075 2392 1203 2447 vitio
1233 2400 1315 2446 est
1347 2407 1360 2443 :
1392 2403 1488 2444 cur
1514 2387 1645 2442 mihi
1672 2403 1736 2443 ex
1766 2387 1870 2442 hoc
1899 2386 2112 2454 objicis,

525 2487 668 2558 quod
695 2487 865 2541 dicam
888 2483 1158 2539 diabolum
1184 2480 1458 2536 hominum
1483 2487 1780 2534 creatorem
1803 2519 1818 2541 ,
1851 2493 1970 2532 cum
2015 2478 2118 2540 hoc

527 2579 705 2634 dicere
733 2592 818 2632 me
839 2575 1037 2640 videas,
1073 2572 1214 2644 quod
1247 2572 1333 2626 ille
1353 2571 1503 2637 dixit,
1537 2570 1626 2639 qui
1659 2569 1931 2624 hominum
1960 2583 2111 2622 crea-

527 2680 697 2725 torem
727 2667 996 2723 diabolum
1024 2679 1145 2721 esse
1175 2679 1279 2718 non
1303 2663 1478 2718 dixit?
1505 2663 1562 2718 Si
1602 2663 1854 2732 quoniam
1882 2661 2114 2716 hominis

529 2769 681 2816 ortus
711 2743 761 2813 in
793 2759 920 2813 vitio
946 2765 1047 2824 est,
1077 2757 1199 2812 ideo
1220 2755 1352 2810 dicit
1375 2754 1567 2822 David,
1599 2754 1729 2808 Ecce
1755 2755 1886 2808 enim
1929 2755 1984 2807 in
2011 2754 2114 2808 ini-

530 2850 806 2922 quitatibus
832 2857 1102 2920 conceptus
1123 2863 1258 2912 sum,
1287 2856 1335 2900 et
1361 2847 1414 2900 in
1441 2846 1636 2901 delictis
1663 2847 1850 2915 peperit
1897 2861 1975 2898 me
2007 2861 2116 2897 uta-

530 2951 603 2994 ter
627 2956 774 3004 mea;
819 2954 919 2993 nec
948 2944 1161 2992 accusat
1197 2951 1300 2992 vox
1344 2936 1442 2990 ista
1484 2935 1720 3006 nuptiale
1765 2935 2112 3001 consortium,

530 3031 624 3087 sed
673 3030 929 3100 originale
978 3037 1254 3100 peccatum
1284 3041 1418 3082 :cur
1447 3041 1535 3081 me
1573 3025 1939 3080 damnatorem
1983 3025 2118 3080 dicis

528 3137 650 3177 esse
676 3121 1001 3192 nuptiarum,
1028 3117 1169 3190 quod
1183 3118 1362 3174 dicere
1389 3132 1492 3172 non
1509 3117 1731 3172 audebis
1749 3113 2117 3170 Ambrosium?

530 3215 588 3268 Si
615 3215 864 3284 quoniam
891 3226 1082 3266 munes
1133 3209 1378 3264 homines
1406 3209 1505 3266 sub
1560 3216 1775 3277 peccato
1826 3206 2114 3274 nascimur,

529 3311 584 3358 et
613 3304 728 3374 ipse
751 3312 902 3358 ortus
925 3301 1172 3366 nosteriq
1203 3300 1332 3355 vitio
1357 3309 1459 3366 est,
1486 3299 1608 3354 ideo
1649 3299 1801 3353 Pauli
1830 3313 1956 3352 caro
1990 3313 2117 3352 cor-

535 3411 633 3466 pus
662 3397 848 3450 mortis
876 3405 1014 3460 erat,
1067 3393 1206 3449 sicut
1246 3393 1360 3465 ipse
1381 3393 1474 3460 ait,
1523 3393 1646 3458 Quis
1687 3408 1764 3446 me
1803 3391 2028 3446 liberabit
2051 3392 2120 3447 de

528 3503 740 3558 corpore
761 3487 935 3539 mortis
959 3483 1282 3556 hujus?jam
1315 3484 1523 3540 tandem
1551 3484 1812 3556 perspicis
1847 3485 2006 3539 etiam
2060 3499 2120 3540 se

532 3580 704 3649 ipsum
732 3578 783 3632 in
811 3577 894 3632 his
922 3577 1033 3632 suis
1053 3577 1229 3634 verbis
1255 3577 1486 3634 voluisse
1513 3575 1735 3645 intelligi
1760 3575 2118 3644 Apostolum?

532 3672 704 3742 Ipsius
729 3687 858 3742 ergo
885 3670 1106 3726 interior
1133 3669 1293 3724 homo
1339 3683 1460 3725 cum
1510 3668 1968 3724 condelectaretur
2019 3669 2120 3739 legi

539 3765 654 3828 Dei,
677 3763 892 3818 videbat
918 3761 1076 3816 aliam
1100 3761 1272 3832 legem
1297 3761 1348 3816 in
1382 3760 1638 3817 membris
1678 3761 1790 3815 suis
1823 3775 2120 3831 repugnan-

532 3863 640 3908 tem
667 3853 769 3923 lcgi
794 3853 990 3908 mentis
1014 3867 1143 3916 sum,
1170 3861 1224 3906 et
1255 3861 1534 3922 propterea
1565 3865 1780 3906 carnem
1811 3866 1959 3904 suam
1991 3865 2114 3905 cor-

533 3962 632 4017 pus
659 3947 842 4000 mortis
871 3959 991 4001 esse
1015 3944 1245 4000 dicebat.
1277 3943 1333 3998 in
1359 3944 1525 4014 ipsius
1549 3959 1676 4015 ergo
1701 3959 1864 3999 carne
1893 3960 1997 3998 non
2023 3945 2118 3998 ba-

536 4037 735 4092 bitahat
760 4037 980 4102 bonum,
1013 4044 1230 4106 propter
1259 4033 1401 4106 quod
1434 4048 1538 4088 non
1581 4033 1723 4105 quod
1777 4034 2004 4098 volebat,
2038 4032 2120 4088 fa-

532 4130 712 4184 ciebat
735 4129 967 4193 bonum;
999 4127 1092 4182 sed
1128 4127 1326 4182 malum
1367 4126 1510 4198 quod
1532 4127 1740 4194 oderat,
1786 4126 1890 4183 hoc
1935 4128 2124 4197 agebat

537 4221 712 4294 (Rom.
743 4237 835 4288 vn,
867 4219 1073 4291 15-25).
1101 4219 1183 4274 En
1207 4227 1314 4274 tota
1338 4229 1515 4274 vestra
1543 4235 1701 4274 causa
1731 4220 1976 4288 impulsa,
2003 4235 2126 4289 pro-

535 4320 725 4378 strata,
752 4311 1000 4374 contrita,
1028 4317 1081 4364 et
1105 4309 1247 4365 sicut
1277 4309 1447 4380 pulvis
1469 4325 1626 4380 quem
1650 4311 1863 4380 projicit
1883 4321 2071 4366 ventus
2093 4326 2124 4366 a

538 4401 675 4458 facie
700 4415 852 4458 terrae
879 4399 1050 4474 (Psal.
1077 4417 1115 4464 ι,
1147 4397 1225 4474 4),
1254 4401 1331 4456 sic
1352 4401 1645 4456 acordibus
1664 4416 1846 4456 eorum
1866 4417 2000 4472 quos
2027 4402 2120 4456 de-

535 4495 716 4562 cipere
755 4484 1062 4564 empcratis,
1104 4493 1150 4548 si
1181 4491 1296 4547 haec
1339 4492 1608 4546 voluerint
1656 4492 1897 4560 deposito
1948 4493 2123 4547 studio

537 4585 895 4640 contentionis
921 4585 1176 4654 cogitare,
1227 4583 1462 4654 projecta
1513 4594 1619 4640 est.
1669 4584 1936 4655 Numquid
1980 4586 2122 4641 enim

540 4677 737 4735 Paulus
756 4676 1029 4748 apostolus
1047 4691 1151 4732 non
1181 4685 1296 4731 erat
1336 4676 1671 4747 baptizatus?
1713 4687 1804 4732 aut
1840 4678 2036 4748 aliquid
2076 4679 2123 4733 ei

540 4769 623 4822 vel
653 4767 1012 4837 originalium,
1036 4767 1120 4823 vel
1149 4769 1506 4837 propriorum,
1553 4769 1634 4822 vel
1681 4769 2010 4838 ignorantia},
2041 4770 2124 4824 vel

541 4859 778 4914 scientia:
806 4858 1088 4914 remissum
1111 4875 1218 4914 non
1237 4859 1406 4915 fuerat
1433 4863 1806 4932 peccatorum?
1833 4862 1983 4918 Unde
1997 4879 2125 4932 ergo

543 4952 664 5004 talia
691 4949 1025 5020 loquebatur,
1055 4950 1156 5003 nisi
1189 4951 1309 5018 quia
1339 4951 1390 5004 id
1418 4947 1560 5022 quod
1590 4953 1697 5008 dixi
1727 4953 1776 5007 in
1802 4954 1940 5010 libro
1979 4971 2120 5021 meo,

544 5059 622 5098 cut
647 5050 698 5097 te
720 5041 1064 5112 respondisse
1091 5042 1358 5112 gloriaris,
1389 5044 1608 5099 cumino
1628 5062 1810 5100 verum
1853 5049 1972 5102 est?
2015 5049 2121 5103 Lex

539 5133 734 5204 quippe
783 5131 884 5187 ista
919 5133 1145 5202 peccati,
1195 5148 1315 5204 quae
1353 5135 1404 5189 in
1455 5136 1710 5190 membris
1749 5145 1831 5192 est
1880 5140 2124 5208 corporis

540 5223 728 5278 mortis
777 5221 954 5292 huius,
1013 5233 1067 5278 et
1107 5225 1332 5279 remissa
1375 5235 1458 5280 est
1502 5230 1907 5298 regeneratione
1961 5231 2123 5302 spiri-

543 5315 694 5381 tuali,
725 5325 779 5371 et
815 5324 998 5371 manet
1037 5315 1088 5371 in
1139 5331 1300 5372 carne
1343 5317 1555 5373 mortali
1585 5323 1850 5398 :gemissa
1895 5322 2120 5392 scilicet,

539 5407 659 5477 quia
688 5415 869 5462 reatus
907 5405 1023 5476 ejus
1052 5408 1072 5439 ²
1104 5407 1312 5463 solutus
1352 5417 1437 5465 est
1471 5407 1840 5478 Sacramento,
1883 5429 1990 5484 quo
2035 5430 2124 5468 re-

541 5506 838 5553 nascuntur
867 5497 1085 5564 ﬁdeles;
1118 5509 1296 5555 manet
1320 5509 1520 5566 autem,
1547 5502 1668 5573 quia
1702 5515 1954 5573 operatur
1975 5505 2123 5562 desi-

543 5587 711 5658 deria,
737 5599 924 5644 contra
945 5605 1064 5660 qua:
1087 5591 1414 5650 dimicantet
1433 5593 1638 5652 ﬁdeles.
1669 5595 1778 5652 [loc
1804 5607 1886 5655 est
1905 5601 2124 5656 omnino

605 5701 622 5733 ⁸
660 5701 875 5751 Nonnulli
897 5709 1026 5763 Mss,
1042 5702 1310 5756 adtriven't.

605 5763 628 5796 ⁸
657 5763 740 5815 llic
757 5763 992 5828 munus,
1008 5765 1130 5829 eius,
1155 5779 1218 5819 ex
1241 5772 1348 5818 Mss.

2221 455 2362 528 quod
2395 455 2628 512 funditus
2649 456 2860 512 subruit
2883 455 3130 512 haeresim
3159 465 3427 539 yestram.
3469 460 3630 529 Quod
3653 479 3816 539 usque

2224 547 2358 601 adeo
2387 547 2580 602 videtis
2604 557 2657 603 et
2685 548 2903 612 timetis,
2947 557 3136 604 utnon
3165 549 3319 608 aliter
3347 567 3420 607 ex
3457 552 3547 608 his
3589 568 3811 627 aposto-

2224 637 2337 692 licis
2359 639 2579 693 vocibus
2595 640 2746 694 exire
2771 640 3056 706 conemini,
3089 640 3190 696 nisi
3206 651 3409 713 quanta
3437 648 3668 715 potestis
3692 665 3816 709 cou-

2225 729 2456 786 tentione
2484 733 2820 800 asseveretis,
2861 749 2968 788 non
3008 734 3116 790 illic
3177 735 3346 804 ipsius
3391 738 3804 808 Apostoliacei-

2221 821 2467 890 piendam
2497 837 2617 878 esse
2646 838 2947 892 personam,
2979 823 3072 880 sed
3102 824 3276 882 adhuc
3295 827 3400 881 sub
3419 827 3560 900 lege,
3585 831 3812 893 nondum

2221 913 2322 968 sub
2345 915 2510 984 gratia
2539 916 2692 984 positi
2721 916 3014 986 cujuspiam
3044 916 3230 985 Judtei,
3279 929 3480 974 contra
3505 936 3666 991 quem
3705 913 3843 982 suta)

2222 1003 2376 1058 mala:
2398 1006 2820 1060 conversationis
2849 1007 3178 1062 consuetudo
3205 1019 3472 1080 pugnaret
3504 1027 3520 1064 :
3555 1013 3703 1081 quasi
3729 1017 3806 1074 vis

2221 1092 2333 1163 ipsa
2363 1095 2760 1151 consuetudinis
2782 1097 3076 1167 deponatur
3105 1098 3156 1152 in
3189 1099 3492 1169 Baptismo,
3517 1113 3572 1156 et
3597 1117 3699 1158 non
3722 1107 3808 1162 ad-

2223 1198 2408 1239 versus
2437 1201 2554 1240 eam
2581 1185 2868 1257 conﬂigant
2905 1189 3067 1244 etiam
3111 1187 3392 1259 baptizati,
3441 1201 3594 1248 tanto
3631 1193 3807 1255 fortius

2220 1283 2382 1345 atque
2423 1278 2810 1346 vehementius,
2862 1290 3060 1350 quanto
3113 1282 3285 1351 magis
3337 1283 3559 1352 placere
3605 1287 3807 1346 student

2221 1366 2391 1421 oculis
2420 1367 2558 1437 ejus,
2582 1368 2736 1439 cujus
2765 1371 2932 1439 gratia
2958 1371 3298 1440 adjuvantur,
3329 1387 3403 1428 ne
3429 1373 3487 1428 in
3509 1375 3600 1430 tali
3641 1389 3805 1435 certa-

2220 1457 2366 1513 mine
2393 1469 2733 1528 superentur.
2761 1460 2916 1528 Quod
2929 1461 2974 1517 si
2992 1471 3194 1519 attente
3214 1464 3346 1520 sine
3379 1465 3672 1533 pervicacia
3689 1484 3805 1526 cou-

2221 1547 2458 1604 siderare
2487 1550 2768 1618 voluisses,
2791 1551 3030 1622 profecto
3064 1553 3118 1608 in
3149 1555 3266 1624 ipsa
3298 1555 3469 1610 etiam
3494 1557 3548 1612 vi
3591 1573 3802 1618 consue-

2221 1637 2420 1694 tudinis
2447 1639 2732 1708 invenires,
2766 1643 3036 1712 quomodo
3052 1644 3500 1714 concupiscentia
3519 1649 3803 1708 remittatur

2222 1730 2274 1784 in
2301 1739 2474 1798 reatu,
2505 1739 2561 1787 et
2601 1742 2813 1788 maneat
2843 1734 2894 1788 in
2921 1744 3063 1790 actu.
3090 1735 3278 1806 Neque
3307 1737 3457 1792 enim
3485 1739 3616 1794 nihil
3637 1741 3688 1796 in
3713 1742 3802 1798 ho-

2220 1823 2364 1878 mine
2411 1824 2604 1895 agitur,
2675 1825 2888 1896 quando
2962 1829 3526 1899 eoucupiscentiarum
3575 1848 3796 1900 suarum,

2221 1917 2378 1970 etiam
2407 1917 2598 1986 quibus
2625 1933 2733 1972 non
2761 1920 3046 1986 consentit,
3077 1921 3314 1976 stimulis
3338 1922 3680 1992 iuquietatur.
3703 1927 3797 1985 Sed

2223 2015 2396 2062 tamen
2429 2023 2532 2061 non
2560 2017 2775 2078 propter
2800 2010 2906 2064 vim
2928 2012 3338 2067 consuetudinis
3369 2013 3670 2083 appellabat
3689 2032 3794 2074 car-

2223 2116 2342 2154 nem
2383 2116 2532 2155 suam
2603 2115 2801 2172 corpus
2847 2105 3034 2158 mortis
3071 2105 3412 2179 Apostolus;
3459 2106 3556 2162 sed
3599 2119 3796 2179 propter

2226 2192 2367 2262 quod
2396 2193 2692 2248 rectissime
2713 2194 2980 2249 intellexit
2997 2194 3343 2264 Ambrosius,
3369 2195 3496 2268 quia
3517 2185 3692 2256 omnes
3705 2202 3794 2259 sub

2221 2299 2437 2360 peccato
2461 2289 2749 2358 nascimur,
2779 2299 2835 2346 et
2873 2289 2987 2360 ipse
3013 2299 3163 2346 ortus
3207 2291 3270 2346 in
3309 2291 3446 2346 vitio
3495 2301 3594 2348 est.
3647 2293 3794 2366 llujus

2220 2380 2334 2435 vitii
2361 2389 2568 2436 reatum
2596 2383 2706 2452 jam
2753 2383 2854 2438 sibi
2883 2384 2936 2438 in
2963 2383 3303 2454 Baptismate
3345 2383 3512 2441 fuisse
3539 2385 3790 2444 dimissum

2220 2473 2467 2530 dubitare
2491 2489 2598 2529 non
2625 2483 2855 2545 poterat,
2891 2475 2986 2531 sed
3011 2485 3199 2531 contra
3239 2475 3368 2547 ejus
3393 2476 3790 2547 inquietudinem

2221 2582 2484 2638 pugnans,
2511 2568 2740 2638 primum
2759 2567 2828 2623 ab
2847 2583 2914 2623 eo
2929 2568 3069 2623 vinci
3099 2567 3495 2640 subjugarique
3512 2569 3786 2638 metuebat;

2221 2659 2415 2716 deinde
2441 2659 2568 2715 licet
2593 2661 2804 2728 invicte,
2835 2675 2945 2715 non
2969 2659 3058 2716 diu
3078 2659 3348 2732 pugnare,
3373 2662 3469 2717 sed
3489 2662 3685 2718 hostem
3702 2680 3789 2721 non

2221 2751 2422 2808 habere
2470 2753 2720 2820 malebat,
2771 2753 2987 2824 quando
3039 2753 3284 2819 dicebat,
3337 2753 3499 2809 Miser
3521 2771 3608 2826 ego
3642 2756 3786 2824 homo,

2221 2845 2334 2915 quis
2361 2861 2439 2899 me
2463 2845 2689 2900 liberabit
2715 2846 2777 2899 de
2805 2862 3018 2918 corpore
3049 2846 3228 2902 mortis
3275 2845 3474 2916 hujus?
3511 2845 3676 2900 Gratia
3711 2847 3790 2902 Dei

2223 2953 2314 3006 per
2337 2933 2516 2990 Iesum
2567 2935 2821 2991 Christum
2871 2937 3147 2992 Dominum
3197 2947 3443 3010 nostrum
3495 2935 3682 3010 (Rom.
3709 2953 3785 3006 vn,

2222 3026 2288 3082 24
2307 3037 2353 3082 et
2369 3028 2461 3099 ‘25)
2485 3027 2694 3083 :sciens
2727 3029 2844 3098 ejns
2865 3031 3033 3100 gratia
3061 3045 3157 3085 nos
3183 3029 3376 3083 sanari
3406 3030 3475 3084 ab
3497 3031 3594 3084 isto
3616 3045 3789 3085 concu-

2225 3118 2519 3189 piscentiali
2549 3129 2718 3185 motu,
2752 3123 2843 3192 qui
2871 3137 2970 3176 nos
2994 3122 3061 3176 ab
3081 3121 3196 3192 ejus
3227 3123 3490 3192 originali
3515 3131 3656 3178 reatu
3696 3123 3790 3195 spi-

2225 3211 2398 3266 rituali
2422 3214 2822 3282 regeneratione
2835 3215 3064 3270 sanavit.
3083 3213 3196 3269 Hoc
3214 3214 3426 3270 bellum
3444 3215 3580 3285 quod
3599 3216 3644 3270 in
3659 3215 3785 3271 nobis

2224 3302 2356 3372 ipsis
2383 3304 2662 3359 adversum
2693 3321 2793 3360 nos
2816 3307 2958 3376 ipsos
2980 3305 3281 3377 gerendum
3311 3309 3676 3377 suscepimus',
3702 3323 3780 3362 ex-

2225 3395 2506 3464 periuntur
2527 3396 2580 3448 in
2603 3409 2684 3460 se,
2715 3411 2888 3466 neque
2913 3413 3107 3467 negare
3139 3408 3386 3467 possunt,
3417 3399 3638 3453 libidinis
3657 3413 3776 3455 aecr-

2226 3487 2346 3542 t'imi
2385 3499 2795 3558 expugnatores,
2845 3505 2950 3542 non
2997 3489 3449 3558 impudentissitni
3491 3487 3778 3547 laudatores.

2298 3579 2352 3632 6.
2397 3581 2632 3649 Denique
2667 3581 2792 3636 dicit
2831 3582 2990 3636 etiam
3017 3582 3489 3640 vietoriosissimus
3523 3585 3779 3656 Cyprianus

2229 3668 2281 3722 in
2311 3669 2532 3738 epistola
2565 3685 2656 3724 sua
2687 3671 2754 3726 de
2781 3671 3034 3729 Oratione
3061 3673 3334 3730 dominica
3363 3691 3378 3731 :
3412 3691 3432 3726 ι
3462 3673 3596 3729 Fieri
3629 3683 3779 3729 autem

2229 3759 2458 3830 petimus
2486 3762 2808 3817 voluntatem
2851 3764 2944 3820 Dei
2985 3765 3038 3820 in
3081 3765 3222 3821 caelo
3261 3775 3316 3822 et
3355 3766 3408 3822 in
3453 3775 3627 3821 terra:
3661 3763 3778 3835 quod

2231 3861 2511 3920 utrumque
2547 3851 2614 3908 ad
2650 3856 3162 3911 consummationem
3201 3865 3404 3914 nostra:
3445 3856 3780 3912 incolumitatis

2231 3943 2463 4011 pertinet
2489 3951 2542 3998 et
2571 3943 2776 4000 salutis.
2807 3944 2937 4000 Nam
2960 3961 3082 4002 cum
3109 3961 3312 4018 corpus
3333 3963 3364 4002 e
3395 3958 3546 4015 terra,
3573 3955 3622 4001 et
3645 3943 3778 4015 spiri-

2232 4043 2340 4087 tum
2373 4034 2736 4104 possideamus
2761 4051 2792 4092 e
2816 4038 2975 4105 cmlo,
3004 4039 3103 4110 ipsi
3135 4049 3282 4096 terra
3307 4049 3360 4096 et
3387 4039 3575 4096 cadum
3603 4049 3774 4100 sumus,

2229 4137 2284 4180 et
2314 4125 2368 4178 in
2405 4133 2649 4192 utroque,
2679 4127 2732 4182 id
2771 4137 2854 4183 est
2881 4129 2932 4182 in
2957 4143 3180 4201 corpore
3205 4140 3263 4186 et
3301 4133 3358 4186 in
3391 4129 3593 4202 spiritu,
3629 4140 3677 4181 ut
3699 4125 3775 4181 Dei

2230 4215 2478 4268 voluntas
2509 4215 2596 4270 ﬁat
2624 4233 2858 4273 oramus.
2903 4219 3000 4273 Est
3035 4221 3176 4275 enim
3223 4223 3364 4278 inter
3387 4235 3592 4276 carnem
3619 4225 3666 4273 et
3689 4215 3776 4284 spi-

2231 4307 2394 4360 ritum
2423 4305 2746 4374 colluctatio,
2778 4317 2832 4362 et
2857 4309 3286 4368 discordantibus
3311 4311 3560 4384 adversus
3585 4325 3645 4364 se
3667 4305 3776 4363 invi-

2231 4413 2346 4453 cem
2373 4397 2682 4468 quotidiana
2708 4403 3035 4472 congressio,
3067 4413 3126 4458 ut
3154 4419 3262 4459 non
3295 4419 3411 4476 qua:
3436 4405 3660 4459 volumus
3683 4401 3772 4469 ipsa

2233 4491 2484 4547 faciamus
2505 4507 2517 4552 ;
2544 4493 2666 4547 dum
2692 4493 3162 4562 spirituscmlestia
3183 4507 3242 4554 et
3262 4497 3434 4552 divina
3456 4495 3650 4567 qumrit,
3671 4505 3773 4546 caro

2233 4593 2441 4639 terrena
2472 4595 2526 4641 et
2553 4585 2832 4640 suacularia
2858 4589 3203 4656 concupiscit.
3239 4589 3308 4642 Et
3337 4587 3454 4642 ideo
3481 4585 3691 4656 petimus
3715 4581 3773 4634 in-

2233 4682 2312 4729 ter
2337 4674 2444 4730 duo
2471 4676 2568 4731 ista
2593 4691 2696 4746 ope
2733 4686 2789 4732 et
2819 4678 3018 4732 auxilio
3049 4678 3143 4734 Dei
3183 4679 3520 4735 cuneordiam
3561 4675 3692 4739 ﬁeri.
3727 4680 3773 4724 ιιι

2231 4764 2358 4821 dum
2397 4775 2451 4822 et
2493 4767 2544 4822 in
2581 4768 2772 4837 Spiritu
2811 4776 2868 4823 et
2902 4769 2956 4823 in
2993 4783 3160 4826 carne
3187 4771 3426 4826 voluntas
3465 4769 3551 4823 Dei
3583 4765 3769 4836 geritur.

2232 4875 2350 4928 quae
2377 4877 2471 4930 per
2496 4877 2616 4916 eum
2647 4869 2832 4916 renata
2859 4871 2940 4915 est
2963 4862 3138 4918 anima
3165 4877 3424 4917 servetur.
3451 4857 3592 4928 Quod
3617 4859 3772 4924 aperte

2232 4960 2390 5020 atque
2415 4951 2689 5006 manifeste
2726 4952 3000 5022 apostolus
3025 4951 3222 5007 Paulus
3259 4967 3352 5007 sua
3377 4963 3504 5006 voce
3529 4945 3768 5002 declarat:

2231 5043 2384 5112 Caro,
2415 5045 2602 5115 inquit,
2634 5045 2943 5114 concupiscit
2980 5045 3220 5100 adversus
3253 5045 3498 5116 spiritum,
3529 5049 3571 5095 et
3595 5037 3770 5108 spirim

2232 5137 2473 5190 adversus
2499 5152 2702 5190 carnem
2731 5151 2751 5190 :
2781 5136 2890 5190 haec
2917 5137 3049 5192 enim
3087 5137 3296 5196 int-irem
3323 5137 3634 5190 adversantur
3656 5125 3767 5186 sibi;

2231 5237 2285 5284 ut
2325 5244 2424 5281 non
2463 5242 2574 5297 qua:
2609 5227 2757 5282 uultis
2795 5227 2888 5282 illa
2925 5229 3124 5300 faciatis
3157 5247 3176 5281 ι
3227 5227 3417 5298 (Galat.
3441 5240 3492 5289 v,
3529 5221 3628 5290 i7).
3659 5211 3767 5270 Vide

2233 5317 2680 5388 quemadmodum
2717 5317 2947 5374 instruat
2986 5319 3306 5389 baptizatum
3333 5315 3572 5388 populum
3609 5308 3768 5363 doctor

2233 5412 2475 5482 egregius
2505 5429 2519 5466 :
2551 5411 2718 5483 (quod
2746 5411 2811 5466 ad
2841 5412 3162 5482 baptizatum
3189 5413 3327 5468 enim
3359 5407 3602 5480 pertineat
3623 5395 3766 5454 oratio

2233 5502 2518 5568 dominica,
2561 5503 2680 5573 quis
2721 5501 3044 5560 christianus
3081 5501 3344 5576 ignoret?)
3389 5507 3444 5555 ut
3477 5483 3763 5550 humanam‘

2301 5593 2316 5656 ε
2351 5593 2424 5642 sic
2445 5600 2550 5642 Mss.
2573 5592 2710 5656 aditi,
2731 5592 3031 5656 suscipimus.
3220 5654 3227 5656 Α
3509 5645 3521 5656 .
3587 5635 3702 5656 ,.,__,_-

2297 5655 2319 5686 ι
2353 5640 2454 5702 Arii.
2491 5640 2552 5704 si
2597 5640 2710 5714 tiri—'1
2733 5640 2828 5706 ’ὲὶῖ
2841 5640 3106 5707 tanaim
3157 5654 3428 5706 soliditatem
3445 5683 3460 5710 ν
3501 5640 3742 5714 metuat!

2233 5698 2716 5788 tentaiovan'ienses
2742 5698 3108 5783 é‘x'piilii'eiiiii;
3143 5698 3460 5777 inaniis:
3483 5717 3569 5760 nec
3605 5698 3758 5753 me“

2237 5781 2388 5828 nostri
2413 5781 2737 5843 manuscripti.
