3984 6520
202 317 305 383 επ

210 429 621 495 incolumitatem
645 425 985 501 salutemque
1009 432 1212 482 natura:
1235 424 1286 480 in
1315 423 1418 480 hoc
1441 438 1561 480 esse
1587 422 1784 477 intelli-

203 535 324 601 gant
359 522 732 587 constitutam,
773 536 882 575 non
923 528 979 573 ut
1007 532 1132 572 caro
1168 525 1224 572 et
1259 514 1495 585 spiritus,
1540 523 1787 601 tanquam

209 600 342 675 inter
365 630 426 670 se
457 613 776 668 naturaliter
799 609 1030 672 inimica,
1064 608 1202 662 sicut
1223 605 1546 666 Maniebzeus
1568 600 1786 670 desipit.

207 717 554 779 separentur;
596 704 694 760 sed
735 703 915 775 potius
959 711 1206 770 tanquam
1250 714 1317 752 ex
1346 697 1474 751 vitio
1511 693 1792 750 discordiae

201 811 381 857 sanata
411 797 766 854 concordent.
806 796 919 851 lloc
960 801 1041 848 est
1081 791 1223 848 enim
1271 789 1480 848 liberari
1511 805 1540 842 a
1571 800 1792 856 corpore

200 889 388 947 mortis
436 887 625 959 hujus,
671 895 728 942 ut
763 887 888 941 vita:
933 885 1044 951 ﬁat,
1091 881 1234 953 quod
1275 879 1435 935 modo
1478 893 1670 946 corpus
1712 885 1792 955 est

203 979 413 1045 mortis,
458 979 574 1048 ipsa
615 978 669 1032 in
708 991 780 1032 eo
806 983 975 1030 morte
1005 973 1300 1036 moriente;
1344 969 1452 1024 line
1489 967 1788 1032 discordizr,

201 1086 306 1128 non
335 1079 568 1124 naturte.
597 1068 750 1125 Unde
775 1066 982 1122 dicetur
1009 1064 1168 1118 etiam
1196 1061 1347 1128 illud,
1385 1059 1480 1115 Ubi
1508 1067 1602 1124 est,
1635 1073 1791 1124 mors,

208 1161 456 1218 contentio
501 1171 594 1215 tua
632 1160 676 1232 (I
709 1159 828 1214 Cor.
867 1174 954 1223 xv,
985 1155 1102 1227 55)?
1137 1154 1290 1223 Quod
1326 1168 1434 1209 non
1466 1153 1519 1206 in
1569 1151 1669 1207 hac
1689 1151 1792 1204 vita

204 1252 407 1326 perlici,
441 1252 590 1308 idem
630 1264 844 1322 quoque
883 1249 1031 1304 testis
1058 1258 1135 1303 eet
1166 1247 1366 1317 Marlyr
1392 1245 1443 1299 in
1475 1243 1698 1312 cpistola
1728 1241 1794 1296 de

209 1343 549 1410 Mortalitate,
595 1344 689 1399 ubi
728 1343 1030 1412 apostolum
1078 1340 1300 1394 Paulum
1348 1347 1628 1408 propterea
1667 1336 1796 1391 dicit

209 1435 564 1508 concupiscere
591 1434 797 1487 dissolvi
823 1442 868 1488 et
902 1449 1006 1487 esse
1029 1448 1144 1486 cum
1174 1429 1392 1493 Christo,
1422 1437 1477 1481 ut
1507 1427 1661 1480 nullis
1680 1427 1794 1497 jam

213 1530 344 1598 ﬁeret
384 1527 612 1596 peccatis
640 1536 685 1579 et
721 1525 852 1579 uitiis
879 1524 1045 1576 carnis
1073 1522 1338 1576 obnoxius.
1365 1519 1532 1588 Quam
1561 1533 1686 1573 vero
1711 1518 1792 1571 vi-

211 1621 430 1692 gilanter
455 1618 720 1674 adversus
751 1611 880 1671 illud
905 1615 1093 1684 dogma
1121 1622 1380 1678 vestrum,
1410 1626 1514 1681 quo
1539 1610 1590 1664 in
1618 1618 1792 1663 vestra

212 1711 398 1765 virtute
426 1708 726 1773 confiditis,
760 1708 860 1762 hoc
887 1707 940 1760 in
965 1703 1218 1761 Oratione
1243 1702 1508 1757 dominica
1539 1699 1794 1769 exponit?

209 1800 294 1856 Sic
321 1799 468 1856 enim
503 1799 688 1861 docet,
719 1797 984 1870 petendum
1012 1797 1068 1850 id
1097 1796 1264 1866 potius
1300 1811 1332 1847 a
1363 1793 1601 1860 Domino,
1642 1809 1793 1862 quant

212 1893 271 1947 de
303 1891 530 1962 prepriis
564 1889 753 1944 uiribus
779 1887 1216 1959 prasumendum,
1256 1894 1311 1938 ut
1342 1885 1471 1938 inter
1495 1899 1695 1937 carnem
1733 1898 1793 1935 ac

212 1983 438 2053 spiritum
481 1997 588 2035 nou
627 1982 851 2034 humana
887 1979 1065 2044 virtus,
1109 1977 1198 2031 sed
1236 1976 1401 2047 gratia
1432 1977 1586 2047 faciat
1623 1975 1794 2028 dit-ina

211 2072 529 2126 concordiam
575 2087 596 2126 :
641 2085 944 2126 consonans
988 2069 1208 2124 omnino
1252 2067 1510 2138 Apostolo
1557 2066 1788 2129 dicenti,

215 2163 329 2230 Quis
357 2181 440 2218 me
465 2163 698 2218 liberabit
737 2163 799 2217 de
828 2177 1037 2231 corpore
1067 2161 1240 2214 mortis
1267 2159 1459 2230 hujus?
1485 2155 1661 2212 Gratia
1695 2156 1793 2211 Dei

210 2275 293 2331 per
329 2256 510 2312 Iesum
538 2255 795 2312 Christum
823 2253 1098 2309 Dominum
1124 2262 1371 2306 nostrum.

274 2349 324 2404 7.
366 2348 465 2403 llis
512 2356 569 2402 et
617 2355 836 2402 sanctus
883 2343 1171 2414 Gregorius
1216 2350 1498 2398 attestatur
1540 2339 1724 2396 dicens
1772 2358 1788 2397 :

208 2441 380 2494 Anima
408 2454 633 2507 namque
657 2455 772 2492 cum
808 2439 862 2491 in
889 2435 1140 2491 laboribus
1169 2436 1321 2507 fuerit
1346 2443 1394 2488 et
1424 2435 1485 2488 in
1521 2434 1786 2504 angustiis,

201 2549 311 2587 cum
348 2532 603 2586 hostiliter
639 2538 845 2599 urgetur
871 2545 903 2582 a
930 2545 1099 2594 carne,
1131 2536 1249 2580 tunc
1273 2527 1341 2580 ad
1364 2525 1527 2580 Deum
1565 2525 1746 2596 refugit
1770 2566 1786 2593 ,

201 2636 249 2682 et
269 2626 525 2697 cognoscit
553 2623 688 2677 unde
712 2621 885 2675 debeat
909 2620 1156 2676 auxilium
1186 2636 1404 2690 poscere.
1437 2618 1516 2673 Ac
1548 2633 1615 2673 ne
1639 2618 1786 2688 quis-

203 2731 359 2787 quam
397 2715 452 2770 in
497 2714 584 2769 his
624 2713 806 2768 verbis
843 2712 1075 2781 episcopi
1115 2710 1356 2781 Gregorii
1389 2709 1656 2764 hostiliter
1693 2725 1786 2763 ur-

193 2814 410 2878 gentem
441 2805 460 2838 ¹
481 2819 721 2868 carnem,
753 2813 1001 2874 tanquam
1025 2818 1089 2858 ex
1121 2802 1388 2857 contraria
1414 2810 1602 2856 natura
1628 2801 1784 2868 mali,

205 2897 497 2952 secundum
523 2895 938 2950 Manichaeorum
970 2894 1229 2950 insaniam
1261 2893 1594 2964 suspicetur;
1624 2894 1785 2948 etiam

209 2988 331 3058 ipse
351 2987 471 3041 vide
500 2973 940 3054 quemadmodum
978 2985 1092 3040 suis
1123 2985 1462 3040 fratribus-et
1493 2984 1784 3040 condocto-

205 3079 360 3134 ribus
391 3077 644 3142 concinet,
673 3077 877 3131 docens
902 3091 1006 3130 non
1035 3075 1103 3130 ob
1129 3075 1268 3129 aliud
1291 3073 1551 3130 adversus
1569 3089 1785 3129 carnem

202 3169 443 3238 spiritum
467 3168 865 3237 concupiscere,
897 3167 1001 3221 nisi
1027 3176 1084 3221 ut
1122 3181 1220 3221 suo
1250 3176 1535 3236 utrumque
1563 3179 1786 3220 revoce-

194 3268 282 3316 tur
302 3260 510 3315 auctori
539 3269 662 3330 post
687 3261 1058 3331 gravissimum
1081 3260 1132 3314 in
1160 3260 1261 3314 hac
1281 3261 1386 3314 vita
1410 3257 1488 3315 rei
1510 3259 1784 3330 utriusque

195 3351 523 3417 conﬂictum,
567 3353 618 3405 in
661 3367 766 3421 quo
806 3351 1013 3406 laborat
1052 3352 1291 3406 omnium
1318 3351 1425 3406 vita
1451 3363 1782 3406 sanctorum.

197 3441 252 3498 ιιι
278 3443 411 3498 libro
435 3445 638 3514 quippe
659 3444 1004 3514 Apologetico
1029 3461 1043 3496 :
1079 3463 1098 3496 ς
1128 3445 1340 3498 Illorum
1365 3460 1510 3509 vero,
1543 3465 1562 3497 ι
1589 3445 1781 3516 inquit,

209 3551 227 3586 t
257 3546 538 3590 verberum
582 3535 725 3588 nond
749 3551 817 3588 un
860 3534 998 3589 facio
1038 3535 1384 3602 mentionem,
1424 3535 1617 3605 quibus
1647 3536 1786 3593 intra

206 3627 558 3695 nosmetipsos
597 3642 736 3696 prop
757 3628 829 3682 iis
855 3627 998 3681 vitiis
1030 3642 1094 3682 ac
1135 3628 1470 3697 passionibus
1513 3629 1790 3699 impugna-

197 3731 334 3778 mur,
360 3726 412 3772 et
439 3716 533 3772 die
557 3727 825 3787 noctuque
847 3717 1037 3787 ignitis
1073 3719 1300 3774 stimulis
1327 3721 1568 3789 corporis
1609 3720 1786 3775 Immi-

206 3806 359 3862 litatis
386 3807 549 3878 hujus
569 3817 627 3862 et
654 3809 896 3877 Corporis
921 3808 1106 3863 mortis
1134 3824 1404 3878 urgemur,
1437 3825 1578 3865 nunc
1606 3811 1782 3866 laten-

203 3906 298 3960 ter,
328 3915 469 3954 nunc
497 3901 658 3954 etiam
686 3899 859 3969 palam
886 3900 1294 3969 provocantibus
1321 3901 1515 3970 ubique
1560 3910 1616 3956 et
1664 3902 1787 3957 irri-

207 3991 433 4045 tantibus
469 4007 650 4045 rcrum
683 3990 969 4045 visibilium
1017 3991 1303 4059 illecebris,
1322 3991 1433 4046 luto
1474 3992 1616 4047 hoc”
1642 3991 1786 4050 faecis

206 4080 283 4135 cui
315 4081 646 4146 iinlimsiinus,
691 4083 830 4137 (εωηὶ
871 4083 950 4136 sui
990 4081 1208 4138 fetorem
1232 4083 1387 4139 venis
1422 4084 1787 4153 capacioribus

203 4174 519 4237 exhalante;
555 4173 652 4229 sed
681 4184 735 4228 ct
760 4175 880 4244 lege
920 4175 1146 4244 peccati,
1188 4190 1306 4245 quae
1333 4186 1415 4231 est
1445 4176 1495 4230 in
1529 4175 1786 4232 membris

206 4265 428 4331 nostris,
458 4265 561 4334 legi
591 4266 811 4336 spiritus
848 4274 1208 4336 repugnante;
1232 4266 1356 4322 dum
1387 4269 1670 4338 imaginem
1701 4284 1788 4325 re-

209 4354 358 4424 giam,
393 4371 516 4424 qua:
556 4357 696 4411 intra
737 4370 836 4410 nos
867 4365 968 4420 est,
1013 4357 1276 4428 captivam
1317 4358 1514 4414 ducere
1557 4359 1733 4415 studet
1767 4378 1783 4416 :

213 4453 264 4498 ut
286 4446 466 4515 spoliis
484 4447 611 4516 ejus
642 4447 822 4518 cedat,
857 4448 1110 4521 quidquid
1145 4449 1274 4504 illud
1312 4460 1396 4505 est
1419 4451 1560 4521 quod
1591 4452 1644 4506 in
1685 4445 1786 4508 nos

214 4534 458 4592 beneﬁcio
483 4537 680 4593 divina:
707 4554 770 4592 ac
803 4540 986 4609 prima:
1015 4539 1157 4594 illius
1183 4541 1503 4596 conditionis
1531 4543 1734 4597 inﬂuxit
1767 4561 1782 4598 :
1805 4533 1807 4535 ’

216 4628 343 4685 unde
363 4631 451 4684 vix
476 4630 672 4700 aliquis
698 4631 924 4688 fortasse
949 4632 1102 4702 longa
1131 4647 1189 4687 se
1213 4643 1267 4687 ct
1287 4634 1524 4689 districta
1545 4634 1566 4666 ⁸
1594 4649 1784 4705 regens

216 4717 556 4792 philosophia,
584 4733 636 4777 et
670 4724 916 4792 paulatim
957 4723 1286 4780 nobilitatem
1325 4725 1518 4780 animae
1555 4741 1668 4781 sum
1696 4742 1784 4781 re-

213 4811 401 4878 colens,
444 4822 691 4868 naturam
723 4814 854 4870 lucis
892 4831 1010 4885 qua:
1051 4816 1102 4869 in
1143 4830 1201 4871 se
1239 4825 1321 4871 est
1359 4817 1543 4871 humili
1578 4816 1701 4872 huic
1730 4825 1784 4872 et

217 4901 483 4957 tenebroso
530 4903 644 4959 luto
693 4904 1010 4972 conjuncta,
1058 4915 1272 4960 revocet
1321 4922 1384 4963 ac
1427 4907 1665 4963 reﬂectat
1713 4907 1782 4962 ad

215 4990 366 5047 Deum
400 5011 413 5048 :
445 4994 531 5049 vel
559 4996 604 5050 si
633 5005 777 5050 certe
804 4996 1038 5066 propitio
1069 4997 1180 5052 Deo
1204 5007 1345 5068 agat,
1374 5008 1657 5071 utrumque
1689 5015 1783 5071 pa-

193 5082 329 5138 riter
363 5086 670 5152 revocabit;
718 5087 763 5141 si
806 5095 981 5143 tamcn
1023 5089 1177 5160 longa
1213 5101 1267 5145 et
1298 5093 1510 5148 assidua
1552 5095 1781 5150 medita-

201 5170 342 5228 tione
366 5175 635 5231 insuescat
672 5191 884 5233 sursum
922 5193 1137 5250 semper
1160 5181 1420 5252 aspicere,
1452 5192 1505 5240 et
1529 5187 1778 5242 deorsum

212 5263 338 5318 male
376 5266 676 5323 trahentem
719 5283 785 5323 ac
827 5268 1201 5340 degravantcm
1245 5275 1518 5329 materiam
1568 5277 1780 5332 sibimet

213 5352 460 5411 astrictam
490 5355 656 5413 frenis
675 5358 990 5416 arctioribus
1002 5361 1281 5420 sublevare
1299 5383 1318 5417 ›
1346 5363 1394 5438 (1
1401 5383 1434 5419 η
1457 5364 1784 5440 Apologetica

268 5530 289 5600 ⁸,
315 5530 425 5582 Editi
442 5566 459 5593 ,
495 5531 679 5597 urgeri.
719 5536 1017 5599 Castigantur
1051 5538 1111 5591 ad
1145 5539 1406 5594 Gallicanos
1448 5543 1570 5596 duos
1615 5556 1782 5595 manu-

210 5600 443 5727 κῗρὲᾜῖ,
467 5654 630 5727 (titius.
657 5666 710 5727 ιιι
732 5665 856 5716 Mss,
879 5659 984 5713 hoc.

267 5711 287 5743 ³
315 5714 482 5780 Bclgici
504 5711 596 5768 itas
619 5752 634 5780 ,
656 5711 880 5771 discreta.

1509 307 1713 366 LIBER
1751 304 2124 364 SECUNDUS.

3374 314 3480 375 ωε

1901 420 2063 488 primo
2091 419 2160 473 de.
2180 435 2273 474 sua
2303 419 2467 492 fuga).
2517 419 2776 491 Agnosce,
2811 421 2884 477 ﬂli
2923 422 3134 481 .lnlianc
3163 466 3180 494 ,
3210 441 3479 487 consonas

1899 509 2186 564 catholicas
2213 525 2391 582 voces,
2435 523 2488 566 et
2529 516 2598 566 ab
2646 515 2724 568 eis
2766 515 2952 572 desine
2999 518 3294 576 dissonare.
3344 521 3478 579 Cum

1899 602 2027 656 dicit
2057 602 2240 656 beatus
2270 602 2578 674 Gregorius,
2620 605 2766 660 Intra
2806 612 3134 682 nosmetipsos
3164 615 3383 684 propriis
3409 615 3481 668 ui-

1899 694 1982 748 tiis
2009 711 2069 749 ac
2099 695 2412 763 passionibus
2438 699 2820 768 impugnantur,
2848 712 2894 754 et
2921 702 3002 755 die
3039 715 3284 774 noctuque
3312 707 3482 776 ignitis

1899 786 2114 840 stimulis
2157 786 2382 857 corporis
2425 786 2722 842 humilitatis
2759 789 2913 862 hujus
2957 803 3003 846 et
3044 797 3269 864 corporis
3309 798 3482 850 mortis

1899 890 2169 946 urgemur;
2231 875 2525 946 baptizatus
2576 877 2827 949 loquitur,
2866 881 2934 936 de
2973 883 3250 953 baptizatis
3310 887 3484 957 loqui-

1902 974 1986 1020 tur
2007 967 2044 1020 ¹.
2080 969 2208 1022 Cum
2237 968 2385 1035 dicit,
2427 969 2534 1040 lege
2569 972 2760 1040 peccati
2791 989 2905 1042 qua:
2936 985 3007 1028 est
3034 976 3087 1029 in
3117 979 3347 1032 membris
3386 995 3479 1032 na-

1892 1059 2017 1111 stris
2053 1058 2148 1128 legi
2190 1059 2396 1129 spiritus
2431 1070 2777 1131 repugnante;
2806 1062 3104 1132 baptizatus
3130 1066 3381 1138 loquitur,
3414 1070 3482 1124 de

1899 1148 2178 1218 baptizatis
2204 1151 2454 1221 loquitur.
2483 1153 2906 1210 Christianorum
2930 1166 3011 1211 est
3037 1158 3132 1214 ista
3160 1175 3331 1231 pugna
3362 1163 3483 1216 lide-

1899 1239 2051 1307 lium,
2089 1256 2194 1295 non
2236 1242 2525 1298 inﬁdelium
2567 1244 2894 1300 Juda‘orum.
2926 1248 3117 1314 Crede,
3157 1251 3202 1304 si
3244 1268 3346 1305 non
3389 1268 3485 1320 pu-

1894 1345 2060 1401 gnas;
2103 1347 2353 1402 agnosce,
2392 1335 2434 1388 si
2479 1351 2700 1406 pugnas.
2737 1349 2789 1391 et
2820 1339 2919 1392 ista
2967 1343 3180 1410 pugna'
3225 1344 3479 1399 rebellem

1894 1437 2108 1494 quoque
2136 1427 2436 1494 superbiam
2471 1428 2735 1498 Pelagiani
2778 1433 2976 1486 erroris
3001 1448 3265 1504 expugna.
3292 1435 3482 1492 iamne

1899 1516 2184 1584 discernis,
2229 1519 2412 1588 jamne
2454 1522 2728 1590 p"rspicis,
2776 1522 2957 1593 jamne
2999 1526 3290 1594 resipiscis,
3330 1535 3384 1582 et
3427 1528 3481 1582 in

1900 1607 2230 1678 Baptismate
2277 1609 2391 1664 ﬁeri
2429 1614 2666 1666 onmimn
2708 1615 3478 1686 remissionempeccatorum,

1897 1706 1955 1753 et
1979 1714 2100 1754 cum
2132 1700 2414 1768 baptizatis
2455 1704 2604 1772 quasi
2633 1705 2785 1760 civile
2824 1706 3019 1762 bellum
3054 1707 3360 1764 interiorum
3393 1727 3481 1766 re-

1897 1803 2116 1844 manere
2143 1791 2436 1846 vitiorum?
2485 1793 2599 1848 Non
2645 1796 2786 1850 enim
2841 1798 2962 1850 talia
3012 1807 3138 1853 sunt
3165 1799 3314 1867 vitia,
3361 1816 3480 1870 qua:

1893 1880 2002 1950 jam
2030 1891 2246 1951 peccata
2282 1882 2507 1939 dicenda
2542 1886 2668 1951 sint,
2710 1887 2757 1940 si
2802 1887 2866 1942 ad
2906 1889 3085 1944 illicita
3121 1903 3282 1959 opera
3323 1891 3484 1960 spiri-

1898 1979 2006 2026 tum
2050 1975 2477 2042 concupiscentia
2517 1990 2623 2030 non
2681 1977 2850 2033 trahat
2896 1988 2950 2033 et
2983 1980 3246 2050 concipiat
3285 1983 3482 2050 pariat-

1895 2077 1999 2133 que
2024 2074 2320 2134 peccatum.
2348 2065 2458 2122 Nec
2483 2075 2658 2122 tamen
2687 2079 2834 2123 extra
2862 2084 2959 2124 nos
2979 2080 3121 2135 sunt,
3147 2073 3338 2144 quibus
3360 2075 3479 2128 vin-

1895 2155 2101 2221 cendis,
2131 2171 2252 2229 eum
2281 2156 2336 2212 in
2363 2157 2462 2213 hoc
2486 2159 2773 2214 certamine
2796 2161 3132 2230 prolicienter
3154 2162 3476 2231 laboramus,

1896 2244 2201 2301 instandum
2248 2258 2368 2314 est;
2419 2259 2601 2304 nostra
2651 2261 2796 2317 sunt,
2849 2255 3122 2322 passiones
3164 2265 3305 2320 sunt,
3352 2257 3478 2314 vitia

1895 2348 2038 2402 Sunt,
2083 2341 2359 2408 frenanda,
2392 2343 2708 2408 cohibenda,
2738 2346 2972 2399 sanando
2998 2356 3122 2403 sunt
3154 2365 3167 2401 :
3213 2349 3306 2404 sed
3350 2350 3479 2406 dum

1894 2439 2149 2486 curantur
2185 2430 2376 2488 infesta
2403 2443 2546 2488 sunt.
2576 2433 2645 2489 Et
2669 2435 2715 2490 si
2760 2435 2916 2492 nobis
2957 2437 3024 2491 ad
3051 2438 3269 2494 meliora
3311 2440 3477 2510 proﬂ-

1895 2525 2180 2591 cientibus,
2229 2527 2398 2599 magis
2437 2527 2710 2599 magisque
2749 2532 3086 2598 minuuntur;
3134 2541 3311 2588 tamen
3351 2533 3477 2588 dum

1896 2618 1982 2674 hic
2004 2618 2217 2686 vivitur,
2243 2634 2363 2675 esse
2391 2635 2496 2675 non
2529 2621 2796 2676 desinunt.
2826 2623 3137 2678 Diseedente
3159 2623 3280 2679 hinc
3300 2625 3480 2680 anima

1893 2710 1980 2780 pia
2011 2711 2278 2780 peribunt,
2321 2712 2373 2767 in
2401 2721 2713 2783 resurgente
2740 2729 2964 2784 corpore
2993 2731 3098 2770 non
3137 2717 3402 2772 redibunt.

1962 2800 2188 2856 CAPUT
2219 2800 2305 2856 lV.
2336 2832 2408 2842 —
2431 2802 2486 2856 8.
2531 2804 2668 2874 Ergo
2699 2804 2767 2858 ad
2795 2804 3010 2860 beatum
3047 2806 3327 2862 redeamus
3349 2808 3478 2862 Am-

1890 2890 2152 2954 brosium.
2203 2894 2377 2948 Etiam
2431 2893 2583 2948 Pauli
2634 2913 2769 2960 caro,
2828 2898 3020 2967 inquit,
3073 2915 3255 2970 corpus
3303 2900 3477 2954 mortis

1891 2995 2020 3053 erat,
2048 2987 2174 3041 sicut
2203 2988 2310 3058 ipse
2328 2989 2418 3055 ait,
2453 3007 2471 3040 ι
2488 2987 2611 3056 Quis
2629 3006 2708 3043 me
2728 2989 2955 3045 liberabit
2979 2991 3041 3046 de
3064 3008 3275 3063 corpore
3301 2995 3476 3048 mortis

1895 3075 2092 3145 hujus?
2120 3094 2140 3129 ι
2187 3077 2262 3131 lla
2287 3078 2544 3133 intellexit
2586 3080 2919 3146 Ambrosius,
2950 3081 3019 3135 ita
3049 3080 3363 3153 Cyprianus,
3405 3084 3476 3139 ita

1891 3164 2204 3236 Gregorius,
2248 3177 2303 3222 ut
2337 3168 2405 3224 de
2441 3169 2560 3223 aliis
2585 3170 2796 3224 interim
2827 3178 3027 3225 taceam
3051 3172 3208 3226 simili
3239 3173 3474 3242 praaditis

1894 3258 2210 3313 auctoritate
2254 3257 2580 3315 doctoribus.
2627 3260 2762 3315 lluic
2803 3263 2959 3316 morti
3003 3263 3212 3317 dicetur
3249 3265 3301 3318 in
3349 3266 3472 3329 line,

1896 3345 1992 3400 Ubi
2030 3355 2120 3412 cst,
2155 3364 2309 3413 mors,
2354 3351 2601 3404 contentio
2641 3352 2771 3405 tua?
2799 3351 2905 3407 Sed
2939 3368 3367 3422 regeneratorum
3394 3364 3478 3410 est

1893 3435 2012 3492 haec
2031 3438 2221 3507 gratia,
2250 3453 2354 3493 non
2379 3455 2570 3509 genera
2581 3449 2776 3496 torum.
2805 3441 2988 3498 thr-isti
3015 3446 3145 3498 enim
3169 3461 3307 3508 caro,
3335 3447 3477 3516 quod

1889 3528 2128 3599 adjungit
2173 3530 2524 3597 Ambrosius,
2572 3533 2818 3586 damnant
2870 3546 3147 3604 peccatmn,
3196 3541 3332 3608 quod
3383 3555 3479 3591 na-

1889 3620 2075 3674 scendo
2101 3636 2201 3674 non
2239 3621 2412 3686 sensit,
2440 3623 2573 3691 quod
2601 3623 2858 3678 moriendo
2883 3627 3132 3694 cruciﬁxit
3163 3643 3182 3681 :
3209 3629 3477 3687 nascendo

1890 3725 1996 3765 non
2039 3712 2207 3766 sensit
2239 3712 2399 3777 inse,
2445 3715 2722 3769 moriendo
2750 3717 3010 3771 crucilixit
3052 3719 3102 3773 in
3146 3721 3320 3776 nobis.
3362 3723 3476 3779 Lex

1891 3803 2069 3873 itaque
2108 3805 2313 3874 peccati
2339 3820 2640 3876 repugnans
2679 3807 2782 3877 legi
2829 3810 3042 3876 mentis,
3088 3827 3204 3881 qua:
3251 3812 3304 3866 in
3345 3814 3476 3869 tanti

1891 3910 2103 3966 quoque
2132 3897 2359 3966 apostoli
2405 3899 2657 3956 membris
2691 3909 2826 3972 erat,
2872 3903 3156 3958 remittitur
3196 3903 3247 3959 in
3294 3905 3475 3974 Bapti-

1891 3995 2084 4056 smate,
2110 4003 2215 4048 non
2237 3987 2440 4043 linitur.
2464 3990 2538 4044 Ex
2562 3991 2661 4046 hac
2686 3993 2799 4063 lege
2823 3993 2999 4048 carnis
3023 4005 3348 4065 repugnante
3373 3996 3474 4067 legi

1891 4079 2089 4135 mentis
2116 4079 2244 4134 nihil
2284 4079 2479 4135 Christi
2509 4097 2701 4152 corpus
2729 4085 2977 4150 attraxit;
3009 4086 3128 4155 quia
3158 4102 3260 4140 non
3292 4102 3356 4140 ex
3387 4087 3475 4142 illa

1895 4169 2053 4242 Virgo
2091 4171 2357 4242 concepit.
2403 4173 2480 4227 Ex
2521 4174 2621 4228 hac
2655 4173 2770 4244 lege
2805 4176 2980 4230 carnis
3007 4185 3330 4246 repugnante
3371 4177 3475 4248 legi

1889 4263 2086 4319 mentis
2129 4264 2371 4319 eamdem
2415 4264 2584 4336 legem
2632 4265 2799 4334 prima
2843 4267 3116 4323 nalivilale
3157 4283 3314 4322 nemo
3357 4284 3465 4324 non

1891 4356 2078 4421 traxit;
2124 4355 2249 4425 quia
2286 4356 2386 4411 nisi
2429 4371 2497 4411 ex
2544 4356 2634 4410 illa
2678 4357 2865 4412 mulier
2911 4358 3052 4414 nulla
3092 4361 3355 4429 concepit.
3403 4360 3472 4416 Et

1892 4445 2014 4501 ideo
2053 4446 2390 4502 venerandus
2435 4446 2689 4512 Hilarius,
2734 4462 2800 4502 ex
2842 4457 3056 4517 peccato
3097 4463 3217 4504 esse
3257 4465 3472 4506 omnem

1890 4553 2107 4594 carnem
2136 4553 2238 4592 non
2265 4545 2542 4592 cunctatus
2565 4549 2645 4592 est
2665 4539 2841 4593 dicere
2865 4538 3081 4610 (Supra,
3106 4540 3192 4593 lib.
3219 4541 3270 4606 l,
3294 4557 3348 4594 η.
3371 4539 3469 4613 9):

1891 4628 1985 4684 scd
2027 4627 2280 4697 numquid
2323 4628 2444 4682 ideo
2487 4629 2696 4698 negavit
2738 4644 2803 4684 ex
2847 4630 2991 4684 Deo?
3033 4629 3308 4696 Quomodo
3340 4631 3474 4687 dici-

1891 4735 2032 4786 mus,
2077 4727 2134 4774 et
2169 4735 2232 4775 ex
2275 4733 2438 4774 carne
2476 4734 2714 4787 carnem,
2763 4729 2816 4775 et
2855 4737 2919 4775 ex
2960 4720 3177 4776 liontine
3216 4736 3466 4790 carnem;

1891 4813 2146 4883 numquid
2189 4813 2350 4869 etiam
2397 4814 2475 4868 sic
2519 4828 2772 4882 negamus
2813 4828 2877 4868 ex
2919 4813 3106 4868 Dco'?
3153 4814 3294 4885 Ergo
3322 4823 3377 4871 et
3399 4830 3465 4878 ex

1891 4907 2024 4973 Deo,
2064 4907 2184 4976 quia
2221 4915 2397 4971 creat;
2435 4915 2490 4962 et
2528 4921 2594 4962 ex
2621 4906 2854 4972 homine,
2892 4908 3011 4977 quia
3041 4917 3292 4977 generat;
3323 4917 3378 4964 et
3403 4924 3468 4970 ex

1890 5007 2130 5071 peccato,
2163 5001 2283 5068 quia
2313 5000 2479 5053 vitiat.
2509 4999 2615 5055 Sed
2649 5001 2789 5055 Deus
2819 5001 2907 5072 qui
2936 5001 3115 5070 genuit
3145 5001 3336 5058 Filium
3367 5004 3470 5060 sibi

1848 5113 1857 5124 -
1890 5097 2237 5158 coaeternum,
2265 5091 2405 5160 quod
2435 5092 2483 5145 in
2513 5093 2774 5162 principio
2798 5092 3024 5148 Verbum
3050 5103 3184 5158 erat,
3211 5111 3306 5164 per
3327 5096 3470 5166 quod

1891 5181 2088 5235 creavit
2115 5195 2274 5236 omne
2305 5181 2442 5250 quod
2472 5199 2574 5236 non
2603 5193 2737 5249 erat,
2766 5184 2921 5237 etiam
2953 5185 3120 5254 ipsum
3148 5186 3348 5241 creavit
3375 5187 3472 5250 ho-

1891 5272 2088 5326 minem
2113 5273 2230 5328 sine
2256 5273 2381 5327 vitio
2403 5271 2445 5341 ⁸,
2477 5288 2584 5329 non
2614 5289 2677 5328 ex
2707 5275 2907 5330 semine
2931 5275 3156 5330 hominis
3186 5291 3280 5345 per
3306 5275 3466 5346 virgi—
3497 5294 3507 5301 ·

1955 5425 1972 5494 ξ
2009 5424 2144 5494 Editl,
2168 5424 2229 5476 de
2251 5425 2486 5494 baptizata
2508 5425 2731 5494 loquitur.
2757 5427 2923 5478 Melius
2953 5436 3080 5490 Mss,
3112 5429 3174 5481 de
3195 5426 3466 5494 baptizatis.

1951 5488 1973 5552 ξ
2004 5487 2080 5552 sic
2099 5495 2204 5552 alss.
2230 5495 2284 5537 At
2308 5489 2440 5552 editi,
2463 5496 2509 5538 et
2525 5487 2574 5539 tn
2591 5491 2680 5540 ista
2703 5502 2879 5552 pugna.

1953 5548 1975 5580 ³
2007 5547 2142 5616 Editi,
2165 5550 2396 5610 numquid
2419 5551 2562 5600 etiam
2576 5552 2645 5601 sic
2658 5547 2900 5615 negti'nms,
2928 5564 3214 5616 generantur
3239 5563 3304 5602 ea:
3328 5559 3426 5603 Deo
3442 5548 3470 5604 7

1888 5609 2052 5672 Aliost,
2080 5609 2382 5672 generantur,
2407 5625 2436 5659 a
2457 5619 2559 5661 Mss.

1950 5671 1974 5702 δ
2006 5671 2359 5734 lticmanuscrij
2379 5675 2412 5722 ti
2443 5673 2672 5723 nonnulli.
2694 5673 3000 5725 l-‘lortaecnsis
3022 5681 3072 5727 et
3093 5674 3355 5728 Casalcnsis
3381 5675 3464 5728 sd-

1889 5733 2028 5797 dunt,
2047 5749 2138 5787 non
2159 5751 2223 5789 ea:
2244 5733 2430 5784 homine
2451 5737 2553 5785 sine
2573 5737 2699 5785 ritw.
