3984 6490
573 295 681 357 679

575 427 699 469 nem
727 419 930 472 natum,
972 407 1027 464 in
1066 419 1174 478 quo
1201 413 1482 477 regenerat
1509 405 1778 460 hominem
1819 412 2153 476 generatum,

576 512 837 574 sanatque
881 501 1139 564 vitiatum,
1195 512 1224 552 a
1275 507 1425 553 reatu
1481 498 1682 562 statim,
1735 497 1804 553 ab
1852 497 2162 552 infirmitate

577 595 848 663 paulatim.
891 592 1085 646 Contra
1121 605 1280 659 quam
1319 596 1686 659 regeneratus,
1726 587 1772 642 si
1806 587 1914 657 jam
1955 588 2160 642 ratione

578 685 761 747 utitur,
801 683 894 738 illo
926 689 1201 750 spectante
1229 687 1390 750 atque
1425 679 1709 747 adjuvante
1733 679 1878 733 velut
1908 679 1960 732 in
1989 693 2162 747 agone

573 775 808 844 conﬂigit
839 791 853 827 :
897 772 1018 842 quia
1043 772 1212 827 virtus
1240 759 1290 824 in
1323 769 1634 826 infirmitate
1663 769 1936 840 perficitur
1965 768 2006 840 (l
2037 767 2158 823 Cor.

573 883 666 930 xu,
700 865 777 936 9),
809 864 934 920 dum
975 874 1159 919 contra
1191 864 1290 918 hoc
1321 869 1560 917 nostrum
1601 860 1744 932 quod
1769 875 1800 916 a
1825 860 2026 931 justitia
2067 859 2160 914 de-

575 957 703 1020 ficit,
740 955 832 1009 illo
861 963 1044 1010 nostro
1071 954 1212 1024 quod
1238 953 1304 1008 ad
1327 953 1584 1022 justitiam
1617 951 1826 1023 proficit
1853 951 2156 1017 dimicatur;

572 1057 630 1100 ut
678 1047 923 1102 vincente
969 1045 1209 1116 profectu
1255 1054 1421 1100 totum
1469 1052 1651 1115 surgat
1701 1044 1752 1098 in
1796 1043 2007 1110 melius,
2051 1057 2160 1100 non

572 1139 824 1196 vincente
851 1139 1060 1194 defectu
1087 1147 1254 1194 totum
1277 1147 1460 1210 vergat
1489 1139 1542 1194 in
1576 1137 1745 1206 pejus.
1789 1137 2044 1191 Parvulas
2065 1152 2160 1192 ve-

573 1245 655 1294 ro,
693 1231 745 1285 in
783 1247 888 1301 quo
925 1229 1098 1284 adhuc
1131 1229 1350 1284 rationis
1389 1229 1564 1282 nullus
1592 1238 1676 1284 est
1707 1241 1853 1292 usus,
1885 1227 2160 1282 voluntate

574 1321 786 1391 quidem
835 1323 1046 1392 propria
1089 1335 1186 1376 nec
1211 1319 1264 1374 in
1295 1320 1437 1374 bono
1473 1327 1572 1384 est,
1602 1335 1702 1374 nec
1736 1319 1787 1372 in
1817 1318 1990 1383 malo;
2033 1317 2160 1388 quia

577 1413 776 1466 nullam
834 1415 886 1466 in
941 1415 1253 1466 alterutrum
1309 1411 1686 1482 cogitationem
1741 1409 2004 1478 versat',
2063 1407 2160 1463 sed

575 1513 860 1573 utrumque
897 1504 950 1557 in
993 1503 1082 1556 illo
1123 1501 1456 1572 consepitum
1481 1508 1655 1566 vacat,
1686 1507 1740 1556 et
1767 1500 1966 1556 bonum
2005 1508 2159 1554 natu-

576 1595 686 1650 rale
717 1595 964 1659 rationis,
989 1605 1039 1650 et
1068 1595 1264 1650 malum
1295 1593 1554 1665 originale
1595 1593 1796 1664 peccati
1827 1609 1842 1648 :
1881 1592 1974 1648 sed
2002 1593 2157 1650 annis

573 1685 966 1752 accedentibus,
1000 1685 1282 1754 evigilante
1317 1685 1544 1752 ratione,
1574 1684 1720 1740 venit
1749 1683 2076 1750 mandatum,
2106 1693 2161 1738 et

575 1777 844 1834 reviviscit
871 1785 1146 1848 peccatum
1181 1795 1192 1829 :
1223 1777 1364 1848 quod
1389 1776 1646 1832 adversus
1675 1784 2003 1832 crescentem
2035 1791 2155 1830 cum

575 1883 810 1940 pugnare
829 1870 1051 1938 cmperit
1073 1911 1087 1936 ,
1121 1877 1244 1924 tunc
1282 1867 1556 1938 apparebit
1595 1867 1721 1938 quid
1759 1867 1816 1922 in
1851 1867 2052 1922 infante
2081 1866 2159 1919 la-

577 1961 770 2026 tuerit,
794 1970 848 2015 et
871 1968 962 2014 aut
985 1961 1169 2024 vincit,
1198 1968 1251 2014 et
1273 1959 1680 2026 damnabitur';
1707 1965 1800 2013 aut
1825 1957 2074 2024 vincitur,
2105 1966 2159 2012 et

574 2053 867 2108 sanabitur.
895 2052 1010 2106 Non
1035 2059 1207 2106 tamen
1233 2051 1352 2106 ideo
1373 2051 1568 2105 malum
1593 2050 1693 2104 hoc
1713 2049 1841 2104 nihil
1867 2049 2155 2115 nocuisset,

575 2141 782 2198 etiamsi
809 2141 1115 2212 priusquam
1141 2141 1194 2195 in
1222 2141 1310 2196 illo
1331 2155 1586 2211 apparere
1605 2139 1876 2210 cmpisset,
1905 2140 2159 2210 parvulus

577 2233 678 2290 hac
717 2234 914 2289 exisset
941 2249 973 2290 e
1001 2234 1108 2288 vita
1139 2251 1152 2288 :
1191 2234 1312 2305 quia
1357 2243 1536 2290 reatus
1565 2234 1806 2304 ejusdem
1847 2234 2007 2300 mali,
2049 2249 2155 2289 non

574 2339 680 2396 quo
707 2341 858 2381 reum
885 2326 1082 2381 malum
1111 2335 1215 2392 est,
1247 2326 1342 2382 sed
1369 2341 1476 2396 quo
1502 2341 1651 2381 reum
1683 2326 1804 2382 facit
1835 2327 1886 2381 in
1918 2343 2022 2398 quo
2051 2335 2154 2394 cst,

575 2415 713 2470 sicut
750 2416 1093 2486 generatione
1128 2416 1481 2485 contrahitur,
1526 2417 1595 2472 ita
1629 2417 1730 2472 nisi
1755 2418 2157 2488 regeneratione

577 2523 684 2564 non
709 2508 949 2563 solvitur.
981 2508 1094 2563 lloc
1121 2517 1205 2563 est
1231 2517 1446 2578 propter
1473 2508 1614 2578 quod
1645 2511 1845 2579 parvuli
1879 2509 2154 2580 baptizan-

575 2609 681 2668 tur,
722 2609 780 2655 ιιι
818 2615 926 2655 non
965 2601 1134 2656 solum
1171 2602 1318 2671 regni
1347 2601 1546 2656 Christi
1593 2601 1837 2658 fruantur
1865 2604 2028 2669 bono,
2058 2619 2153 2659 ve-

574 2705 694 2746 rum
740 2701 795 2745 et
839 2706 868 2745 a
911 2691 1053 2747 malo
1089 2695 1238 2763 regni
1278 2693 1466 2747 mortis
1507 2705 1780 2748 eruantur.
1825 2693 2006 2764 Neque
2057 2695 2158 2750 hoc

575 2782 690 2837 fleri
719 2791 914 2853 potest,
943 2783 1044 2838 nisi
1074 2799 1169 2854 per
1190 2799 1335 2850 eum,
1360 2784 1448 2854 qui
1476 2793 1738 2856 peccatum
1763 2801 1857 2839 sua
1881 2801 2033 2838 carne
2058 2785 2156 2838 da-

571 2873 818 2940 mnavit',
863 2874 998 2944 quod
1047 2875 1298 2928 nascendo
1339 2865 1462 2928 non.
1486 2875 1661 2940 sensit,
1713 2874 1848 2940 quod
1895 2875 2156 2930 moriendo

571 2965 864 3034 cruciﬁxit;
891 2975 945 3019 ut
969 2965 1024 3018 in
1053 2981 1204 3020 carne
1235 2974 1408 3020 nostra
1433 2973 1558 3022 esset
1585 2966 1877 3038 iustiﬁcatio
1917 2983 2006 3038 per
2031 2983 2155 3041 gra-

571 3056 715 3122 tiam,
747 3055 832 3109 ubi
849 3063 962 3109 erat
985 3063 1102 3110 ante
1127 3055 1340 3110 colluvie
1369 3071 1461 3126 per
1483 3056 1708 3125 culpam.
1907 3083 1919 3108 -.

642 3145 697 3202 9.
737 3144 830 3204 llis
867 3146 1044 3216 itaque
1074 3145 1213 3200 beati
1242 3145 1508 3201 Ambrosii
1533 3145 1742 3214 verbis,
1773 3162 1874 3202 nec
1912 3146 2155 3203 diabolus

572 3236 812 3293 bonitate
835 3235 1105 3293 hominem
1133 3237 1363 3305 creavit,
1394 3237 1488 3293 sed
1517 3239 1784 3294 hominem
1829 3239 2154 3310 malignitate

570 3329 772 3384 vitiavit
803 3347 817 3382 :
851 3345 948 3384 nec
975 3330 1418 3400 concupiscentia:
1457 3331 1654 3386 malum
1703 3334 2002 3402 nuptiarum
2024 3333 2150 3389 abs-

569 3419 690 3475 tulit
732 3421 973 3475 bonum:
1030 3435 1134 3477 nec
1177 3421 1228 3476 in
1269 3422 1607 3492 Baptismatis
1633 3435 1984 3481 sacramento
2023 3442 2151 3497 pec-

567 3513 670 3566 cati
709 3513 936 3584 alicujus
975 3523 1152 3569 reatus
1193 3515 1509 3585 relinquitur
1547 3516 1850 3574 iusolutus:
1887 3533 1986 3576 nec
2015 3519 2152 3589 inju-

563 3613 808 3659 stns‘est
841 3605 1015 3672 Deus,
1061 3607 1151 3676 qui
1195 3622 1318 3660 eum
1357 3607 1574 3661 damnat
1613 3607 1728 3679 lege
1759 3609 2010 3678 justitite,
2059 3612 2149 3682 qui

568 3697 770 3764 peccati
797 3697 910 3766 lege
941 3695 999 3751 flt
1044 3712 1200 3764 reus,
1229 3699 1438 3754 etiamsi
1461 3715 1530 3754 ex
1583 3701 1669 3754 illa
1700 3709 1858 3757 natus
1883 3713 2000 3771 est,
2029 3719 2150 3775 quze

565 3796 838 3857 parentem
867 3787 984 3858 ejus
1013 3799 1288 3858 prepteren
1309 3789 1419 3860 jam
1441 3806 1590 3856 reum
1613 3790 1787 3848 facere
1817 3807 1920 3848 non
1954 3803 2144 3864 potest,

565 3877 688 3948 quia
739 3887 954 3932 renatus
998 3886 1100 3932 est.
1153 3878 1330 3934 Virtus
1391 3893 1583 3949 porro,
1639 3897 1761 3952 quae
1815 3882 1867 3938 in
1925 3883 2149 3940 inﬁrmi-

566 3977 672 4021 tate
719 3965 1026 4035 perficitur,
1071 3983 1268 4037 quare,
1315 3969 1358 4024 si
1417 3968 1534 4024 hrcc
1583 3985 1707 4026 vera
1747 3981 1904 4040 sunt,
1949 3973 2144 4044 despe-

560 4057 730 4112 randa
773 4067 883 4122 est;
927 4072 1048 4112 cum
1089 4073 1184 4128 per
1229 4072 1444 4114 carnem
1487 4059 1726 4129 Christi,
1773 4077 1891 4132 quae
1931 4063 2148 4120 damnat

567 4161 836 4218 |eccaltttn
859 4149 1000 4220 quod
1027 4149 1294 4204 nascendo
1322 4167 1426 4206 non
1469 4153 1672 4221 sensit,
1701 4154 1841 4224 quod
1871 4157 2146 4213 moriendo

565 4243 857 4302 crucifixit.
889 4241 978 4296 fiat
1015 4242 1175 4297 etiam
1207 4244 1258 4296 in
1284 4258 1444 4298 carne
1485 4254 1664 4300 nostra
1700 4246 2008 4316 just-ificatio
2049 4265 2146 4320 per

562 4337 815 4408 gratiam,
865 4336 918 4390 itt
965 4351 1066 4406 qua
1097 4343 1215 4391 erat
1242 4346 1366 4392 ante
1407 4339 1636 4393 colluvie
1663 4355 1758 4409 per
1793 4342 2040 4411 culpant?
2067 4347 2142 4401 Ac

565 4443 658 4497 per
682 4426 784 4481 hoc
805 4427 1039 4497 quinque
1079 4427 1178 4481 ista
1221 4436 1398 4484 vestra
1421 4469 1438 4495 ,
1468 4429 1520 4482 in
1546 4431 1738 4499 quibus
1768 4433 2002 4488 maxime
2029 4443 2142 4489 ter-

563 4519 690 4572 rctis
715 4517 992 4586 homines,
1017 4527 1344 4588 argumenta,
1373 4535 1472 4574 nec
1497 4521 1628 4574 alios
1659 4531 1904 4591 poterunt
1935 4534 2144 4594 pertur-

564 4610 722 4674 bare,
773 4625 872 4664 nec
915 4623 1042 4678 vos,
1089 4625 1133 4664 st
1183 4613 1415 4670 credatis
1465 4614 1778 4680 Ambrosio,
1835 4615 2138 4688 Cypriane,

562 4701 851 4770 Gregorio,
881 4701 1106 4771 aliisque
1131 4703 1410 4760 catholicis
1441 4707 1638 4762 sanctis
1663 4707 1930 4778 clarisque
1957 4707 2142 4762 docto-

563 4791 741 4855 ritms,
789 4790 897 4844 imo
923 4807 1050 4846 vero
1077 4793 1236 4847 etiam
1266 4795 1418 4849 vobis
1447 4796 1574 4865 ipsis
1597 4795 1618 4828 ³
1638 4839 1654 4862 ,
1697 4799 1869 4867 legem
1900 4803 2135 4870 peccati,

567 4893 686 4948 qua:
714 4879 854 4935 inest
879 4879 1113 4937 hominis
1137 4885 1392 4940 membris
1429 4901 1727 4958 repugnans
1757 4891 1859 4962 legi
1905 4895 2100 4949 mentis
2121 4935 2135 4960 ,

622 5073 638 5105 ι
685 5073 846 5146 Aliqua
871 5073 952 5146 hic
970 5074 1020 5146 in
1059 5075 1203 5126 editis
1230 5079 1444 5146 varietas
1465 5091 1479 5128 :
1499 5080 1762 5146 apud__Am,
1788 5089 1851 5146 et,
1876 5091 1968 5146 Er.,
2001 5089 2138 5140 nulla

554 5131 788 5213 efferre?
801 5134 1378 5213 ,εφψὲοθξςηιξενξαιιένς
1407 5131 1544 5213 me;
1561 5141 1696 5213 πριιια
1798 5131 2136 5200 Eua-ME:

549 5199 778 5268 gitutiorte
801 5201 1031 5246 versatur.
1053 5199 1376 5270 concedantur
1400 5213 1462 5252 ex
1487 5199 1770 5254 Floriacensi
1795 5199 2132 5275 tuanuscripto.

573 5277 578 5282 -
617 5259 805 5323 {enim
845 5263 894 5308 et
929 5257 1248 5312 damnabatur
1274 5274 1294 5314 :
1329 5263 1584 5316 mendose.
1629 5267 1744 5316 \ide
1781 5270 1922 5323 inLra.
1963 5273 2046 5322 lib.
2081 5275 2129 5323 4.

627 5298 805 5344 ’.ἔρνη-,⁷
846 5298 892 5308 vv
930 5298 1234 5312 -νσ-η-ν-ν-συυυ
1274 5298 1289 5314 ο
1329 5298 1584 5316 “unum.
1638 5298 1744 5316 vluu
1781 5298 1922 5331 ludll’
1963 5298 2046 5322 ιιυ.
2075 5298 2129 5336 Ις,

549 5333 653 5412 ηἐἶ)
767 5387 968 5452 et_t.ov.,
999 5389 1244 5452 praecauta:
1269 5385 1318 5452 in
1337 5399 1426 5452 sna
1447 5399 1594 5438 carne
1609 5388 1866 5442 danmaeit.
1889 5403 1943 5447 Αι
1963 5403 2062 5445 Am.
2083 5405 2134 5448 et

547 5445 856 5522 manuscripti
879 5450 1048 5522 carent
1085 5447 1328 5522 miracula,
1475 5451 1708 5522 Ambrosii
1744 5445 1988 5522 sententia
2021 5445 2132 5522 quin

547 5503 624 5583 hic
641 5503 930 5583 inculcatur,
955 5506 1048 5556 ista
1072 5503 1149 5558 est
1172 5521 1184 5556 :
1219 5503 1428 5562 sciuisti
1453 5515 1582 5562 enim
1603 5525 1716 5564 caro
1741 5503 1988 5570 damnavit
2017 5503 2132 5583 Βἆῖ

543 5573 718 5614 catum.
737 5583 760 5612 ι
2017 5573 2034 5583 ⁸

544 5627 1000 5706 ,Λξχςιιιξξοᾳιῆκ
1034 5629 1356 5706 floriacen'sis
1365 5633 1456 5706 hoc
1479 5633 1584 5706 loco
1607 5635 1762 5696 addit,
1785 5639 2019 5706 quoniam
2041 5657 2128 5706 pn-

541 5684 654 5736 tebit
673 5693 718 5738 et
743 5689 863 5741 vobis
883 5691 938 5756 ip.
1043 5701 1092 5742 I‘.t
1113 5693 1232 5745 intra
1251 5697 1322 5746 sic
1343 5697 1510 5758 habet,
1535 5684 1762 5761 ingerens
1773 5684 2020 5766 βιιῇἱὶἇῇἶᾶ
2041 5684 2126 5758 iii--

1319 291 1590 349 CONTRA
1630 287 1970 349 JULIANUM
2001 285 2469 351 PELAGIANUM,
2499 287 2558 345 S.
2597 285 2964 348 AUGUSTINI

2273 415 2376 471 qua
2401 415 2527 457 caro
2551 403 2879 472 concupiscit
2902 403 3184 460 adversum
3215 407 3447 476 spiritum
3467 455 3482 482 ,
3525 417 3672 478 etiam
3711 425 3795 482 ba.

2266 493 2475 562 ptizatis
2500 496 2697 550 sanctis
2723 495 2964 566 ingerere
2997 497 3263 568 pugnandi
3287 507 3664 581 necessitatem,
3687 531 3798 575 con.

2265 593 2345 640 tra
2375 586 2502 655 quid
2545 588 2646 642 nisi
2691 598 2875 643 contra
2917 591 3157 645 ntalem?
3187 607 3290 648 non
3336 598 3798 672 substantiam,sed

2264 676 2574 732 substantia:
2618 679 2839 746 vitium,
2883 681 2978 736 Dei
3021 683 3188 752 gratia
3227 699 3322 741 nos
3357 703 3684 760 regenerante
3709 716 3799 760 non

2265 767 2664 836 imputandum,
2715 771 2806 826 Dei
2859 774 3026 842 gratia
3073 773 3290 845 juvante
3342 777 3674 854 frenandum,
3717 791 3802 852 Dei

2262 860 2429 932 gratia
2457 871 2833 918 remunerante
2857 865 3188 921 sanandum?

2334 950 2561 1006 CAPUT
2591 951 2656 1007 V.
2685 981 2758 993 —
2782 952 2868 1008 10.
2911 953 3018 1010 Sed
3057 971 3124 1011 ne
3153 957 3288 1014 forte
3321 958 3494 1028 dicas,
3519 975 3688 1024 contra
3713 971 3798 1030 hoc

2265 1043 2440 1113 potius
2466 1058 2698 1114 pugnare
2723 1043 3047 1115 baptizatos,
3075 1048 3216 1118 quod
3241 1049 3340 1104 sibi
3367 1051 3463 1120 ipsi
3490 1053 3669 1122 prioris
3693 1062 3794 1120 vita

2265 1135 2400 1190 mala
2443 1135 2829 1193 consuetudine
2857 1136 3128 1206 fecerunt,
3157 1155 3264 1196 non
3303 1153 3484 1198 contra
3507 1145 3556 1200 id
3577 1163 3686 1204 eum
3709 1167 3798 1222 quo

2265 1226 2371 1280 nati
2401 1236 2524 1281 sunt
2549 1243 2562 1281 :
2593 1241 2890 1298 quanquam
2929 1228 2976 1283 si
3021 1230 3121 1284 hoc
3143 1229 3308 1297 dicis,
3332 1231 3440 1301 jam
3467 1239 3636 1304 procul
3661 1239 3800 1300 dubio

2263 1318 2439 1375 cernis
2467 1329 2624 1390 atque
2647 1320 2897 1375 concedis
2919 1323 2950 1388 ,’
2975 1335 3094 1378 esse
3123 1321 3176 1377 in
3205 1323 3418 1379 homine
3447 1326 3633 1396 aliquid
3657 1334 3796 1402 mali,

2263 1411 2406 1483 quod
2448 1427 2555 1468 non
2602 1412 2810 1482 ipsum,
2838 1412 2932 1469 sed
2961 1421 3139 1470 reatus
3178 1414 3270 1486 qui
3298 1431 3364 1470 ex
3408 1417 3494 1473 illo
3531 1429 3799 1482 contractus

2263 1501 2466 1567 fuerat,
2506 1502 2774 1558 auferatur
2813 1504 2866 1558 in
2909 1504 3182 1574 Baptismo
3213 1523 3226 1558 :
3271 1515 3450 1562 tamen
3485 1510 3600 1578 quia
3637 1527 3798 1582 parum

2263 1603 2346 1648 est
2371 1593 2438 1648 ad
2478 1593 2636 1665 hujus
2659 1595 2968 1665 quiestionis
2989 1591 3380 1654 absolutidnem
3398 1639 3414 1664 ,
3441 1599 3540 1656 nisi
3573 1603 3712 1660 nobis
3743 1622 3798 1662 ex

2263 1695 2481 1753 peccato
2507 1685 2661 1756 primi
2691 1685 2926 1740 hominis
2950 1686 3320 1758 ingeneratum
3349 1703 3467 1744 esse
3493 1703 3798 1762 monstretur,

2261 1774 2384 1828 audi
2414 1773 2537 1844 quid
2565 1774 2690 1829 inde
2727 1775 2784 1830 in
2825 1775 2932 1830 alio
2980 1776 3096 1832 loco
3124 1777 3434 1848 expressius
3461 1777 3594 1836 dicat
3615 1795 3802 1842 sanctus

2262 1864 2576 1920 Ambrosius
2597 1867 2649 1919 in
2669 1866 3001 1934 expositione
3023 1867 3294 1938 Evangelii
3313 1869 3598 1926 secundum
3614 1871 3800 1942 lateant,

2263 1969 2385 2008 cum
2409 1955 2636 2010 diversis
2674 1956 2846 2012 modis
2867 1999 2882 2022 ,
2911 1957 2980 2013 ab
3021 1973 3123 2013 una
3149 1967 3334 2014 tamen
3361 1961 3538 2032 regula
3567 1963 3678 2019 fidei
3715 1983 3802 2024 non

2261 2045 2704 2114 abhorrentibus,
2744 2055 2992 2104 tractaret
3031 2048 3180 2104 illum
3219 2049 3431 2116 locum,
3463 2051 3548 2107 ubi
3583 2053 3802 2114 Dominus

2261 2137 2365 2202 ait,
2397 2137 2451 2190 in
2480 2153 2584 2192 una
2610 2137 2769 2193 domo
2796 2138 2960 2195 dividi
2987 2147 3097 2196 tres
3117 2140 3382 2198 adversus
3407 2141 3538 2198 duos
3555 2185 3570 2212 ,
3604 2154 3653 2201 et
3690 2147 3800 2204 duos

2259 2229 2519 2286 adversus
2547 2241 2654 2287 tres
2688 2233 2704 2263 ¹
2732 2231 2880 2306 (Luc.
2907 2249 2981 2288 xtl
3004 2274 3019 2300 ,
3048 2234 3160 2307 52).
3213 2253 3232 2288 ι
3293 2234 3517 2291 Possunt
3541 2238 3697 2294 etiam
3735 2241 3800 2296 vi-

2261 2321 2411 2390 deri,
2443 2342 2463 2376 ι
2491 2323 2692 2394 inquit,
2734 2342 2754 2376 ι
2789 2339 2917 2380 caro
2941 2334 3099 2396 atque
3133 2326 3320 2382 anima
3347 2326 3414 2381 ah
3437 2326 3624 2396 odore,
3649 2338 3798 2399 tactu,

2260 2423 2521 2484 gustuque
2541 2414 2764 2472 luxuriae
2790 2426 3050 2486 separata:
3075 2417 3126 2472 in
3157 2433 3262 2472 una
3307 2417 3468 2474 domo
3491 2433 3550 2476 se
3583 2417 3799 2478 adversus

2261 2502 2584 2558 incursantia
2612 2505 2734 2560 vitia
2773 2505 3072 2563 dividentes
3095 2549 3112 2572 ,
3140 2509 3258 2579 subj
3271 2508 3486 2564 icientes
3505 2510 3670 2581 selegi
3695 2512 3798 2579 Dei,

2261 2603 2597 2652 removentes
2621 2612 2680 2652 se
2707 2612 2736 2651 a
2763 2598 2879 2669 lege
2905 2600 3106 2669 peccati
3133 2619 3146 2655 :
3177 2615 3412 2670 quorum
3433 2601 3557 2656 licet
3577 2601 3799 2658 dissensio

2259 2699 2356 2755 per
2382 2687 2870 2754 praevaricationem
2905 2689 3063 2758 primi
3088 2689 3330 2746 hominis
3361 2691 3412 2746 in
3440 2701 3666 2748 naturam
3701 2710 3800 2750 ver-

2259 2777 2386 2830 terit
2413 2777 2452 2842 ³,
2478 2785 2536 2831 ut
2565 2793 2894 2850 nequaquam
2921 2781 3022 2838 sibi
3046 2783 3276 2852 paribus
3293 2781 3360 2838 ad
3391 2783 3622 2839 virtutem
3645 2786 3800 2852 studiis

2258 2869 2641 2936 convenirent,
2668 2880 2844 2926 tamen
2873 2887 2967 2942 per
2991 2888 3206 2930 crucem
3229 2875 3450 2930 Domini
3477 2875 3740 2932 Salvatoris
3762 2877 3796 2946 ⁸,

2260 2965 2366 3014 tam
2393 2959 2684 3015 inimicitiis
2709 2976 2869 3032 quam
2909 2963 3070 3018 etiam
3099 2963 3484 3022 mandatorum
3511 2966 3616 3037 lege
3641 2983 3800 3024 vacua-

2257 3049 2346 3116 tis,
2367 3049 2418 3104 in
2443 3051 2712 3106 societatis
2730 3053 3066 3108 concordiam
3092 3065 3486 3126 congruerunt,
3507 3067 3800 3130 posteaquam

2256 3139 2500 3198 Christus
2529 3157 2560 3198 e
2587 3143 2725 3200 caelo
2764 3160 2863 3215 pax
2891 3157 3069 3201 nostra
3095 3147 3254 3202 desee
3273 3149 3441 3206 ndens
3465 3149 3584 3208 fecit
3621 3161 3799 3222 utraque

2257 3247 2420 3288 unum
2457 3252 2476 3286 ι
2513 3233 2726 3306 (Ep/ws.
2759 3251 2795 3290 tt
2815 3277 2828 3300 ,
2861 3237 2970 3308 li).
3002 3238 3201 3294 Rursus
3229 3239 3294 3296 in
3317 3241 3498 3298 eodem
3520 3257 3682 3314 Opere,
3697 3259 3790 3299 cum

2256 3322 2324 3380 de
2365 3325 2624 3396 spirituali
2671 3336 2828 3398 atque
2873 3331 3268 3400 incorruptibili
3318 3332 3615 3402 loqueretur
3643 3335 3784 3390 cibo:

2262 3434 2280 3470 ι
2321 3417 2529 3472 Etenim
2559 3418 2693 3472 ratio
2717 3420 2868 3474 cibus
2893 3422 3085 3476 mentis
3109 3431 3194 3478 est
3215 3422 3260 3492 δ,
3295 3443 3314 3477 ι
3342 3425 3506 3497 inquit
3523 3465 3540 3494 ,
3565 3443 3584 3478 ι
3613 3427 3786 3497 pracla-

2253 3525 2420 3582 raque
2439 3512 2461 3544 ⁵
2523 3512 2771 3567 alimonia
2803 3515 3076 3570 suavitatis
3099 3556 3114 3578 .
3143 3531 3268 3586 qua:
3295 3519 3528 3574 membra
3556 3535 3650 3574 non
3683 3533 3787 3575 one-

2253 3611 2372 3668 ret,
2395 3618 2568 3673 neque
2591 3603 2640 3656 in
2675 3613 2876 3658 naturae
2899 3605 3144 3674 pudenda
3171 3608 3192 3638 ⁶
3212 3647 3230 3674 ,
3253 3609 3348 3664 sed
3371 3621 3664 3666 ornamenta
3683 3625 3786 3666 eon-

2252 3701 2450 3758 vertat,
2502 3709 2622 3748 cum
2675 3694 2952 3751 libidinum
3000 3697 3340 3756 volutabrum
3387 3711 3714 3758 commutatur
3745 3701 3786 3757 in

2253 3785 2346 3840 Dei
2399 3786 2684 3855 templum,
2743 3787 3202 3862 diversoriumque
3251 3795 3496 3850 vitiorum
3539 3796 3786 3850 sacrarium

2253 3879 2436 3949 incipit
2473 3895 2592 3936 esse
2635 3881 2911 3936 virtutum.
2939 3882 3092 3949 Quod
3133 3885 3320 3957 utique
3345 3897 3467 3943 tunc
3495 3885 3664 3950 facit',
3689 3902 3786 3942 eum

2253 3984 2380 4026 caro
2417 3971 2470 4026 in
2513 3981 2756 4028 naturam
2797 3989 3040 4045 regressa
3071 3975 3273 4047 vigoris
3300 3978 3384 4034 sui
3411 3979 3638 4050 agnoscit
3665 3978 3790 4032 altri-

2250 4075 2368 4116 cem
2390 4103 2404 4126 ,
2447 4071 2608 4132 atque
2630 4077 2765 4118 ausu
2789 4063 3038 4134 deposito
3083 4069 3469 4138 contumaciae,
3505 4067 3790 4125 moderantis

2248 4152 2440 4207 animm.
2468 4153 2490 4186 ⁸
2525 4153 2838 4226 conjugatur
2863 4156 3124 4212 arbitrio:
3152 4160 3327 4229 qualis
3357 4161 3450 4216 fuit
3473 4176 3586 4216 cum
3613 4159 3788 4216 inhabi-

2249 4243 2406 4298 tanda
2449 4245 2674 4314 paradisi
2719 4257 2926 4302 secreta
2973 4251 3242 4320 suscepit,
3289 4261 3570 4323 antequam
3613 4263 3788 4306 veneno

2249 4335 2482 4404 pestiferi
2506 4338 2774 4406 serpentis
2809 4337 3003 4394 infecta
3041 4342 3356 4413 sacrilegam
3397 4343 3583 4398 famem
3621 4343 3784 4406 sciret,

2247 4425 2649 4498 divinorumque
2677 4430 2988 4486 memoriam
3013 4445 3405 4504 praceptorum
3441 4437 3624 4490 anima:
3647 4432 3788 4488 sensi-

2244 4599 2525 4668 cessitatent,
2549 4609 2721 4668 contra
2731 4606 2849 4668 qua!
2871 4606 2968 4658 nisi
2985 4615 3152 4661 contra
3171 4610 3353 4662 malum
3369 4611 3396 4664 γ
3415 4625 3506 4664 non
3519 4609 3788 4664 substantiam

2243 4675 2364 4724 esse,
2386 4665 2472 4715 sed
2493 4665 2767 4718 substantia:
2787 4668 2968 4720 vitium.

2243 4726 2341 4835 ne:
2361 4735 2460 4776 Am.
2485 4734 2562 4776 Er.
2585 4735 2638 4778 et
2671 4738 2794 4792 Mss,
2819 4737 2920 4782 tres
2955 4731 3188 4786 adversus
3233 4735 3350 4796 duo,
3387 4741 3433 4786 et
3463 4735 3558 4786 duo
3589 4733 3788 4783 adversm

2265 4799 2358 4836 res.

2250 4847 2552 4926 {$511939
2575 4847 2626 4926 ἐξ
2647 4857 2870 4926 satyram
2903 4855 3112 4926 verterit.
3155 4863 3207 4907 El
3229 4857 3372 4920 paulo
3547 4855 3719 4926 terms;
3747 4865 3788 4926 se

2241 4913 2291 4958 in
2313 4915 2552 4978 naturam.
2579 4917 2631 4962 Et
2673 4914 2809 4974 infra,
2847 4913 2900 4965 in
2937 4924 3162 4968 naturam
3179 4913 3244 4970 δέ
3267 4913 3476 4970 verterit.
3510 4913 3674 4978 Quibus
3695 4917 3790 4964 locis

2243 4970 3262 5054 particulam,“sedemus?mus‘auctoritate
3285 4970 3710 5054 mamiscriptorum:

2306 5033 2724 5108 {antiquissimus
2753 5037 2908 5087 codex
2931 5037 3242 5093 Floriacensis
3277 5050 3332 5092 et
3359 5041 3438 5092 alii
3460 5033 3642 5106 quidam
3669 5045 3787 5096 MSS-0

2239 5095 2432 5170 Domini
2447 5095 2695 5170 sagmaria.
3449 5163 3460 5170 _
3477 5095 3493 5106 ⁸
3599 5160 3608 5170 _
3687 5158 3696 5170 _

2273 5155 2324 5226 ..’⁹
2357 5162 2456 5203 λίη·
2504 5164 2577 5226 ἓν·
2626 5166 2680 5226 ει
2721 5171 2874 5222 Prope
2915 5173 3088 5212 omnes
3129 5171 3238 5216 Mss.
3277 5179 3291 5216 :
3329 5163 3510 5216 Etenim
3543 5158 3786 5213 miseriam

2238 5215 2370 5266 cibus
2391 5217 2558 5266 mentis
2577 5225 2663 5268 est.

2299 5279 2321 5312 ι
2355 5283 2494 5339 Lov.,
2532 5279 2892 5344 prwctamqne.
2934 5291 2988 5336 At
3025 5293 3126 5336 Am.
3173 5293 3246 5336 Er.
3289 5297 3342 5338 et
3379 5295 3503 5346 nus.
3551 5283 3784 5348 νωτιαῖα·

2237 5351 2664 5472 Ψέξιθιρτὶεοειιείε
2683 5404 2838 5454 codex
2859 5417 2888 5456 a
2924 5409 3138 5460 secunda
3171 5423 3336 5472 manu,
3357 5423 3446 5462 nec
3478 5421 3528 5460 sc
3547 5407 3596 5458 in
3621 5387 3784 5456 maturi

2235 5463 2664 5596 wgeﬁggiacensis
2684 5525 2840 5576 codex
2863 5537 3124 5596 correctus,
3147 5531 3218 5596 ﬁt.

2297 5586 2320 5658 ξ
2353 5595 2550 5658 Μηκει
2574 5587 2754 5658 γιιυςθε
2799 5596 2908 5658 _MSS-
2929 5589 2966 5650 ,’
2995 5585 3329 5658 ιηοιιὲιίιιῑὶοῆε
3362 5592 3563 5658 animm.
3613 5585 3778 5658 Quid?!)

2233 5646 2342 5707 alii,
2367 5646 2706 5722 moderatimis
2727 5646 2940 5722 animari
2954 5660 3028 5702 Er.
3043 5687 3058 5716 ,
3080 5655 3396 5722 moderatoris
3417 5653 3600 5722 animat:
3631 5646 3776 5699 l‘osm

2237 5709 2453 5761 nonnulli
2475 5714 2778 5775 manuscripti
2805 5727 2918 5764 cum
2951 5709 3072 5779 Αωί,
3097 5717 3412 5779 οοιζίιιιιᾳαεαν
3433 5714 3640 5766 arbitrio.
