3984 6480
174 318 257 376 αι
1475 314 1675 370 LIBER
1717 316 2088 378 SECUNDUS.

181 455 261 510 bus
296 449 657 504 inhaerentem
708 449 981 506 edacitatis
1027 448 1206 504 studio
1245 450 1560 520 prccterirct.
1611 451 1745 506 llinc

181 551 432 613 peccatum
461 555 715 594 manasse
740 541 994 609 proditur,
1021 548 1270 608 tanquam
1295 554 1520 610 corpore
1545 541 1746 594 anima-

178 646 266 702 que
288 629 641 702 genitoribus,
673 631 800 684 dum
822 629 1060 698 corporis
1085 637 1269 683 natura
1298 639 1546 693 tentatur,
1571 633 1743 684 anima

179 722 298 777 male
322 723 500 775 satiar‘
530 724 874 791 cornpatitur.
905 721 1033 788 Quae
1053 721 1097 774 si
1121 723 1476 790 appetentiam
1505 723 1746 792 corporis

177 813 506 875 reirenasset,
535 812 588 865 in
613 811 731 881 ipso
753 821 871 866 ortu
893 820 1033 866 esset
1052 813 1311 866 exstincta
1338 813 1488 882 origo
1513 815 1744 881 peccati;

177 920 314 976 quam
339 904 488 958 velut
514 903 683 958 virilis
708 906 729 935 ³
758 903 979 958 infusam
1001 903 1242 972 corporis
1270 912 1413 957 motu
1440 905 1576 959 male
1597 905 1702 958 fcta
1725 904 1746 937 ³

176 1001 357 1064 anima,
393 996 555 1050 etiam
587 999 670 1050 sui
701 996 878 1065 vigore
905 1004 1172 1064 corrupto,
1203 995 1390 1050 alienis
1418 997 1593 1066 gravis
1615 1011 1746 1052 one-

175 1089 304 1143 rﬂms
332 1087 616 1156 parturivit
645 1106 663 1138 s
713 1084 807 1157 (In
847 1085 1067 1150 Lucam,
1104 1086 1189 1140 lib.
1228 1086 1280 1151 7,
1311 1104 1398 1140 nn.
1435 1088 1528 1142 Ml
1551 1128 1564 1152 ,
1595 1087 1744 1159 1η).

236 1178 318 1231 11.
352 1176 452 1230 llic
471 1185 619 1230 certe
641 1177 970 1246 apertissime
991 1185 1148 1247 atque
1169 1178 1508 1234 satiatissime
1528 1180 1618 1234 ille
1641 1191 1744 1234 tam

177 1266 492 1322 excellenter
521 1266 594 1320 tui
623 1265 860 1322 doctoris
900 1282 992 1321 ore
1025 1266 1268 1324 laudatus
1303 1267 1492 1324 doctor
1516 1270 1746 1325 Ambro-

175 1358 270 1411 sius
294 1356 608 1422 declaravit,
640 1367 694 1411 et
717 1357 843 1428 quid
869 1366 1043 1424 esset,
1071 1367 1128 1413 et
1150 1358 1293 1415 unde
1319 1368 1462 1415 esset
1489 1360 1745 1430 originale

176 1456 460 1517 peccatum,
489 1457 546 1502 et
571 1447 710 1504 unde
735 1449 1013 1518 contigerit
1039 1449 1122 1503 illa
1152 1451 1320 1518 prima
1345 1449 1603 1516 confusio,
1628 1467 1746 1521 qua:

177 1537 524 1593 inobedieutia
549 1541 728 1594 carnis
754 1539 850 1594 fuit
877 1539 1237 1595 dissentientis
1266 1541 1334 1595 ab
1358 1543 1556 1610 anima,
1587 1557 1744 1612 quam

173 1628 481 1683 discordiam
513 1639 666 1684 sanat
703 1629 796 1686 Dei
826 1631 991 1700 gratia
1017 1645 1113 1701 per
1134 1631 1315 1687 Jesum
1343 1632 1612 1688 Christum
1644 1635 1748 1688 Do-

175 1719 358 1772 minum
391 1730 658 1773 nostrum.
685 1719 846 1776 Vides
869 1721 1006 1776 unde
1033 1738 1157 1776 caro
1182 1723 1523 1794 concupiscat
1550 1724 1744 1780 adver-

175 1823 254 1864 sus
284 1809 534 1878 spiritum
555 1850 572 1874 ,
614 1809 766 1866 vides
807 1811 949 1868 unde
984 1813 1056 1868 sit
1099 1812 1183 1868 lex
1213 1813 1265 1868 in
1296 1814 1552 1870 membris
1588 1831 1747 1886 repu-

171 1914 324 1970 gnatis
339 1901 448 1970 legi
477 1901 693 1956 mentis.
733 1901 894 1958 Vides
925 1905 1150 1960 vertisse
1175 1904 1230 1958 in
1261 1915 1523 1971 naturam,
1551 1908 1743 1962 anima:

169 1991 439 2061 carnisque
466 1990 822 2059 discordiam,
864 2001 918 2049 et
966 2009 1061 2064 per
1098 1993 1195 2050 has
1242 1995 1547 2052 inimicitias
1590 1997 1744 2054 nobis

172 2081 430 2137 abundare
457 2083 736 2150 miserias,
769 2099 873 2138 non
902 2085 1002 2140 nisi
1033 2085 1126 2141 Dei
1155 2087 1519 2143 misericordia
1549 2089 1743 2144 ﬁnien-

172 2171 272 2226 das.
296 2171 417 2226 Noli
438 2173 553 2240 jam
576 2174 706 2228 mihi
729 2174 1038 2233 adversari:
1071 2192 1193 2231 nam
1217 2177 1262 2232 si
1289 2177 1461 2234 adhuc
1485 2179 1635 2245 facis,
1657 2181 1744 2236 cui

171 2263 241 2317 rei
265 2264 458 2330 quibus
485 2265 648 2320 simul
688 2264 1021 2334 adverscris,
1052 2267 1303 2324 advertis.
1338 2287 1358 2322 ι
1387 2270 1471 2326 Me
1497 2289 1519 2324 ι
1551 2287 1744 2342 nempe

174 2370 192 2405 ι
215 2351 387 2409 dixisti
419 2355 558 2410 nihil
587 2356 758 2427 magis
790 2357 1068 2426 laborare,
1099 2375 1257 2431 quam
1299 2368 1359 2416 ut
1396 2375 1504 2417 non
1545 2363 1741 2418 intelli-

164 2462 271 2517 gar.
298 2467 319 2502 ι
356 2450 427 2504 Et
463 2449 518 2504 in
549 2449 864 2521 quibusdam
908 2451 1039 2507 locis
1079 2467 1268 2510 sensus
1304 2471 1455 2511 meos
1493 2456 1558 2511 ad
1594 2464 1741 2511 tuum

163 2540 328 2606 potius
383 2541 758 2610 interpretaris
797 2543 1102 2610 arbitrium,
1141 2545 1366 2601 abutens
1405 2547 1741 2602 tardiusculis

163 2630 408 2687 cordibus
433 2633 710 2688 hominum
732 2675 748 2702 ,
779 2635 869 2705 qui
897 2643 946 2688 te
975 2649 1080 2690 non
1111 2636 1407 2706 intelligunt
1439 2647 1614 2693 tacere
1640 2653 1736 2708 po.

161 2721 262 2776 tius
281 2723 540 2788 noluisse,
565 2739 724 2793 quam
747 2725 1068 2794 respondere
1091 2726 1323 2795 potuisse
1344 2727 1433 2780 uni
1456 2742 1594 2794 meo,
1619 2743 1741 2796 qua-

159 2825 277 2870 tuor
292 2816 650 2872 voluminibus
672 2817 796 2872 tuis.
826 2818 961 2873 Ecce
979 2815 1150 2872 fundit
1174 2818 1488 2888 eloquentia:
1505 2819 1736 2874 lucidum

163 2919 227 2960 ac
251 2907 582 2975 perspicuum
627 2905 829 2962 ﬂumen
873 2907 1223 2962 Ambrosius:
1256 2923 1360 2962 non
1398 2918 1480 2964 est
1508 2909 1595 2964 ubi
1624 2910 1736 2964 ha:-

169 3006 288 3052 reat
310 2998 497 3056 lector.
526 2997 603 3053 ubi
637 2999 833 3070 caliget
875 3000 1106 3055 auditor.
1145 2999 1575 3068 Manifestissime
1611 3003 1739 3059 dicit

168 3087 476 3158 Apostolum
504 3087 618 3143 ideo
643 3089 874 3156 dixisse,
901 3088 1027 3157 Quis
1065 3107 1146 3145 me
1174 3090 1398 3146 liberabit
1424 3091 1488 3146 de
1529 3109 1738 3164 corpore

165 3178 335 3232 mortis
356 3177 550 3249 hujus?
575 3179 699 3251 quia
739 3194 926 3234 omnes
969 3181 1070 3236 sub
1112 3190 1328 3251 peccato
1367 3183 1654 3251 nascimur,
1684 3191 1740 3240 et

164 3269 267 3340 ipse
285 3278 436 3325 ortus
465 3269 520 3324 in
546 3271 677 3326 vitio
701 3281 804 3326 est.
831 3271 1254 3328 Manifestissime
1277 3273 1424 3342 dicit,
1455 3275 1735 3334 Dominum

162 3355 418 3417 atristum
447 3369 731 3430 propterea
778 3360 941 3418 fuisse
980 3361 1097 3417 sine
1126 3371 1377 3432 peccato,
1405 3365 1547 3434 quod
1578 3376 1736 3422 natus

156 3462 221 3504 ex
245 3435 448 3522 ﬁgiue
484 3451 714 3507 vinculis
753 3451 997 3508 obnoxia:
1033 3454 1394 3524 generationis
1427 3465 1736 3528 natumque

163 3539 447 3595 communis
477 3540 700 3596 minime
733 3549 1024 3610 teneretur,
1065 3551 1120 3598 et
1151 3543 1434 3600 damnasse
1458 3555 1734 3616 peccatum

162 3630 288 3699 quod
319 3631 593 3686 nascendo
631 3646 738 3686 non
782 3633 970 3688 sensit.
1002 3633 1350 3702 Apertissimc
1389 3635 1546 3703 dicit,
1592 3638 1734 3707 quod

160 3721 412 3778 dissensio
435 3724 613 3778 carnis
638 3730 696 3779 et
723 3725 912 3778 anima:
941 3740 1036 3794 per
1062 3727 1549 3796 prinvaricationem
1575 3730 1734 3800 primi

160 3809 379 3866 hominis
407 3812 463 3866 in
504 3822 747 3867 naturam
775 3815 1010 3869 verterit.
1034 3816 1378 3885 Apertissime
1405 3818 1568 3886 dicit,
1616 3836 1736 3876 car-

159 3917 272 3957 nem
311 3903 590 3958 libidinum
623 3906 956 3961 volutabrum
987 3907 1446 3981 diversoriumque
1485 3911 1732 3970 vitiorum

161 4003 277 4050 tunc
297 3995 321 4025 ³
346 3997 540 4052 mutari
566 3997 618 4051 in
641 3995 736 4051 Dei
762 4000 1015 4069 templum
1036 4002 1434 4073 sacrariumque
1455 4004 1730 4076 virtutum,

159 4099 274 4141 sum
296 4089 350 4141 in
372 4097 616 4143 naturam
635 4103 880 4159 regressa
900 4090 1094 4160 vigoris
1112 4093 1192 4146 sui
1211 4094 1450 4164 agnoscit
1469 4095 1729 4166 altricem,

161 4185 309 4246 atque
333 4193 465 4232 ausu
491 4177 734 4248 deposito
775 4182 1148 4248 contumaciae,
1182 4184 1507 4241 moderantis
1540 4189 1732 4244 animae

162 4269 465 4338 coniugator
495 4269 754 4324 arbitrio:
785 4271 958 4340 qualis
985 4271 1080 4326 fuit
1105 4289 1225 4328 cum
1267 4275 1606 4334 inhabitanda
1634 4292 1729 4350 pa-

162 4355 311 4411 radisi
336 4368 545 4414 secreta
574 4361 828 4429 suscepit,
852 4369 1134 4432 antequam
1164 4372 1309 4420 esset
1335 4381 1543 4422 veneno
1569 4371 1734 4438 pesti-

165 4444 253 4500 fcri
275 4449 538 4518 serpentis
573 4448 786 4505 infecta.
817 4450 954 4519 Quid
986 4451 1161 4508 adhuc
1187 4455 1445 4512 adversus
1485 4473 1571 4514 me
1597 4476 1731 4530 quos

166 4535 317 4592 libros
341 4539 577 4594 moliaris
605 4540 648 4604 ',
673 4541 926 4612 inquiris?
954 4544 1100 4598 Illum
1139 4546 1318 4614 aspice
1338 4589 1352 4613 ,
1388 4549 1642 4605 adversus
1671 4553 1733 4606 il-

168 4623 268 4681 lum
292 4629 488 4700 aliquid
527 4632 697 4698 aude,
728 4635 816 4703 qui
857 4633 1076 4690 haeresis
1104 4647 1294 4702 vestra:
1328 4640 1545 4693 venenis
1573 4651 1727 4697 ante-

169 4731 311 4787 quam
340 4734 708 4789 nascerentur,
731 4725 980 4789 occurrit,
1013 4736 1068 4781 et
1089 4727 1230 4782 unde
1259 4738 1472 4798 possent
1499 4732 1690 4801 expelli
1712 4773 1728 4800 ,

172 4806 273 4865 hac
291 4813 523 4868 antidota
553 4816 894 4885 praeparavit.
922 4815 1054 4883 Quae
1083 4817 1130 4873 si
1156 4819 1286 4874 Satis
1312 4835 1418 4874 non
1443 4830 1600 4888 sunt,
1629 4823 1730 4878 ad-

175 4897 262 4954 huc
281 4901 420 4958 audi.

234 4992 316 5047 12.
345 4993 400 5050 In
431 4995 570 5052 libro
593 4995 661 5052 de
680 4995 826 5051 Isaac
849 5007 902 5052 et
927 4998 1114 5054 Anima
1143 4999 1282 5057 idem
1308 5002 1472 5062 dicit:
1504 5024 1526 5060 ι
1553 5005 1732 5064 Bonus

172 5094 286 5153 ergo
308 5095 478 5142 rector
509 5087 681 5142 malos
701 5104 868 5158 equos
897 5092 1164 5162 restringit
1205 5101 1258 5148 et
1287 5106 1530 5165 revocat,
1561 5098 1734 5155 bonos

173 5169 356 5230 incitat.
384 5177 513 5232 Boni
534 5193 659 5248 equi
680 5186 808 5233 sunt
827 5190 1073 5251 quatuor,
1105 5183 1406 5256 prudentia,
1432 5198 1734 5261 temperan-

228 5354 552 5432 ξ,
569 5364 806 5432 sanati“
840 5359 1034 5432 optimm
1072 5362 1379 5432 notzecodex
1403 5363 1733 5430 Floriacensis,

170 5412 284 5491 Iulle
292 5412 450 5491 sanie;
476 5419 531 5491 id
663 5426 852 5491 natum;
873 5412 1024 5483 ipsius
1043 5424 1273 5486 corporis.

224 5476 244 5540 ξ
265 5479 334 5527 sic
362 5476 462 5528 uss.
482 5487 539 5529 M
559 5480 696 5540 editi,
719 5479 862 5532 iii-ili.

227 5536 246 5604 ξ
273 5548 443 5604 mines
464 5541 572 5591 fere
597 5536 724 5599 λιες,
746 5543 1029 5604 madefacta.

223 5595 240 5661 ξ
273 5600 401 5659 Editi,
425 5601 508 5651 ita.
533 5610 588 5650 At
607 5595 735 5661 Lissi,
760 5610 886 5652 banc.

188 5659 345 5730 S‘a‘ic
365 5669 468 5713 Mss.
498 5664 624 5712 aliti
659 5659 809 5724 vero,
846 5667 971 5728 quod
1004 5666 1233 5720 mlt‘ersus
1274 5684 1399 5721 msoa
1442 5671 1586 5724 libros
1632 5688 1733 5726 ma-

968 5810 983 5826 ,
1109 5763 1185 5822 #-

351 5806 575 5868 Saacr.
612 5812 894 5870 Accusr.
933 5810 1014 5873 Χ.

3324 334 3432 396 68!

1855 431 1957 497 tia,
1984 432 2259 501 fortitudo,
2291 433 2492 504 Iustitia
2518 454 2531 490 :
2561 437 2681 494 mali
2710 441 2868 512 equi,
2898 443 3198 515 iracundia,
3225 462 3430 507 concu-

1853 519 2140 590 piscentia,
2182 524 2357 592 timor,
2395 525 2641 596 iniquitas
2672 549 2690 581 ι
2727 529 2877 604 (ϐιῳ.
2909 532 2991 606 8).
3020 534 3284 608 Numquid
3323 544 3434 609 ait,

1857 610 2034 666 Bonus
2065 623 2240 668 rector
2276 615 2444 672 bonos
2470 633 2635 689 equos
2666 620 2858 691 habet,
2903 626 3069 682 malos
3107 645 3210 684 non
3240 630 3436 688 habet?

1853 701 1958 758 Sed
1981 705 2070 769 ait,
2111 723 2129 757 ι
2159 707 2334 761 Bonos
2357 709 2554 773 incitat,
2588 712 2756 768 malos
2777 717 3046 790 restringit
3065 730 3119 775 et
3143 733 3377 778 revocat.
3411 743 3430 776 ο

1855 791 2008 848 Unde
2040 796 2124 850 isti
2154 808 2276 852 sunt
2317 799 2480 869 equi?
2505 799 2706 872 Nempe
2735 805 2778 859 si
2823 821 2917 861 eos
2953 809 3277 868 substantias
3305 814 3438 869 dici-

1853 900 1974 940 mus
1999 887 2083 942 vel
2124 900 2367 958 putamus
2386 933 2402 960 ,
2443 892 2852 952 Manichicorum
2883 898 3118 958 favemus
3147 905 3231 960 vel
3261 905 3435 962 haere-

1855 991 1973 1031 mus
2003 977 2264 1034 insaniae:
2309 981 2449 1051 quod
2478 992 2534 1038 ut
2568 983 2707 1040 absit
2735 1002 2763 1040 a
2805 988 2986 1057 nobis,
3019 993 3277 1051 catholice
3304 995 3438 1053 istas

1853 1078 2018 1136 equos
2046 1070 2386 1139 intelligimus
2417 1073 2545 1128 vitia
2580 1084 2761 1132 nostra
2793 1079 2832 1144 ί,
2876 1095 2993 1150 quae
3021 1082 3121 1152 legi
3147 1088 3339 1144 mentis
3370 1103 3439 1143 ex

1852 1153 1970 1227 lege
1993 1161 2196 1230 peccati
2223 1162 2497 1218 resistunt.
2524 1164 2638 1220 Non
2661 1181 2692 1222 a
2713 1169 2864 1224 uobis
2888 1171 3001 1228 haec
3018 1173 3145 1230 vitia
3168 1190 3434 1246 separata.

1852 1246 2046 1302 alicubi
2097 1251 2221 1305 alibi
2262 1263 2457 1318 erunt,
2505 1255 2599 1310 sed
2643 1256 2697 1311 in
2743 1259 2898 1314 nobis
2937 1272 3122 1319 sanata
3173 1282 3438 1340 nusquam

1851 1349 2026 1394 erunt.
2063 1341 2437 1399 Verumtamen
2477 1361 2642 1416 quare
2681 1363 2787 1403 non
2820 1351 2871 1404 in
2913 1353 3233 1422 Baptismate
3258 1363 3438 1430 perie-

1852 1429 2015 1484 runt?
2043 1432 2125 1486 Au
2154 1434 2388 1489 nondum
2419 1434 2700 1507 fateberis,
2723 1440 2862 1510 quod
2889 1452 3067 1500 reatus
3090 1429 3276 1504 eorum
3307 1465 3436 1521 per-

1857 1518 2011 1586 ierit,
2043 1521 2322 1579 inﬁrmitas
2390 1529 2687 1583 manserit:
2720 1545 2825 1586 non
2852 1544 3031 1590 reatus
3073 1552 3181 1608 quo
3206 1518 3324 1609 ipsa
3345 1557 3435 1598 rea

1852 1609 2081 1680 fuerant,
2109 1613 2203 1669 sed
2224 1629 2333 1685 quo
2360 1631 2459 1672 nos
2487 1633 2608 1673 reos
2636 1619 2872 1678 fecerant
2900 1624 2952 1678 in
2983 1627 3136 1682 malis
3161 1631 3432 1701 operibus,

1851 1714 1960 1770 quo
1983 1717 2082 1756 nos
2107 1707 2419 1761 traxerant?
2447 1707 2558 1764 Nec
2585 1710 2656 1765 ita
2685 1726 2868 1768 eorum
2898 1717 3092 1772 mansit
3119 1721 3432 1789 inﬁrmitas,

1850 1791 2002 1859 quasi
2040 1792 2216 1863 aliqua
2243 1795 2350 1850 sint
2375 1797 2623 1854 animalia
2653 1816 2772 1872 qua:
2809 1804 3183 1866 infirmantur:
3218 1812 3310 1868 sed
3339 1828 3437 1868 uo-

1850 1891 1958 1936 stra
1993 1883 2272 1941 infirmitas
2313 1888 2425 1958 ipsa
2455 1899 2598 1946 sunt.
2629 1893 2738 1949 Nec
2766 1894 2820 1950 in
2857 1896 2942 1953 his
2970 1901 3121 1972 cquis
3151 1903 3305 1959 malis
3335 1905 3436 1961 iui-

1852 1975 2108 2044 quitatem
2137 1979 2440 2037 nominasse
2468 1984 2734 2053 putandus
2758 1999 2840 2043 est
2869 1989 3042 2061 illam,
3078 2010 3197 2064 qua:
3224 1995 3436 2054 deletur

1849 2067 1902 2158 in
1930 2068 2241 2140 Baptismo:
2273 2073 2362 2128 illa
2399 2089 2628 2147 namque
2658 2089 2996 2148 peccatorum
3028 2099 3148 2156 quae
3175 2087 3430 2158 fecimus,

1847 2155 1964 2224 fuit,
1996 2175 2115 2230 quae
2140 2172 2330 2218 cuncta
2361 2167 2586 2222 remissa
2607 2177 2751 2236 sunt,
2774 2179 2934 2243 atque
2955 2176 3172 2231 omnino
3191 2177 3300 2248 jam
3326 2155 3431 2236 non

1847 2257 1991 2316 sunt,
2019 2267 2246 2321 quorum
2278 2265 2457 2312 reatus
2478 2259 2725 2316 manebat
2750 2263 2963 2332 quando
2988 2266 3099 2337 ipsa
3129 2269 3326 2326 fiebant
3352 2282 3434 2328 at-

1846 2353 1949 2408 que
1973 2343 2285 2399 transibant.
2315 2344 2474 2412 Istam
2506 2364 2636 2405 vero
2673 2351 2840 2422 legem
2870 2357 3095 2425 peccati,
3123 2360 3278 2429 cujus
3318 2377 3434 2417 ma-

1845 2430 2022 2485 nentis
2048 2442 2227 2488 reatus
2257 2437 2308 2489 in
2345 2450 2500 2492 sacro
2527 2439 2674 2495 fonte
2702 2443 2957 2500 remissus
2995 2457 3107 2511 est,
3149 2461 3428 2520 propterea

1843 2523 2054 2576 vocavit
2079 2523 2408 2594 iniquitatem
2427 2567 2444 2595 ,
2474 2531 2600 2600 quia
2624 2531 2862 2602 iniquum
2891 2546 2974 2591 est
3002 2547 3056 2592 ut
3079 2553 3206 2596 caro
3229 2556 3430 2599 concu-

1844 2609 2013 2680 piscat
2051 2613 2310 2671 adversus
2354 2617 2644 2687 spiritum:
2676 2625 2919 2692 quamvis
2961 2626 3100 2682 adsit
3146 2630 3197 2684 in
3247 2643 3431 2690 nostra

1843 2703 2186 2760 renovatione
2206 2705 2444 2775 justitia;
2473 2711 2597 2779 quia
2617 2711 2820 2781 justum
2843 2725 2924 2770 est
2951 2727 3007 2771 ut
3031 2719 3286 2778 adversus
3313 2739 3432 2780 caro

1843 2806 1965 2846 nem
2006 2794 2223 2861 spiritus
2251 2799 2622 2868 concupiscat,
2668 2812 2726 2858 ut
2763 2805 2951 2875 spiritu
2979 2809 3310 2869 ambulemus
3331 2856 3346 2879 ,
3375 2825 3432 2872 et

1843 2881 2298 2952 concupiscentias
2327 2889 2504 2944 carnis
2531 2906 2637 2946 nou
2665 2895 3026 2964 perﬁciamus.
3056 2899 3206 2956 lianc
3233 2905 3429 2976 quippe

1842 2971 2099 3041 justitiam
2145 2986 2382 3034 nostram
2415 2981 2556 3038 inter
2579 2983 2750 3042 bonos
2789 3002 2955 3059 equos
2996 2971 3296 3051 invenimus
3328 2971 3429 3052 uo-

1842 3064 2119 3120 miuatam.

1916 3158 2002 3252 is.
2038 3159 2176 3252 Audi
2203 3161 2377 3252 adhuc
2403 3165 2528 3236 quid
2569 3167 2714 3224 dicat
2753 3169 2808 3225 in
2849 3171 2989 3230 libro
3017 3190 3176 3246 quem
3215 3179 3430 3252 scripsit

1842 3243 1912 3302 de
1934 3248 2204 3340 iParadiso
2238 3251 2433 3326 (Capp.
2467 3257 2528 3311 11
2560 3267 2606 3311 et
2636 3257 2758 3329 l2).
2792 3278 2813 3312 ι
2841 3243 3090 3320 Fortasse
3112 3305 3128 3332 ,
3159 3283 3179 3320 ι
3224 3243 3426 3340 inquit,

1848 3339 2016 3435 iideo
2055 3341 2188 3396 dixit
2215 3343 2445 3414 Paulus,
2481 3346 2608 3415 ριιω
2631 3365 2732 3404 non
2754 3351 2867 3406 licet
2892 3353 3085 3410 homini
3127 3339 3311 3430 ιοφιεέ
3343 3360 3430 3435 (ll

1843 3427 1960 3520 Cor.
1993 3447 2092 3499 xu,
2123 3433 2202 3504 4),
2227 3453 2250 3486 ι
2283 3437 2406 3506 quia
2435 3449 2550 3493 erat
2565 3440 2803 3497 adhucin
2821 3458 3048 3517 corpore
3075 3427 3423 3520 constitutus,

1843 3518 1944 3575 hoc
1969 3530 2072 3586 est,
2104 3523 2318 3580 videbat
2340 3527 2492 3583 istius
2519 3533 2762 3601 corporis
2784 3537 3079 3606 passiones,
3108 3540 3321 3598 videbat
3343 3518 3427 3601 le-

1840 3626 1957 3683 gem
1983 3614 2158 3668 carnis
2182 3630 2292 3672 sua:
2316 3631 2698 3690 repugnantem
2721 3624 2821 3696 legi
2847 3629 3036 3685 mentis
3061 3645 3190 3686 sum.
3219 3650 3240 3686 ι
3269 3632 3429 3690 Item-

1840 3718 1944 3774 que
1970 3704 2022 3758 in
2048 3705 2236 3762 eodem
2263 3725 2276 3762 :
2309 3726 2328 3760 ε
2357 3707 2487 3764 Cum
2514 3711 2673 3779 dicit,
2703 3733 2726 3769 ι
2757 3715 2963 3788 inquit,
2997 3737 3018 3772 σ
3045 3722 3426 3792 sapientiorem

1839 3807 2164 3868 serpentem,
2195 3800 2448 3873 intelligis
2475 3821 2635 3875 quem
2659 3808 2921 3880 loquatur,
2949 3812 2998 3867 id
3026 3823 3129 3882 est,
3159 3815 3305 3872 illum
3332 3820 3429 3874 ad-

1839 3889 2134 3944 versarium
2164 3901 2436 3962 nostrum,
2465 3897 2553 3964 qui
2586 3904 2761 3952 tamen
2793 3899 2955 3957 habet
2981 3905 3293 3974 sapientiam
3322 3908 3426 3965 liii-

1835 3975 1924 4048 jus
1947 3980 2151 4035 mundi.
2179 3981 2282 4038 Sed
2312 3992 2366 4038 et
2395 3985 2640 4056 voluptas
2668 3998 2829 4061 atque
2857 3992 3141 4051 delectatio
3168 3997 3306 4056 bene
3333 3989 3448 4056 sa?

1838 4069 1990 4162 piens
2023 4072 2254 4162 dicitur;
2303 4075 2425 4146 quia
2469 4087 2524 4133 et
2561 4082 2736 4136 carnis
2779 4086 3081 4156 appellatur
3117 4092 3376 4162 sapientia
3407 4112 3424 4151 :

1837 4160 1978 4216 sicut
2015 4161 2213 4232 habes,
2259 4166 2393 4232 Quia
2419 4170 2668 4238 sapientia
2709 4174 2862 4246 hujus
2899 4179 3068 4233 carnis
3111 4160 3315 4238 inimica
3355 4197 3427 4241 est

1836 4248 1947 4306 Deo
1969 4269 1988 4304 ι
2016 4253 2190 4326 (Rom.
2223 4271 2336 4324 vin,
2366 4258 2440 4328 7).
2465 4276 2486 4311 ς
2509 4261 2653 4316 Etad
2671 4265 2997 4334 exquirenda
3009 4268 3423 4332 delectatiouum

1835 4355 2032 4413 genera
2065 4347 2228 4401 astuti
2273 4359 2426 4416 sunt,
2458 4352 2547 4421 qui
2574 4364 2886 4423 appetentes
2918 4370 3041 4416 sunt
3070 4363 3422 4436 voluptatum.

1836 4433 1960 4491 Sive
1986 4452 2144 4508 ergo,
2177 4458 2196 4492 ι
2236 4440 2438 4512 inquit,
2477 4461 2495 4496 ι
2519 4444 2924 4505 delectationem
2957 4433 3242 4525 intelligas,
3273 4473 3424 4529 quae-

1835 4524 1958 4580 dam
1985 4535 2070 4582 est
2107 4527 2287 4583 divino
2316 4531 2538 4586 adversa
2567 4536 2848 4603 mandato,
2899 4548 2952 4594 ct
2995 4524 3206 4598 inimica
3250 4524 3424 4603 sensi-
3469 4599 3475 4611 ,

1836 4615 1936 4671 bus
1953 4618 2166 4672 nostris.
2177 4617 2330 4676 Unde
2343 4633 2560 4678 sanctus
2577 4625 2801 4681 Paulus'
2817 4629 2910 4697 ait,
2927 4629 3081 4686 Video
3097 4635 3249 4689 aliam
3267 4639 3424 4708 legem

1837 4706 1890 4762 in
1911 4710 2143 4764 membris
2170 4713 2310 4777 meis,
2327 4729 2689 4786 repugnantem
2705 4720 2805 4791 legi
2819 4724 3150 4791 mentismcar,
3177 4737 3226 4784 cl
3255 4706 3421 4800 capti—

1836 4808 2032 4852 cantem
2075 4817 2154 4855 me
2189 4801 2240 4855 in
2285 4803 2394 4873 lege
2439 4807 2630 4875 peccati
2665 4828 2684 4861 ι
2721 4808 2852 4879 (Id.
2883 4828 2988 4878 vit,
3019 4814 3089 4870 23
3113 4815 3153 4889 ).
3202 4820 3426 4888 Qualem

1837 4891 2161 4962 voluptatem
2191 4894 2331 4950 dicat
2353 4896 2453 4952 hoc
2473 4898 2591 4954 loco
2613 4900 2710 4954 iste
2737 4902 2940 4971 doctor,
2973 4907 3023 4962 in
3047 4923 3294 4983 promptu
3315 4926 3418 4984 est,

1838 4980 1960 5050 quia
1988 4990 2046 5035 ut
2069 4981 2507 5056 iutelligeremus,
2529 4989 2772 5046 adhibuit
2795 4995 3036 5064 Apostoli
3061 4980 3423 5064 testimonium

1839 5070 2100 5142 dicentis,
2151 5073 2308 5130 Video
2336 5077 2491 5133 aliam
2525 5081 2686 5152 legem
2725 5085 2777 5139 in
2807 5089 3041 5144 membris
3070 5093 3220 5161 meis,
3266 5113 3424 5166 repu-

1839 5175 2074 5235 gnantem
2113 5167 2212 5237 legi
2253 5168 2430 5223 mentis
2469 5187 2627 5240 mea,
2666 5183 2715 5229 et
2750 5178 3083 5245 captivantem
3121 5201 3200 5238 me
3233 5186 3287 5240 in
3315 5188 3424 5259 lege

1841 5258 2050 5326 peccati.
2084 5257 2207 5314 llrec
2234 5267 2317 5314 cst
2344 5261 2592 5334 voluptas
2632 5266 2718 5320 illa
2745 5279 2990 5340 suscepta
3031 5281 3149 5340 tua,
3175 5257 3420 5346 quamvis

1841 5354 1894 5401 et
1922 5355 1976 5400 tu
1999 5347 2358 5417 reprehendas
2375 5352 2490 5421 ejus
2510 5369 2811 5413 excessum.
2836 5358 2935 5415 Ubi
2953 5363 3128 5431 qualis
3147 5366 3238 5433 sit,
3263 5367 3420 5436 plane

1841 5434 2021 5491 fateris
2046 5455 2061 5492 :
2097 5439 2187 5493 sed
2231 5441 2393 5496 tantis
2420 5444 2701 5500 verborum
2732 5453 3060 5507 ornamentis
3087 5468 3205 5509 eam
3235 5434 3424 5512 mode-

1842 5537 2008 5581 ratam
2037 5529 2278 5586 defendis
2305 5543 2358 5586 et
2397 5534 2616 5604 laudas,
2664 5539 2816 5608 quasi
2861 5540 3020 5597 istum
3064 5545 3278 5602 modum
3317 5551 3422 5606 sibi

1908 5679 1928 5752 ξ
1961 5678 2151 5752 i-‘loriac.
2176 5689 2277 5752 .\ls._,
2302 5682 2415 5752 cilia
2435 5693 2596 5752 nostra
2609 5695 2715 5738 sunt
2737 5701 2863 5752 quat.

1909 5740 1928 5770 ³
1961 5749 2006 5789 In
2034 5740 2378 5809 manust-riuis,
2404 5750 2530 5797 unde
2550 5740 2847 5812 sanctus'ail,
2870 5755 3066 5819 omisso,
3090 5758 3284 5815 Paulus.

2454 5837 2484 5909 (’
2499 5833 2944 5915 l'ingt-deuar.)
