3984 6486
485 391 588 443 685

483 505 597 574 ipsa
639 501 1006 566 constituerit,
1048 508 1102 554 et
1126 513 1230 553 non
1263 498 1484 568 spiritus
1522 499 1609 568 qui
1653 497 1910 552 adversus
1950 495 2066 564 ejus

483 598 738 668 impetum
779 595 1119 664 concupiscit.
1159 593 1429 648 Adversus
1469 607 1625 662 quem
1662 592 1868 646 fortiter
1895 589 2071 646 stabat

483 690 592 752 ille,
622 689 710 758 qui
731 686 1012 750 clamabat,
1047 683 1203 738 Video
1223 684 1377 737 aliam
1400 683 1555 753 legem
1581 682 1633 735 in
1661 680 1896 734 membris
1917 679 2066 742 meis,

482 785 845 849 repugnantem
865 775 965 847 legi
985 777 1164 830 mentis
1185 789 1324 830 mete.
1351 773 1455 828 iste
1474 771 1816 842 repugnantis
1841 771 2069 838 impetus

481 870 525 922 si
567 863 794 934 laxetur,
827 868 880 920 in
910 881 1030 938 qua:
1058 865 1346 920 declinabit
1388 863 1696 918 immunda?
1730 862 1780 916 in
1815 877 1932 932 qutc
1963 875 2068 914 non

483 958 755 1028 pertrahct
771 968 826 1014 et
849 958 1202 1030 prmcipitabit
1221 957 1484 1028 abrupta?
1517 957 1710 1012 Verum
1741 969 1900 1016 nunc.
1925 952 2068 1024 quod

415 1075 424 1080 -
481 1050 660 1118 potius
681 1050 864 1117 instat,
895 1064 1022 1105 ecce
1051 1063 1160 1104 non
1187 1048 1481 1104 secundum
1515 1062 1609 1102 vos
1633 1048 1954 1117 quicumque
1979 1043 2072 1098 Ju-

480 1139 658 1208 (Ιίηιιε,
700 1139 796 1196 sed
825 1141 1118 1198 secundum
1157 1141 1368 1196 beatum
1398 1139 1736 1194 Ambrosium
1777 1137 1844 1194 de
1869 1153 1928 1193 se
1955 1137 2072 1206 ipso

481 1231 682 1286 Paulus
705 1232 979 1302 apostolus
1005 1231 1155 1298 dicit,
1193 1230 1350 1287 Video
1377 1233 1534 1286 aliam
1571 1229 1728 1302 legem
1757 1231 1808 1283 in
1835 1229 2072 1283 membris

483 1323 627 1386 meis,
655 1334 1020 1396 repugnantem
1047 1324 1146 1396 legi
1171 1323 1348 1378 mentis
1375 1339 1516 1386 mete,
1539 1331 1586 1376 et
1615 1323 1962 1392 captivantem
1993 1335 2072 1373 me

480 1416 534 1470 in
561 1416 667 1488 lege
697 1418 904 1488 peccati.
941 1417 1145 1472 Rursus
1171 1417 1222 1471 in
1250 1417 1438 1472 eodem
1468 1430 1630 1484 opere
1653 1415 1758 1470 alio
1783 1414 1901 1471 loco
1930 1413 2072 1470 idem

482 1507 672 1562 doctor
696 1526 708 1563 :
746 1527 764 1560 t
795 1509 1156 1579 ltnpugualur,
1181 1529 1200 1562 ι
1233 1509 1432 1579 inquit,
1467 1526 1487 1560 ε
1513 1507 1730 1572 Paulus,
1753 1516 1808 1562 et
1833 1506 1973 1562 videt
1997 1507 2073 1562 lc-

481 1616 602 1666 gem
645 1602 824 1656 carnis
867 1616 978 1656 suae
1031 1611 1415 1672 repugnantem
1463 1600 1566 1670 legi
1609 1600 1810 1664 {mentis
1845 1614 1989 1665 sute,
2019 1606 2075 1654 et

483 1692 841 1760 captivantem
883 1706 942 1746 se
985 1691 1035 1746 in
1067 1692 1184 1762 lege
1223 1691 1459 1761 peccati;
1511 1705 1610 1745 nec
1636 1690 1704 1745 de
1744 1689 2072 1745 conscientia

482 1797 577 1837 sua
616 1783 918 1853 prarsumit,
960 1782 1056 1839 sed
1087 1799 1182 1854 per
1208 1783 1405 1838 Christi
1433 1785 1660 1852 gratiam
1690 1779 1908 1836 conlidit
1948 1795 2007 1834 se
2041 1793 2072 1834 a

483 1874 673 1929 mortis
709 1889 935 1945 corpore
963 1875 1295 1930 liberandum
1327 1893 1342 1928 :
1369 1881 1426 1930 et
1453 1883 1505 1926 tu
1532 1887 1854 1943 quemquam
1879 1871 2072 1941 Opina-

481 1965 556 2020 ris
585 1966 841 2022 scientem
881 1981 990 2021 non
1021 1981 1179 2036 posse
1219 1967 1478 2035 peccare?
1523 1965 1720 2020 Paulus
1753 1964 1915 2030 dicit,
1950 1963 2072 2017 Non

482 2057 619 2110 enim
647 2057 782 2124 quod
809 2058 921 2112 volo
938 2058 1071 2129 {acia
1090 2057 1306 2123 bonum;
1331 2055 1568 2126 sedquod
1585 2055 1702 2110 nolo
1737 2053 1928 2108 malum
1947 2095 1962 2119 ,
1980 2054 2074 2107 hoc

481 2162 577 2217 ago
597 2166 615 2200 ι
648 2145 931 2215 (Renum,
951 2146 1064 2219 l9):
1096 2164 1116 2199 ι
1143 2157 1198 2204 et
1215 2157 1268 2202 tu
1293 2147 1570 2202 arbitraris
1588 2146 1786 2202 homini
1815 2145 2072 2215 prodesse

483 2238 782 2304 scientiam,
811 2253 932 2308 qua:
959 2238 1138 2294 delicti
1167 2247 1358 2309 augeat
1383 2238 1675 2294 invidiam?
1702 2256 1722 2289 ι
1753 2237 1992 2307 Itemque
2018 2238 2070 2292 in

483 2329 598 2397 ipso
625 2343 788 2397 opere
815 2328 954 2384 idem
989 2328 1104 2399 ipse
1141 2330 1423 2400 episcopus
1463 2329 1529 2384 ad
1571 2343 1757 2384 omnes
1798 2343 1896 2384 nos
1934 2329 2073 2383 rele-

482 2434 608 2474 rcus
633 2420 923 2488 elaquium,
949 2435 1271 2492 causamque
1291 2436 1629 2477 communem
1651 2421 1838 2476 sedulo
1861 2436 2026 2492 agens
2053 2438 2068 2474 :

489 2529 509 2562 ι
526 2511 804 2582 Repugnat
830 2513 973 2566 enim
997 2512 1083 2568 lex
1107 2513 1343 2580 carnis,»
1381 2514 1568 2584 inquit,
1607 2530 1628 2565 ς
1649 2512 1752 2584 legi
1779 2513 1992 2578 mentis,
2019 2521 2074 2568 et

481 2600 828 2658 laborandum
859 2603 1012 2659 nobis
1037 2613 1122 2659 est
1143 2619 1211 2660 ac
1235 2604 1601 2659 desudandum
1623 2645 1637 2670 ,
1665 2613 1724 2659 ut
1751 2605 2072 2674 castigemus

482 2707 677 2763 corpus
705 2703 762 2749 et
782 2695 1024 2749 servituti
1051 2696 1378 2766 redigamus,
1407 2705 1462 2752 et
1490 2711 1610 2766 quae
1633 2705 1758 2751 sunt
1775 2695 2068 2767 spiritualia

480 2785 844 2842 seminemusi
881 2775 1166 2865 (Cappﬁl?
1193 2797 1236 2840 et
1263 2786 1376 2860 15).

556 2877 643 2932 14.
673 2875 728 2932 In
752 2878 858 2932 alio
885 2894 1096 2950 quoque
1123 2879 1258 2934 libro
1286 2893 1383 2933 suo
1401 2920 1418 2945 ,
1445 2878 1512 2934 de
1536 2878 1882 2935 Sacramento
1909 2893 2070 2950 rege-

491 2968 785 3026 nerationis
811 3010 828 3036 ,
861 2969 944 3024 vel
969 2970 1036 3024 de
1077 2968 1418 3039 PhilosOphia
1445 2985 1600 3040 quem
1631 2959 1844 3040 sc'ripsit
1865 2967 1961 3042 (a),
1993 2967 2067 3023 ita

481 3059 716 3129 loquitur
743 3077 757 3114 :
795 3060 984 3114 «Beata
1004 3061 1158 3130 igitur
1185 3075 1328 3114 mors
1359 3076 1476 3129 qua:
1502 3074 1600 3116 nos
1627 3068 1846 3131 peccato
1887 3059 2064 3131 eripit,

481 3160 544 3204 ut
567 3150 822 3207 reformet
873 3151 1000 3206 Deo.
1037 3151 1140 3220 Qui
1186 3152 1319 3206 enim
1349 3161 1577 3206 mortuus
1615 3161 1711 3220 est,
1750 3152 2068 3223 justiﬁcattte

480 3251 554 3296 est
587 3258 619 3294 a
643 3253 848 3314 peccato
867 3260 887 3294 ι
921 3242 1096 3314 (Rom.
1123 3259 1198 3310 vr,
1225 3244 1304 3311 7).
1328 3261 1347 3295 ι
1368 3242 1634 3314 Numquid
1649 3251 1852 3299 natura:
1879 3243 2005 3311 ﬁne,
2041 3261 2063 3298 ι

421 3381 428 3388 .
480 3335 672 3404 inquit,
701 3353 722 3386 ι
769 3335 1090 3404 jnstilicatur
1115 3351 1145 3390 a
1189 3343 1409 3406 peccato
1435 3335 1672 3405 aliquis?
1697 3333 1814 3391 Non
1843 3335 2064 3408 utique:

479 3426 730 3495 quoniam
754 3425 842 3496 qui
865 3435 1114 3496 peccator
1141 3426 1386 3496 moritur,
1415 3426 1468 3482 in
1493 3435 1712 3497 peccato
1741 3434 1952 3493 manet;
1977 3427 2068 3482 ille

480 3528 656 3572 autem
689 3517 1010 3586 justiticatur
1028 3535 1057 3574 a
1083 3529 1324 3593 peccato,
1352 3520 1434 3575 cui
1461 3535 1558 3594 per
1586 3520 1914 3590 Baptismum
1941 3533 2067 3590 pec-

480 3623 596 3664 cata
629 3613 807 3666 omnia
858 3615 1220 3668 remittuntur.
1252 3630 1270 3665 ι
1305 3612 1553 3668 Habesne
1576 3611 1641 3666 ad
1672 3611 1770 3666 ista
1794 3610 1938 3683 quod
1985 3611 2066 3666 di-

477 3705 606 3760 cas?
635 3705 860 3760 Videsne
876 3705 1323 3776 quemadmodum
1345 3705 1665 3776 expresserit
1683 3705 1764 3760 vir
1781 3705 2066 3762 venerabi-

479 3798 566 3864 lis,
597 3799 646 3852 in
671 3797 940 3868 Baptismo
969 3797 1082 3854 fieri
1109 3798 1339 3854 hominis
1359 3807 1584 3854 mortem
1615 3799 1846 3866 beatam,
1867 3798 1956 3854 ubi
1979 3813 2066 3855 rc-

479 3891 762 3946 mittuntur
787 3901 998 3960 peccata
1019 3892 1242 3947 omnia?
1271 3891 1379 3948 Sed
1408 3893 1623 3948 attende
1655 3893 1820 3961 aliud,
1847 3893 2064 3950 attende

482 3982 623 4050 quod
677 3997 781 4036 non
837 3983 980 4036 vis.¢
1015 3982 1375 4048 Advenimus,
1412 4003 1430 4038 ι
1475 3985 1668 4054 inquit,
1713 3985 2061 4056 (cujusmodi

479 4075 549 4128 sit
577 4089 721 4129 mors
751 4075 971 4146 mystica
1001 4092 1016 4128 :
1045 4090 1185 4130 nunc
1214 4076 1623 4131 consideremus
1657 4077 1954 4146 cujusmodi
1984 4091 2062 4132 se-

479 4166 688 4235 pultura
711 4181 830 4222 esse
853 4166 1062 4222 debeat.
1093 4166 1209 4220 Non
1250 4167 1389 4220 enim
1412 4169 1542 4221 satis
1579 4177 1662 4222 est
1688 4177 1746 4223 ut
1771 4169 2062 4224 moriantur

475 4257 626 4323 vitia,
645 4257 744 4312 nisi
775 4257 1101 4312 marcescat1
1125 4257 1371 4326 corporis
1399 4259 1572 4322 luxus,
1599 4267 1653 4314 et
1679 4260 1914 4314 omnium
1939 4261 2060 4314 vin-

475 4348 718 4403 culorum
743 4349 1034 4404 carnalium
1083 4363 1342 4418 compago
1374 4349 1625 4414 solvatur,
1673 4351 1848 4406 omnis
1893 4351 2062 4408 nodus

475 4440 718 4510 corporei
765 4441 970 4495 laxetur
1004 4455 1148 4496 usus.
1199 4441 1366 4494 Nemo
1403 4441 1504 4494 sibi
1554 4441 1872 4508 blandiatur,
1920 4443 2060 4514 quod

475 4531 632 4586 aliam
651 4531 870 4600 ﬁguram
899 4531 1148 4594 induerit,
1192 4533 1412 4604 mystica
1443 4543 1710 4602 prmcepta
1768 4535 2055 4603 acceperit,

475 4623 540 4677 ad
579 4625 918 4678 continentia:
943 4623 1274 4694 disciplinam
1301 4623 1620 4694 applicuerit
1659 4625 1913 4678 animum.
1945 4624 2058 4680 Non

477 4713 620 4784 quod
653 4715 915 4778 volumus,
943 4717 1041 4770 hoc
1071 4717 1313 4785 agimus;
1343 4715 1435 4770 sed
1463 4717 1602 4785 quod
1630 4717 1750 4771 odio
1777 4715 2055 4786 habemus,

475 4803 578 4859 hoc
605 4803 846 4859 facimus.
879 4805 1035 4858 Multa
1061 4818 1315 4874 cperatur
1361 4807 1413 4860 in
1439 4807 1594 4865 nobis
1621 4821 1914 4879 peccatum.
1946 4809 2056 4863 No-

473 4895 556 4950 bis
582 4895 963 4950 reluctantibus
987 4897 1234 4950 rediviva:
1281 4899 1594 4968 plerumque
1643 4899 1942 4968 voluptates
1965 4915 2058 4955 re-

475 4997 720 5054 surgunt.
751 4987 1082 5042 Luctandum
1125 4989 1275 5042 nobis
1301 4997 1384 5043 est
1409 4989 1664 5044 adversus
1687 4991 2058 5046 carnem.'Lu-

471 5085 650 5132 elatus
673 5087 756 5133 est
781 5078 1038 5133 adversus
1065 5095 1182 5133 eam
1225 5081 1420 5134 Paulus
1454 5097 1466 5132 :
1513 5080 1740 5151 denique
1766 5081 1860 5146 ait,
1905 5082 2058 5136 Video

467 5179 640 5223 autent
665 5168 826 5223 aliam
851 5167 1008 5239 legem
1031 5171 1084 5223 in
1109 5171 1348 5225 membris
1371 5173 1516 5236 meis,
1544 5183 1906 5243 repugnantem
1957 5174 2058 5245 legi

472 5261 651 5316 mentis
691 5276 832 5326 meat,
857 5271 906 5314 et
932 5261 1266 5330 captivantem
1303 5277 1384 5316 me
1421 5261 1479 5316 in
1502 5263 1609 5334 lege
1657 5264 1864 5333 pec-cati.
1892 5265 2058 5319 Num-

467 5351 596 5423 quid
611 5361 687 5420 tu,
715 5371 734 5406 ι
761 5352 951 5421 inquit,
980 5370 1000 5405 ι
1036 5353 1218 5407 fortior
1255 5351 1462 5407 Paulo?
1485 5352 1594 5410 Nec
1621 5361 1868 5426 tanquam
1893 5355 2054 5410 scdu-

469 5445 538 5500 lzn
558 5446 704 5501 carni
731 5453 834 5500 tum
859 5442 1118 5512 conﬁdas,
1149 5451 1204 5500 et
1249 5453 1300 5499 te
1323 5445 1374 5500 ei
1425 5443 1634 5513 credas,
1664 5460 1782 5499 cum
1822 5449 2053 5516 Aposto-

473 5541 554 5590 ‘tts
575 5536 816 5592 clamitet
843 5551 858 5589 :
893 5533 1013 5590 Scio
1039 5536 1170 5588 enim
1187 5535 1306 5608 quia
1335 5549 1436 5588 non
1467 5535 1658 5588 habitat
1701 5535 1752 5589 in
1779 5551 1872 5598 me,
1905 5537 1960 5589 id
1981 5543 2055 5590 est

475 5626 529 5679 iu
555 5641 705 5681 came
727 5643 858 5694 mea,
881 5629 1230 5681 bonummam
1252 5626 1378 5680 velle
1417 5626 1614 5697 adjacet
1639 5627 1778 5692 mihi,
1809 5629 2054 5698 perﬁcere

531 5761 546 5790 ⁸
585 5769 682 5808 Am.
707 5767 782 5809 Er.
807 5768 858 5810 et
879 5759 1062 5823 aliquot
1083 5768 1214 5822 δεδι,
1240 5771 1554 5814 marcescant.

525 5823 599 5883 (ο)
633 5830 724 5872 truc
746 5835 870 5885 cpus
887 5835 982 5873 non
1001 5831 1180 5876 exstat.

1267 383 1534 440 CONTRA
1577 380 1915 438 JUIJANU.“
1957 379 2426 448 l’EL.\GlANUil,
2461 383 2517 438 S.
2563 381 2932 439 AUGUSTINI

3637 389 3774 447 *ωδ

2178 504 2343 548 autent
2385 495 2566 550 bonum
2609 513 2710 551 non
2760 497 2974 552 invenio.
3011 496 3132 551 Non
3157 498 3287 552 enim
3311 499 3447 570 quod
3483 503 3594 557 volo
3621 506 3770 578 [ario

2175 584 2359 638 bonum
2382 602 2402 650 ;
2431 586 2518 640 sed
2543 588 2678 657 quod
2705 587 2822 642 nolo
2852 589 3060 656 malum,
3091 590 3184 644 hoc
3207 607 3322 661 ago.
3353 591 3594 648 Siautem
3621 595 3768 664 quod

2177 675 2313 738 nolo,
2345 677 2439 729 hoc
2466 691 2599 748 ago;
2615 679 2730 748 jam
2757 696 2856 732 non
2901 696 2994 752 ego
3020 697 3198 748 operor
3217 682 3372 748 illud,
3392 685 3480 738 sed
3499 687 3634 755 quod
3663 687 3768 739 Ita-

2175 765 2298 818 bitat
2324 767 2374 820 in
2398 783 2476 821 me
2505 779 2760 836 peccatum
2795 789 2816 823 ι
2853 767 3024 842 (Rom.
3055 788 3145 839 vn,
3171 771 3262 838 25,
3291 775 3502 846 18-20).
3523 777 3768 846 Quanta-

2177 855 2512 913 libctleraris
2533 859 2694 915 animi
2743 862 3118 930 obstinatione,
3165 864 3396 932 Juliane,
3430 869 3763 937 quantalibet

2175 947 2429 1004 adversus
2460 965 2557 1006 nos
2601 953 2892 1021 pervicacia
2917 969 3012 1024 pro
3043 955 3326 1024 Pelagiana
3349 973 3533 1014 errore
3579 961 3762 1014 consi-

2175 1048 2328 1104 stas;
2367 1048 2510 1094 tanta
2555 1055 2650 1110 per
2697 1041 2912 1097 beatum
2961 1044 3298 1101 Ambrosium
3341 1047 3764 1104 circumvallaris

2177 1142 2358 1184 rerum
2387 1129 2670 1197 evidentia,
2705 1141 2848 1188 tanta
2872 1135 3154 1190 verborum
3185 1137 3301 1206 ejus
3327 1139 3764 1196 manifestatioue

2177 1219 2540 1288 contunderis,
2576 1231 2631 1276 ut
2665 1223 2925 1293 proiecto,
2972 1227 3016 1280 si
3043 1227 3186 1282 nulla
3223 1237 3273 1282 te
3297 1229 3454 1294 ratio,
3486 1231 3764 1302 cogitatio,

2177 1310 2534 1368 consideratio
2561 1315 2856 1386 religionis,
2899 1318 3133 1388 pictatis,
3186 1319 3552 1390 humanitatis,
3598 1333 3766 1394 atque

2175 1403 2232 1458 in
2251 1413 2300 1459 te
2341 1404 2458 1475 ipso
2481 1406 2824 1464 advertendae
2859 1411 3095 1466 veritatis
3121 1413 3438 1484 a-pertinaci
3465 1414 3768 1471 intentione

2175 1499 2519 1566 revocaverit,
2549 1501 2800 1556 ostendas
2826 1510 3080 1572 quantum
3107 1504 3160 1558 in
3195 1505 3350 1562 malis
3385 1505 3634 1564 humanis
3661 1523 3765 1562 va-

2177 1587 2303 1652 leat,
2331 1603 2396 1642 eo
2427 1605 2744 1660 quemquam
2799 1594 2962 1648 fuisse
3011 1609 3370 1664 prOgressum,
3402 1596 3496 1652 ubi
3541 1613 3766 1654 manere

2177 1692 2280 1734 non
2323 1679 2502 1747 libeat,
2537 1683 2679 1738 unde
2721 1683 2895 1739 redire
2919 1685 3028 1755 jam
3057 1686 3273 1756 pudeat.
3307 1686 3400 1744 Sic
3425 1689 3568 1744 enim
3596 1691 3766 1746 credo

2178 1779 2232 1825 te
2262 1769 2423 1840 allici,
2451 1787 2570 1827 cum
2602 1774 2703 1830 ista
2733 1775 2942 1846 legeris.
2971 1775 3079 1833 Sed
3110 1793 3144 1832 ο
3167 1779 3212 1834 si
3239 1795 3336 1850 pax
3365 1781 3564 1836 Christi
3593 1781 3648 1836 in
3667 1791 3762 1837 tuo

2175 1863 2338 1919 corde
2361 1864 2560 1931 vincat,
2588 1875 2642 1922 et
2661 1868 2798 1924 bona
2825 1870 3138 1940 paenitentia
3163 1872 3233 1928 de
3256 1873 3394 1928 mala
3435 1875 3758 1932 verecundia

2177 1956 2404 2025 palmam
2431 1956 2566 2012 lerat
2595 1958 2608 2013 l

2247 2047 2474 2102 CAPUT
2515 2048 2601 2104 Vl.
2632 2079 2702 2089 ——
2726 2050 2813 2107 l5.
2843 2049 2950 2108 Sed
2972 2053 3080 2122 jam
3109 2069 3252 2111 nunc
3281 2051 3569 2127 parumper
3591 2065 3764 2114 atteno

2175 2136 2263 2201 de,
2291 2137 2561 2206 quomodo
2585 2155 2652 2194 ex
2677 2138 2778 2196 ista
2805 2141 2922 2212 lege
2953 2146 3180 2214 peccati,
3207 2133 3358 2218 cujus
3383 2156 3588 2204 motum
3611 2165 3766 2204 mor-

2176 2229 2350 2284 talitas
2379 2231 2540 2286 etiam
2553 2233 2947 2290 continentium
2976 2237 3182 2308 cogitur
3207 2238 3380 2306 terre,
3423 2241 3512 2294 cui
3539 2242 3764 2298 modum

2173 2323 2392 2376 castitas
2441 2325 2744 2395 nuptiarum
2787 2327 2994 2384 laborat
3035 2330 3332 2401 imponere,
3363 2333 3450 2388 ubi
3505 2336 3766 2405 concupi-

2173 2415 2375 2470 scentia
2431 2419 2630 2484 carnis,
2680 2419 3052 2493 voluptasque,
3105 2439 3264 2493 quam
3321 2423 3530 2494 laudas,
3573 2438 3764 2482 contra

2174 2507 2506 2576 propositum
2523 2511 2808 2566 voluntatis
2831 2514 2940 2584 agit
2963 2527 3090 2570 suos
3116 2514 3348 2586 impetus
3365 2557 3380 2582 ,
3402 2532 3526 2573 cum
3551 2519 3763 2574 excita-

2175 2604 2282 2666 tur,
2309 2597 2520 2653 etiamsi
2549 2608 2702 2657 actus
2729 2617 2838 2658 non
2863 2603 3103 2674 peragit,
3133 2621 3253 2660 cum
3279 2605 3518 2663 frenatur
3545 2617 3764 2666 :atten-

2172 2685 2243 2742 de
2279 2701 2406 2760 ergo
2443 2691 2732 2762 paulisper,
2789 2694 3060 2764 quomodo
3112 2711 3178 2751 ex
3231 2695 3332 2752 hac
3377 2696 3498 2769 lege
3553 2701 3764 2769 peccati

2172 2791 2387 2834 omnem
2427 2782 2674 2851 generari
2701 2783 2991 2852 hominem,
3018 2795 3074 2841 et
3101 2785 3222 2842 ideo
3247 2787 3462 2845 trahere
3499 2791 3764 2862 originale

2172 2879 2472 2942 peccatum,
2499 2881 2715 2930 sanctus
2761 2875 3044 2945 eloquatur
3085 2877 3399 2936 Ambrosius
3449 2879 3502 2935 in
3541 2895 3610 2936 eo
3645 2883 3766 2952 ipso

2171 2959 2242 3016 de
2279 2961 2628 3020 Sacramento
2673 2967 3114 3036 regenerationis,
3161 2968 3283 3026 sive
3305 2969 3374 3026 de
3409 2970 3764 3043 Philosophia

2172 3053 2310 3112 libro
2338 3071 2456 3112 suo.
2479 3075 2502 3111 ι
2555 3058 2672 3124 Est,
2721 3077 2742 3113 ι
2775 3059 2966 3130 inquit,
3003 3078 3022 3113 ι
3056 3059 3246 3117 domus
3291 3079 3452 3134 quam
3495 3065 3764 3135 sapientia

2171 3147 2420 3214 tediticat,
2449 3158 2502 3206 et
2529 3165 2710 3206 mensa
2739 3152 3038 3210 calestibus
3075 3153 3270 3210 referta
3303 3157 3683 3224 sacramentis,
3709 3158 3764 3214 in

2171 3257 2276 3313 qua
2291 3242 2469 3314 justus
2491 3243 2668 3298 cibum
2710 3243 2906 3302 divinae
2932 3246 3217 3317 voluptatis
3243 3247 3508 3318 epulatur,
3535 3264 3762 3310 suavem

2168 3333 2354 3404 gratia:
2397 3342 2577 3402 potum
2648 3333 2874 3404 bibens,
2923 3337 2970 3392 si
3011 3347 3386 3409 perpetuorum
3443 3341 3766 3398 meritorum

2171 3424 2321 3480 uberi
2351 3427 2659 3496 posteritate
2687 3427 2916 3484 laetetur.
2945 3429 3058 3486 Hos
3101 3431 3240 3486 lilios
3283 3447 3550 3502 generans
3590 3432 3762 3490 David

2169 3523 2354 3588 partus
2384 3517 2503 3574 illos
2529 3533 2804 3590 corporea:
2831 3521 3225 3592 commigtionis
3254 3522 3526 3590 horrebat,
3551 3533 3606 3579 et
3637 3525 3766 3580 ideo

2169 3607 2414 3662 mundari
2438 3610 2574 3664 sacri
2599 3609 2760 3666 fontis
2781 3611 2980 3682 irriguo
2999 3611 3358 3681 desiderabat,
3389 3623 3448 3670 ut
3481 3616 3763 3672 carnalem

2169 3711 2234 3754 ac
2264 3706 2530 3754 terrenam
2565 3699 2740 3756 labem
2767 3704 2936 3772 gratia
2983 3703 3275 3774 spiritualis
3297 3704 3562 3761 ablueret.
3597 3706 3762 3775 Ecce,

2169 3791 2358 3861 inquit,
2390 3791 2444 3846 in
2468 3791 2819 3862 iniquitatibus
2843 3804 3114 3866 conceptus
3145 3813 3282 3864 sum,
3309 3806 3354 3852 et
3377 3797 3430 3852 in
3447 3799 3648 3854 delictis
3671 3817 3768 3869 pc-

2168 3885 2296 3955 perit
2323 3901 2402 3938 me
2425 3895 2587 3940 mater
2614 3902 2725 3941 mea
2751 3904 2772 3940 ι
2809 3885 2977 3958 (Psal.
2999 3887 3142 3958 I.,7).
3177 3907 3198 3942 σ
3221 3887 3357 3944 Male
3387 3889 3496 3945 Eva
3523 3893 3768 3961 parturi-

2168 3981 2266 4043 vit,
2311 3985 2368 4030 ut
2401 3987 2583 4047 partus
2637 3977 2963 4048 relinqueret
3015 3979 3324 4036 mulieribus
3361 3979 3764 4051 htcreditatem,

2167 4077 2328 4138 atque
2352 4070 2715 4139 unusquisque
2753 4069 3202 4140 concupiscentia».
3225 4070 3494 4141 voluptate
3519 4085 3768 4128 concrc-

2169 4167 2275 4225 tus,
2298 4166 2353 4214 et
2379 4159 2701 4229 genitalibus
2749 4160 3040 4217 visceribus
3077 4162 3300 4229 inlusus,
3341 4171 3399 4220 et
3441 4165 3768 4235 coagulatns

2165 4247 2220 4304 in
2251 4249 2530 4320 sanguine,
2571 4249 2630 4304 in
2661 4251 2852 4320 pannis
2879 4251 3171 4320 involutus,
3197 4253 3344 4324 prius
3371 4255 3580 4311 subiret
3603 4255 3760 4312 deli-

2166 4351 2376 4398 ctorum
2405 4342 2728 4414 contagium,
2757 4359 2918 4415 quam
2945 4345 3119 4401 vitalis
3147 4347 3366 4417 spiritus
3393 4362 3590 4403 munus
3613 4348 3762 4402 hau-

2165 4436 2317 4492 rirct.
2352 4453 2372 4488 »
2393 4435 2448 4494 Si
2479 4445 2532 4492 te
2573 4451 2678 4492 non
2707 4436 2946 4494 deseruit
2969 4439 3374 4508 qualiscumque
3403 4439 3596 4496 saltem
3629 4455 3764 4495 scu-

2168 4543 2262 4584 sus
2277 4528 2561 4596 humanus,
2599 4529 2750 4584 vides
2777 4529 2902 4599 quid
2931 4529 2999 4585 de
3019 4529 3466 4598 concupiscentiae
3505 4529 3764 4600 volupta—

2167 4629 2240 4686 te,
2261 4623 2484 4691 hacipsa
2507 4622 2591 4680 cui
2621 4623 2830 4693 prmbes
2847 4621 3358 4692 itnpudentissimum
3373 4623 3760 4692 patrocinium,

2168 4714 2614 4786 pronuntiaverit,
2645 4715 2740 4776 tui,
2769 4712 2912 4784 quod
2949 4728 3092 4784 saepe
3115 4713 3400 4769 dicendum
3425 4721 3528 4778 est,
3559 4711 3762 4766 docto-

2166 4809 2242 4862 ris
2263 4809 2566 4864 testimonio
2611 4807 2950 4878 prscdicatus,
2981 4816 3086 4862 tam
3143 4805 3510 4861 memorabilis
3559 4805 3762 4860 docta:-

2165 4900 2478 4954 Ambrosius
2510 4917 2524 4953 :
2555 4901 2695 4969 quod
2727 4915 2790 4955 ea
2819 4902 3042 4971 quisque
3081 4907 3388 4966 concretus,
3417 4913 3478 4954 ea
3501 4899 3762 4969 genitali-

2167 4993 2266 5048 bus
2292 4991 2584 5048 visceribus
2633 4989 2856 5057 infusus,
2909 5007 2970 5046 ea
2997 4991 3310 5062 coagulatus
3359 4993 3409 5046 in
3441 4993 3708 5062 sanguine
3739 5009 3758 5059 ;

2163 5092 2220 5140 et
2247 5085 2298 5138 in
2331 5083 2540 5154 pannis,
2571 5099 2674 5138 non
2696 5083 2880 5153 utique
2897 5083 3083 5148 laneis,
3113 5093 3208 5138 aut
3237 5085 3414 5150 lineis,
3443 5093 3538 5140 aut
3565 5083 3762 5153 hujus-

2165 5175 2370 5231 cemodi
2425 5175 2636 5241 talibus,
2666 5175 2910 5245 qualibus
2929 5174 3040 5245 jam
3061 5175 3172 5230 nati
3191 5175 3550 5231 obvolvuntur
3571 5176 3760 5230 infan—

2163 5275 2265 5334 tes,
2307 5263 2401 5322 scd
2433 5266 2621 5336 pannis
2643 5265 2840 5322 vitiata:
2867 5266 3088 5336 originis
3113 5275 3362 5338 tanquam
3395 5267 3760 5324 hereditariis

2163 5360 2453 5426 involutus,
2484 5358 2632 5429 prius
2661 5357 2847 5414 subeat
2873 5359 3176 5432 contagium
3203 5359 3520 5415 delictorum
3543 5399 3560 5428 ,
3587 5375 3756 5432 quam

2163 5452 2336 5505 vitalis
2355 5450 2512 5520 hujus
2537 5449 2676 5504 aeris
2699 5465 2882 5504 auram
2902 5449 3156 5522 spirando
3195 5451 3456 5522 percipiat
3479 5469 3492 5504 :
3517 5452 3572 5506 in
3589 5467 3758 5522 quem

2165 5541 2311 5596 velut
2364 5541 2681 5596 immensum
2713 5539 2914 5596 l‘otttcm
2941 5543 3242 5598 communis
3268 5551 3322 5598 et
3343 5555 3448 5596 non
3477 5541 3760 5598 desisten-

2165 5635 2232 5687 tis
2264 5633 2540 5698 alimenti,
2571 5643 2690 5702 post
2716 5635 2922 5690 occulta
2973 5634 3296 5704 spiramenta
3326 5635 3592 5690 viscerum
3633 5651 3760 5690 nta-

2164 5737 2462 5789 tcrnorum,
2494 5729 2582 5796 qui
2611 5727 2865 5792 nascitur,
2898 5726 3136 5784 funditur
3162 5745 3176 5794 ;
3207 5729 3258 5783 in
3287 5737 3408 5783 ortu
3439 5729 3764 5798 ploratum:

2173 5828 2401 5888 reatum,
2430 5831 2590 5890 quem
2631 5820 2895 5876 contraxit
2936 5830 3062 5878 ante
3087 5831 3284 5879 ortum.
3313 5819 3528 5893 Ergone
3549 5837 3620 5878 cx
3655 5821 3770 5878 hu~
