3984 6468
502 345 603 400 687

502 461 702 530 luptate
742 463 1084 516 concretum.
1128 453 1255 508 dicit
1295 454 1473 508 subire
1516 455 1816 522 contagium
1861 451 2078 506 delicto-

501 553 667 606 rum?
712 549 843 605 Audi
886 561 1012 617 ergo
1053 546 1120 600 de
1159 546 1352 616 nuptiis
1394 546 1667 600 Ambrosii
1690 543 2004 599 sententiam
2034 543 2084 596 in

501 642 756 714 Apologia
804 641 972 696 sancti
1018 639 1198 693 David.
1233 658 1251 691 ι
1285 639 1488 693 Bonum
1510 681 1524 703 ,
1561 657 1580 690 ι
1614 639 1818 708 inquit,
1847 655 1865 688 ι
1903 637 2089 704 conju-

500 736 644 806 gium
665 774 679 799 ,
721 741 900 788 sancta
929 731 1138 800 copula.
1170 729 1274 785 Sed
1307 739 1482 785 tamen
1513 728 1823 799 qui'llabent
1851 742 2045 782 uxores
2068 768 2084 794 ,

501 826 574 880 ita
617 824 721 878 sint
761 835 826 878 ac
867 821 912 877 si
955 836 1060 875 non
1087 819 1349 875 habentes
1378 836 1390 874 :
1421 820 1534 890 ipse
1560 827 1642 876 est
1669 819 1855 873 tllorus
1883 817 2088 872 iucoin-

501 915 785 985 quinatus;
837 919 893 968 et
933 925 1092 967 nemo
1137 909 1363 966 alterum
1397 909 1638 964 fraudare
1666 908 1828 964 debet
1854 924 1952 973 eo,
1987 906 2088 961 nisi

500 1005 640 1060 forte
685 1002 752 1058 ad
795 1011 1005 1073 tempus
1026 1043 1040 1066 ,
1088 1011 1146 1058 ut
1171 1010 1362 1056 vacent
1385 1000 1612 1056 orationi
1641 999 1682 1069 (ι
1709 999 1827 1055 Cor.
1857 1013 1948 1063 vn,
1978 997 2086 1065 29,

501 1096 582 1166 5).
615 1095 816 1149 Tamen
847 1093 1136 1149 secundum
1165 1092 1480 1164 Apostolum
1502 1133 1516 1158 ,
1546 1106 1652 1146 non
1679 1098 1832 1145 vacat
1860 1089 2089 1144 orationi

501 1187 622 1258 quis
657 1201 722 1242 eo
757 1196 1021 1255 tempore,
1049 1200 1155 1256 quo
1176 1199 1327 1238 nsum
1352 1185 1368 1215 ί
1395 1198 1667 1252 corporeae
1695 1181 1834 1236 illius
1859 1195 2093 1235 conven-

506 1277 666 1331 tionis
692 1285 934 1332 exercetl
970 1274 1116 1347 (Cap.
1147 1273 1261 1346 ll).
1288 1273 1426 1328 Audi
1451 1282 1504 1328 et
1530 1274 1750 1327 alteram
1779 1272 1830 1326 in
1862 1272 2000 1326 libro
2025 1271 2092 1326 de

503 1369 844 1440 l’llilOSOphia
879 1386 891 1422 :
927 1388 946 1422 ι
980 1369 1123 1423 Bona
1150 1409 1164 1432 ,
1202 1387 1222 1420 ι
1258 1367 1465 1437 inquit,
1504 1386 1522 1420 t
1559 1364 1912 1429 continentia,
1942 1378 2090 1433 qure-

505 1462 628 1515 tlam
655 1459 800 1515 velut
827 1457 1044 1530 crepido
1066 1458 1296 1529 pietatis.
1321 1456 1620 1526 Nalnquein
1644 1454 1947 1524 praecipitils
1973 1453 2093 1506 vita:

508 1552 666 1621 hujus
693 1551 983 1606 labentium
1016 1548 1200 1604 statuit
1229 1547 1447 1617 vestigia
1473 1561 1488 1612 ;
1521 1546 1844 1617 Speculatrix
1866 1543 2049 1599 sedula
2074 1583 2090 1610 ,

504 1659 575 1698 ne
625 1641 750 1712 quid
801 1640 1024 1710 obrepat
1067 1639 1329 1694 illi-citum.
1388 1637 1557 1693 Mater
1611 1645 1790 1692 autem
1843 1636 2094 1690 vitiorum

507 1736 746 1791 omnium
801 1732 1182 1790 incontin‘entia
1207 1773 1224 1800 ,
1255 1747 1373 1802 qua:
1399 1730 1557 1786 etiam
1585 1729 1728 1785 licita
1753 1729 1988 1784 vertit'in
2006 1728 2095 1782 'vi-

510 1827 658 1881 tium.
689 1824 922 1895 ideoque
943 1823 1230 1893 Apostolus
1253 1837 1357 1877 non
1379 1821 1549 1876 solum
1574 1837 1602 1873 a
1629 1819 1978 1875 fornicatione
1999 1833 2095 1875 nos

505 1918 748 1985 retrahit,
763 1931 946 1973 verum
975 1916 1134 1971 etiam
1166 1913 1219 1969 ill
1241 1914 1372 1984 ipsis
1397 1912 1655 1983 conjugiis
1679 1911 1892 1966 modum
1912 1925 2098 1980 quem-

511 2009 635 2066 dam
679 2008 872 2077 docet,
915 2015 970 2063 et
1006 2016 1244 2076 tempora
1284 2004 1584 2076 praescribit
1619 2001 1804 2058 orandi
1829 2020 1848 2054 ι
1877 2001 1896 2071 (
1921 2002 1938 2056 Ι
1965 2000 2094 2056 Cor.

505 2103 624 2173 vn).
667 2119 688 2154 ι
715 2101 1076 2169 intemperans
1102 2097 1245 2153 enim
1275 2097 1326 2150 in
1354 2095 1598 2166 conjugio
1616 2136 1630 2161 ,
1662 2095 1786 2166 quid
1813 2093 1954 2150 aliud
1981 2095 2084 2150 nisi

509 2191 722 2264 quidam
767 2190 980 2246 adulter
1017 2188 1199 2243 uxoris
1235 2187 1355 2243 est?
1385 2204 1405 2239 l
1441 2187 1626 2242 Cernis
1650 2187 2096 2257 quemadmodum

508 2285 638 2340 vclit
671 2283 831 2340 etiam
875 2282 1013 2336 inter
1060 2295 1120 2335 se
1163 2280 1277 2349 ipsa
1315 2294 1440 2335 vere
1467 2279 1690 2334 honesta
1713 2281 1740 2310 ‘
1767 2293 1885 2334 esse
1909 2280 2098 2348 conju-

507 2376 654 2447 gia?
708 2373 868 2429 Vides
917 2371 1366 2444 quemadmodum
1415 2371 1608 2438 dicat,
1660 2371 2098 2426 incontinentiam

509 2468 667 2523 etiam
712 2465 852 2520 licita
886 2472 1094 2518 vertere
1131 2463 1185 2518 in
1215 2461 1396 2517 vitium
1418 2504 1432 2528 ,
1465 2461 1550 2517 ubi
1577 2469 1630 2518 et
1656 2461 1854 2516 licitum
1879 2462 2100 2517 demon-

509 2567 641 2613 strat
687 2570 806 2612 esse
850 2555 1170 2611 connubium
1195 2594 1212 2622 ,
1256 2567 1310 2609 et
1350 2553 1402 2609 in
1445 2553 1561 2623 ipso
1588 2568 1696 2608 non
1726 2553 1840 2608 vult
1866 2553 2098 2610 inconti-

509 2649 743 2706 nentiam
785 2647 986 2705 fmdare
1029 2645 1170 2718 quod
1208 2646 1408 2702 licitum
1450 2654 1537 2702 est
1571 2646 1632 2700 '?
1675 2646 1922 2702 Advertis
1965 2662 2101 2720 quo—

512 2741 673 2796 modo
699 2739 994 2809 intelligere
1023 2738 1300 2792 nobiscum
1325 2736 1523 2793 debeas
1543 2778 1558 2804 ,
1586 2737 1639 2792 in
1664 2752 1772 2808 quo
1794 2737 1982 2794 morbo
2003 2738 2100 2794 de-

509 2833 690 2889 siderii
735 2831 962 2888 noluerit
1005 2831 1290 2902 Apostolus
1332 2845 1763 2902 unumquemque
1807 2845 1902 2887 vas
1942 2847 2099 2890 suum

513 2924 824 2996 possidere,
856 2924 992 2979 sicut
1019 2930 1203 2994 gentes
1232 2937 1352 2994 quae
1376 2923 1622 2992 ignorant
1651 2923 1815 2978 Deum
1847 2921 1892 2997 (ί
1918 2922 2096 2980 Thess.

510 3019 641 3084 νικά,
661 3016 718 3087 5)
739 3014 900 3070 ?Tibi
924 3023 1100 3069 autem
1116 3013 1278 3068 libido
1302 3028 1407 3068 non
1428 3012 1528 3068 nisi
1554 3022 1750 3084 praeter
1773 3029 1993 3070 uxorem
2014 3017 2098 3070 vi-

508 3111 664 3164 detur
696 3123 815 3164 esse
841 3107 1140 3178 cuipabiiis.
1170 3105 1308 3175 Quid
1333 3120 1461 3177 ergo
1487 3105 1556 3161 de
1583 3105 1869 3162 Ambrosio
1893 3105 2100 3177 judica-

508 3201 621 3266 bis,
649 3199 740 3271 qui
764 3200 1208 3268 intemperantem
1236 3197 1291 3252 in
1312 3197 1559 3268 coniugio
1584 3197 1885 3253 adulterum
1912 3214 2099 3270 quem-

513 3293 635 3347 dam
675 3291 905 3362 appellat
941 3289 1171 3345 uxoris?
1194 3289 1345 3344 Tune
1368 3288 1562 3345 melius
1585 3289 1797 3360 nuptias
1823 3289 2055 3346 honoras
2078 3333 2094 3358 ,

510 3386 564 3440 in
585 3384 777 3456 quibus
800 3383 1004 3439 libidini
1028 3382 1515 3439 iicentiosissimum
1537 3383 1769 3453 spatium
1791 3383 2095 3454 praebuisti;

509 3493 578 3532 ne
620 3476 860 3531 fortassis
898 3473 1101 3530 oﬂ‘ensa
1139 3471 1477 3530 defensorem
1520 3473 1625 3530 sibi
1661 3475 1823 3530 alium
1849 3474 2097 3546 provide-

508 3582 588 3625 ret
609 3569 634 3622 ‘l
655 3567 839 3640 Neque
864 3567 1006 3624 enim
1022 3609 1039 3634 ,
1064 3566 1207 3637 quod
1238 3567 1780 3637 ego-commemoravi
1807 3567 2099 3623 secundum

507 3664 717 3717 veniam
756 3659 1072 3730 conjugibus
1112 3658 1412 3715 concedere
1434 3659 1746 3730 Apostolum
1777 3657 1887 3731 (ubi
1915 3658 2099 3730 procul

509 3751 671 3806 dubio
709 3757 955 3816 notatur,
993 3749 1094 3805 etsi
1122 3748 1694 3822 ignoscitnryculpa),
1722 3749 1909 3806 saltem
1936 3749 2101 3807 verbo

510 3853 665 3897 tenus
709 3842 971 3912 attingere
1011 3833 1265 3906 voluisti;
1304 3849 1398 3895 aut
1427 3841 1569 3910 quod
1593 3840 1662 3896 ab
1690 3840 1782 3896 illo
1809 3855 2010 3911 opere,
2044 3849 2100 3896 ut

509 3933 738 3988 orationi
765 3939 990 4000 vacent,
1012 3946 1226 3987 cessare
1245 3931 1504 4002 conjuges
1527 3931 1890 3988 admonentur
1909 3932 1956 4002 (Ι
1977 3933 2096 3988 Cor.

509 4041 617 4091 vlt,
653 4025 685 4081 6
706 4067 720 4092 ,
749 4023 806 4096 5)
831 4064 848 4092 ,
878 4024 1149 4095 quod-ego
1180 4033 1347 4079 totum
1379 4026 1826 4089 commemoravi,
1854 4041 2012 4080 ausus
2041 4040 2100 4082 es

509 4119 564 4172 in
609 4128 694 4172 tua
737 4117 1086 4188 responsione
1125 4115 1394 4172 'refricare
1426 4135 1440 4171 :
1471 4117 1633 4174 credo
1654 4161 1669 4185 ,
1703 4117 1995 4174 formidans
2029 4135 2098 4177 ne

511 4220 599 4266 tua
625 4210 894 4264 videretur
922 4209 1274 4279 przevaricata‘
1293 4207 1555 4276 defensio,
1589 4210 1635 4265 si
1659 4220 1713 4266 et
1741 4219 1790 4264 te
1811 4211 2101 4268 confitente

510 4311 815 4374 appareret,
844 4300 986 4372 quod
1019 4315 1111 4370 per
1140 4300 1435 4367 libidinem,
1462 4302 1546 4355 cui
1573 4311 1623 4356 te
1654 4301 1969 4370 patrocinari
1994 4318 2100 4358 non

509 4392 708 4465 pudet,
740 4391 900 4447 etiam
937 4389 1220 4462 conjugum
1262 4391 1609 4462 impediretur
1645 4391 1838 4448 oratio.
1878 4391 1953 4446 ita
1978 4407 2100 4447 enm

509 4482 642 4538 mihi
687 4497 784 4553 pro
810 4481 898 4536 illa
925 4481 1252 4552 respondere
1280 4496 1534 4552 cuperes,
1565 4481 1658 4536 sed
1687 4483 1940 4551 Apostolo
1968 4482 2100 4537 resi-

511 4585 657 4631 stere
682 4590 788 4631 non
813 4573 1038 4630 auderes
1057 4615 1072 4642 ,
1099 4589 1198 4631 nec
1225 4575 1278 4629 in
1301 4574 1457 4629 aliam
1486 4576 1824 4644 sententiam,
1851 4575 1988 4631 sicut
2013 4591 2103 4631 so-

509 4668 633 4723 letis
651 4707 668 4736 ,
695 4667 868 4737 ipsum
899 4667 1248 4739 apostolicum
1271 4666 1630 4722 testimonium
1657 4665 1973 4737 detorquere
2001 4681 2100 4737 po-

511 4762 708 4817 tuisses
729 4801 746 4829 ,
769 4761 989 4817 omnino
1017 4760 1138 4816 inde
1167 4770 1342 4817 tacere
1368 4760 1619 4815 maluisti.
1649 4759 1730 4815 Tu
1757 4775 1883 4830 ergo
1910 4759 2102 4816 melius

512 4853 747 4910 honores
767 4853 977 4923 nuptias
995 4895 1010 4918 ,
1037 4868 1259 4922 quarum
1282 4851 1590 4922 dignitatem
1613 4860 1863 4922 tanquam
1883 4852 2102 4908 omnino

513 4943 970 5014 irreprehensibili
997 4943 1278 4998 voiutabro
1303 4943 1529 4997 carnalis
1544 4943 1986 5012 concupiscentiae
2004 4943 2101 4998 de-

514 5035 723 5090 eoloras
753 5052 766 5088 :
794 5049 861 5088 an
897 5034 1016 5100 ille,
1047 5032 1140 5105 qui
1177 5021 1296 5090 cum
1327 5033 1496 5098 dicat,
1529 5049 1634 5088 non
1663 5035 1833 5089 solum
1857 5034 2059 5090 licitum
2083 5078 2098 5106 ,

513 5125 610 5182 sed
653 5125 812 5182 etiam
860 5125 1057 5180 bonum
1103 5123 1404 5196 conjugium
1448 5135 1792 5198 sanctamque
1820 5128 2098 5198 capulum,

515 5225 696 5272 tamen
717 5224 962 5272 cessante
985 5216 1218 5272 libidinis
1240 5217 1529 5286 voluptate,
1558 5226 1796 5288 tempora
1823 5219 2007 5274 orandi
2035 5221 2102 5275 ab

513 5310 773 5382 Apostoio
801 5309 1107 5382 praescripta
1137 5320 1551 5375 commemorat;
1583 5319 1744 5380 atque
1771 5310 1841 5365 ita
1864 5326 1968 5366 non
1991 5313 2104 5367 vult

518 5402 597 5458 liii
625 5401 814 5458 morbo
840 5399 1049 5456 deditos
1073 5416 1192 5457 esse
1217 5400 1466 5472 conjuges
1485 5443 1501 5470 ,
1534 5401 1674 5458 unde
1697 5402 1925 5458 trahitur
1943 5405 2104 5476 origi-

577 5513 596 5545 ι
626 5517 688 5561 ει-
711 5519 763 5562 et
783 5518 916 5571 Lor”
940 5509 1024 5575 qui
1044 5523 1099 5562 eo
1121 5517 1331 5575 tempore
1362 5524 1517 5562 usum.
1538 5513 1860 5564 Emendautur
1893 5527 1956 5565 ex
1995 5523 2100 5567 Mss.

517 5573 571 5623 et
594 5575 898 5624 Ambrosiam
921 5573 1154 5624 editione.

576 5635 703 5712 15.16
721 5636 946 5712 Pindum
1095 5634 1450 5712 ,θεεεάξιίνυςτα
1470 5635 1781 5712 eameam.
1837 5711 1845 5712 ί
1941 5700 1952 5712 .
2000 5699 2031 5712 ..

513 5695 616 5804 an;
723 5695 784 5747 ἐι
802 5695 932 5760 min,
963 5709 1058 5749 non
1091 5695 1188 5749 vult
1229 5695 1568 5750 Mauritania
1603 5698 1781 5763 fwdan‘
1824 5700 1952 5763 quod
1994 5699 2100 5754 lici-

1304 341 1571 396 CON'l'RA
1617 335 1957 395 JULIANUM
2002 335 2560 405 l‘lELAGlANUlL'S.
2606 340 2968 401 AUGUSTI.“

2193 450 2310 503 nale
2351 461 2620 519 peccatum
2643 496 2656 518 ,
2688 464 2742 510 ut
2767 471 2860 510 eos
2889 457 2975 527 qui
3003 455 3199 512 habent
3223 467 3416 516 uxores
3435 501 3450 527 ,
3483 462 3785 518 secundum

2191 541 2438 595 eumdem
2476 545 2803 612 apostolum,
2847 547 2915 600 ita
2956 563 3076 604 esse
3101 549 3254 616 velit,
3284 565 3347 605 ac
3371 550 3414 605 si
3441 566 3544 606 non
3571 550 3785 608 haben-

2193 638 2311 694 tes;
2362 646 2460 686 nec
2508 647 2695 688 vocare
2742 636 2946 691 dubitat
2969 640 3128 693 etiam
3161 641 3338 695 uxoris
3367 639 3664 698 adulterum
3694 645 3787 699 in-

2194 728 2580 789 temperantem
2628 725 2902 789 maritum,
2948 743 3106 783 omne
3130 730 3394 784 ‘connubii
3424 730 3619 787 bonum
3648 747 3790 803 pcn-

2193 825 2318 866 sans
2345 828 2450 867 non
2478 815 2764 884 cupiditate
2790 820 2966 872 carnis
2991 861 3004 884 ,
3029 819 3121 874 sed
3147 821 3249 876 lide
3278 823 3452 892 potius
3471 825 3787 888 ‘castitatis';

2195 917 2300 956 non
2328 904 2517 958 morbo
2543 907 2803 973 passionis
2825 949 2839 971 ,
2871 909 2965 963 sed
2992 910 3192 965 laedere
3217 913 3642 981 conjunctionis;
3675 930 3788 970 non

2193 994 2462 1065 voluptate
2503 996 2772 1065 libidinis,
2815 1000 2908 1053 sed
2948 1001 3219 1057 voluntate
3261 989 3607 1074 propaginis?
3651 1006 3788 1060 Nam

2195 1086 2472 1141 mulierem
2511 1089 2625 1143 viro
2666 1090 2876 1144 nonnisi
2912 1092 3198 1161 generandi
3240 1109 3396 1148 causa
3428 1095 3668 1164 perhibet
3697 1099 3786 1151 in-

2194 1178 2430 1232 stitutam
2453 1220 2468 1244 ,
2509 1179 2649 1235 unde
2679 1190 2782 1236 tam
2815 1182 2902 1238 diu
2931 1185 3124 1239 frustra
3145 1227 3160 1250 ,
3192 1186 3341 1256 quasi
3371 1187 3648 1258 quisquam
3681 1189 3789 1246 huc

2194 1279 2435 1324 nostrum
2487 1282 2741 1342 negaret,
2789 1274 3162 1345 disputandum
3211 1280 3422 1348 putasti.
3471 1280 3594 1336 illuc
3640 1285 3789 1337 enim

2195 1369 2319 1416 sunt
2352 1361 2418 1418 de
2443 1365 2543 1419 hac
2572 1380 2630 1419 re
2657 1367 2817 1420 verba
2846 1368 2960 1437 ejus
2991 1369 3042 1422 in
3074 1369 3211 1424 libro
3240 1370 3306 1424 tle
3339 1371 3590 1427 Paradiso
3620 1389 3634 1426 :
3671 1392 3689 1424 ι
3730 1374 3790 1429 Si

2196 1453 2356 1522 igitur
2400 1456 2517 1510 viro
2544 1497 2558 1520 ,
2603 1475 2635 1508 ιι
2690 1457 2888 1528 inquit,
2942 1477 2962 1512 ι
3013 1460 3184 1530 culpae
3217 1471 3404 1517 auctor
3435 1471 3516 1518 est
3552 1465 3789 1530 mulier,

2197 1545 2645 1621 quemadmodum
2691 1562 2789 1618 pro
2826 1549 2971 1605 bono
3012 1551 3219 1608 videtur
3238 1551 3494 1624 adjecta?
3518 1555 3713 1611 Verum
3743 1557 3790 1611 si

2197 1624 2505 1691 consideres
2528 1678 2543 1702 ,
2575 1638 2696 1708 quia
2727 1640 2835 1696 Deo
2865 1642 3224 1699 universitatis
3253 1656 3335 1700 est
3362 1661 3486 1702 cura
3508 1689 3523 1710 ,
3547 1648 3790 1705 invenies

2198 1729 2316 1798 plus
2355 1729 2568 1798 placere
2611 1731 2835 1787 Domino
2879 1733 3127 1791 debuisse
3155 1735 3302 1790 idin
3327 1751 3432 1807 quo
3460 1749 3602 1794 esset
3627 1754 3790 1795 causa

2200 1822 2554 1877 universitatis
2579 1865 2592 1890 ,
2631 1839 2789 1894 quam
2827 1826 3287 1883 condemnandum
3321 1827 3490 1885 l'uisse
3519 1829 3652 1886 illud
3684 1833 3700 1863 ¹
3736 1834 3790 1886 ill

2199 1927 2306 1982 quo
2342 1922 2485 1968 esset
2528 1930 2685 1970 causa
2727 1918 2949 1986 peccati.
2991 1918 3115 1973 ideo
3155 1921 3276 1990 quia
3306 1936 3370 1974 ex
3401 1921 3513 1976 viro
3537 1922 3654 1977 solo
3683 1937 3792 1976 non

2200 2012 2410 2073 poterat
2435 2004 2649 2060 humani
2675 2021 2796 2063 esse
2823 2010 3036 2078 generis
3064 2012 3371 2082 prapagatio
3389 2053 3404 2078 ,
3431 2013 3794 2082 pronuntiavit

2201 2094 2458 2150 Dominus
2482 2137 2498 2162 ,
2522 2111 2625 2151 non
2651 2112 2771 2152 esse
2787 2098 2983 2154 bonum
3001 2101 3172 2155 solum
3201 2102 3469 2158 hominem
3493 2119 3612 2159 csse
3633 2103 3789 2177 (Cen.

2200 2199 2267 2252 ll,
2315 2185 2425 2255 18).
2467 2187 2648 2242 Maluit
2686 2189 2826 2244 cnim
2868 2191 3006 2247 Deus
3049 2193 3230 2261 plures
3272 2207 3392 2249 esse
3408 2185 3430 2259 ,'
3454 2209 3587 2264 quos
3610 2195 3794 2251 salvos

2200 2275 2377 2332 facere
2403 2289 2618 2348 posset,
2643 2281 2836 2350 quibus
2862 2281 3084 2338 donaret
3111 2293 3409 2352 peccatum,
3434 2301 3594 2354 quam
3624 2303 3790 2342 unum

2201 2366 2373 2423 selum
2417 2371 2584 2424 Adam
2607 2411 2624 2438 ,
2669 2374 2758 2439 qui
2800 2374 2933 2429 liber
2967 2384 3111 2431 esset
3145 2391 3173 2428 a
3199 2377 3373 2446 culpa.
3406 2377 3643 2448 Denique
3670 2380 3792 2450 quia

2200 2459 2370 2527 idem,
2409 2479 2429 2514 ι
2471 2462 2678 2533 inquit,
2723 2466 3054 2535 «utriusque
3081 2476 3268 2522 auctor
3292 2477 3374 2523 cst
3400 2470 3616 2539 operis,
3647 2471 3796 2525 venit

2201 2551 2255 2606 in
2301 2552 2442 2608 hunc
2481 2554 2768 2622 mundum,
2815 2565 2867 2610 ut
2896 2557 3302 2614 salvos’faceret
3329 2567 3656 2628 peccatores.
3689 2561 3793 2614 Po-

2200 2651 2402 2698 stremo
2425 2657 2524 2700 nec
2550 2644 2680 2700 Cain
2708 2647 2972 2716 parricidii
2998 2664 3147 2704 reum
3177 2650 3482 2722 priusquam
3507 2662 3795 2722 generaret

2201 2735 2371 2805 ﬁlios,
2411 2751 2600 2806 passus
2641 2747 2725 2794 est
2764 2739 3000 2795 interire.
3034 2741 3261 2811 Ergo,-l
3289 2743 3487 2813 inquit,
3525 2763 3546 2796 ι
3574 2758 3797 2816 propter

2198 2830 2597 2900 generationem
2667 2832 3022 2888 successionis
3078 2833 3324 2889 humana:
3372 2835 3555 2894 debuit
3601 2839 3797 2894 mulier

2199 2921 2358 2993 adjici
2385 2923 2501 2978 viro
2533 2940 2553 2975 ι
2585 2922 2738 2994 (Cap.
2767 2921 2856 2998 10)

2250 3011 2363 3069 ⁸21.
2405 3013 2581 3069 Habes
2613 3029 2739 3070 ecce
2767 3016 3105 3072 Ambrosium
3135 3017 3409 3076 doctorem
3438 3035 3649 3088 meum,
3683 3033 3739 3076 et
3765 3036 3796 3077 a

2194 3111 2294 3181 tuo
2335 3106 2805 3162 memorabiliter"
2848 3109 3226 3178 praedicatum,
3267 3120 3323 3167 et
3361 3127 3496 3183 opus
3539 3114 3634 3170 Dei
3676 3129 3796 3171 esse

2199 3209 2414 3252 omnem
2461 3197 2730 3254 hominem
2775 3209 2935 3270 atque
2978 3200 3209 3256 hominis
3249 3217 3502 3272 carnem,
3541 3212 3600 3261 et
3625 3205 3795 3261 bonas

2199 3301 2321 3344 esse
2361 3290 2572 3360 nuptias
2611 3291 2665 3345 in
2692 3302 2946 3363 quantum
2978 3303 3102 3350 sunt
3131 3295 3327 3365 nuptiae
3347 3339 3363 3366 ,
3392 3312 3498 3355 non
3522 3298 3689 3355 modo
3718 3300 3799 3354 fa-

2201 3385 2666 3447 tentem,'verum
2708 3384 2869 3439 etiam
2917 3384 3309 3443 defendentem.
3351 3386 3606 3446 LJarnvero
3655 3391 3798 3462 quell

2201 3482 2299 3540 per
2336 3471 2596 3542 originale
2631 3485 2904 3544 peccatum
2941 3493 3099 3534 sacro
3135 3479 3443 3548 Baptismati
3473 3481 3606 3540 nihil
3632 3483 3799 3540 dero-

2199 3571 2322 3632 get,
2350 3563 2596 3634 superius
2619 3564 3015 3636 demonstravi,
3033 3569 3256 3641 quando
3277 3568 3391 3642 ejus
3417 3574 3570 3644 posui
3587 3575 3798 3644 verba,

2201 3651 2292 3708 ubi
2328 3651 2495 3722 dicit,
2543 3672 2565 3708 (
2599 3654 3063 3728 ἱιίιιωᾶυειίῆοπί
3099 3676 3130 3716 a
3174 3665 3542 3732 peccatogcui
3569 3679 3671 3736 per
3694 3665 3801 3720 Ba-

2202 3743 2455 3814 ptismum
2478 3755 2690 3816 peccata
2716 3750 3058 3806 remittuntur
3079 3753 3299 3806 omnia)
3330 3753 3564 3825 (Supra,
3590 3773 3649 3811 η.
3682 3757 3800 3825 η).

2208 3833 2467 3890 ‹-·.1ιιειυῐη
2495 3851 2657 3907 porro
2678 3839 2765 3894 ille
2789 3839 3075 3896 Deum-ubi
3107 3858 3209 3897 non
3243 3844 3493 3914 pra-dicat
3512 3887 3528 3911 ,
3553 3849 3805 3918 aut'quis

2203 3925 2270 3982 de
2311 3926 2414 3982 hoc
2452 3936 2625 3997 poteSt
2660 3929 2954 3985 catholicus
2991 3931 3235 3988 dubitare
3262 3933 3622 4001 christianos,
3653 3937 3808 4006 quod

2203 4031 2340 4085 pelle
2364 4026 2420 4071 et
2443 4033 2629 4074 omnes
2659 4019 2806 4090 impii
2834 4020 3200 4078 confitentur?

2273 4111 2502 4168 CAPUT
2553 4111 2683 4168 Vill.
2713 4143 2787 4156 -—
2827 4114 2915 4168 22.
2939 4115 3208 4183 'Quilltum
3236 4118 3363 4173 illud
3392 4127 3806 4184 restat,‘utrnm

2203 4201 2448 4258 videatur
2491 4204 2775 4261 Ambrosio
2811 4205 3370 4280 humanam-capacem
3398 4209 3807 4280 justiticatit'lnis

2204 4305 2260 4350 et
2307 4295 2648 4365 perfectionis
2690 4313 2812 4354 esse
2851 4310 3126 4367 naturam;
3171 4318 3271 4358 nec
3303 4304 3370 4357 ab
3400 4303 3500 4359 hac
3528 4307 3808 4361 sententia

2206 4397 2486 4458 propterea
2512 4401 2794 4447 revocetur
2812 4433 2826 4460 ,
2856 4394 2978 4461 quia
3007 4409 3151 4465 saepe
3179 4411 3242 4451 ac
3267 4397 3448 4451 multis
3470 4397 3646 4453 modis
3670 4399 3810 4453 dicit

2205 4493 2418 4536 omnem
2462 4482 2736 4540 hominem
2782 4487 2883 4540 sub
2923 4497 3140 4555 peccato
3181 4489 3358 4556 nasci,
3391 4499 3444 4543 et
3471 4505 3592 4546 esse
3620 4491 3805 4562 ipsum

2205 4580 2380 4628 ortum
2419 4573 2535 4643 ejus
2571 4575 2624 4630 in
2659 4577 2807 4632 vitio.
2835 4576 3038 4632 'Verum
3067 4588 3123 4634 et
3155 4579 3254 4634 hoc
3276 4579 3386 4650 jam
3411 4594 3572 4652 supra
3597 4581 3806 4648 docui,

2205 4661 2295 4717 ubi
2339 4679 2459 4718 eum
2498 4665 2618 4722 loco
2645 4667 2762 4736 ipso
2791 4669 2951 4738 paulo
2981 4678 3101 4740 post
3127 4670 3326 4727 dixisse
3353 4673 3677 4739 memoravi,
3709 4691 3730 4725 t
3771 4689 3808 4728 ι

2203 4751 2403 4810 Christi
2441 4771 2603 4814 carne
2645 4759 2952 4815 damnatum
2991 4777 3114 4818 esse
3156 4774 3470 4834 peccatum,
3515 4765 3660 4835 quod
3706 4781 3812 4821 na-

2206 4849 2406 4904 scendo
2451 4865 2556 4906 non
2598 4853 2797 4921 sensit,
2839 4855 2979 4926 quod
3019 4856 3296 4912 moriendo
3321 4857 3619 4923 cruciﬁxit,
3649 4869 3716 4914 ut
3748 4859 3808 4915 in

2206 4952 2370 4994 carne
2410 4949 2591 4995 nostra
2629 4952 2772 4998 esset
2808 4942 3116 5015 jnstilicatio
3158 4963 3251 5017 per
3274 4948 3494 5018 gratiam
3515 4990 3532 5016 ,
3564 4951 3654 5004 ubi
3683 4947 3811 5004 erat

2207 5039 2332 5085 ante
2359 5031 2588 5088 colluvie
2611 5048 2712 5104 per
2740 5037 2948 5107 culpam
2983 5055 3004 5090 ο
3039 5036 3202 5109 (Ibid.
3233 5055 3286 5095 ll.
3317 5039 3395 5112 5).
3425 5039 3501 5094 illi
3524 5041 3672 5096 enim
3700 5057 3809 5096 nae

2208 5130 2380 5178 turam
2401 5124 2786 5184 demonstravit
2810 5131 3093 5186 humanam
3117 5173 3132 5199 ,
3157 5132 3317 5188 etiam
3341 5133 3496 5188 istam
3513 5175 3527 5197 ,
3552 5149 3676 5205 qum
3701 5134 3808 5190 sub

2209 5227 2429 5288 peccato
2455 5221 2689 5276 nascitur
2706 5263 2722 5290 ,
2753 5231 2806 5278 et
2834 5223 2986 5294 cujus
3005 5231 3155 5280 ortus
3183 5225 3236 5281 in
3265 5226 3394 5283 vitio
3417 5237 3538 5294 est,
3571 5241 3696 5283 esse
3713 5226 3808 5297 ju-

2209 5309 2542 5366 stilicationis
2586 5328 2836 5393 capacem
2879 5333 2897 5370 :
2940 5316 3035 5373 sed
3075 5333 3207 5375 sane
3247 5334 3345 5391 per
3367 5320 3627 5391 gratiam,
3656 5320 3805 5392 quod

2209 5403 2480 5459 inimicum
2507 5415 2590 5460 est
2609 5407 2760 5464 vobis
2779 5449 2794 5474 ,
2818 5409 2991 5464 eidem
3011 5412 3198 5482 gratire
3218 5413 3524 5469 crudelibus
3545 5414 3804 5471 inimicis.

2211 5495 2406 5552 Verum
2433 5497 2482 5552 si
2519 5497 2619 5554 hoc
2646 5515 2835 5571 parum
2863 5509 2976 5569 est,
3004 5518 3190 5558 rursus
3215 5503 3341 5574 quid
3371 5504 3551 5573 dicat,
3582 5505 3806 5561 attende

2211 5589 2266 5646 in
2303 5590 2648 5662 Expositione
2692 5593 2837 5649 lsaia:
2878 5596 3151 5666 prophetae
3179 5637 3194 5652 .
3232 5615 3252 5650 ι
3287 5595 3611 5662 Videamus,
3652 5615 3674 5650 ι
3720 5598 3808 5654 in-

2275 5708 2295 5782 :
2324 5705 2634 5782 Floriaeensis
2657 5714 2758 5780 M_s.,
2781 5721 2941 5782 qualn
3067 5707 3369 5762 caldde
3387 5707 3539 5782 fuitp
3559 5708 3717 5763 illud.

2273 5769 2295 5803 ³
2327 5773 2375 5817 tn
2397 5777 2510 5820 ante
2534 5773 2744 5830 exalsis,
2768 5769 3066 5823 illirabilt'ter.

3829 5695 3837 5742 l
