3984 6504
201 334 302 396 ιω

200 460 332 522 qpit,
375 466 395 502 ‹
430 462 499 503 ne
536 464 644 521 qua
673 450 746 506 sit
774 459 891 521 post
920 448 1076 520 hujus
1101 449 1219 504 vita:
1249 449 1571 505 curriculum
1604 461 1784 505 nostra

202 541 556 613 regeneratio,
608 539 681 597 de
728 558 828 613 qua
870 542 1071 598 dictum
1113 553 1228 607 est,
1276 540 1341 596 In
1373 543 1782 614 rcgeneratione,

201 650 302 686 cum
324 632 507 686 sederit
523 630 693 686 Filius
704 631 980 687 hominisin
1001 632 1178 687 throno
1197 633 1378 704 gloria:
1394 650 1501 688 suta
1523 653 1540 686 δ
1563 633 1782 704 (Matth.

203 739 281 776 x-Ix
301 765 314 784 .
345 721 460 791 28).
493 720 642 776 Sicut
674 723 816 778 enim
852 724 1184 794 regeneratio
1214 725 1406 779 lavacri
1438 725 1662 790 dicitur,
1693 741 1789 795 per

200 827 349 882 quam
380 810 594 867 detersa
627 823 962 882 peccatorum
990 814 1292 870 colluvione
1322 831 1644 874 renovamur
1671 817 1785 882 ;.ita

200 903 530 972 regeneratio
555 903 658 958 dici
689 903 1046 974 videtur,_per
1069 921 1226 976 quam
1255 905 1323 959 ab
1343 907 1485 960 omni
1512 921 1787 978 corporea:

198 994 553 1049 concretionis
600 995 862 1065 purificati
907 995 1072 1063 labe,
1105 996 1303 1050 mundo
1328 998 1519 1052 animae
1546 1012 1704 1053 sensu
1732 998 1784 1053 iu

199 1085 351 1138 vitam
399 1100 781 1155 regeneramur
822 1096 1097 1142 tcternam.
1133 1105 1152 1140 ι
1197 1087 1401 1158 Nempe
1438 1089 1678 1148 distinxit
1704 1091 1786 1144 vir

197 1182 407 1227 nctus
446 1183 504 1228 et
527 1190 688 1229 verax
710 1216 726 1240 ,
755 1174 1188 1244 justifieationem
1216 1177 1338 1233 vita:
1369 1178 1552 1248 hujus,
1581 1195 1701 1250 qua:
1729 1180 1787 1236 fit

199 1279 287 1333 per
327 1263 601 1318 lavacrum
631 1266 1082 1335 regenerationis.
1116 1276 1169 1323 et
1197 1267 1338 1323 illius
1365 1269 1782 1339 perfectionem,

196 1370 310 1408 cum
335 1363 391 1410 et
415 1363 602 1408 nustra
624 1371 845 1426 corpora
870 1356 1064 1412 fuerint
1085 1359 1484 1416 immortalitate
1508 1372 1784 1417 renovata.

198 1445 306 1500 Non
337 1446 519 1514 itaque
549 1445 648 1500 fuit
672 1447 982 1514 Ambrosio,
1017 1451 1256 1519 quamvis
1281 1449 1540 1507 fateretur
1564 1468 1790 1507 nasccn-

199 1539 261 1593 tis
287 1537 512 1607 originis
537 1538 722 1592 vitium
744 1580 758 1604 ,
779 1539 1176 1609 jnstifieationis
1205 1541 1481 1612 desperata
1512 1544 1783 1612 perfectio.

199 1617 323 1694 Quia
353 1628 495 1682 sicut
519 1637 602 1682 est
622 1629 850 1682 humana
875 1639 1058 1684 natura
1081 1633 1308 1688 creatori
1335 1634 1445 1690 Deo
1467 1633 1784 1704 formabilis,

200 1721 264 1774 ita
294 1719 554 1774 sanabilis
582 1719 930 1791 redemptori.

263 1832 352 1887 23.
393 1833 503 1890 Sed
528 1849 626 1891 vos
653 1836 914 1892 festinatis
931 1879 951 1904 ,
973 1845 1028 1893 et
1053 1841 1523 1912 presumptionem
1550 1852 1784 1899 vestram

203 1923 503 1980 fustinando
545 1927 909 1998 prtecipitatis.
965 1929 1062 1984 Hic
1105 1931 1248 1986 enim
1296 1931 1458 1986 vultis
1509 1931 1784 1990 hominem

202 2015 377 2084 perﬁci
400 2056 417 2081 ,
447 2024 611 2086 atque
638 2018 846 2072 utinam
859 2018 1130 2087 Deidono,
1156 2029 1217 2076 et
1230 2035 1337 2076 non
1359 2021 1548 2088 libero,
1579 2024 1660 2080 vel
1686 2039 1785 2094 po-

200 2107 300 2161 tius
332 2122 499 2163 servo
530 2110 760 2180 propria:
797 2110 1082 2167 voluntatis
1116 2111 1358 2168 arbitrio.
1397 2115 1443 2169 A
1477 2127 1579 2184 qua
1607 2115 1784 2184 perfe-

199 2199 369 2254 ctione
393 2197 615 2269 quidem
643 2201 800 2272 longe
837 2217 933 2256 vos
959 2217 1080 2257 esse
1116 2204 1325 2258 sentitis
1359 2222 1372 2258 :
1402 2205 1496 2260 sed
1524 2206 1676 2260 dolus
1701 2215 1787 2265 est

202 2290 251 2343 in
276 2304 370 2344 ore
391 2299 574 2344 vestro
594 2332 610 2355 ,
637 2292 753 2346 sive
780 2302 1085 2363 peccatores
1111 2308 1207 2348 vos
1230 2309 1350 2350 esse
1373 2295 1562 2352 dicatis
1578 2339 1594 2364 ,
1626 2307 1681 2352 et
1699 2297 1784 2365 ju-

200 2391 305 2436 stos
331 2381 481 2436 credi
512 2371 723 2449 velitis;
752 2385 868 2439 sive
903 2384 1258 2455 profiteamini
1289 2386 1670 2457 perfectionem
1693 2389 1783 2459 ju-

200 2474 374 2540 stitice,
397 2490 558 2546 quam
583 2477 824 2546 profecto
843 2478 895 2532 in
923 2479 1071 2534 vobis
1096 2494 1203 2535 non
1223 2495 1344 2536 esse
1367 2482 1598 2536 sentitis.
1621 2482 1785 2540 Justi-

199 2567 371 2622 fIcatio
415 2583 580 2638 porro
624 2569 678 2623 in
725 2569 826 2625 hac
868 2571 972 2625 vita
1014 2572 1169 2628 nobis
1211 2574 1501 2629 secundum
1545 2577 1643 2631 tria
1684 2577 1784 2632 ista

198 2656 470 2712 confertur
502 2675 516 2711 :
545 2660 714 2728 prius,
744 2660 958 2716 lavacro
993 2665 1444 2734 regenerationis,
1475 2681 1581 2736 quo
1605 2667 1787 2722 remit~

201 2754 378 2801 tuutur
389 2759 577 2804 cuncta
591 2759 808 2819 peccata
829 2769 841 2803 :
862 2751 1070 2820 deinde,
1087 2757 1466 2824 congressione
1479 2773 1600 2812 cum
1618 2759 1781 2828 vitiis,

200 2851 228 2889 a
241 2853 466 2905 quorum
478 2849 623 2894 reatu
636 2827 1062 2898 absoluti'sumus
1077 2862 1091 2899 :
1109 2847 1284 2912 tertio,
1297 2847 1422 2902 dum
1438 2858 1617 2904 nostra
1631 2827 1787 2906 exau-

203 2928 349 2981 ditur
360 2930 547 2996 oratio,
559 2947 658 3001 qua
673 2932 920 2998 dicimus,
940 2933 1146 2992 Dimitte
1155 2939 1295 2993 nobis
1305 2938 1469 2994 debita
1482 2952 1654 2996 nostra
1668 2941 1780 3016 (Id.

209 3033 286 3082 vs,
308 3018 404 3085 ιε)
422 3036 436 3084 ;
457 3023 693 3089 quoniam
712 3025 1006 3094 quamlibet
1023 3027 1227 3084 fortiter
1238 3039 1420 3085 contra
1434 3032 1559 3087 vitia
1571 3033 1785 3090 dimice-

207 3124 354 3175 mus,
378 3109 616 3168 homines
639 3128 860 3181 sumus;
882 3117 973 3173 Dei
994 3129 1180 3174 autem.
1199 3122 1365 3191 gratia
1386 3123 1463 3178 sic
1490 3139 1587 3179 nos
1610 3125 1661 3180 in
1681 3125 1782 3182 hoc

199 3202 528 3272 corruptibili
557 3219 786 3276 corpore
805 3207 1019 3278 adjuvat
1050 3210 1398 3280 dimicantes;
1427 3225 1608 3272 utnon
1639 3217 1781 3273 desit

199 3304 410 3364 propter
425 3297 571 3366 quod
581 3299 1050 3356 exaudiatveniam
1073 3304 1419 3372 postulantes.
1441 3307 1600 3387 Istam
1617 3324 1782 3380 super

200 3400 290 3440 nos
319 3385 412 3441 Dei
441 3389 906 3459 misericordiam,
924 3393 1074 3450 vobis
1099 3397 1454 3452 necessariam
1486 3385 1589 3454 non
1623 3409 1780 3470 puta-

198 3477 289 3540 tis;
321 3480 577 3548 quoniam
604 3497 671 3536 ex
695 3497 761 3537 eo
777 3499 1000 3538 numero
1025 3486 1173 3552 estis,
1197 3487 1263 3544 de
1289 3487 1481 3556 quibus
1503 3489 1556 3544 in
1572 3490 1782 3548 Psatmo

197 3567 390 3623 dictum
413 3570 948 3642 est,_Qui'con/idunt
970 3575 1022 3630 in
1056 3577 1236 3632 virtute
1265 3595 1358 3632 sua
1384 3577 1554 3651 (Psal.
1582 3596 1778 3650 XLVIII,

197 3657 277 3728 7).
307 3659 410 3715 Sed
436 3671 642 3730 quanto
659 3664 1106 3722 meliusaudimus
1119 3667 1459 3724 Ambrosium
1478 3667 1532 3725 in
1554 3671 1692 3728 libro
1711 3672 1781 3730 de

196 3749 337 3820 Fuga
358 3753 543 3808 saeculi
572 3753 870 3811 dicentem:
895 3757 1200 3828 «Frequens
1217 3759 1372 3816 nobis
1395 3761 1463 3818 de
1482 3762 1792 3833 eﬂ'ugiendo

195 3840 295 3894 isto
346 3843 551 3898 sarculo
607 3853 690 3900 est
715 3861 894 3902 sermo
940 3857 1144 3918 :atque
1182 3851 1385 3906 utinam
1411 3867 1568 3924 quam
1612 3853 1788 3910 facilis

196 3947 406 4000 sermo,
455 3945 563 3990 tam
611 3947 802 3993 cautus
829 3947 884 3994 et
909 3941 1167 3998 sollicitus
1211 3942 1450 4000 affectus.
1499 3945 1608 4001 Sed
1637 3947 1788 4016 quod-

196 4024 344 4092 pejus
370 4033 474 4093 est,
501 4026 811 4098 frequenter
835 4031 1020 4102 irrepit
1047 4041 1373 4090 terrenarum
1411 4037 1659 4093 illecebra
1685 4055 1782 4096 eu-

196 4115 475 4184 piditatum
497 4159 511 4181 ,
537 4128 592 4173 et
621 4121 906 4176 vanitatem
948 4123 1416 4182 offusiomentem
1446 4140 1692 4198 occupat,
1722 4141 1780 4188 ut

195 4205 332 4270 quod
360 4207 578 4263 studeas
604 4210 776 4268 vitare
797 4253 815 4278 ,
844 4211 945 4268 hoc
983 4214 1184 4285 cogites
1206 4259 1222 4284 ,
1249 4219 1533 4290 animoque
1572 4223 1776 4279 volvas.

195 4295 345 4362 Quod
369 4313 560 4354 cavere
576 4300 794 4360 difficile
818 4313 900 4359 est
925 4305 1145 4375 homini,
1170 4323 1366 4365 exuere
1381 4319 1556 4366 autem
1576 4312 1779 4382 impos-

198 4388 368 4443 sibile.
399 4389 640 4462 Denique
671 4395 776 4448 voti
813 4395 981 4466 magis
1013 4412 1132 4454 eam
1163 4413 1284 4454 esse
1320 4415 1430 4454 rem
1456 4417 1617 4471 quam
1647 4403 1779 4458 effe-

199 4485 338 4547 ctus,
365 4491 591 4540 testatur
619 4484 1148 4555 pcopheta.diccndo,
1176 4489 1390 4546 Declina
1418 4509 1506 4546 cor
1532 4510 1696 4549 meum
1725 4496 1778 4550 in

197 4572 478 4628 testimonia
508 4584 619 4640 tua,
643 4584 689 4631 et
705 4591 804 4630 non
824 4579 876 4631 in
891 4580 1152 4634 avaritiam
1176 4599 1196 4633 ι
1231 4580 1405 4653 (Ρεαι.
1436 4597 1618 4649 cxvm,
1648 4585 1774 4656 56).

205 4677 223 4710 t
252 4659 364 4716 Non
394 4664 537 4720 enim
562 4665 613 4719 in
645 4677 906 4736 potestate
934 4680 1114 4725 nostra
1156 4681 1238 4727 est
1281 4688 1374 4728 cor
1402 4684 1642 4730 nostrum
1669 4717 1684 4742 ,
1717 4686 1774 4733 et

200 4763 390 4810 nostra:
417 4757 772 4826 cogitationes
789 4800 807 4825 ,
837 4777 957 4831 qua:
982 4763 1268 4833 improviso
1291 4763 1476 4820 offusae
1501 4808 1516 4832 ,
1544 4777 1790 4824 mentem.

197 4844 538 4917 animumque
567 4849 934 4919 confundunt,
974 4863 1134 4924 atque
1167 4855 1272 4910 alio
1297 4857 1514 4934 trahunt
1537 4874 1694 4929 quam
1723 4869 1778 4914 tu

199 4940 566 5008 proposueris;
602 4941 669 4996 ad
704 4944 977 4999 smcularia
1017 4956 1303 5014 revocant,
1334 4949 1603 5009 mundana
1633 4951 1791 5008 inse-.

200 5038 337 5096 runt,
355 5031 691 5101 voluptuaria
714 5034 982 5104 ingerunt,
1009 5036 1318 5094 illecebrosa
1341 5039 1604 5106 intexunt,
1633 5042 1790 5112 ἤρεσε

198 5133 297 5188 que
322 5123 371 5176 in
403 5134 644 5194 tempore
663 5137 768 5196 quo
789 5127 999 5186 elevare
1021 5138 1250 5184 mentem
1277 5146 1543 5200 paramus,
1563 5133 1777 5189 insertis

200 5213 440 5272 inanibus
465 5219 900 5288 cogitationibus,
926 5221 1001 5278 ad.
1025 5232 1237 5278 terrena
1258 5225 1568 5294 plerumque
1587 5225 1776 5295 dejici-

199 5321 315 5361 mur
343 5328 360 5361 ι
392 5309 547 5380 (Cap.
576 5310 661 5382 1).
695 5311 820 5367 Haec
845 5313 891 5367 si
922 5329 1015 5369 vos
1043 5330 1146 5368 non
1191 5315 1464 5384 patimini;
1498 5318 1774 5388 ignoscite,

201 5411 303 5451 non
327 5399 475 5454 vobis
501 5401 792 5470 credimus,
819 5401 915 5458 sed
944 5403 996 5457 in
1020 5403 1101 5458 his
1122 5405 1297 5475 potius
1317 5407 1486 5461 sancti
1509 5407 1776 5463 Ambrosii

203 5489 372 5544 verbis
393 5491 656 5560 quoddam
682 5493 976 5563 speculum,
997 5503 1053 5549 et
1074 5495 1174 5550 hoc
1202 5497 1255 5551 εἱ-
1274 5497 1600 5567 proficimus,
1629 5499 1776 5554 com-

203 5579 374 5633 munis
400 5580 646 5636 humana:
673 5583 991 5640 infirmitatis
1013 5587 1370 5656 agnoscimus.
1404 5587 1569 5642 Vobis
1598 5598 1774 5644 autem

204 5668 404 5724 etiamsi
425 5671 724 5738 credamus,
749 5684 804 5729 et
821 5675 1078 5738 dicamus,
1104 5676 1262 5730 Orate
1285 5693 1379 5747 pro
1401 5679 1574 5746 nobis,
1599 5689 1655 5733 ut
1677 5695 1776 5736 nec

207 5769 302 5813 nos
340 5759 438 5815 ista
468 5761 762 5832 patiamur;
800 5765 874 5821 ita
902 5781 995 5822 vos
1037 5767 1332 5826 invenimus
1369 5769 1536 5825 elatos
1571 5780 1622 5824 et
1660 5771 1764 5828 alta

1549 332 1746 390 blBER
1786 331 2164 391 SECUNDUS.

3375 351 3479 407 690

1899 451 2244 520 snpientcsut
2271 453 2811 524 rcspondcatisnobis
2835 499 2849 524 ,
2881 473 2985 512 nou
3024 459 3196 516 solum
3239 463 3336 518 ista
3378 482 3473 522 vos

1895 557 2002 597 non
2030 542 2173 611 pati,
2201 559 2386 599 verum
2415 547 2574 600 etiam
2606 547 2658 601 in
2695 547 2926 604 hominis
2946 565 3066 606 esse
3095 562 3375 621 potestate,
3411 571 3478 609 ne

1893 633 1992 686 ista
2023 634 2273 704 patiatur,
2307 652 2405 692 nec
2434 653 2554 694 esse
2582 653 2801 696 causam
2826 657 2921 696 cur
2945 643 3013 698 ad
3041 643 3142 701 hoc
3167 646 3258 700 Dei
3288 663 3478 718 posca-

1895 733 1982 777 tur
2001 724 2277 780 auxilium.

1963 817 2064 872 24.,
2085 816 2294 884 Quanto
2337 835 2464 891 ergo
2504 822 2692 878 melius
2739 824 3027 884 identidem
3074 830 3318 886 audimus
3347 832 3477 887 Anu

1891 909 2128 966 brosium
2158 911 2251 967 Dei
2275 914 2499 983 gratiam
2530 916 2870 974 confitentem
2897 962 2912 986 ,
2946 937 3044 978 nec
3064 924 3130 981 de
3151 941 3244 981 sua
3279 927 3474 982 virtute

1891 1001 2269 1067 confidentem,
2300 1005 2390 1072 qui
2433 1021 2553 1059 cum
2603 1007 2718 1063 tunc
2760 1009 2982 1067 dixisset
3011 1012 3204 1082 adjecit
3236 1033 3250 1069 :
3289 1034 3307 1068 σ
3345 1016 3475 1084 Quis

1893 1103 2072 1148 autem
2098 1102 2206 1148 tam
2229 1096 2435 1159 beatus,
2461 1098 2547 1165 qui
2576 1099 2626 1153 in
2645 1101 2804 1155 corde
2831 1117 2928 1156 suo
2952 1117 3164 1175 semper
3183 1111 3476 1166 ascendat?

1893 1184 1998 1238 Sed
2028 1184 2128 1241 hoc
2170 1187 2284 1240 sine
2331 1189 2546 1243 auxilio.
2571 1190 2751 1245 divino
2798 1194 2886 1262 qui
2919 1193 3031 1249 fieri
3078 1200 3292 1264 potest?
3320 1199 3476 1255 Nullo

1893 1276 2134 1345 profecto
2181 1278 2360 1332 modo.
2399 1280 2674 1352 Denique,
2710 1303 2728 1334 ι
2774 1285 2980 1354 inquit,
3045 1305 3063 1338 ι
3101 1303 3257 1357 supra
3287 1289 3474 1344 eadem

1889 1368 2162 1440 Scriptura
2193 1369 2321 1424 dicit
2351 1386 2366 1424 :
2400 1371 2587 1427 Beatus
2614 1375 2688 1428 vir
2708 1375 2856 1447 cujus
2878 1386 2949 1431 est
2983 1379 3230 1433 auxilium
3253 1381 3360 1450 ejus
3389 1383 3477 1436 abs

1892 1470 1959 1524 te,
1987 1459 2231 1525 Domine;
2247 1478 2483 1516 ascensus
2502 1464 2554 1516 in
2574 1465 2727 1518 corde
2746 1466 2853 1537 ejus
2883 1486 2902 1519 ι
2934 1467 3103 1539 (Ρδαι.
3127 1486 3346 1534 Lxxxm,
3371 1471 3473 1542 6):

1897 1570 1928 1602 «ι
1948 1552 2184 1622 Itemque
2214 1552 2364 1607 idem.
2383 1554 2495 1623 ipse
2523 1556 2573 1610 in
2594 1556 2728 1611 libro
2743 1557 2810 1612 de
2826 1555 3170 1614 Sacramento
3196 1575 3479 1631 regenera-

1895 1643 2096 1698 tionis:
2131 1662 2151 1697 ς
2187 1643 2318 1712 Quis
2347 1644 2508 1716 igitur
2531 1654 2634 1716 est,
2671 1665 2691 1701 ›
2727 1648 2918 1718 inquit,
2951 1668 2970 1703 ι
3007 1653 3100 1720 qui
3126 1667 3287 1706 carne
3314 1652 3478 1708 utitur

1891 1737 1956 1792 ad
1983 1737 2335 1809 operandum,
2362 1740 2464 1794 nisi
2489 1740 2705 1794 anima?
2742 1743 2883 1813 Ergo
2909 1744 3156 1816 princeps
3181 1754 3238 1800 et
3263 1745 3478 1801 domina

1890 1829 2067 1883 carnis
2094 1830 2410 1886 naturaliter
2449 1831 2627 1886 anima
2675 1841 2795 1898 est,
2838 1849 2956 1904 quae
2997 1835 3218 1890 domare
3256 1852 3475 1894 carnem

1889 1919 2118 1978 debetet
2138 1936 2345 1994 regere.
2366 1921 2596 1994 Ideoque
2613 1923 2841 1995 Spiritus
2861 1927 3031 1983 sancti
3052 1925 3184 1984 fulta
3205 1930 3474 1999 prmsidio,

1887 2012 2020 2068 dicit
2065 2013 2116 2066 in
2150 2013 2394 2083 Pssimo,
2446 2013 2568 2070 Non
2612 2015 2792 2071 timebo
2819 2017 2943 2088 quid
2967 2018 3122 2087 faciat
3153 2019 3277 2073 mihi
3297 2036 3416 2075 caro
3449 2039 3468 2073 ι

1889 2102 2062 2176 (Ρδαι.
2081 2119 2168 2171 sv,
2183 2104 2260 2176 5).
2291 2123 2310 2157 ι
2342 2104 2458 2175 Ipsa
2489 2105 2673 2162 eadem
2689 2105 2820 2162 dicit
2847 2108 2899 2162 in
2926 2107 3251 2174 Paulo,,Sed
3275 2111 3476 2181 castigo

1889 2215 2075 2269 corpus
2090 2217 2276 2268 meum,
2289 2209 2334 2254 et
2349 2201 2573 2256 servituti
2586 2203 2758 2273 redigo
2771 2203 2844 2274 I(l
2866 2203 2981 2258 Cor.
2998 2220 3071 2268 Ix,
3084 2203 3199 2275 27).
3211 2225 3229 2256 t
3240 2203 3478 2275 Castigat

1889 2306 2017 2361 ergo
2037 2293 2233 2349 Paulus
2263 2295 2399 2365 quod
2427 2295 2592 2364 ipsius
2618 2305 2719 2363 est,
2753 2311 2858 2350 non
2883 2297 3024 2368 quod
3056 2297 3168 2367 ipse
3189 2307 3291 2353 est.
3313 2298 3472 2352 Aliud

1889 2383 2032 2439 enim
2070 2386 2209 2455 quod
2249 2387 2444 2457 ipsius,
2475 2387 2619 2442 aliud
2653 2389 2794 2459 quod
2833 2389 2947 2458 ipse
2968 2389 3470 2460 est.Castigatquod

1889 2475 2056 2546 ipsius
2083 2484 2183 2544 est,
2218 2488 2277 2532 ut
2304 2487 2529 2534 mortem
2556 2479 2607 2534 in
2632 2494 2692 2535 se
2722 2481 2950 2536 lasciviae
2973 2482 3270 2550 corporalis
3297 2483 3472 2552 justus

1889 2578 2160 2636 operetur.
2199 2589 2218 2622 ι
2249 2569 2513 2639 Numquid
2554 2581 2769 2625 sanctus
2793 2572 3107 2628 Ambrosius
3133 2573 3346 2642 quando
3373 2574 3472 2629 ista

1889 2657 2133 2724 dicebat,
2163 2674 2266 2714 non
2294 2675 2412 2714 cum
2441 2660 2580 2715 vitiis
2615 2660 2970 2732 conﬂigebat?
2997 2678 3107 2718 non
3138 2665 3263 2718 vitia
3289 2665 3472 2719 vince-

1889 2750 2018 2806 bat?
2051 2766 2158 2806 non
2182 2753 2471 2808 exercitum
2501 2753 2785 2823 quemdam
2824 2753 3090 2809 variarum
3119 2756 3468 2825 cupiditatqu

1889 2840 2026 2896 intra
2057 2850 2230 2898 semet
2258 2843 2466 2912 ipsum,
2501 2853 2749 2914 tanquam
2789 2843 2986 2900 Christi
3026 2846 3180 2900 miles
3224 2847 3472 2916 egregius

1888 2931 2220 2988 debellabat?
2240 2949 2346 2989 non
2367 2949 2562 3004 corpus
2575 2937 2846 3006 proprium
2860 2937 3145 3007 castigabat
3159 2939 3182 2992 ?
3195 2937 3460 3009 Numquid

1887 3042 1994 3082 non
2023 3027 2285 3095 superatis
2312 3036 2367 3082 et
2404 3029 2722 3097 oppugnatis
2757 3027 2956 3084 diaboli
2996 3028 3249 3097 operibus
3275 3071 3287 3094 ,
3335 3044 3469 3098 opus

1888 3117 1978 3171 Dei
2008 3130 2128 3170 cum
2154 3131 2319 3187 Opere
2345 3117 2460 3185 Dei,
2486 3118 2586 3172 hoc
2611 3127 2712 3184 est,
2741 3118 2918 3173 anima
2947 3134 3068 3173 cum
3087 3133 3250 3175 carne
3279 3134 3466 3188 pacem

1881 3206 2106 3278 juSIiIite
2130 3209 2435 3279 requirebat
2459 3249 2473 3274 ,
2506 3218 2566 3264 ut
2595 3224 2698 3263 non
2730 3209 2784 3264 in
2802 3225 2910 3264 sua
2932 3209 3126 3264 virtute
3154 3209 3430 3265 confidens
3449 3239 3476 3275 ,-

1887 3302 1981 3358 sed
2011 3303 2148 3358 sicut
2172 3304 2268 3371 ait,
2303 3321 2322 3356 ι
2359 3303 2591 3374 Spiritus
2615 3304 2784 3359 sancti
2805 3303 2937 3358 fulta
2970 3304 3217 3373 praesidio
3242 3303 3467 3371 diceret,

1888 3393 2012 3448 Non
2040 3393 2220 3449 timebo
2254 3395 2376 3464 quid
2419 3396 2571 3467 faciat
2615 3394 2932 3454 mihi-caro?
2964 3413 2984 3448 ι
3027 3393 3168 3450 Ecce
3200 3393 3469 3464 quomodo

1887 3494 2074 3540 natura
2107 3485 2337 3540 humana
2358 3500 2523 3555 capax
2545 3485 2941 3554 justificationis
2967 3485 3266 3539 ostenditur
3295 3503 3309 3540 :
3337 3499 3465 3538 ecce

1885 3574 2156 3646 quomodo
2199 3574 2372 3630 virtus
2423 3576 2477 3630 iu
2527 3574 2832 3632 infirmitate
2881 3574 3158 3646 perficitur
3207 3575 3286 3646 (ll
3338 3573 3458 3630 Cor.

1884 3685 1988 3735 xu,
2023 3668 2116 3738 9-).-

1953 3761 2044 3816 25.
2085 3760 2191 3816 Sed
2228 3760 2507 3816 audiamus
2543 3762 2613 3818 de
2655 3761 2758 3818 hac
2799 3777 2859 3817 re
2902 3762 3060 3816 etiam
3091 3761 3470 3817 victoriosissi-

1885 3867 2029 3906 mum
2053 3860 2338 3923 martyrem
2360 3853 2680 3924 Cyprianum
2708 3853 2760 3908 in
2786 3853 3006 3922 epistola
3027 3852 3096 3908 de
3116 3852 3464 3906 Mortalitate:

1891 3961 1912 3997 α
1954 3944 2087 4000 Cum
2113 3945 2334 3999 avaritia
2377 3946 2559 4012 nobis,
2599 3965 2618 3999 ι
2653 3946 2859 4016 inquit,
2895 3964 2915 3998 ι
2951 3961 3072 4001 cum
3101 3945 3462 4015 impudicitia,

1885 4051 2004 4091 cum
2035 4037 2111 4091 ira
2133 4077 2146 4100 ,
2174 4051 2294 4091 cum
2325 4037 2616 4092 ambitione
2645 4037 2952 4107 congressio
2981 4047 3057 4091 est
3079 4053 3094 4102 ;
3118 4051 3238 4091 cum
3265 4051 3464 4092 carna-

1885 4128 2024 4183 libus
2052 4128 2214 4193 vitiis,
2245 4142 2366 4183 cum
2391 4129 2654 4184 illecebris
2673 4129 3014 4184 saecularibus
3033 4128 3243 4184 assidua
3269 4137 3324 4183 et
3352 4145 3467 4183 mo-

1885 4218 2016 4274 lesta
2050 4219 2266 4274 luctatio
2297 4229 2398 4274 est.
2430 4218 2660 4275 Obsessa
2687 4234 2839 4273 mens
2871 4218 3121 4286 hominis,
3151 4219 3464 4288 et~undique

1884 4311 2079 4365 diaboli
2107 4309 2448 4365 infestatione
2474 4311 2666 4364 vallata
2691 4351 2705 4374 ,
2731 4311 2820 4364 vix
2849 4310 3082 4365 occurrit
3108 4309 3351 4378 singulis,
3375 4307 3463 4362 vix

1883 4401 2102 4456 resistit.
2140 4401 2195 4455 Si
2223 4401 2440 4455 avaritia
2468 4409 2729 4470 prostrata
2760 4408 2874 4468 est,
2906 4400 3145 4470 exsurgit
3173 4399 3338 4454 libido
3374 4415 3386 4448 :
3420 4398 3467 4452 si

1883 4493 2048 4548 libido
2076 4508 2386 4563 compressa
2412 4501 2528 4560 est,
2561 4493 2798 4548 succedit
2841 4491 3064 4546 ambitio
3104 4506 3120 4545 :
3161 4492 3203 4544 si
3246 4489 3467 4544 ambitio

1883 4593 2318 4654 contempta-est,
2347 4585 2423 4639 ira
2451 4593 2750 4655 eanperat,
2781 4584 2930 4639 inﬂat
2955 4585 2974 4616 ¹
3009 4583 3278 4655 superbia,
3307 4583 3462 4637 vino-

1885 4675 2046 4731 lentia
2072 4677 2292 4745 invitat,
2324 4675 2884 4731 invidia-concordiam
2911 4676 3148 4746 rumpit,
3177 4674 3466 4729 amicitiam

1883 4767 2034 4822 zelus
2058 4766 2339 4822 abscindit.
2371 4767 2590 4837 Cogeris
2620 4766 2975 4831 maledicere,
3005 4765 3146 4836 quod
3174 4765 3350 4819 divina
3376 4765 3466 4820 lex

1884 4858 2165 4928 prohibet;
2209 4857 2544 4926 compelleris
2585 4857 2767 4926 jurare
2791 4897 2805 4921 ,
2849 4855 2990 4927 quod
3031 4870 3138 4910 non
3181 4855 3324 4910 licet.
3364 4853 3467 4910 Tot

1884 4951 2286 5021 persecutiones
2327 4951 2538 5004 animus
2568 4949 2801 5019 quotidie
2832 4948 3030 5020 patitur
3051 4990 3067 5017 ,
3102 4957 3180 5003 tot
3207 4948 3483 5017 periculis.

1883 5051 2068 5112 pectus
2110 5050 2356 5112 urgetur,
2383 5051 2436 5096 et
2477 5041 2708 5095 delectat
2751 5041 2836 5094 hic
2885 5041 3022 5096 inter
3046 5038 3237 5094 diaboli
3263 5037 3465 5108 gladios
3537 5085 3556 5092 -

1882 5134 1972 5190 diu
1995 5144 2156 5199 stare,
2177 5148 2297 5188 cum
2317 5133 2482 5202 magis
2499 5132 2984 5202 concupiscendum
3000 5132 3134 5187 sitet
3147 5130 3459 5201 optandum,

1881 5227 1947 5282 ad
1975 5225 2242 5282 Christum
2267 5225 2616 5281 subveniente
2641 5225 2874 5280 velocius
2903 5233 3074 5279 morte
3093 5238 3400 5295 properare.
3440 5241 3458 5272 ρ

1882 5318 2037 5373 Absit
2063 5327 2240 5372 autem
2271 5325 2597 5371 Iit-sanctum
2635 5313 2956 5387 Cyprianum
2983 5321 3074 5368 aut
3101 5328 3319 5367 avarum
3349 5311 3463 5366 exi-

1880 5407 2164 5462 stimemus
2189 5406 2379 5470 fuisse,
2410 5407 2531 5476 quia
2563 5421 2682 5461 cum
2703 5401 2968 5465 'avaritia;
2997 5411 3088 5457 aut
3111 5401 3457 5472 impudicum,

1881 5497 2001 5567 quia
2029 5510 2149 5552 cum
2178 5494 2541 5566 impudicitia;
2573 5503 2663 5549 aut
2708 5494 2799 5548 irte
2844 5491 3112 5548 subditum
3134 5532 3149 5560 ,
3189 5491 3313 5561 quia
3339 5503 3458 5547 cum

1943 5718 1962 5784 ξ
1994 5716 2334 5784 Inv.,.inst_at.
2383 5716 3040 5784 attamenhsupra,“cor_t‘tra
3075 5709 3453 5784 duasttpistoht

1885 5769 2246 5841 Pelagianorum
2267 5777 2388 5828 libro
2411 5779 2458 5840 4,
2502 5790 2550 5826 n.
2585 5774 2663 5835 2'7,
2681 5769 2788 5824 cum
2805 5769 2912 5822 aliis
2932 5769 3085 5834 libris,
3107 5772 3258 5838 inﬂat.
