3984 6494
1277 175 1302 196 κ

499 351 593 410 σθι
1273 339 1542 398 CONTRA
1583 337 1918 396 JCLl.\NU)l
1959 329 2420 403 PELKGMNUM,
2463 335 2522 391 S.
2566 333 2934 392 AUGUSTIN—l

495 466 606 532 ira;
633 471 725 520 aut
750 459 1089 517 ambitiosum
1115 499 1130 524 ,
1171 471 1294 526 quia
1323 471 1443 510 cum
1489 453 1816 518 ambitione;
1845 458 1936 504 aut
1960 463 2080 504 car-

495 557 672 612 nalem
694 593 710 618 ,
735 553 858 621 quia
885 564 1005 604 cum
1036 545 1340 603 carnalibus
1367 545 1544 609 vitiis;
1570 551 1663 598 aut
1700 541 1880 598 saeculi
1919 540 2079 608 hujus

495 653 788 702 amatorem
812 682 829 708 ,
859 639 980 710 quia
999 652 1122 694 cum
1147 636 1412 692 illecebris
1437 633 1816 698 saecularibus;
1847 641 1938 686 aut
1963 629 2080 684 libi-

495 739 762 800 dinosum,
793 734 914 804 quia
939 746 1060 787 cum
1083 729 1337 794 libidine;
1367 736 1459 782 aut
1480 726 1789 798 superbum,
1814 723 1938 794 quia
1957 737 2080 779 cum

492 829 780 902 superbia;
808 837 899 882 aut
921 825 1249 882 vinolentum
1271 863 1289 892 ,
1315 822 1436 894 quia
1476 835 1598 876 cum
1637 816 1961 881 vinolentia;
1988 823 2081 870 aut

491 921 753 986 invidum,
775 918 899 990 quia
923 930 1044 972 cum
1074 913 1270 970 invidia
1294 910 1632 982 conﬂigebat.
1663 907 1772 963 lmo
1797 922 1926 962 vero
1953 905 2079 960 ideo

491 1013 630 1070 nihil
657 1026 842 1068 eorum
877 1017 1031 1075 erat,
1057 1006 1180 1079 quia
1207 1004 1293 1060 his
1333 1004 1488 1059 malis
1531 1001 1762 1057 motibus
1791 999 1982 1069 partim
2014 996 2080 1051 de

411 1081 423 1098 \
494 1103 724 1175 origine,
755 1100 950 1172 partim
977 1098 1045 1154 de
1073 1094 1461 1153 consuetudine
1485 1091 1840 1155 venientibus,
1873 1088 2080 1143 fortiter

493 1191 804 1260 resistebat,
829 1206 932 1248 non
959 1188 1305 1259 acquiescens
1334 1199 1454 1240 esse
1477 1224 1491 1249 ,
1523 1181 1664 1252 quod
1695 1195 1817 1235 eum
1843 1195 1961 1234 esse
1983 1193 2080 1233 co-

493 1284 712 1356 gebant.
739 1282 848 1338 Nec
872 1281 992 1336 ideo
1022 1286 1199 1334 tamen
1229 1277 1281 1330 in
1327 1283 1433 1330 tam
1463 1272 1766 1344 periculoso
1787 1269 2080 1326 laborioso-

493 1390 603 1447 que
625 1373 912 1430 certamine
932 1371 1080 1426 nullo
1100 1369 1208 1425 telo
1230 1366 1518 1423 feriebatnr
1536 1362 1752 1428 hostili;
1795 1375 1916 1414 cum
1937 1359 2078 1414 dicat

492 1469 552 1525 in
582 1466 806 1537 epistola
834 1464 902 1520 de
928 1460 1304 1533 Eleemosynis
1334 1475 1349 1514 :
1385 1475 1404 1510 ι
1439 1455 1518 1512 Ne
1557 1453 1836 1526 quisquam
1865 1451 1942 1505 sic
1979 1449 2080 1504 sibi

495 1559 566 1615 de
585 1573 721 1628 puro
747 1564 908 1625 atque
935 1551 1274 1608 immaculato
1300 1556 1519 1618 pectore
1559 1543 1882 1607 blandiatur,
1914 1549 1973 1595 ut
2002 1540 2081 1594 in-

493 1650 742 1708 nocentia
781 1664 876 1705 sua
917 1646 1120 1712 fretus,
1151 1641 1469 1700 medicinam
1495 1653 1602 1693 non
1645 1645 1794 1707 putet
1819 1633 2078 1688 adhiben-

495 1742 619 1798 dam
643 1755 763 1797 esse
786 1739 1097 1796 vulneribus
1119 1778 1136 1804 ,
1167 1750 1288 1791 cum
1313 1733 1568 1804 scriptum
1597 1730 1666 1806 sit
1687 1771 1700 1793 ,
1731 1727 1856 1794 Quis
1883 1727 2077 1799 gloria-

495 1835 634 1888 bitur
659 1841 854 1887 castum
880 1847 934 1885 se
976 1828 1157 1884 habere
1196 1827 1320 1882 cor?
1347 1834 1436 1880 aut
1463 1825 1578 1896 quis
1613 1822 1911 1894 gloriabitur
1935 1835 2074 1873 mun-

497 1927 620 1982 dum
647 1942 700 1980 se
725 1941 832 1980 esse
857 1940 890 1976 a
911 1922 1124 1994 peccatis
1158 1938 1176 1974 ι
1199 1917 1382 1992 (Prov.
1409 1933 1500 1983 xx,
1521 1915 1614 1984 9)?
1647 1933 1666 1968 ι
1687 1913 1756 1969 Ει
1783 1913 1999 1978 iterum,
2023 1909 2078 1964 in

497 2015 720 2086 cpistola
747 2029 838 2070 sua
858 2054 874 2080 ,
919 2031 940 2066 ι
973 2011 1174 2083 inquit,
1214 2027 1234 2062 ι
1265 2007 1499 2065 Joannes
1541 2015 1704 2076 ponat
1727 2015 1780 2059 et
1810 2003 1987 2068 dicat,
2019 1999 2079 2057 Si

497 2099 774 2164 dixerimus
799 2106 918 2177 quia
945 2112 1200 2177 peccatum
1231 2117 1332 2156 non
1359 2098 1598 2154 habemus
1615 2137 1629 2162 ,
1659 2114 1749 2151 nos
1773 2097 1910 2167 ipsos
1938 2094 2078 2148 deci-

496 2200 687 2270 pimus,
701 2207 746 2252 et
767 2197 948 2252 veritas
963 2196 1015 2249 in
1035 2193 1175 2249 nobis
1195 2209 1295 2247 non
1313 2200 1383 2246 est
1403 2191 1427 2262 (
1442 2189 1462 2244 l
1483 2189 1640 2243 Joan.
1662 2205 1699 2254 ι,
1722 2187 1810 2258 8).
1833 2187 1885 2242 Si
1900 2195 2077 2240 autem

496 2303 656 2344 nemo
679 2303 800 2344 esse
819 2288 932 2342 sine
956 2295 1177 2357 peccato
1195 2291 1393 2354 penest,
1422 2289 1476 2336 et
1500 2280 1740 2351 quisquis
1760 2294 1820 2334 se
1844 2278 2080 2345 inculpa-

497 2392 607 2436 tum
636 2395 758 2436 esse
780 2378 1001 2442 dixerit,
1024 2385 1115 2430 aut
1141 2375 1422 2445 superbus,
1449 2383 1541 2427 aut
1567 2372 1758 2426 stultus
1783 2377 1894 2435 est;
1919 2383 2078 2439 quam

493 2471 818 2534 necessaria,
850 2485 1006 2540 quam
1039 2467 1267 2537 benigna
1293 2473 1376 2520 est
1403 2464 1582 2518 divina
1611 2461 1890 2518 clementia
1914 2501 1929 2524 ,
1961 2473 2080 2529 qua:

495 2579 619 2618 cum
650 2561 784 2617 sciat
825 2574 927 2615 non
975 2558 1166 2614 deesse
1213 2555 1413 2611 sanatis
1452 2554 1693 2623 quaedam
1741 2552 2077 2623 postmodum

495 2653 740 2718 vulnera,
760 2650 906 2705 dedit
922 2647 1170 2704 curandis
1190 2647 1365 2702 denuo
1389 2644 1748 2714 sanandisque
1769 2643 2080 2698 vulneribus

498 2741 736 2798 remedia
764 2738 1046 2795 salutaria!
1084 2755 1103 2790 ι
1141 2735 1186 2792 0
1211 2736 1400 2791 doctor
1426 2733 1828 2805 praeclarissime
1853 2741 1905 2787 et
1929 2731 2080 2788 testis

494 2830 898 2901 gloriosissime,
918 2829 997 2886 sic
1015 2827 1262 2893 docuisti,
1278 2827 1354 2882 sic
1379 2824 1678 2892 monuisti‘,
1699 2823 1779 2878 sic
1795 2832 1848 2879 te
1863 2823 2081 2878 audien-

496 2923 623 2978 dum
648 2920 1065 2991 imitandumque
1090 2917 1387 2988 praebuisti.
1415 2915 1602 2972 Merito
1625 2914 1789 2970 ﬁnitis
1819 2914 1936 2968 aliis
1965 2928 2080 2968 om-

494 3012 643 3068 nium
661 3011 1007 3082 cupiditatum
1029 3008 1407 3066 certaminibus
1430 3006 1733 3076 sanatisqne
1749 3004 2074 3069 vulneribus,

494 3118 618 3180 cum
662 3109 899 3158 extrema
928 3108 984 3156 et
1027 3098 1265 3154 omnium
1315 3098 1547 3153 maxima
1575 3098 1700 3151 vita:
1747 3095 1904 3164 hujus
1931 3093 2081 3163 cupi-

495 3195 699 3262 d‘itate,
729 3209 828 3265 pro
877 3191 1076 3248 Christi
1125 3191 1350 3254 veritate
1401 3187 1684 3260 pugnasti,
1711 3197 1766 3242 et
1803 3185 1918 3257 ejus
1946 3186 1999 3241 in
2027 3193 2088 3244 te.

495 3287 681 3357 gratia:
708 3283 955 3355 largitate
982 3283 1178 3339 vicisti.
1211 3283 1408 3339 Secura
1438 3290 1522 3338 est
1545 3295 1742 3336 corona
1771 3287 1882 3344 tua,
1908 3277 2078 3332 victo-

493 3378 640 3434 riosa
669 3386 753 3434 est
781 3377 1022 3432 doctrina
1045 3383 1132 3432 tua
1158 3417 1172 3442 ,
1201 3376 1254 3430 in
1280 3389 1382 3446 qua
1410 3383 1464 3430 et
1487 3375 1619 3428 istos
1643 3372 1812 3427 vincis
1836 3370 1926 3441 qui
1951 3385 2078 3424 con-

495 3465 672 3521 ﬁdunt
715 3467 768 3520 in
799 3466 992 3524 virtute
1036 3481 1152 3522 sua.
1187 3466 1290 3537 Ipsi
1329 3465 1472 3520 enim
1520 3464 1788 3528 clamant,
1817 3459 2078 3516 Pcrlectio

491 3553 649 3610 nobis
670 3555 878 3611 virtutis
903 3570 933 3609 a
964 3556 1116 3612 nobis
1157 3563 1242 3612 est
1271 3572 1286 3607 :
1316 3563 1371 3610 tu
1397 3563 1572 3609 autem
1603 3553 1880 3615 reclamas,
1913 3569 1932 3604 ι
1968 3549 2077 3606 Ne-

492 3659 588 3700 mo
613 3645 724 3701 suis
747 3646 948 3701 viribus
975 3645 1129 3701 fortis
1157 3654 1272 3710 est,
1301 3643 1395 3700 sed
1428 3645 1523 3699 Dei
1551 3642 1875 3714 indulgentia
1900 3651 1953 3697 et
1981 3641 2080 3696 mi-

491 3735 786 3792 sericordia
817 3747 963 3793 tutus
987 3745 1092 3794 est.
1132 3755 1154 3790 ι
1531 3745 1534 3748 ‘

563 3827 655 3881 26.
696 3827 834 3882 Audi
863 3836 917 3882 et
945 3827 1308 3886 beatissimum
1340 3825 1632 3888 Hilarium,
1666 3823 1753 3878 ubi
1780 3833 1959 3893 speret
1985 3823 2081 3878 hc-

493 3917 656 3972 minis
700 3916 1098 3985 perfectionem.
1147 3917 1282 3972 Cum
1321 3915 1464 3970 enim
1503 3915 1806 3985 loqueretur
1844 3913 1909 3968 de
1951 3927 2080 3982 pace

494 4007 798 4078 evangeliea
827 4007 932 4079 (In
975 4006 1118 4062 Psal.
1149 4023 1329 4073 cxvnt,
1358 4007 1425 4060 ad
1457 4023 1588 4062 vers.
1624 4005 1696 4061 18
1724 4015 1769 4058 et
1799 4005 1956 4074 115).
1989 4003 2078 4058 ubi

493 4097 776 4166 Dominus,
806 4099 901 4167 ait,
933 4097 1118 4152 Pacem
1147 4115 1308 4152 meam
1336 4097 1402 4151 do
1426 4095 1562 4152 vobis
1588 4095 1770 4168 fJoan.
1800 4110 1912 4162 xxv,
1939 4095 2029 4164 9.7)
2063 4111 2076 4147 :

501 4206 522 4240 ι
555 4187 688 4256 Quia
715 4188 818 4250 lex,
854 4205 874 4240 ι
906 4188 1092 4257 inquit,
1118 4187 1307 4242 umbra
1335 4195 1451 4242 erat
1471 4184 1768 4240 ﬁunrornm
1790 4185 2072 4251 bonorum,

495 4280 700 4336 idcirco
723 4297 817 4352 per
843 4281 978 4336 hanc
1003 4281 1392 4351 prmlignratam
1419 4276 1823 4350 signiﬁcantiam
1847 4278 1869 4309 ³
1898 4276 2078 4332 docuit

495 4386 597 4426 nos
627 4372 680 4426 in
711 4371 812 4428 hoc
850 4372 1049 4427 terreni
1096 4380 1151 4427 et
1190 4369 1456 4426 morticini
1498 4368 1740 4438 corporis
1781 4365 2078 4422 habitacula

494 4462 728 4518 mundos
752 4477 874 4519 esse
900 4478 1004 4519 non
1032 4477 1220 4533 posse,
1248 4462 1350 4517 nisi
1375 4477 1470 4531 per
1493 4461 1818 4516 ablutionem
1845 4459 2081 4515 cmlestis

495 4553 877 4610 misericordia:
904 4553 1337 4609 emundationem
1377 4566 1786 4621 consequamur,
1818 4559 1938 4620 post
1979 4550 2077 4605 de-

494 4645 843 4700 mutationem
895 4643 1307 4700 resurrectionis
1363 4642 1560 4698 terreni
1613 4643 1856 4712 corporis
1911 4641 2076 4696 nostri

496 4731 685 4788 eﬁ'ecta
726 4733 1040 4806 gloriosiore
1086 4742 1295 4788 natura.
1334 4752 1355 4787 ι
1390 4733 1596 4788 Rursus
1639 4733 1692 4786 in
1733 4731 1922 4788 eodem
1965 4746 2081 4786 ser-

498 4837 707 4882 mone:
765 4845 784 4881 ι
821 4826 981 4896 Ipsis,
1043 4845 1062 4879 ι
1116 4827 1318 4896 inquit,
1367 4843 1388 4878 ι
1423 4824 1692 4895 Apostolis
1733 4823 1896 4879 verbo
1958 4824 2082 4880 licet

494 4915 603 4989 jam
649 4915 772 4974 ﬁdei
817 4916 1116 4974 emendatis
1159 4927 1316 4989 atque
1361 4915 1702 4972 sanctiﬁcatis
1742 4931 1846 4970 non
1894 4915 2081 4972 deesse

439 5073 448 5080 η
503 5019 684 5066 tamen
727 5011 981 5066 malitiam
1007 5051 1021 5076 ,
1053 5027 1148 5080 per
1188 5010 1547 5067 conditionem
1590 5009 1886 5064 communis
1927 5008 2081 5064 nobis

499 5101 725 5172 originis
745 5143 759 5167 ,
787 5101 968 5157 docuit
991 5101 1174 5156 dicens
1193 5143 1206 5166 ,
1241 5100 1302 5156 Si
1331 5117 1417 5156 uos
1460 5117 1573 5154 cum
1609 5102 1719 5155 sitis
1745 5101 1866 5154 mali
1883 5141 1897 5166 ,
1927 5101 2082 5154 nostis

498 5193 631 5247 bona
655 5193 773 5248 data
801 5194 924 5248 dare
950 5193 1072 5263 ﬁliis
1109 5194 1281 5248 vestris
1317 5211 1335 5246 ι
1375 5193 1394 5266 <
1415 5193 1598 5246 Matth.
1627 5209 1732 5258 vn,
1769 5194 1826 5248 ll
1847 5192 1890 5261 ).
1921 5192 2082 5248 Vides

495 5282 948 5352 quemadmodum
974 5283 1292 5340 venerabilis
1318 5283 1609 5338 catholicus
1634 5281 1953 5352 disputator,
1977 5297 2079 5338 nec

493 5373 550 5430 in
593 5373 696 5430 hac
722 5375 828 5432 vita
871 5375 1272 5432 mundationem
1304 5385 1538 5431 nostram
1579 5383 1770 5446 neget;
1808 5383 1863 5430 et
1901 5384 2078 5430 tamen

561 5530 579 5600 ξ
611 5537 792 5600 Qmues
812 5542 964 5593 prope
987 5531 1294 5600 manuscripti
1317 5529 1442 5600 loco,
1454 5525 1715 5600 monuisti,
1742 5527 1925 5600 habent
1959 5527 2080 5598 emi-

679 5588 1342 5662 Utrumquze‘ediderunt'ttm.
1380 5598 1432 5641 et
1453 5598 1527 5640 Er.
1563 5591 1656 5641 hoc
1677 5588 1834 5650 mulo,
1856 5588 1926 5640 sic
1961 5589 2082 5640 enti-

495 5651 640 5702 nus'sti
659 5651 732 5704 vel
751 5651 989 5704 monuisti.

496 5713 690 5826 “gnta.
719 5721 786 5778 _et
827 5721 958 5780 Lov.,
985 5711 1393 5780 signiﬁcationem.
1430 5721 1530 5766 Am.
1557 5720 1610 5767 et
1631 5721 1758 5778 Mss,
1803 5709 2083 5780 significan-

3669 335 3792 394 092

2187 469 2477 524 humanam
2509 468 2880 540 perfectiorem
2923 469 3186 540 Lsperet,
3227 467 3282 524 id
3325 477 3408 525 est
3433 469 3784 540 perfectioris

2185 560 2544 616 mundationis
2563 601 2580 627 ,
2611 560 2664 615 in
2693 560 2876 614 ultima
2905 561 3291 615 resurrectione
3319 571 3585 616 naturam.

2253 649 2344 704 27.
2388 650 2444 706 ln
2467 650 2692 719 quadam
2715 665 2845 704 vero
2868 648 3080 703 homilia
3105 649 3172 704 de
3201 649 3334 703 libro
3363 651 3533 704 sancti
3556 649 3660 704 Job
3689 647 3784 720 (a)

2185 741 2404 798 attende
2430 741 2556 812 quid
2584 741 2746 806 dicat,
2775 739 3220 812 quemadmodum
3247 741 3415 810 ipsius
3441 741 3640 797 diaboli
3671 743 3780 796 ad-

2186 845 2372 887 versus
2401 845 2498 886 nos
2539 831 2844 886 indcsincns
2891 831 3088 886 bellum
3135 846 3200 886 ex
3243 830 3347 886 hoc
3391 831 3506 886 ﬁeri
3543 842 3780 900 asserat,

2185 937 2306 978 cum
2336 938 2398 978 ea
2427 923 2564 977 mala
2595 937 2713 993 quae
2739 923 2792 976 in
2823 922 2976 976 nobis
3013 928 3156 987 sunt,
3185 921 3381 976 excitat
3411 932 3601 976 contra
3633 937 3778 989 nos;

2185 1012 2329 1084 quod
2355 1013 2408 1068 in
2435 1023 2672 1068 nostram
2707 1013 2818 1068 ﬁeri
2851 1013 3130 1068 utilitatem
3157 1013 3268 1067 vult
3295 1012 3494 1068 docere
3512 1057 3525 1078 ,
3552 1029 3784 1070 conver-

2187 1113 2331 1159 tentc
2361 1104 2564 1160 scilicet
2587 1103 2762 1158 divina
2796 1104 3160 1160 misericordia
3190 1103 3446 1158 malitiam
3477 1105 3678 1160 diaboli
3707 1105 3786 1161 ad

2185 1194 2548 1263 purgationem
2563 1201 2816 1248 nostram.
2830 1212 2847 1244 ε
2871 1192 3036 1248 Tanta
3053 1193 3190 1248 enim
3205 1203 3258 1248 et
3276 1203 3379 1248 tam
3391 1193 3740 1260 admirabilis,
3755 1214 3780 1247 ›

2185 1286 2374 1356 inquit,
2410 1305 2428 1339 ι
2461 1285 2514 1340 in
2543 1301 2640 1342 nos
2665 1285 3049 1342 misericordia:
3079 1285 3174 1341 Dei
3223 1285 3436 1341 bonitas
3459 1295 3568 1352 est,
3599 1295 3657 1339 ut
3683 1301 3786 1356 per

2186 1393 2342 1448 quem
2374 1383 2426 1433 in
2464 1378 2594 1433 Adin
2624 1377 2826 1434 oﬁ'ensa
2865 1378 3276 1449 generositatem
3305 1378 3495 1449 primat
3525 1387 3580 1433 et
3607 1378 3792 1433 beata:

2187 1471 2331 1526 illius
2369 1472 2655 1526 creationis
2697 1471 2975 1526 amisimus
2996 1512 3010 1537 ,
3039 1485 3138 1541 per
3165 1485 3288 1525 eum
3317 1485 3526 1524 rursum
3557 1469 3610 1524 id
3636 1468 3788 1539 quod.

2188 1561 2467 1617 amisimus
2485 1603 2500 1628 ,
2529 1561 2775 1617 obtinere
2801 1575 3122 1616 mereamur.
3167 1559 3318 1616 Tunc
3345 1560 3490 1616 enim
3531 1558 3791 1615 diabolus

2184 1652 2424 1710 invidens
2463 1655 2642 1708 nocuit
2670 1655 2729 1719 ¹;
2769 1668 2912 1709 nunc
2949 1660 3127 1708 autem
3173 1667 3294 1708 cum
3332 1667 3528 1708 nocere
3553 1651 3780 1718 nititur,

2183 1744 2430 1800 vincitur.
2457 1744 2634 1800 Movet
2672 1745 2815 1800 enim
2848 1759 2943 1814 per
2971 1743 3333 1798 inﬁrmitatem
3371 1743 3550 1798 carnis
3579 1751 3782 1797 nostra:

2183 1836 2358 1890 omnia
2381 1837 2657 1905 potestatis
2677 1850 2788 1890 suae
2815 1835 2940 1902 tela,
2961 1849 3080 1890 cum
3105 1834 3174 1889 ad
3203 1834 3476 1889 lasciviam
3498 1833 3776 1898 accendit,

2183 1943 2304 1984 cum
2330 1928 2396 1982 ad
2425 1927 2737 1983 ebrietatem
2765 1928 2936 1993 illicit,
2965 1942 3086 1981 cum
3117 1926 3182 1980 ad
3211 1926 3330 1982 odia
3359 1925 3620 1987 stimulat,
3652 1941 3782 1980 cum:

2184 2020 2250 2076 ad
2276 2019 2554 2074 avaritiam
2595 2027 2890 2090 provocat,
2931 2033 3051 2072 cum
3077 2016 3144 2072 ad
3171 2017 3347 2072 credes
3371 2015 3606 2082 instruit,
3641 2030 3774 2070 cum

2185 2111 2252 2167 ad
2273 2109 2552 2166 maledicta
2575 2110 2879 2166 exacerbat.
2905 2109 3009 2165 Sed
3029 2123 3148 2164 eum
3170 2125 3266 2180 per
3284 2107 3586 2164 ﬁrmitatem
3608 2107 3788 2162 animi

2185 2200 2374 2257 horum
2406 2202 2644 2256 omnium
2686 2200 3027 2270 subrepentia
3075 2199 3340 2255 incentiva
3369 2199 3738 2269 reprimuntur
3757 2240 3780 2264 ,

2185 2295 2538 2350 cmundamur
2575 2309 2606 2350 a
2649 2301 2871 2364 peccato
2912 2309 3010 2366 per
3045 2291 3204 2362 hujus
3239 2292 3475 2348 victoria:
3521 2291 3775 2362 gloriam.

2185 2387 2390 2441 Dictum
2411 2388 2550 2441 enim
2572 2387 2642 2440 ita
2661 2394 2742 2440 est
2761 2402 2774 2436 :
2795 2385 2892 2439 Aut
2907 2385 3154 2451 quomodo
3169 2400 3225 2439 se
3243 2381 3530 2438 emundabit
3548 2391 3700 2436 natus
3719 2397 3784 2436 es

2183 2479 2392 2533 muliere
2431 2495 2452 2530 ι
2487 2476 2620 2548 (Job
2648 2493 2774 2543 xxv,
2801 2475 2868 2548 4)
2909 2494 2926 2528 ι
2951 2477 2974 2530 ?
3001 2475 3131 2544 Quia
3163 2479 3267 2529 non
3315 2482 3558 2530 exstante
3586 2473 3776 2538 hoste,

2183 2585 2289 2624 non
2311 2569 2414 2624 erit
2433 2568 2626 2623 bellum
2645 2575 2916 2634 ;ecssante
2931 2565 3300 2630 dcindebello,
3329 2564 3550 2618 victoria
3579 2562 3776 2618 deerit.

2182 2661 2564 2716 Collideutium
2605 2669 2782 2715 autem
2825 2657 3080 2714 adversus
3119 2659 3221 2712 nes
3259 2655 3506 2710 vitiorum
3551 2653 3780 2708 victoria

2183 2767 2290 2807 non
2319 2751 2530 2820 adepta,
2565 2765 2672 2804 non
2709 2749 2811 2804 erit
2847 2747 3159 2804 emundatio
3187 2747 3292 2802 ulla
3320 2747 3572 2802 vitiorum
3603 2764 3618 2798 :
3650 2745 3782 2816 quia

2183 2844 2270 2906 his
2299 2842 2504 2898 insidiis
2529 2840 2772 2911 corporis
2791 2839 2960 2894 nostri
2987 2840 3156 2908 pirata
3183 2836 3344 2902 victo,
3370 2837 3782 2891 colluctantium

2191 2935 2453 2990 adversus
2491 2948 2590 2988 nos
2633 2931 2938 3002 passionum
2983 2929 3376 2984 concertatione
3417 2943 3712 2998 purgamur
3735 2926 3776 2980 ³.

2183 3027 2446 3082 Memores
2487 3024 2668 3095 igitur,
2705 3041 2724 3076 ι
2759 3022 2968 3092 inquit,
3001 3039 3022 3074 ε
3054 3030 3108 3076 et
3133 3019 3365 3086 conscii,
3391 3019 3480 3074 illa
3511 3019 3626 3088 ipsa
3651 3033 3776 3073 cor-

2183 3131 2314 3188 pora
2359 3123 2538 3170 nostra
2584 3114 2826 3170 omnium
2863 3112 3113 3167 vitiorum
3160 3125 3282 3168 esse
3323 3111 3604 3166 materiem
3629 3151 3646 3176 ,
3681 3125 3786 3180 per

2184 3225 2343 3281 quam
2371 3208 2394 3240 δ
2423 3209 2608 3278 polluti
2637 3217 2690 3263 et
2715 3205 2915 3262 sordidi
2939 3205 3068 3260 nihil
3089 3205 3141 3261 in
3159 3205 3314 3260 nobis
3337 3203 3612 3270 mundum,
3640 3203 3778 3258 nihil

2183 3301 2441 3364 innocens
2469 3299 2774 3354 obtinemus
2794 3340 2810 3364 ,
2843 3298 3167 3369 gaudeamus
3194 3296 3348 3352 nobis
3379 3311 3500 3352 esse
3525 3297 3786 3363 hostem,

2183 3394 2237 3449 in
2265 3395 2418 3465 cujus
2442 3394 2840 3449 concertatione
2869 3391 3100 3464 quodam
3130 3391 3547 3447 concertationis
3575 3401 3788 3446 nostra:

2181 3484 2324 3541 bello
2351 3485 2686 3540 dimicemus.
2725 3502 2746 3536 ι

2252 3575 2343 3632 28.
2371 3574 2428 3630 1η
2452 3575 2792 3646 Expositione
2815 3581 2990 3628 autem
3017 3571 3175 3644 primi
3194 3572 3390 3628 Psalmi
3411 3570 3551 3627 idem
3579 3557 3784 3628 doctor

2185 3683 2290 3724 non
2324 3667 2532 3724 dubitat
2560 3665 2740 3722 dicere
2765 3708 2780 3731 ,
2819 3675 3066 3719 naturam
3111 3674 3371 3730 nostram,
3403 3664 3586 3734 utique
3616 3663 3780 3719 istam

2183 3773 2302 3828 quae
2331 3757 2400 3812 de
2429 3756 2618 3810 morbo
2643 3755 2887 3810 morbum
2915 3755 3114 3820 trahit,
3145 3753 3210 3808 ad
3239 3754 3568 3824 peccandum
3601 3754 3776 3821 ferri,

2184 3863 2248 3904 ae
2271 3849 2348 3902 sic
2377 3863 2444 3902 ne
2471 3861 2774 3918 peccemus,
2802 3845 3059 3902 adversus
3083 3859 3200 3901 eam
3227 3860 3324 3900 nos
3350 3845 3580 3916 quodam
3611 3845 3788 3901 modo

2186 3938 2310 3994 ﬁdei
2335 3940 2590 4010 religione
2617 3953 2874 4009 pugnare.
2925 3937 3110 3992 Plures
3134 3939 3266 3992 enim
3291 3949 3428 4007 sunt,
3465 3940 3659 4008 inquit,
3689 3942 3786 4012 qui

2185 4047 2300 4082 cum
2350 4045 2438 4098 per
2487 4029 2850 4098 confessionem
2893 4029 2992 4083 Dei
3029 4030 3090 4083 ab
3116 4030 3374 4100 impietate
3399 4031 3600 4084 discreti
3626 4031 3729 4085 sint
3761 4073 3782 4097 ,

2184 4137 2284 4174 non
2314 4131 2476 4174 tamen
2507 4137 2538 4173 a
2565 4129 2770 4190 peccato
2810 4137 2898 4191 per
2922 4121 2976 4174 id
3005 4121 3150 4176 liberi
3177 4131 3322 4187 sunt,
3353 4122 3596 4176 Ecclesia!
3621 4123 3788 4176 disci~

2186 4211 2376 4280 plinam
2406 4229 2507 4265 non
2538 4221 2776 4278 tenentes,
2801 4221 2858 4266 ut
2882 4213 3041 4277 avari,
3071 4211 3267 4278 ebriosi,
3299 4215 3614 4280 tumultuosi,
3651 4233 3782 4286 pro-

2184 4319 2344 4366 caces,
2377 4302 2598 4373 superbi,
2630 4303 2946 4358 simulatores
2965 4303 3011 4369 ⁸,
3041 4303 3324 4371 mendaces,
3355 4322 3586 4374 rapaces.
3607 4305 3680 4360 Et
3709 4307 3788 4361 ad

2185 4395 2292 4447 [nec
2319 4393 2522 4462 quidem
2563 4410 2656 4448 nos
2682 4395 2801 4448 vitia
2840 4403 3054 4459 natura,
3089 4394 3275 4465 inquit,
3307 4405 3492 4450 nostris
3535 4399 3786 4466 prapellit

2184 4486 2452 4540 instinctus
2487 4501 2507 4540 :
2533 4487 2622 4540 sed
2661 4487 2784 4541 utile
2824 4496 2896 4540 est
2944 4503 3035 4540 nos
3077 4503 3110 4540 a
3134 4487 3216 4540 via
3260 4488 3329 4541 ad
3369 4504 3522 4558 quam
3559 4487 3783 4557 ferimur

2185 4576 2468 4644 abscedere,
2499 4595 2660 4649 neque
2687 4579 2956 4633 consistere
2989 4579 3097 4633 illic
3139 4579 3362 4634 adhibito
3403 4579 3680 4634 decedendi
3713 4597 3786 4636 ex

2185 4685 2246 4724 ea
2271 4687 2374 4724 non
2400 4686 2600 4726 moroso
2627 4687 2856 4726 recursu.
2889 4670 2952 4725 Et
2977 4671 3198 4738 idcirco,
3231 4690 3250 4724 ι
3283 4671 3472 4726 Beatus
3495 4681 3570 4726 est
3591 4673 3668 4727 rir
3689 4673 3790 4745 qui

2183 4761 2238 4815 in
2265 4761 2347 4816 uia
2372 4771 2689 4832 peccatorum
2721 4777 2824 4815 non
2851 4763 2981 4816 stetit
3011 4777 3030 4816 :
3067 4780 3088 4814 ι
3114 4763 3526 4833 natura‘quidem
3553 4764 3606 4816 in
3639 4765 3784 4818 uiam

2186 4854 2317 4909 hanc
2353 4857 2558 4926 ferente,
2600 4855 2688 4908 sed
2725 4871 2790 4910 ex
2827 4859 2907 4910 via
2953 4856 3046 4910 hac
3085 4857 3206 4927 ﬁdei
3247 4859 3488 4929 religione
3533 4859 3788 4928 referente

2187 4944 2278 5019 (In
2318 4963 2445 5002 vers.
2479 4947 2553 5018 1).
2582 4946 2976 5016 Numquidnam
3018 4949 3178 5003 istum
3221 4949 3522 5017 putabimus
3552 4965 3782 5004 accusa-

2187 5050 2357 5094 torem
2387 5037 2549 5094 fuisse
2575 5049 2778 5095 naturae
2799 5082 2814 5108 ,
2843 5056 3002 5110 quam
3045 5026 3492 5116 condiditDeuS?
3529 5043 3646 5098 Non
3679 5044 3790 5100 uti-

2187 5147 2292 5201 que
2321 5149 2334 5186 :
2361 5147 2466 5186 non
2497 5133 2636 5186 enim
2667 5131 2943 5187 dubitabat
2967 5133 3127 5188 homo
3147 5134 3463 5201 catholicus,
3487 5135 3782 5192 humanam

2188 5222 2285 5278 Dei
2321 5237 2454 5293 opus
2494 5227 2614 5279 esse
2647 5233 2923 5290 naturam;
2955 5223 3050 5280 sed
3077 5224 3318 5295 profecto
3347 5227 3472 5280 vitia
3501 5241 3626 5283 cum
3647 5231 3776 5300 qui-

2253 5337 2270 5402 ξ
2305 5338 2378 5402 sic
2399 5345 2496 5402 lim.
2523 5343 2583 5402 et,
2598 5345 2785 5402 Mssrttt
2805 5344 2880 5402 Er.
2903 5335 3496 5402 et_bov.,perfectionem.

2252 5399 2274 5431 ³
2305 5397 2614 5450 Floriacensis
2633 5399 2808 5460 codex,
2842 5399 3058 5450 invidens

2215 5459 2277 5532 ‘7'
2307 5468 2428 5512 Tres
2451 5473 2514 5510 ex
2537 5463 2756 5524 quinque
2793 5459 3026 5512 Vaticanis
3063 5471 3188 5524 Mss,
3227 5460 3506 5526 passionum
3539 5463 3792 5516 exercita-

2189 5527 2616 5595 tiope‘purgantur.
2745 5591 2752 5595 Δ
2888 5573 2896 5581 ,

2251 5582 2274 5614 δ
2305 5582 2378 5650 sic
2401 5582 2606 5633 κίθιὶωηὶ
2643 5591 2849 5648 quatuor
2884 5587 3194 5650 manuscripti
3216 5598 3326 5636 cum
3359 5585 3668 5646 Floriacensi,
3695 5587 3791 5638 sed

2189 5645 2403 5712 secunda
2423 5658 2568 5712 manu
2589 5645 2828 5696 cor'recto.
2853 5655 2908 5698 At
2930 5649 3064 5712 editi,
3088 5645 3176 5710 pro
3191 5661 3304 5712 qua.

2250 5705 2437 5782 fitP-9d
2460 5715 2560 5782 nm.
2586 5713 2752 5782 εἶμι-η
2771 5721 2874 5782 pro,
2899 5705 3215 5782 summa;
3227 5708 3430 5776 legitur,
3459 5709 3794 5764 ωηιιιιαιπει

2256 5767 2330 5832 (α)
2344 5767 2470 5822 haec
2485 5769 2680 5821 homilia
2695 5767 2793 5822 non
2811 5767 2986 5823 exstat.
