3984 6496
262 404 355 457 bas
396 397 672 455 nascimur
700 396 1005 463 accusavit,
1046 394 1394 467 apostolicum
1439 394 1565 450 illud
1612 405 1836 461 tenens,

258 488 468 544 Fuimus
508 488 645 542 enim
672 497 721 541 et
761 503 857 541 nos
889 498 1069 541 natura
1107 485 1203 556 ﬁlii
1238 486 1349 552 irae,
1392 485 1521 540 sicut
1573 494 1621 540 et
1669 484 1840 540 cceteri

256 581 466 655 (Ephes.
497 595 558 645 ιι,
587 577 666 650 '5).
695 577 1075 634 Verumtamen
1122 578 1237 633 haec
1264 576 1447 643 verba,
1476 591 1595 648 qua:
1623 574 1692 632 de
1720 590 1837 631 scr-

254 688 410 729 mone
438 673 611 728 sancti
638 671 824 727 Hilarii
871 673 1043 743 posui,
1089 671 1135 726 si
1182 686 1298 728 mea
1328 680 1530 736 essent,
1561 678 1758 742 quanta
1786 669 1838 724 in

252 782 333 822 me
346 764 578 831 diceres,
595 764 1110 835 Manichaeorumque
1134 779 1326 819 nomen
1349 765 1615 820 eterimen
1640 773 1840 835 quanto

252 858 537 912 buccarum
577 857 803 925 strepitu
828 854 1150 911 ventilares?
1178 854 1329 911 Nunc
1354 870 1482 925 ergo
1510 870 1577 910 ne
1606 854 1679 910 tui
1723 864 1839 911 sto-

249 948 423 1006 machi
453 948 597 1003 follis
624 948 884 1019 indigesta
911 946 1309 1002 maledictorum
1330 947 1591 1003 cruditate
1619 962 1836 1017 rumpa-

249 1051 352 1106 tur,
383 1040 438 1094 in
466 1038 613 1094 hunc
636 1054 855 1102 evome.
880 1038 923 1093 si
950 1038 1133 1105 amics,
1160 1038 1518 1094 calumniosas
1544 1048 1662 1094 tuas
1686 1038 1836 1093 vani-

254 1140 410 1198 tates,
437 1140 495 1187 et
526 1128 762 1185 insanias
791 1129 1095 1185 mendaces.
1128 1129 1208 1183 Ad
1232 1129 1358 1196 lucc,
1389 1129 1578 1198 inquit,
1602 1144 1692 1184 nos
1717 1130 1838 1185 uitia

247 1232 447 1276 natura
481 1233 671 1276 πωπω
718 1220 951 1292 prapellit
990 1219 1276 1275 instinctus.
1323 1220 1454 1289 Qua:
1502 1221 1602 1275 ista
1651 1228 1837 1274 natura

244 1311 359 1368 est!
380 1309 653 1382 Numquid
682 1325 816 1381 gens
844 1309 1180 1365 tenebrarum
1198 1352 1213 1377 ,
1239 1324 1400 1381 quam
1423 1308 1834 1364 Maniehmorum

245 1404 420 1459 fabula
468 1404 710 1460 inducit?
757 1404 931 1459 Absit.
978 1401 1284 1459 Catholicus
1326 1402 1578 1473 loquitur,
1616 1401 1839 1473 insignis

246 1496 615 1552 Ecclesiarum
637 1494 827 1551 doctor
850 1495 1103 1565 loquitur,
1126 1494 1354 1549 llilarius
1378 1494 1628 1564 loquitur.
1648 1492 1834 1548 Nostra

244 1603 371 1659 ergo
406 1597 598 1642 natura
632 1597 717 1642 est
742 1587 896 1658 primi
926 1586 1155 1641 hominis
1176 1585 1612 1656 praavariealione
1634 1585 1835 1650 vitiata,

242 1694 351 1734 non
376 1678 448 1734 ab
471 1678 580 1735 alia
616 1687 817 1733 natura
839 1677 940 1733 ulla
966 1672 1230 1733 divisione
1257 1676 1572 1748 separanda,
1600 1675 1696 1733 sed
1722 1676 1836 1748 ipsa

241 1768 482 1824 sananda
509 1787 525 1824 :
554 1770 641 1824 cui
669 1767 940 1824 diabolum
966 1785 997 1824 a
1034 1768 1187 1824 nobis
1211 1769 1463 1824 constitui
1493 1768 1838 1823 calumniaris

239 1869 517 1914 auctorem
540 1900 557 1925 ,
600 1858 729 1914 dum
761 1869 816 1914 tu
847 1860 894 1914 ei
921 1858 1193 1914 Christum
1238 1858 1443 1914 invides
1470 1859 1788 1915 salvatorem
1818 1898 1834 1924 ,

240 1958 301 2005 es
324 1949 444 2020 ejus
472 1949 562 2004 hic
581 1949 770 2014 vitam,
803 1950 874 2005 ita
902 1958 963 2005 ut
989 1952 1105 2005 sine
1129 1949 1235 2005 ullo
1259 1950 1330 2006 sit
1349 1949 1570 2005 omnino
1592 1959 1836 2020 peccato,

239 2041 533 2113 perlectam
558 2041 685 2097 duci
715 2056 873 2113 posse
894 2040 1196 2097 contendis.

305 2132 402 2190 29.
428 2132 540 2190 Sed
577 2133 705 2188 audi
739 2133 864 2205 qpid
896 2135 1057 2188 etiam
1085 2133 1210 2188 hinc
1239 2141 1292 2189 te
1320 2132 1607 2190 admoneat
1644 2132 1838 2188 beatus

242 2222 498 2282 Hilarius.
529 2222 667 2279 Com
695 2225 839 2280 enim
872 2231 1170 2296 exponeret
1209 2223 1481 2281 Psalmum
1502 2225 1836 2297 quinquage-

243 2319 435 2371 simum
467 2316 704 2385 primum
734 2313 949 2390 (Versus
977 2317 1129 2386 linem
1153 2316 1172 2390 )
1196 2330 1217 2376 :
1245 2315 1395 2387 Spes,
1426 2318 1627 2388 inquit,
1654 2317 1706 2371 in
1726 2318 1826 2371 mi-

243 2408 519 2463 sericordia
557 2406 657 2461 Dei
691 2409 745 2462 in
783 2407 1025 2463 malum
1065 2418 1112 2464 et
1155 2412 1208 2465 in
1249 2411 1494 2465 secutum
1534 2409 1709 2465 sa'culi
1742 2416 1836 2463 est.

249 2499 369 2556 Non
393 2502 532 2555 enim
555 2501 671 2573 ipsa
694 2500 788 2556 illa
812 2503 1021 2569 iustitiae
1054 2519 1207 2575 Opera
1244 2504 1487 2576 suﬂicient
1511 2505 1578 2558 ad
1602 2505 1839 2577 perfecta:

248 2593 568 2650 beatitudinis
593 2592 859 2661 meritum,
879 2593 979 2648 nisi
998 2595 1342 2649 misericordia
1369 2593 1469 2650 Dei
1490 2594 1642 2649 etiam
1666 2600 1719 2648 in
1742 2594 1839 2648 hac

245 2685 453 2756 iustitia
474 2682 736 2740 voluntate
754 2684 1092 2740 humanarum
1120 2686 1519 2741 demutationum
1542 2696 1588 2741 et
1613 2695 1838 2741 motuum

251 2793 348 2830 non
368 2783 565 2845 reputet
585 2773 875 2830 uitiaJIinc
895 2774 1026 2830 illud
1049 2776 1309 2849 propheta
1331 2775 1523 2831 dictum
1542 2786 1614 2831 est
1637 2792 1657 2832 :
1686 2796 1705 2829 ι
1720 2776 1833 2831 Με-

258 2868 353 2922 lior
398 2866 741 2921 miserimrdia
797 2876 887 2922 tua
931 2884 1083 2939 super
1124 2868 1250 2923 vitas
1273 2868 1291 2901 ¹
1326 2886 1346 2922 t
1384 2867 1557 2940 (Psal.
1590 2885 1717 2938 u't,
1753 2869 1835 2942 ι).

263 2961 495 3016 Videsne
518 2961 785 3015 hominem
818 2960 912 3016 Dei
937 2977 1006 3016 ex
1026 2960 1120 3015 illo
1142 2977 1370 3019 numero
1391 2975 1512 3019 esse
1537 2961 1834 3028 beatorum,

269 3054 334 3109 de
357 3053 541 3125 quibus
567 3055 878 3124 prmdietum
908 3061 1013 3120 est,
1042 3051 1228 3111 Beatus
1254 3058 1328 3110 vir
1352 3056 1435 3109 cui
1457 3073 1556 3110 non
1578 3057 1839 3127 imputavit

259 3145 506 3201 Dominus
543 3155 827 3217 peccatum,
861 3164 1017 3215 neque
1043 3157 1117 3202 est
1151 3148 1204 3203 in
1234 3166 1321 3203 ore
1348 3149 1456 3220 ejus
1482 3149 1629 3203 dolus
1659 3147 1835 3222 (Psal.

255 3254 397 3304 un,
438 3236 540 3309 2)?
566 3238 874 3295 Conﬁtetur
899 3241 1041 3295 enim
1068 3240 1227 3295 etiam
1274 3251 1485 3312 peccata
1530 3241 1796 3311 justorutn
1821 3283 1838 3308 ,

253 3331 419 3402 magis
446 3339 545 3386 eos
570 3343 821 3386 asserens
850 3332 901 3385 iu
928 3330 1023 3385 Dei
1053 3330 1420 3387 misericordia
1445 3348 1593 3403 spent
1618 3349 1838 3402 ponere,

251 3439 406 3494 quam
436 3423 510 3480 de
542 3423 748 3493 justitia
790 3438 885 3479 sua
916 3424 1082 3481 ﬁdere
1109 3443 1124 3480 :
1152 3433 1208 3480 et
1244 3424 1367 3480 ideo
1406 3441 1517 3481 non
1555 3434 1639 3482 cst
1666 3426 1720 3482 in
1744 3442 1842 3483 ore

251 3516 362 3585 ejus
389 3514 585 3583 dolus,
617 3516 726 3571 imo
754 3515 810 3571 in
837 3531 932 3572 ore
957 3516 1170 3572 illorum
1199 3517 1462 3583 omnium,
1503 3518 1696 3589 quibus
1735 3516 1841 3574 hu-

246 3606 332 3677 jus
352 3607 571 3663 veracis
611 3605 929 3663 humilitatis
961 3608 1046 3664 vel
1093 3607 1310 3663 humilis
1336 3610 1577 3664 veritatis
1596 3609 1842 3682 perhibet

251 3701 646 3757 testimonium.
688 3699 790 3769 Qui
830 3700 985 3756 dolus
1011 3700 1245 3759 abundat
1285 3701 1338 3758 in
1383 3716 1479 3758 ore
1509 3710 1704 3758 vestro.
1740 3701 1839 3760 Ubi

249 3791 389 3847 enim
419 3793 597 3847 virtus
622 3806 733 3847 non
760 3800 863 3859 est,
888 3802 942 3847 et
967 3800 1108 3847 tanta
1134 3792 1388 3863 jactantia
1416 3802 1519 3862 est,
1544 3793 1841 3866 hypocrisis

247 3896 355 3940 est:
375 3893 443 3942 et
463 3885 555 3940 ubi
576 3884 897 3958 hypocrisis,
926 3885 1107 3957 utique
1128 3884 1305 3943 dolus.
1325 3885 1556 3943 Prorsus
1581 3894 1839 3959 quantum

246 3976 420 4031 uincti
466 3975 540 4032 de
587 3974 956 4031 misericordia
986 3976 1080 4031 Dei
1109 3992 1228 4047 qua:
1257 3991 1446 4048 magna
1490 3986 1593 4045 est,
1636 3985 1839 4032 tantum

246 4080 338 4121 vos
373 4066 456 4122 de
492 4074 670 4120 vestra
705 4080 825 4136 quas
853 4065 993 4120 nulla
1019 4073 1103 4121 est
1129 4066 1323 4122 virtute
1367 4066 1693 4136 pra‘sumitis
1731 4084 1747 4122 :
1787 4075 1843 4123 et

244 4165 511 4226 quantum
539 4156 641 4228 ipsi
668 4155 925 4213 adversus
949 4157 1253 4228 ingenerata
1279 4158 1402 4213 vitia
1424 4157 1619 4214 bellum
1648 4168 1843 4230 gerunt

246 4247 410 4318 adjuti
470 4263 571 4319 per
614 4246 710 4303 Dei
747 4248 994 4318 gratiam,
1040 4254 1243 4303 tantum
1292 4263 1388 4304 vos
1427 4248 1622 4305 bellum
1656 4249 1842 4320 geritis

245 4340 513 4396 adversus
542 4340 713 4412 ipsam
757 4339 850 4396 Dei
889 4341 1137 4412 gratiam.
1167 4340 1274 4398 Sed
1317 4342 1514 4397 utinam
1556 4341 1694 4399 sicut
1747 4358 1842 4399 vos

246 4433 410 4489 vincit
464 4432 519 4488 in
568 4433 709 4500 suis;
749 4432 821 4489 ita
867 4448 995 4490 suos
1034 4434 1269 4503 faciens,
1301 4449 1398 4491 vos
1439 4450 1651 4509 quoque
1697 4436 1843 4508 ipsos

246 4523 427 4581 vincat
459 4523 515 4578 in
543 4524 718 4581 vobis.

317 4614 410 4670 50.
444 4615 597 4671 Itane
623 4616 677 4671 in
706 4615 867 4671 corde
893 4625 1071 4672 vestro
1095 4616 1275 4674 dicere
1296 4618 1527 4683 audetis,
1554 4618 1695 4691 quod
1715 4633 1841 4676 cum

250 4720 345 4761 vos
373 4706 642 4771 audiunt,
660 4705 1022 4761 accenduntur
1047 4706 1292 4765 homines
1316 4709 1382 4765 ad
1413 4710 1682 4776 virtutem,
1711 4726 1843 4768 cum

251 4805 435 4851 autem
462 4797 601 4853 istos
628 4797 851 4851 audiunt
873 4806 1050 4853 tantos
1065 4814 1127 4854 ac
1149 4800 1282 4858 tales
1306 4801 1470 4872 viros,
1492 4801 1842 4875 Cyprianum,

252 4887 541 4954 Hilarium,
563 4885 904 4958 Gregorium,
933 4889 1293 4958 Ambrosium,
1317 4903 1645 4965 caeterosque
1666 4910 1848 4951 sacer-

252 4978 406 5035 dotes
426 4979 667 5044 Domini,
686 4978 1064 5049 desperatione
1093 4980 1425 5054 franguntur,
1454 5001 1517 5043 ac
1538 4989 1846 5045 renuntiant

254 5072 451 5127 studiis
478 5070 857 5142 perfectionis?
897 5072 1144 5131 ilazccine
1182 5088 1417 5133 monstra
1460 5081 1845 5151 cogitationum

254 5162 560 5219 ascendunt
603 5164 662 5218 in
703 5179 799 5219 cor
839 5174 1095 5232 vestrum,
1127 5175 1183 5223 et
1219 5183 1323 5223 non
1363 5172 1568 5228 elidunt
1615 5173 1843 5233 frontem

253 5256 534 5310 vestram?
569 5255 785 5326 Ergone
808 5274 903 5314 vos
932 5258 1208 5316 honoratis
1236 5274 1450 5321 sanctos
1475 5265 1589 5334 Dei,
1614 5267 1847 5324 Patriar-

254 5348 406 5413 ehas,
431 5347 757 5418 Prophetas,
785 5351 1070 5420 Apostolos
1095 5352 1253 5409 laude
1282 5366 1515 5425 naturae,
1546 5367 1599 5414 et
1625 5358 1845 5416 decolo-

255 5445 384 5492 rant
416 5452 519 5493 eos
556 5439 655 5494 ista
683 5440 883 5496 lumina
912 5443 1166 5501 Ecclesia:
1193 5446 1579 5518 vituperatione
1604 5458 1845 5516 natura};

258 5526 389 5595 quia
415 5542 516 5583 eos
541 5528 727 5585 dicunt
762 5531 820 5586 in
848 5547 1074 5604 corpore
1099 5537 1287 5595 mortis
1317 5538 1493 5611 hujus,
1522 5549 1580 5597 ut
1606 5550 1850 5600 tenerent

325 5703 361 5736 ιδ
379 5705 463 5756 Sic
486 5712 590 5757 itas.
621 5713 675 5760 At
696 5706 1017 5774 editi,eitam.

1599 282 1797 340 LIBER
1836 281 2216 342 SECUNDUS.

2650 170 2706 207 -οδ

3428 300 3530 360 δεδι

1945 395 2206 449 castitatis
2233 396 2454 464 bonum,
2480 396 2765 456 dimicasse
2790 409 2971 457 contra
3001 402 3292 475 ingenitum
3329 423 3529 465 concu-

1945 485 2218 554 piscentim
2244 486 2465 563 malum,
2495 504 2590 565 per
2610 488 2701 545 Dei
2723 491 2947 561 gratiam
2972 495 3114 564 prius
3138 495 3532 556 conﬂictatione

1944 576 2288 645 vincendum,
2323 589 2502 650 postea
2550 581 2835 638 novissima
2881 586 3285 656 regeneratione
3328 602 3526 643 sanan-

1944 665 2110 723 dum?
2134 666 2214 723 Tu
2246 670 2495 741 itttelligis
2519 669 2758 726 Judwum
2783 690 2888 728 esse
2907 678 2995 744 qui
3010 677 3131 731 dicit
3152 720 3164 741 ,
3197 696 3229 731 ι-
3248 676 3366 733 Non
3394 680 3528 734 enim

1942 756 2080 828 quod
2120 759 2233 814 volo
2262 758 2470 828 bonum,
2510 761 2607 816 hoc
2635 778 2731 833 ago
2754 779 2773 818 :
2801 782 2822 816 ι
2858 776 2910 819 et
2945 764 3047 822 hoc
3092 769 3347 838 prteclaro
3376 770 3530 825 intel-

1944 848 2103 916 lectu,
2139 865 2229 905 nec
2257 852 2646 907 conuersationis
2682 854 2854 910 sordes
2890 855 2940 910 in
2971 868 3165 912 natura!
3192 859 3422 931 refundit
3442 860 3529 914 in-

1945 941 2153 1006 vidiam;
2182 958 2271 997 nec
2306 958 2479 998 earum
2508 944 2831 1000 obscenitates
2858 946 3216 1019 Apostolorum
3246 961 3293 1006 et
3322 963 3522 1008 sancto-

1944 1048 2058 1084 rum
2098 1034 2323 1087 omnium
2364 1031 2645 1090 consolaris
2678 1035 2881 1108 injuriis
2902 1053 2923 1091 :
2945 1044 3001 1093 et
3024 1038 3135 1094 ltmc
3159 1041 3293 1095 tnala
3325 1058 3443 1113 quae
3474 1052 3532 1097 tu

1943 1137 2049 1177 non
2081 1121 2227 1187 facis,
2251 1121 2476 1179 faciebat
2500 1125 2810 1181 Ambrosius
2827 1142 2945 1182 cum
2973 1129 3187 1200 collegis
3214 1131 3322 1187 suis
3341 1132 3527 1189 eadem

1944 1208 2317 1281 scnticntibus,
2340 1216 2429 1287 qui
2458 1216 2669 1272 beatum
2697 1219 3006 1288 Apostolum
3029 1219 3097 1275 de
3118 1236 3175 1275 se
3199 1221 3313 1291 ipso
3332 1224 3529 1278 dixisse

1945 1306 2221 1378 intelligit,
2252 1305 2373 1362 Non
2398 1308 2532 1379 quod
2563 1308 2673 1363 volo
2704 1309 2837 1382 [acia
2877 1310 3100 1376 bonum;
3126 1314 3215 1366 sed
3248 1314 3383 1383 quod
3412 1316 3529 1369 nolo

1945 1398 2172 1466 malum,
2220 1398 2317 1454 Itoc
2343 1416 2475 1472 ago;
2500 1408 2575 1467 et,
2627 1400 2780 1456 Video
2822 1402 2976 1457 aliam
3016 1402 3173 1475 legent
3216 1403 3266 1457 in
3297 1405 3529 1458 membris

1943 1491 2066 1544 meis
2082 1532 2097 1558 ,
2121 1500 2486 1562 repugnantem
2505 1492 2605 1563 legi
2627 1493 2804 1547 utentis
2829 1509 2952 1546 mea:
2978 1493 3155 1563 (liam.
3178 1508 3272 1557 vn,
3298 1493 3386 1562 l9,
3404 1494 3523 1564 9.5);

1942 1593 1997 1639 et
2025 1593 2217 1638 czctera
2248 1581 2589 1653 hujusmodi?
2619 1582 2706 1639 Isti
2735 1598 2864 1655 ergo
2892 1586 3060 1639 sancti
3092 1585 3215 1640 talia
3245 1585 3485 1641 docendo
3509 1627 3522 1652 ,

1941 1672 2245 1742 suifcdiunt,
2282 1674 2420 1729 sicut
2448 1674 2579 1729 mihi
2614 1674 2822 1745 objicis,
2860 1690 3059 1729 murum
3100 1676 3331 1747 pudoris,
3371 1686 3418 1731 et
3446 1694 3530 1731 ros

1941 1767 2004 1821 ob
2046 1766 2366 1839 perfectionis
2394 1766 2800 1839 pra’dicationem
2829 1767 3058 1840 patimini
3100 1768 3340 1823 invidiam
3364 1769 3390 1823 ?
3426 1768 3530 1823 Sed

1942 1864 2024 1925 te,
2071 1864 2129 1912 ui
2156 1858 2368 1922 scribis,
2402 1857 2677 1929 plurimum
2718 1859 3027 1925 consolaris,
3074 1858 3314 1933 quoniam
3362 1861 3530 1915 laudis

1941 1963 2100 2017 genus
2138 1957 2231 2011 est,
2270 1948 2316 2003 ci
2355 1948 2671 2021 displicuisse
2696 1949 2780 2019 qui
2801 1949 3056 2021 Apostolis
3085 1968 3186 2007 non
3210 1954 3445 2023 pepercit.
3472 1952 3529 2008 Si

1942 2054 2043 2109 ego
2081 2038 2358 2109 Apostolis
2385 2039 2616 2095 dicendo
2646 2040 2769 2095 talia
2809 2056 2913 2095 non
2961 2044 3209 2112 peperci;
3250 2057 3378 2113 ergo
3430 2060 3531 2099 nec

1944 2129 2256 2186 Ambrosius
2296 2131 2534 2202 pepercit
2578 2131 2872 2202 Apostolis,
2926 2148 3024 2189 nee
3076 2134 3376 2206 Coepiscopi
3409 2136 3527 2207 ejus

1943 2222 2130 2279 eadem
2175 2228 2486 2279 sentientes.
2517 2222 2572 2280 Si
2603 2232 2780 2279 autem
2814 2224 2886 2280 illi
2930 2235 2983 2281 et
3020 2242 3087 2282 ex
3126 2228 3396 2297 Apostolis
3427 2229 3526 2282 ista

1942 2315 2263 2383 didicerunt,
2293 2325 2349 2373 et
2383 2315 2677 2373 secundum
2723 2318 3009 2387 Apostolus
3052 2319 3151 2375 ista
3178 2319 3475 2377 docuerunt
3507 2362 3523 2385 ,

1942 2406 2072 2478 quid
2112 2422 2200 2463 me
2244 2424 2405 2463 unum
2449 2408 2700 2478 appetis?
2746 2409 2896 2479 Ipsos
2942 2411 3141 2481 aSpicc,
3184 2412 3330 2483 ipsos
3365 2414 3525 2467 etiam

1942 2508 2103 2570 atque
2146 2500 2305 2555 etiam
2350 2499 2599 2570 deposito
2632 2500 2899 2571 paulisper
2948 2511 3159 2559 tumore
3198 2505 3421 2560 cervicis
3447 2506 3530 2559 in-

1945 2599 2115 2647 tuere.
2144 2590 2292 2647 ltane
2329 2591 2568 2659 tandem,
2594 2590 2806 2661 juvenis
2833 2591 3306 2662 confidentissime,
3335 2610 3529 2652 conso-

1944 2682 2043 2737 lari
2071 2688 2123 2736 te
2147 2680 2311 2737 debes
2329 2724 2342 2746 ,
2371 2682 2496 2753 quia
2521 2680 2716 2737 talibus
2736 2683 3010 2753 displices,
3036 2697 3103 2738 an
3135 2684 3354 2755 lugere?

2013 2769 2242 2827 CAPUT
2282 2769 2373 2825 IX.
2397 2799 2473 2812 —
2500 2771 2589 2827 5i.
2618 2770 2724 2827 Sed
2746 2772 2855 2842 jam
2882 2772 3007 2841 quid
3033 2774 3298 2843 egerimus
3325 2790 3420 2846 per
3452 2784 3533 2830 to-

1942 2870 2057 2917 tum
2084 2862 2243 2916 istum
2266 2861 2481 2928 librum,
2506 2862 2558 2917 in
2585 2876 2851 2919 summam
2876 2862 3013 2919 sicut
3037 2878 3321 2934 possumus
3357 2865 3533 2921 brevi-

1944 2959 2029 3008 ter
2061 2951 2394 3024 colligamus.
2443 2952 2824 3023 Proposuimus
2874 2953 2960 3007 hic
3008 2954 3341 3011 auctoritatis
3384 2955 3526 3011 mole

1945 3052 2276 3107 sanctorum,
2308 3043 2397 3113 qui
2424 3042 2660 3113 episcopi
2699 3052 2823 3099 ante
2860 3059 2993 3113 nos,
3034 3060 3143 3100 non
3189 3045 3366 3101 solum
3416 3059 3531 3103 ser-

1945 3150 2136 3200 mone,
2167 3150 2288 3191 cum
2316 3135 2403 3190 hic
2429 3134 2691 3200 viverent,
2736 3149 2923 3191 verum
2952 3135 3113 3191 etiam
3144 3136 3381 3207 scriptis,
3408 3153 3527 3208 quae

1946 3226 2247 3297 posteritati
2292 3225 2696 3298 relinquerent,
2741 3226 2902 3283 fidem
2958 3227 3273 3285 catholicam
3313 3240 3531 3285 strenue

1943 3317 2327 3383 defenderunt;
2368 3326 2547 3373 vestra
2586 3326 2897 3388 argumenta
2948 3318 3303 3390 confringere,
3334 3320 3530 3390 quibus

1932 3406 2122 3463 ‘dieitis
2152 3424 2167 3461 :
2199 3405 2263 3463 Si
2288 3399 2430 3462 Deus
2455 3407 2682 3462 homines
2714 3416 2870 3473 creat,
2901 3424 3003 3463 non
3040 3419 3248 3480 possunt
3274 3425 3389 3464 cum
3426 3409 3528 3465 ali-

1944 3516 2043 3572 qua
2067 3500 2203 3555 malo
2224 3500 2383 3555 nasci.
2416 3499 2481 3556 Si
2500 3501 2691 3572 nuptite
2713 3499 2899 3556 bonum
2922 3512 3060 3567 sunt,
3091 3502 3223 3558 nihil
3249 3520 3311 3558 ea:
3333 3504 3406 3558 eis
3425 3505 3531 3559 ori-

1943 3601 2029 3646 tur
2053 3591 2193 3647 mali.
2217 3590 2281 3649 Si
2302 3591 2357 3647 in
2382 3591 2700 3662 Baptismate
2738 3604 2943 3663 peccata
2965 3594 3137 3648 omnia
3162 3595 3483 3650 remittuntur
3511 3638 3526 3661 ,

1946 3700 2046 3739 non
2073 3691 2282 3757 possunt
2308 3683 2416 3737 nati
2443 3682 2507 3739 de
2543 3684 2732 3755 renatis
2759 3684 2956 3739 traltere
2978 3685 3223 3756 originale
3247 3695 3524 3757 peccatum.

1946 3774 2010 3829 Si
2024 3774 2198 3846 justus
2234 3781 2305 3829 est
2341 3773 2515 3842 Deus,
2542 3790 2640 3829 nou
2670 3783 2828 3846 potest
2874 3775 2927 3829 in
2968 3775 3089 3846 ﬁliis
3132 3785 3394 3847 parentum
3428 3778 3528 3830 da-

1948 3884 2123 3923 mnare
2147 3878 2374 3939 peccata,
2396 3883 2511 3922 cum
2531 3868 2655 3939 ipsis
2669 3868 2956 3939 parentibus
2976 3869 3195 3923 dimittat
3226 3878 3270 3923 et
3296 3873 3525 3941 propria.

1948 3960 2007 4017 Si
2035 3963 2271 4033 perfectae
2295 3960 2514 4034 justitiw
2545 3976 2711 4031 capax
2746 3970 2820 4015 est
2853 3961 3075 4015 humana
3102 3972 3317 4028 natura,
3349 3962 3529 4017 habere

1946 4069 2048 4107 non
2090 4060 2251 4124 potest
2300 4053 2420 4107 uitia
2458 4053 2732 4107 naturalia.
2774 4052 2856 4109 Ad
2905 4053 3019 4109 hate
3060 4069 3159 4109 nos
3200 4054 3448 4121 dicimus,
3478 4066 3532 4111 et

1946 4145 2114 4202 Deum
2139 4159 2259 4201 esse
2287 4143 2561 4200 hominum
2600 4152 2920 4213 creatorem,
2953 4144 3053 4200 hoc
3082 4152 3191 4213 est,
3239 4155 3294 4202 et
3338 4149 3530 4200 anima:

1945 4247 2000 4294 et
2028 4238 2300 4308 corporis;
2329 4245 2383 4293 et
2416 4236 2615 4292 bonum
2641 4251 2762 4292 esse
2786 4237 3027 4307 nuptias;
3053 4244 3108 4292 et
3136 4250 3232 4307 per
3260 4236 3528 4309 Baptisma

1944 4326 2145 4386 Christi
2170 4329 2349 4385 omnia
2377 4338 2596 4399 peccata
2624 4327 2853 4395 dimitti;
2880 4337 2937 4384 et
2955 4328 3156 4400 justmn
3179 4344 3301 4386 esse
3330 4331 3525 4397 Dcmn;

1946 4431 2003 4478 et
2027 4420 2277 4493 perfecta:
2298 4420 2517 4492 iustitia;
2536 4435 2786 4492 capacem
2810 4420 3095 4476 humanam
3113 4436 3233 4476 esse
3251 4430 3488 4476 naturam
3513 4442 3526 4477 :

1946 4522 2002 4569 et
2026 4522 2210 4571 tamen
2251 4528 2374 4570 eum
2412 4512 2528 4568 hmc
2555 4512 2734 4568 omnia
2763 4527 2886 4567 vera
2918 4512 3047 4579 sint,
3076 4511 3337 4566 obnoxios
3383 4514 3530 4569 nasci

1948 4603 2197 4661 homines
2232 4603 2424 4675 origini
2470 4603 2707 4670 vitiatm,
2753 4618 2873 4675 qua:
2921 4602 3149 4666 trahitur
3200 4619 3263 4660 ex
3316 4603 3531 4658 h0mine

1947 4698 2120 4771 primo
2144 4716 2159 4766 ;
2185 4704 2240 4753 et
2263 4696 2386 4753 ideo
2415 4696 2492 4751 ire
2520 4696 2572 4751 in
2596 4695 3015 4761 damnationem,
3060 4697 3159 4752 nisi
3188 4708 3533 4752 renascantur

1949 4788 2006 4845 in
2034 4788 2268 4845 Christo.
2300 4787 2413 4844 lloe
2436 4796 2612 4844 autem
2645 4788 2983 4858 probavimus
3011 4788 3394 4845 catholicorum
3436 4808 3534 4843 an-

1948 4882 2195 4939 ctoritate
2234 4891 2561 4948 sanctorum,
2594 4881 2684 4953 qui
2718 4890 2772 4937 et
2819 4881 2922 4937 hoc
2963 4891 3238 4948 asserunt,
3285 4882 3425 4953 quod
3465 4885 3533 4939 de
3634 4890 3639 4907 ’

1950 4974 2192 5046 originali
2239 4983 2459 5045 peccato
2487 4973 2736 5041 dicimus,
2765 4982 2822 5030 et
2856 4974 2945 5028 illa
2974 4975 3206 5046 quinque
3251 4990 3371 5031 esse
3408 4991 3534 5029 vera

1950 5067 2128 5124 omnia
2158 5065 2497 5122 comitentur.
2543 5067 2622 5121 Ac
2654 5079 2750 5136 per
2790 5064 2890 5120 hoc
2924 5082 3028 5121 non
3069 5074 3153 5122 est
3198 5081 3532 5136 consequens

1950 5167 2011 5215 ut
2050 5157 2152 5214 hoc
2194 5155 2387 5212 falsum
2417 5156 2506 5222 sit,
2536 5154 2661 5228 quia
2691 5164 2972 5212 verasunt
3006 5156 3113 5211 illa.
3157 5156 3312 5212 Tales
3336 5158 3531 5227 quippe

1951 5266 2013 5306 ac
2040 5250 2170 5306 tanti
2199 5249 2297 5304 viri
2323 5247 2963 5304 secundum-catholicam
2992 5248 3183 5312 fidem,
3230 5265 3347 5318 qua:
3392 5250 3532 5300 anti-

1952 5344 2132 5414 quitus
2160 5350 2272 5397 toto
2298 5341 2430 5397 orbe
2452 5338 2767 5395 dill‘unditur
2785 5382 2799 5407 ,
2827 5349 2882 5396 et
2911 5339 3035 5403 hoc,
3073 5348 3127 5395 et
3161 5340 3247 5395 illa
3274 5354 3395 5392 vera
3418 5353 3537 5390 esse

1952 5434 2309 5500 confirmant;
2339 5440 2399 5487 ut
2423 5440 2599 5487 vestra
2621 5430 2843 5503 fragilis,
2875 5441 2928 5486 et
2952 5431 3101 5501 quasi
3124 5430 3364 5501 argutula
3388 5433 3536 5483 tttwi-

1953 5537 2036 5584 tas
2065 5526 2176 5583 sola
2205 5525 2522 5580 auctoritate
2541 5535 2851 5579 conteratur
2878 5524 3087 5577 illorum
3134 5539 3149 5578 :
3181 5531 3534 5593 jtrmtcrilttatn

1955 5619 2097 5692 quod
2119 5633 2183 5673 ca
2201 5616 2407 5682 dicunt,
2441 5624 2499 5671 ut
2524 5631 2583 5672 se
2607 5631 2705 5688 per
2727 5628 2821 5671 eos
2842 5615 2985 5685 luqtti
3015 5614 3207 5668 veritas
3235 5614 3346 5683 ipsa
3377 5623 3534 5668 teste.-

1961 5722 2068 5770 tur.
2110 5709 2219 5769 Sed
2258 5725 2397 5766 nunc
2434 5693 2752 5765 auctoritate
2779 5709 3019 5780 primitus
3040 5722 3223 5763 eorum
3256 5715 3535 5763 νιιειιίιςεςῑ
