3984 6500
519 315 628 374 695

520 434 857 491 contumacia
885 432 1374 506 comprimenda,ut
1397 448 1425 487 a
1452 434 1878 505 praesumptionis
1901 435 2102 504 impetu

520 527 824 596 repercussi
845 566 860 591 ,
887 533 941 580 et
968 522 1194 594 quodam
1229 523 1390 577 modo
1424 523 1666 588 sauciati,
1694 523 1819 578 dum
1849 520 1983 578 tales
2008 523 2101 578 ho-

522 617 697 671 mines
725 616 818 670 Dei
857 615 936 668 sic
974 613 1028 667 in
1063 611 1168 668 ﬁde
1205 609 1466 668 catholica
1505 627 1694 668 errare
1723 612 1958 681 potuisse
1995 628 2100 667 non

519 705 757 770 creditis,
785 713 840 757 ut
867 703 1064 774 aliquid
1101 703 1361 767 dicerent,
1401 702 1540 757 unde
1567 715 1709 758 esset
1729 717 2060 773 consequens
2083 745 2100 771 ,

517 795 688 850 Deum
735 809 838 848 non
877 809 998 850 esse
1043 793 1316 850 hominum
1355 803 1676 862 creatorem,
1727 797 1937 864 nuptias
1981 810 2102 851 esse

517 885 869 952 damnandas,
917 887 971 942 in
1013 886 1283 956 Baptismo
1319 901 1422 942 non
1465 886 1703 940 omnium
1733 887 2102 942 remissionem

516 976 633 1032 ﬁeri
665 985 1040 1048 peccatorum,
1074 979 1237 1032 Deum
1272 993 1391 1034 esse
1420 977 1696 1047 injustum,
1727 977 1924 1031 nullam
1952 991 2102 1047 spem

517 1069 672 1124 nobis
698 1070 1020 1125 remansisse
1047 1069 1259 1124 virtutis
1284 1068 1640 1139 perficiendae,
1663 1083 1784 1138 qua:
1813 1069 1990 1123 omnia
2019 1066 2106 1123 vel

515 1160 721 1232 aliquid
743 1175 927 1216 eorum
955 1159 1104 1216 nefas
1128 1169 1211 1216 est
1234 1161 1439 1230 opinari
1472 1177 1486 1212 :
1514 1174 1674 1214 ausus
1701 1157 1997 1228 praecipites
2021 1172 2108 1213 re-

514 1254 776 1322 frenetis,
819 1263 876 1309 et
922 1261 1174 1324 tanquam
1209 1268 1279 1308 ex
1320 1252 1498 1307 furore
1539 1251 1948 1322 resipiscentes,
1975 1250 2108 1306 inci-

515 1347 676 1418 piatis
715 1345 767 1401 in
806 1361 912 1416 qua
942 1344 1127 1400 nutriti
1157 1346 1328 1410 estis,
1358 1343 1598 1410 recolere
1641 1351 1694 1398 et
1730 1341 2009 1397 advertere
2054 1347 2109 1396 et

515 1453 795 1493 resumere
823 1437 1124 1492 veritatem.

587 1547 680 1606 52.
720 1549 853 1605 Dicit
877 1549 1066 1606 beatus
1088 1547 1426 1616 Ambrosius,
1446 1561 1608 1602 unum
1635 1545 1810 1602 solum
1837 1543 2108 1600 hominem

517 1641 869 1696 mediatorem
915 1641 1009 1696 Dei
1038 1649 1093 1694 et
1119 1638 1423 1704 hominum,
1454 1653 1520 1692 eo
1547 1637 1688 1708 quod
1729 1637 1798 1691 sit
1840 1645 1998 1690 natus
2035 1649 2104 1689 ex

513 1733 721 1803 virgine
739 1775 753 1796 .
789 1748 888 1789 nec
915 1733 1145 1789 senserit
1169 1731 1438 1788 nascendo
1465 1741 1740 1802 peccatum
1761 1773 1775 1796 ,
1801 1730 2108 1800 generatio-

514 1825 603 1881 nis
631 1825 876 1880 obnoxiae
899 1825 1126 1880 vinculis
1151 1840 1256 1880 non
1290 1823 1478 1879 teneri.
1507 1823 1706 1878 Omnes
1731 1832 1906 1878 autem
1931 1821 2108 1877 homi-

513 1931 613 1971 nes
637 1916 737 1971 sub
761 1925 980 1984 peccato
1001 1915 1179 1981 nasci,
1205 1929 1431 1984 quorum
1453 1914 1568 1985 ipse
1594 1924 1744 1968 ortus
1767 1914 1818 1967 in
1841 1913 1967 1966 vitio
1987 1920 2069 1966 est
2091 1928 2103 1964 :

517 2006 644 2077 quia
665 2005 1108 2075 concupiscentia:
1136 2006 1406 2076 voluptate
1425 2005 1681 2066 concreti,
1709 2005 1852 2072 prius
1869 2003 2109 2058 subirent

511 2099 760 2170 contagia
795 2099 1106 2154 delictorum
1127 2138 1143 2166 ,
1173 2113 1330 2168 quam
1362 2098 1573 2151 vitalem
1605 2096 1672 2151 de
1699 2096 1803 2151 hoc
1841 2111 1965 2150 aere
1991 2095 2106 2166 spi-

511 2189 680 2245 ritum
708 2189 984 2244 ducerent.
1017 2189 1298 2259 lpsamque
1339 2189 1825 2259 concupiscentiam
1859 2197 2108 2258 tanquam

513 2281 686 2353 legem
731 2282 931 2352 peccati
957 2281 1010 2336 in
1037 2296 1261 2350 corpore
1299 2283 1488 2344 mortis
1529 2279 1722 2349 hujus,
1767 2279 1867 2350 legi
1916 2279 2109 2334 mentis

515 2389 689 2444 usque
718 2373 853 2428 adeo
878 2387 1176 2444 repugnare
1197 2414 1212 2437 ,
1246 2381 1302 2426 ut
1326 2372 1584 2428 adversus
1612 2386 1728 2427 eam
1749 2411 1764 2436 ,
1795 2386 1902 2426 non
1935 2372 2106 2426 solum

518 2467 842 2538 quicumque
867 2466 992 2522 boni
1015 2466 1200 2522 fideles
1219 2507 1233 2533 ,
1263 2466 1355 2522 sed
1381 2466 1686 2537 apostolicae
1712 2467 1871 2520 etiam
1897 2467 2108 2524 virtutis

513 2557 824 2628 magnitudo
848 2559 1192 2628 pugnaverit,
1242 2556 1307 2612 ad
1338 2557 1440 2612 hoc
1464 2566 1518 2612 ut
1547 2573 1640 2628 per
1661 2557 1855 2614 Christi
1885 2561 2106 2630 gratiam

514 2663 644 2705 caro
685 2649 876 2703 animae
915 2648 1222 2720 subjugata,
1273 2649 1326 2702 in
1379 2649 1716 2704 concordiam
1777 2660 2103 2708 revocetur:

514 2753 740 2810 quorum
781 2737 1042 2805 duorum,
1087 2754 1205 2808 qua:
1233 2737 1478 2806 primitus
1507 2739 1622 2794 sine
1672 2750 1888 2808 peccato
1927 2749 2106 2796 creata

513 2837 640 2882 sunt
659 2869 672 2892 ,
698 2843 766 2882 ex
797 2827 950 2897 primi
981 2827 1212 2882 hominis
1237 2828 1654 2896 transgressione
1681 2828 1816 2884 facta
1841 2829 2105 2886 discordia

516 2927 600 2974 est
653 2917 720 2972 Et
745 2918 863 2989 quis
895 2917 1008 2972 hmc
1036 2917 1208 2974 dicit?
1235 2918 1408 2972 Homo
1439 2919 1568 2984 Dei,
1594 2919 1920 2988 catholicus,
1941 2930 1996 2976 et
2017 2936 2106 2977 ca-

515 3008 732 3064 tholica:
763 3009 1000 3064 veritatis
1021 3008 1278 3064 adversus
1305 3008 1583 3064 haereticos
1605 3025 1768 3080 usque
1795 3011 1860 3064 ad
1893 3013 2104 3080 perieu-

514 3100 626 3154 lum
675 3100 949 3170 sanguinis
988 3098 1237 3154 defensor
1271 3099 1596 3178 acerrimus,
1639 3099 1715 3154 sic
1758 3101 1831 3154 tui
1873 3100 2106 3159 doctoris

513 3191 823 3246 testimonio
867 3190 1210 3260 praedicatus,
1239 3198 1299 3244 ut
1333 3189 1620 3256 diceretur,
1649 3190 1788 3260 quod
1817 3192 1927 3260 ejus
1951 3192 2104 3260 ﬁdem

512 3289 559 3336 et
588 3282 638 3335 in
667 3281 956 3351 Seripturis
979 3280 1301 3350 purissimum
1339 3297 1540 3334 sensum
1561 3297 1624 3334 ne
1645 3281 1878 3336 iniuriam
1904 3282 2106 3353 quidem

511 3390 668 3428 ausus
697 3381 767 3428 est
797 3373 1180 3444 reprehendere.
1211 3371 1312 3440 Qui
1353 3382 1649 3428 creatorem
1681 3373 1848 3429 Deum
1879 3390 1984 3430 non
2010 3391 2102 3432 so-

509 3465 622 3522 lum
645 3465 963 3534 animarum,
981 3481 1166 3521 verum
1193 3465 1351 3521 etiam
1378 3481 1682 3536 corporum,
1706 3465 1962 3524 adversus
1984 3469 2104 3524 Pla-

511 3559 808 3614 tonicorum
851 3557 1290 3628 phil030phorum
1330 3559 1656 3614 asseveravit
1695 3574 1956 3615 errorem.
2001 3561 2103 3630 Qui

509 3651 816 3722 nuptiarum
838 3651 1039 3706 bonum
1057 3659 1112 3706 et
1127 3665 1283 3706 causa
1303 3651 1627 3721 prepagandi
1653 3652 1864 3722 generis
1883 3651 2102 3710 humani

508 3741 764 3798 divinitus
809 3741 1140 3810 institutum,
1181 3750 1236 3798 et
1271 3741 1518 3812 pudicitia
1556 3741 1820 3812 conjugali
1864 3735 2127 3800 sanctam

508 3832 628 3903 ejus
655 3832 902 3902 copulam
943 3831 1270 3904 praedicavit.
1305 3832 1408 3900 Qui
1435 3833 1700 3888 neminem
1737 3833 1869 3888 dixit
1899 3833 2100 3904 justiﬁ-

511 3925 624 3980 cari
653 3939 682 3978 a
729 3934 983 3994 peccato,
1023 3924 1125 3980 nisi
1165 3923 1252 3980 cui
1283 3922 1480 3979 fuerint
1515 3939 1612 3994 per
1649 3923 1976 3995 Baptismum
2015 3926 2102 3981 di-

507 4017 672 4072 missa
699 4017 876 4072 omnia
905 4025 1144 4087 peccata.
1176 4016 1276 4085 Qui
1302 4017 1466 4072 coluit
1499 4016 1644 4086 juste
1679 4017 1880 4088 justum
1909 4018 2096 4074 Deum.

507 4106 614 4176 Qui
643 4108 1024 4178 perfectionem
1055 4107 1284 4162 hominis
1311 4107 1364 4162 in
1387 4108 1584 4164 virtute
1601 4118 1760 4179 atque
1781 4109 1984 4180 justitia
2005 4112 2100 4167 ab-

509 4201 580 4256 sit
631 4209 694 4256 ut
721 4201 976 4270 impediat
1015 4199 1352 4272 deSperando
1383 4219 1396 4255 :
1425 4201 1520 4256 sed
1555 4217 1672 4256 eam
1707 4211 1878 4260 tamen
1917 4203 2096 4273 perfe-

508 4296 744 4351 ctionem
776 4295 860 4350 cui
890 4294 1024 4349 nihil
1051 4294 1406 4365 adjiciendum
1430 4295 1522 4362 sit,
1549 4295 1600 4349 in
1631 4295 1733 4348 alia
1759 4295 1867 4350 vita
1894 4305 2095 4365 sperat,

508 4399 630 4458 quas
677 4383 986 4456 itnplehitur
1027 4384 1418 4442 resurrectione
1471 4393 1838 4450 mortuorum;
1899 4385 1952 4440 in
1998 4385 2098 4441 hac

507 4483 686 4531 autem
713 4476 820 4530 vita
852 4474 1136 4530 humanam
1153 4475 1410 4546 justitiam
1439 4474 1492 4529 in
1515 4475 1741 4545 quadam
1769 4475 1952 4530 militia
1980 4475 2098 4532 bel-

503 4565 666 4636 loque
703 4565 1006 4634 constituit,
1035 4580 1143 4621 non
1173 4565 1347 4621 solum
1383 4565 1640 4622 adversus
1663 4565 1882 4621 aemulas
1923 4568 2098 4623 aerias

505 4663 826 4725 potestates,
868 4655 964 4712 sed
1008 4655 1264 4714 adversus
1303 4657 1444 4728 ipsas
1495 4665 1705 4714 nostras
1744 4657 2092 4728 cupiditates,

504 4759 608 4816 per
635 4759 767 4815 quas
795 4755 849 4800 et
887 4747 960 4800 illi
999 4747 1294 4803 exteriores
1333 4747 1530 4802 inimici
1573 4763 1672 4803 nos
1708 4749 1965 4818 dejicere,
2011 4750 2096 4805 vel

505 4843 791 4905 penetrare
830 4835 1144 4890 moliuntur.
1189 4835 1246 4890 In
1275 4835 1377 4891 hoc
1402 4837 1544 4892 bello
1574 4847 1627 4892 et
1665 4837 1832 4908 ipsam
1877 4854 2094 4894 carnem

505 4927 869 4983 adversariam
909 4942 1122 4998 gravem
1151 4927 1280 4984 dicit
1299 4970 1312 4994 ,
1349 4929 1500 4999 cujus
1530 4930 1708 5000 utique
1737 4941 1925 4985 natura
1957 4935 2094 4988 sicut

503 5019 754 5090 primitus
796 5019 1005 5076 condita
1036 5027 1147 5084 est,
1189 5019 1466 5074 nobiscum
1511 5021 1924 5076 coneordissima
1969 5037 2094 5092 per-

503 5119 778 5180 maneret,
815 5112 917 5167 nisi
943 5111 1096 5182 primi
1134 5111 1364 5166 heroinis
1409 5112 1841 5182 praevaricatione
1877 5113 2088 5183 vitiata,

501 5217 606 5259 suo
624 5203 900 5258 nobiscum
922 5203 1176 5272 languore
1195 5201 1524 5272 confligeret.
1548 5203 1604 5256 In
1631 5201 1732 5257 hoc
1749 5203 1890 5258 bello
1907 5205 1995 5260 ille
2013 5205 2093 5259 vir

505 5301 732 5350 sanctus
755 5301 940 5349 monet
979 5307 1077 5349 nos
1101 5293 1356 5348 sarculum
1402 5292 1665 5363 effugere,
1695 5303 1751 5348 et
1787 5293 1840 5348 in
1877 5311 1938 5349 ea
1967 5294 2089 5366 fuga

502 5393 700 5457 quanta
743 5384 812 5439 sit
848 5383 1164 5452 difficultas,
1211 5383 1320 5438 imo
1373 5381 1806 5452 impossibilitas,
1855 5384 1954 5439 nisi
1995 5385 2090 5440 Dei

502 5477 670 5547 gratia
700 5476 1008 5546 opituletur,
1049 5473 1302 5529 ostendit.
1333 5473 1471 5528 Dicit
1497 5485 1700 5528 mortua
1722 5473 1935 5544 quidem
1963 5475 2089 5529 vitia

501 5581 603 5635 per
629 5565 996 5622 remissionem
1026 5567 1080 5622 in
1108 5565 1430 5636 Baptismate
1460 5565 1694 5619 omnium
1727 5573 2086 5636 peccatorum,

507 5655 604 5711 sed
633 5671 820 5712 eorum
849 5673 946 5713 nos
971 5672 1159 5713 curare
1183 5655 1380 5712 debere
1409 5655 1636 5726 quodam
1663 5655 1823 5711 modo
1851 5655 2091 5726 sepultu-

504 5761 642 5804 ram.
663 5747 734 5804 Et
755 5747 811 5806 in
837 5747 940 5807 hoc
969 5749 1085 5822 ipso
1123 5763 1285 5821 opere
1311 5747 1472 5806 talem
1495 5747 1749 5807 describit
1787 5761 1906 5806 cum
1945 5747 2086 5808 vitiis

1335 316 1600 376 comm
1641 315 1978 375 tum..th
2018 315 2475 390 PELAGMNUM,
2508 323 2566 379 s.
2608 323 2976 383 AUGUSTIN!
3649 305 3743 412 (ξπ

2212 436 2436 492 mortuis
2457 453 2550 492 nos
2575 437 2770 496 habere
2793 441 3096 498 conﬂictum
3113 484 3130 510 ,
3161 451 3220 500 ut
3253 464 3354 507 non
3377 456 3510 524 quod
3534 461 3748 526 volumus

2211 541 2460 597 agamus;
2505 530 2597 586 sed
2640 533 2782 602 quod
2827 533 2952 590 odio
3005 535 3264 597 habemus
3285 583 3300 610 ,
3341 543 3438 602 hoc
3473 549 3734 616 faciamus:

2401 619 2450 673 in
2484 621 2636 718 nobis
2663 634 2933 692 peccatum
2960 627 3114 683 nobis
3140 630 3502 694 reluctantibus
3528 649 3740 718 operari,

2212 709 2476 765 redivivas
2498 713 2810 784 plerumque
2833 732 3112 788 resurgere
3131 721 3414 794 voluptates
3437 746 3450 783 :
3473 709 3741 796 luctandum

2213 799 2366 854 nobis
2393 817 2511 856 esse
2539 803 2793 860 adversus
2818 822 3036 863 carnem
3055 851 3070 876 ,
3101 811 3351 870 adversus
3375 833 3523 888 quam
3548 822 3744 886 luctatus

2212 897 2295 944 est
2320 890 2512 984 Paulus
2555 899 2766 964 quando
2813 897 3056 968 dicebat,
3119 900 3271 959 Video
3323 908 3472 963 aliam
3514 913 3655 984 legem
3699 922 3744 976 in

2212 983 2446 1039 membris
2475 987 2596 1040 meis
2625 1001 2982 1060 repugnantem
3030 993 3127 1062 legi
3163 997 3338 1052 mentis
3373 1016 3508 1056 mete.
3531 1003 3747 1080 Prmeipit

2213 1088 2280 1128 ne
2306 1076 2452 1128 carni
2494 1087 2690 1133 nostra:
2732 1081 3090 1150 confidamus,
3135 1101 3200 1140 ne
3243 1102 3340 1143 nos
3379 1091 3425 1145 ei
3471 1076 3746 1167 credamus,

2213 1179 2334 1220 cum
2365 1167 2648 1236 Apostolus
2673 1171 2896 1238 clamet,
2929 1173 3050 1229 Scio
3085 1177 3200 1247 quia
3226 1196 3325 1234 non
3362 1181 3542 1240 habitat
3581 1190 3629 1244 in
3653 1209 3750 1264 me,

2213 1257 2268 1311 id
2288 1269 2390 1352 est,
2437 1261 2489 1314 in
2513 1279 2664 1317 carne
2691 1281 2820 1330 mea,
2846 1266 3028 1320 bonum
3061 1284 3080 1323 :
3117 1270 3241 1325 uelle
3259 1273 3388 1328 enim
3407 1277 3592 1342 adiacet
3615 1257 3752 1352 mihi,

2214 1349 2454 1446 per/icere
2471 1361 2635 1405 autem
2658 1353 2842 1408 bonum
2863 1372 2962 1410 non
2989 1358 3185 1414 invenio
3209 1360 3388 1432 (Rom.
3417 1381 3484 1420 vn
3503 1409 3519 1436 ,
3541 1368 3607 1426 εδ
3623 1349 3750 1446 .18);

2215 1439 2352 1497 Ecce
2379 1453 2629 1513 quantum
2663 1462 2763 1502 nos
2791 1463 3018 1519 pugnam
3049 1467 3170 1507 eum
3200 1457 3420 1511 mortuis
3445 1459 3628 1519 habere
3649 1439 3757 1534 pec.

2213 1531 2380 1602 eatis,
2409 1535 2502 1590 ille
2538 1547 2785 1594 strenuus
2811 1538 3009 1596 Christi
3039 1544 3223 1612 miles,
3250 1555 3304 1602 et
3333 1547 3576 1608 Ecclesiae
3611 1531 3758 1614 ﬁdelis

2214 1623 2402 1681 doctor
2430 1629 2679 1684 ostendit.
2707 1632 2986 1698 Quomodo
3025 1635 3167 1690 enim
3207 1650 3480 1707 peccatum
3520 1657 3757 1704 mortuum

2216 1726 2330 1781 est,
2381 1733 2500 1773 cum
2561 1723 2726 1777 multa
2785 1733 3036 1794 operetur
3093 1727 3146 1782 in
3197 1729 3352 1786 nobis
3414 1735 3760 1798 reluctantibus

2214 1807 2410 1863 nobis?
2437 1810 2565 1878 Qua:
2608 1813 2774 1868 multa
2797 1855 2811 1878 ,
2863 1816 2964 1870 nisi
3002 1816 3266 1874 desideria
3311 1823 3468 1878 stulta
3504 1835 3556 1882 et
3593 1832 3757 1898 noxia,

2214 1913 2333 1968 qua:
2363 1902 2755 1958 consentientes
2795 1915 3040 1976 mergunt
3068 1907 3120 1962 in
3151 1909 3422 1966 interitum
3459 1922 3510 1968 ct
3533 1917 3758 1986 perditio-

2215 2003 2337 2044 nem
2365 1988 2422 2062 (Ι
2453 1989 2586 2046 Tim.
2615 2008 2666 2046 νι
2685 2034 2700 2058 ,
2727 1992 2831 2066 9)?
2850 2010 2966 2065 qua:
2995 1998 3176 2068 utique
3204 2002 3438 2072 perpeti,
3467 2004 3640 2076 eisque
3669 2026 3760 2068 non

2214 2082 2544 2149 consentire,
2571 2093 2841 2142 certamen
2871 2096 2982 2154 est,
3023 2091 3304 2149 conflictus
3341 2104 3452 2164 est,
3479 2113 3639 2170 pugna
3673 2114 3757 2160 est.

2215 2170 2452 2240 Quorum
2481 2189 2652 2246 pugna
2673 2217 2689 2244 ,
2722 2178 2822 2232 nisi
2849 2179 2974 2234 boni
3000 2190 3056 2236 et
3077 2184 3243 2250 mali,
3266 2200 3372 2240 non
3395 2198 3586 2246 natura:
3607 2193 3760 2252 adver-

2214 2276 2304 2317 sus
2325 2273 2596 2334 naturam,
2621 2267 2714 2322 sed
2742 2279 2943 2325 natura:
2971 2273 3232 2330 adversus
3259 2277 3442 2332 vitium
3463 2322 3477 2348 ,
3502 2280 3604 2350 jam
3635 2301 3760 2342 mor-

2217 2361 2362 2408 tuum
2382 2395 2399 2422 ,
2429 2357 2522 2411 sed
2563 2357 2736 2414 adhuc
2759 2359 3150 2430 sepeliendum,
3173 2365 3226 2420 id
3248 2376 3352 2436 est,
3369 2372 3576 2428 omnino
3589 2389 3759 2432 sanan-

2215 2444 2338 2500 dum
2359 2449 2382 2500 ?
2403 2448 2681 2516 Quomodo
2697 2468 2823 2524 ergo
2852 2465 3118 2512 mortuum
3143 2458 3373 2516 dicimus
3395 2461 3492 2518 hoc
3519 2479 3758 2534 peccatum

2213 2539 2266 2594 in
2296 2539 2618 2611 Baptismate
2638 2586 2653 2612 ,
2689 2545 2824 2601 sicut
2853 2547 3012 2604 etiam
3043 2550 3142 2606 iste
3163 2552 3248 2607 vir
3268 2553 3427 2622 dicit,
3450 2567 3502 2612 et
3523 2563 3758 2629 quomodo

2213 2631 2457 2689 habitare
2497 2634 2549 2689 in
2591 2637 2843 2693 membris
2870 2638 3116 2710 fatemur,
3141 2650 3203 2698 et
3229 2645 3394 2700 multa
3419 2651 3614 2718 operari
3639 2651 3760 2707 desi-

2211 2724 2359 2782 deria
2387 2727 2768 2786 reluctantibus
2797 2733 2981 2800 nobis,
3033 2736 3232 2806 quibus
3275 2754 3382 2794 non
3421 2745 3760 2801 consentieudo

2212 2819 2538 2888 resistimus,
2563 2823 2700 2878 sicut
2723 2825 2884 2880 etiam
2912 2827 2997 2890 hic
3017 2828 3100 2882 vir
3119 2828 3356 2898 fatetur;
3383 2833 3479 2888 nisi
3501 2835 3613 2905 quia
3637 2852 3760 2892 mor-

2214 2920 2360 2965 tuum
2399 2919 2482 2967 est
2527 2916 2578 2967 in
2605 2929 2669 2969 eo
2709 2925 2856 2971 reatu
2883 2931 2988 2988 quo
3013 2934 3112 2974 nos
3147 2921 3397 2988 tenebat,
3429 2933 3480 2979 et
3511 2925 3666 2981 donec
3687 2942 3762 2983 se-

2212 3001 2436 3071 pultum
2477 3003 2802 3072 perfectione
2847 3017 3098 3076 sanetur,
3141 3011 3372 3068 rebellat
3395 3022 3450 3070 et
3485 3017 3762 3071 mortuum?

2211 3091 2464 3160 Quamvis
2481 3095 2590 3164 jam
2617 3109 2724 3150 non
2755 3111 2820 3151 eo
2851 3099 3011 3154 modo
3030 3101 3333 3172 appelletur
3359 3115 3620 3176 peccaturo
3638 3147 3651 3172 ,
3675 3123 3762 3180 quo

2211 3180 2338 3239 facit
2359 3199 2540 3250 reum;
2578 3185 2674 3241 Sed
2697 3189 2838 3257 quod
2865 3191 2934 3246 sit
2956 3203 3106 3247 reatu
3133 3193 3302 3264 primi
3327 3195 3550 3254 hominis
3569 3198 3756 3268 factum,

2211 3283 2265 3330 et
2293 3276 2433 3346 quod
2477 3278 2785 3334 rebellando
2827 3295 2926 3338 nos
2967 3283 3180 3339 trahere
3223 3287 3406 3342 nititur
3447 3289 3512 3346 ad
3553 3301 3758 3358 reatum,

2209 3367 2310 3422 nisi
2341 3367 2554 3438 adjuvet
2581 3384 2679 3424 nos
2718 3373 2883 3440 gratia
2921 3371 3014 3428 Dei
3041 3389 3135 3444 per
3163 3375 3349 3432 Jcsum
3379 3378 3632 3435 Christum
3669 3380 3760 3434 Do-

2209 3459 2410 3514 minum
2455 3471 2729 3530 nostrum,
2779 3479 2846 3520 ne
2893 3467 2970 3520 sic
3008 3468 3168 3522 etiam
3215 3480 3480 3526 mortuum
3521 3483 3758 3544 peccatum

2209 3551 2460 3618 rebellet,
2483 3562 2539 3607 ut
2567 3554 2827 3610 vincendo
2851 3557 3130 3613 reviviscat
3147 3568 3208 3614 et
3241 3571 3442 3632 regnet.

2277 3641 2505 3699 CAPUT
2535 3643 2786 3702 X.—55.
2821 3647 2878 3702 In
2907 3645 3008 3703 hoc
3034 3649 3177 3704 bello
3210 3651 3760 3724 laborantes,quamdiu

2207 3737 2432 3792 tentatio
2458 3744 2542 3792 est
2591 3738 2694 3792 vita
2722 3737 2950 3794 humana
2979 3755 3140 3810 super
3185 3749 3382 3799 terram
3415 3745 3436 3818 (
3453 3745 3548 3800 Job
3573 3762 3666 3810 vu,
3689 3743 3757 3817 ll,

2206 3842 2313 3883 non
2351 3829 2470 3884 ideo
2506 3829 2622 3884 sine
2655 3839 2870 3900 peccato
2901 3846 3004 3886 non
3039 3847 3260 3903 sumus,
3291 3837 3412 3906 quia
3443 3839 3538 3892 hoc
3557 3837 3680 3908 quod
3705 3851 3759 3893 eo

2207 3917 2367 3974 modo
2395 3929 2668 3988 peccatum
2709 3919 2920 3986 dicitur,
2953 3931 3211 3992 operatur
3253 3925 3306 3980 in
3341 3927 3586 3982 membris
3627 3943 3759 3998 repu-

2205 4025 2374 4081 gnans
2405 4011 2505 4082 legi
2533 4013 2754 4076 mentis,
2791 4012 2948 4068 etiam
2991 4029 3096 4068 non
3121 4015 3228 4070 sibi
3271 4017 3338 4070 ad
3370 4017 3542 4072 illicita
3565 4031 3760 4072 consen-

2207 4103 2459 4158 tientibus
2485 4101 2637 4157 nobis
2669 4105 2954 4176 (quantum
2999 4105 3140 4160 enim
3187 4105 3256 4161 ad
3303 4121 3400 4161 nos
3437 4107 3761 4174 attinet,sine

2205 4202 2423 4264 peccato
2451 4208 2664 4263 semper
2703 4209 2970 4260 essemus,
2999 4195 3172 4252 donec
3215 4207 3492 4254 sanarctur
3533 4200 3628 4254 hoc
3661 4213 3758 4252 ma-

2205 4283 2313 4339 lum
2336 4327 2352 4352 ,
2380 4283 2426 4340 si
2446 4283 2496 4340 ei
2521 4301 2787 4355 nunquam
2804 4289 3232 4344 consentiremus
3257 4291 3326 4345 ad
3357 4289 3698 4364 malum);sed
3717 4289 3758 4342 in

2205 4378 2396 4448 quibus
2421 4379 2490 4432 ab
2523 4379 2615 4433 illo
2642 4379 2932 4434 rebellante
2952 4420 2967 4445 ,
2997 4380 3100 4435 etsi
3130 4397 3240 4437 non
3269 4381 3550 4446 lethalitcr,
3581 4381 3665 4437 sed
3693 4395 3760 4433 ve-

2204 4469 2436 4536 nialiter,
2479 4478 2654 4525 tamen
2697 4471 2987 4538 vincimur,
3033 4472 3086 4526 in
3121 4471 3210 4528 his
3248 4475 3604 4529 contrahimus
3645 4469 3760 4526 unde

2203 4563 2440 4632 quotidie
2527 4562 2793 4630 dicamus,
2873 4562 3082 4618 Dimitte
3151 4567 3298 4620 nobis
3387 4567 3548 4620 debita
3614 4573 3759 4618 nostra

2204 4651 2416 4724 (Matth.
2443 4669 2498 4709 vt
2517 4693 2532 4720 ,
2565 4655 2676 4724 12).
2693 4655 2856 4734 ⁴δίειιι.
2876 4655 3132 4726 conjuges
3156 4656 3372 4726 quando
3389 4657 3592 4712 ntodum
3619 4669 3758 4724 gene-

2203 4745 2392 4800 rationi
2423 4746 2778 4802 necessarium
2801 4761 2960 4802 causa
2983 4747 3150 4802 solius
3171 4750 3458 4818 voluptatis
3491 4745 3754 4802 excedunt:

2202 4837 2338 4892 sicut
2384 4837 2747 4905 continentes,
2792 4839 3004 4909 quando
3049 4839 3100 4894 in
3150 4841 3344 4894 talibus
3387 4839 3756 4911 cogitationibus

2200 4943 2320 4984 cum
2351 4929 2524 4998 aliqua
2551 4929 2905 4986 delectatione
2931 4939 3292 4996 remorantur,
3328 4947 3432 4988 non
3462 4930 3658 5000 quidem
3678 4927 3756 4980 dc-

2199 5031 2478 5075 cernentes
2519 5019 2806 5090 flagitium,
2853 5021 2948 5077 sed
3003 5021 3354 5078 intentionem
3409 5023 3623 5086 mentis,
3665 5033 3752 5073 non

2199 5111 2336 5166 sicut
2358 5119 2566 5180 oportet
2584 5137 2610 5177 ,—
2633 5126 2700 5166 nc
2727 5111 2818 5166 illo
2843 5111 3072 5180 incidat,
3115 5113 3238 5168 inde
3263 5123 3560 5168 avertentes
3579 5153 3594 5176 ,
3613 5120 3690 5164 aut
3715 5108 3752 5162 si

2199 5202 2442 5258 inciderit
2469 5203 2591 5258 inde
2621 5203 2909 5272 rapientes.
2955 5203 3030 5258 De
3077 5201 3178 5260 hac
3218 5205 3335 5274 lege
3377 5203 3602 5274 peccati,
3645 5213 3746 5268 qua:

2198 5295 2302 5348 alio
2345 5293 2505 5348 modo
2550 5294 2708 5348 etiam
2751 5303 3023 5364 peccatum
3071 5303 3325 5361 vocatur,
3367 5309 3484 5364 qua:
3525 5297 3752 5361 repugnat

2199 5383 2300 5454 legi
2330 5384 2561 5452 mentis,
2593 5385 2658 5438 de
2694 5399 2794 5454 qua
2823 5384 2990 5438 multa
3027 5384 3215 5440 beatus
3251 5385 3386 5440 dixit
3433 5383 3747 5442 Ambrosius,

2197 5481 2514 5528 atteslantur
2557 5474 2716 5528 etiam
2746 5475 2944 5540 sancti,
2977 5475 3306 5546 Cyprianus,
3336 5475 3586 5538 Hilarius,
3631 5471 3745 5526 Gre-

2195 5567 2403 5636 gorius,
2443 5566 2640 5636 aliique
2665 5581 2820 5636 quam
2850 5565 3078 5636 plurimi.
3109 5567 3204 5636 Qui
3247 5581 3374 5637 ergo
3399 5575 3664 5636 generatur
3701 5559 3744 5611 in

2195 5657 2387 5724 Adam,
2418 5656 2812 5727 regeneraudus
2837 5657 2888 5712 in
2915 5658 3150 5724 Christo,
3199 5666 3440 5712 mortuus
3479 5655 3529 5710 in
3577 5645 3742 5712 Adam,

2197 5747 2542 5806 vivificaudus
2559 5749 2614 5804 in
2639 5748 2866 5818 Christo,
2891 5747 3012 5806 ideo
3029 5757 3254 5822 peccato
3271 5757 3354 5805 est
3367 5745 3638 5805 obstrictus
3651 5740 3736 5796 ori-
