3984 6490
229 305 324 363 69⁸1
1535 300 1737 357 LIBER
1775 301 1800 358 Ε

1906 302 2148 362 UNDUS.

223 415 375 489 ginis,
398 412 522 486 quia
544 411 616 469 de
632 411 774 469 malo
793 411 1046 479 nascitur,
1068 425 1173 483 quo
1202 426 1330 468 caro
1362 412 1688 482 concupiscit
1715 413 1808 472 ad-

223 523 406 565 versus
421 506 670 578 spiritum
690 523 709 572 ;
725 521 833 562 non
855 505 922 562 de
939 505 1098 571 bono,
1115 521 1222 576 quo
1243 504 1460 575 Spiritus
1479 505 1809 575 concupiscit

219 602 470 657 adversus
496 614 715 655 carnem
746 597 940 671 (Galat.
970 613 1003 652 v
1020 639 1034 664 ,
1059 596 1170 669 i7).
1188 597 1323 666 Quid
1342 613 1470 669 ergo
1496 599 1686 653 mirum
1703 606 1803 664 est,

220 695 261 750 si
280 693 486 748 renasci
505 691 667 747 debet
688 692 847 746 homo
863 707 927 746 ex
947 691 1037 744 illo
1066 691 1205 746 malo
1231 699 1386 744 natus
1405 733 1420 755 ,
1447 698 1630 746 contra
1665 689 1806 760 quod

223 793 418 856 pugnat
449 783 613 838 homo
643 791 879 849 renatus,
902 796 1006 852 quo
1023 796 1145 836 reus
1166 791 1220 836 et
1250 781 1362 850 ipse
1385 789 1672 846 teneretur,
1704 781 1806 835 nisi

217 873 546 930 rcuascendo
567 873 924 930 liberaretur?
945 870 1058 927 Non
1090 881 1170 927 est
1196 871 1298 926 hoc
1328 871 1807 926 malum‘materies

219 970 305 1026 Dei
336 969 574 1024 creantis
595 1008 613 1035 ,
640 967 736 1022 sed
788 966 975 1021 vulnus
1005 964 1200 1020 diaboli
1245 964 1487 1020 eamdem
1529 964 1802 1018 materiem

213 1060 469 1115 vitiantis.
489 1059 604 1113 Non
627 1067 706 1113 est
728 1057 830 1112 hoc
848 1057 1041 1111 malum
1061 1057 1384 1127 nuptiarum,
1402 1054 1494 1109 sed
1515 1055 1803 1124 primorum

213 1152 484 1205 hominum
517 1158 793 1220 peccatum
814 1188 833 1214 ,
862 1147 912 1201 in
963 1157 1203 1218 posteros
1232 1145 1610 1216 prOpagatione
1641 1144 1802 1214 traje-

210 1253 374 1298 ctum.
400 1241 577 1296 Etiam
605 1240 760 1310 hnjns
777 1238 900 1293 mali
920 1250 1114 1301 reatus,
1137 1237 1475 1306 Baptismatis
1505 1237 1803 1291 sanctifica-

211 1333 350 1386 tione
373 1331 682 1387 remittitur.
712 1329 852 1384 Deus
886 1339 1060 1382 autem
1080 1328 1277 1397 justus,
1319 1327 1362 1382 si
1387 1335 1529 1380 tanta
1557 1325 1801 1396 parvulis

210 1422 366 1489 mala,
410 1429 612 1492 quanta
639 1436 779 1476 nunc
807 1421 986 1475 dicere
1029 1436 1133 1474 non
1164 1419 1405 1486 sufﬁcio,
1427 1419 1560 1473 nihil
1595 1418 1802 1489 peccati

209 1511 542 1566 trahentibus
560 1511 1010 1582 irrogaret,magis
1022 1508 1557 1580 apparerctinjustus.
1575 1508 1802 1564 Justitite

207 1619 332 1657 vero
350 1602 590 1673 perfecta
611 1601 877 1673 capacitas
895 1601 1251 1657 bomiuisnou
1278 1610 1526 1671 negatur,
1553 1601 1677 1671 quia
1703 1615 1802 1656 nec

205 1699 453 1752 vitiorum
485 1698 722 1752 omnium
750 1696 1054 1767 plenissima
1076 1697 1276 1752 sanitas
1311 1697 1412 1752 sub
1449 1695 1802 1766 omnipotenti

207 1789 414 1844 medico
441 1788 777 1858 desperatur.
819 1787 1042 1857 Propter
1064 1803 1223 1857 quam
1261 1787 1576 1842 catholicam
1604 1787 1801 1842 verita-

207 1891 310 1934 tem
351 1879 525 1934 sancti
552 1893 616 1933 ac
653 1878 792 1933 beati
815 1887 868 1932 et
897 1877 949 1932 in
993 1877 1294 1932 divinorum
1318 1877 1652 1949 eloquiorum
1680 1892 1802 1948 per-

205 1971 528 2025 tractatione
567 1969 852 2024 clarissimi
901 1967 1240 2034 sacerdotes,
1286 1968 1550 2034 lrenams,
1584 1971 1802 2041 Cypria-

203 2077 337 2126 nus,
401 2061 676 2126 Reticius,
739 2059 1046 2132 Olympius,
1116 2059 1386 2128 Hilarius,
1451 2061 1797 2128 Ambrosius,

204 2151 533 2221 Gregorius,
583 2149 953 2216 innocentius,
1002 2149 1272 2215 Joannes,
1325 2150 1578 2219 Basilius,
1609 2152 1801 2221 quibus

203 2243 339 2297 addo
385 2242 797 2313 presbyterum,
845 2241 978 2296 velis
1041 2241 1212 2308 nolis,
1280 2242 1693 2314 Hieronymum,
1744 2253 1802 2299 ut

203 2336 444 2389 omittam
477 2347 574 2389 eos
611 2333 701 2403 qui
740 2332 976 2388 nondum
1017 2332 1388 2400 dormierunt,
1421 2334 1676 2388 adversus
1706 2349 1800 2391 vos

202 2432 482 2504 proferunt
507 2431 576 2486 de
603 2431 839 2485 omnium
863 2430 1135 2485 hominum
1163 2439 1386 2501 peccato
1433 2429 1674 2499 originali
1701 2429 1800 2484 ob-

203 2525 358 2579 noxia
398 2522 745 2578 successione
785 2521 1107 2576 sententiam
1168 2537 1183 2574 :
1239 2519 1380 2574 ttttde
1427 2535 1586 2574 nemo
1629 2521 1798 2585 erttit,

202 2613 300 2668 nisi
327 2627 489 2684 quem
533 2611 651 2666 sine
678 2611 794 2682 lege
840 2610 1042 2682 peccati
1087 2618 1416 2682 repugnante
1460 2608 1562 2680 legi
1603 2609 1802 2665 mentis

202 2706 348 2776 virgo
371 2703 641 2776 concepit.

271 2799 360 2853 34.
389 2797 530 2866 Quid
567 2803 653 2852 est
705 2793 845 2866 quod
888 2793 1151 2858 exsultas,
1205 2787 1260 2848 et
1311 2791 1440 2848 mihi
1496 2791 1646 2864 quasi
1688 2791 1801 2849 vic-

208 2895 291 2944 tor
322 2888 547 2942 insultas
571 2887 589 2918 ⁸
613 2927 628 2953 ,
655 2895 896 2956 tanquam
925 2901 1024 2938 non
1065 2886 1342 2940 invenirem
1384 2883 1507 2952 quid
1547 2888 1798 2957 facerem,

213 2996 309 3050 quo
335 2981 680 3052 confugerent,
717 2977 763 3032 si
809 2977 1046 3050 judicum
1080 2992 1333 3047 premerer
1360 2984 1635 3048 potestate,
1669 2977 1802 3040 siin

216 3071 378 3124 medio
413 3070 725 3125 eruditorum
773 3069 1092 3123 consisterem
1130 3079 1326 3136 tecum,
1368 3069 1413 3122 si
1449 3083 1612 3136 certe,
1641 3082 1800 3137 quam

209 3161 368 3229 dicis,
407 3161 624 3216 rationis
653 3160 774 3215 tuba
793 3202 808 3226 ,
855 3175 887 3215 a
916 3168 968 3215 te
994 3161 1199 3215 scilicet
1229 3175 1421 3230 magno
1451 3159 1684 3214 tubicine
1715 3160 1802 3214 in-

208 3252 354 3317 ﬂata,
386 3251 432 3305 si
458 3251 755 3304 auditorum
777 3266 920 3303 arnta
947 3250 1383 3304 circumstantium
1409 3259 1464 3306 et
1494 3251 1585 3305 tibi
1615 3250 1799 3305 faven-

209 3343 332 3395 tium
362 3323 783 3411 concreparent."
820 3341 892 3395 ita
919 3340 1060 3394 enim
1110 3341 1200 3395 tibi
1252 3342 1404 3411 ponis
1446 3349 1570 3396 ante
1615 3342 1800 3397 oculos

209 3445 446 3489 nostrum
491 3434 545 3488 in
581 3434 937 3504 disputatione
979 3443 1280 3498 certamen,
1326 3443 1380 3489 et
1428 3443 1478 3490 te
1512 3449 1798 3506 argumen-

211 3535 348 3580 tante
366 3567 383 3594 ,
419 3542 507 3581 me
535 3525 662 3596 quid
688 3525 1044 3595 respondeam
1070 3542 1174 3580 non
1198 3525 1478 3582 habentem
1499 3569 1515 3595 ,
1547 3526 1702 3598 ﬁngis
1741 3535 1800 3584 ut

209 3620 397 3687 placet.
429 3618 522 3675 Sic
554 3629 727 3674 tecum
757 3634 888 3673 vana
915 3627 970 3674 et
997 3619 1179 3673 insana
1202 3620 1275 3674 tui
1297 3619 1472 3674 cordis
1493 3620 1800 3692 imaginatio

208 3709 492 3777 fabulatur,
523 3711 673 3780 quasi
719 3725 804 3765 me
845 3719 969 3764 ante
1016 3710 1328 3780 Pelagianos
1373 3710 1580 3780 judices
1623 3721 1796 3767 tecum

206 3802 531 3865 constituas,
578 3799 771 3868 quibus
813 3799 1181 3870 plaudentibus
1225 3801 1318 3857 tibi
1359 3801 1515 3856 liceat
1560 3801 1800 3858 exaltare

207 3902 456 3963 tauquam
509 3893 693 3948 tubam
728 3907 911 3948 vocem
958 3902 1134 3962 tuam,
1183 3903 1239 3949 et
1285 3895 1573 3965 praedicare
1612 3903 1798 3950 contra

205 3988 528 4043 catholicam
575 3987 735 4042 ﬁdem
760 3997 814 4042 et
839 3995 1022 4042 contra
1049 3987 1274 4058 gratiam
1303 3987 1532 4053 Christi,
1564 4003 1667 4058 qua
1694 4003 1796 4056 pu-

204 4080 300 4134 silli
325 4095 453 4135 cum
497 4079 706 4150 magnis
733 4079 1024 4135 liberantur
1052 4095 1081 4133 a
1123 4080 1293 4145 malo,
1323 4095 1660 4135 communem
1706 4081 1798 4137 tibi

206 4180 252 4225 et
280 4172 393 4226 illis
425 4171 640 4226 novitiae
685 4170 841 4241 hujus
870 4170 1158 4240 impietatis
1187 4187 1444 4226 errorem.
1477 4171 1633 4227 Tales
1655 4171 1800 4242 judi-

202 4277 286 4316 ces
309 4262 365 4318 in
399 4260 642 4316 Ecclesia
675 4261 802 4324 Dei,
847 4276 945 4315 nec
973 4264 1086 4316 sine
1113 4261 1422 4316 adversario
1452 4277 1516 4317 ex
1549 4272 1695 4332 parte
1719 4264 1800 4318 al-

204 4361 313 4408 tera
334 4361 519 4408 stante
561 4354 729 4422 potuit
773 4352 1012 4407 eruditor
1035 4364 1211 4408 vester
1252 4353 1496 4424 Pelagius
1539 4355 1794 4412 invenire.

203 4447 273 4502 De
297 4463 410 4520 quo
449 4449 687 4518 judicio,
735 4449 846 4519 ipse
871 4450 1082 4520 quidem
1114 4459 1369 4521 quantum
1413 4450 1479 4504 ad
1523 4449 1796 4506 hominum

202 4550 549 4608 conspectum
597 4541 816 4605 attinet,
847 4540 996 4595 velut
1039 4541 1348 4606 absolutus,
1393 4550 1571 4596 vestro
1620 4553 1798 4598 tamen

202 4629 372 4697 palam
401 4629 654 4684 damnato
680 4630 928 4700 dogmate
953 4671 966 4695 ,
991 4646 1236 4701 egressus
1259 4641 1360 4686 est.
1389 4631 1460 4686 At
1501 4646 1600 4702 ego
1619 4672 1635 4699 ,
1682 4631 1800 4686 ubi-

201 4735 434 4791 cumque
459 4722 534 4775 sis
554 4763 569 4787 ,
603 4723 925 4792 ubicumque
951 4722 1126 4792 legere
1170 4723 1267 4778 ista
1296 4724 1530 4794 potueris
1550 4765 1563 4788 ,
1597 4732 1647 4778 te
1673 4732 1796 4778 ante

199 4807 328 4863 istos
349 4811 562 4879 judices
593 4811 737 4865 intus
768 4811 820 4865 in
865 4811 1026 4867 corde
1051 4822 1139 4868 tuo
1168 4815 1468 4877 constituo;
1511 4829 1646 4884 quos
1685 4829 1794 4868 non
1835 4877 1838 4880 _

199 4903 402 4957 amicos
433 4919 578 4958 meos
607 4914 660 4958 ct
678 4905 918 4959 inimicos
945 4915 1063 4961 tuos
1082 4949 1096 4972 ,
1120 4906 1292 4977 aliqua
1319 4907 1371 4960 in
1395 4923 1565 4961 meam
1593 4917 1794 4978 partem

200 4994 368 5060 gratia
400 4995 828 5064 propendentes,
875 4997 1052 5066 aliquo
1076 4997 1169 5050 abs
1198 5007 1247 5052 te
1276 4999 1468 5053 merito
1496 5008 1598 5052 tua:
1624 4998 1795 5054 oll'en-

201 5081 368 5136 sionis
394 5098 611 5138 mersos
633 5126 647 5148 ,
680 5097 734 5140 et
771 5087 840 5139 ob
871 5086 970 5142 hoc
1001 5087 1090 5143 tibi
1123 5087 1376 5142 adversos
1401 5130 1416 5155 ,
1464 5090 1516 5144 in
1546 5090 1646 5145 hac
1699 5106 1797 5146 no-

199 5183 309 5226 stra
363 5174 754 5245 disceptatione
777 5179 1026 5232 constitui
1062 5180 1384 5258 cognitores.
1426 5180 1535 5236 Nec
1570 5196 1664 5236 eos
1704 5181 1794 5251 qui

202 5279 476 5336 nunquam
502 5268 722 5323 fuerunt
746 5279 836 5325 aut
880 5287 985 5326 non
1017 5282 1140 5327 sunt
1159 5313 1174 5338 ,
1203 5282 1295 5328 aut
1314 5289 1540 5344 quorum
1570 5283 1792 5330 senten-

201 5356 284 5409 tia:
312 5357 387 5412 dc
419 5357 517 5413 hoc
546 5359 689 5430 quod
713 5361 848 5416 inter
887 5379 983 5416 nos
1026 5362 1328 5433 disputatur
1373 5366 1591 5420 incerta:
1633 5374 1790 5433 sunt,

202 5445 344 5501 inani
371 5452 692 5520 cogitatione
717 5453 949 5508 coniinxi
995 5471 1009 5506 :
1055 5454 1150 5510 sed
1176 5463 1388 5512 sanctos
1415 5466 1469 5511 et
1513 5457 1566 5511 in
1609 5467 1792 5513 sancta

201 5536 445 5594 Ecclesia
489 5543 723 5600 illustres
765 5546 1029 5602 antistites
1085 5547 1216 5616 Dei,
1261 5564 1365 5603 non
1410 5549 1696 5606 Platonicis
1739 5559 1794 5606 et

253 5669 526 5750 1-39:-”-
569 5683 623 5724 (³⁸
645 5675 867 5747 ιεὶθτίειιιςθ
891 5684 1016 5750 μδδςθ
1045 5679 1252 5750 “."W,
1281 5680 1325 5735 εί
1361 5682 1408 5735 in
1434 5690 1686 5750 Conspectu
1705 5684 1794 5750 ju—

209 5731 384 5782 ds'cum
406 5748 628 5800 essemus,
645 5731 956 5802 quasi'victor
974 5731 1190 5795 insultas.

3389 313 3496 373 698

1914 416 2267 472 Aristotelicis
2313 426 2368 473 et
2423 419 2706 478 Zenonicis
2747 421 2971 495 aliisque
2989 422 3384 496 hujuscemodi,
3408 427 3495 486 vel

1912 508 2100 576 grta-cis
2127 509 2209 562 vel
2235 511 2438 578 latinis,
2482 528 2780 586 quanquam
2809 526 2864 572 et
2910 520 3023 574 istis
3061 521 3264 592 aliquos
3287 537 3493 592 eorum,

1919 609 2104 651 verum
2135 614 2322 655 omnes
2347 603 2515 658 sacris
2543 603 2758 661 Litteris
2778 607 3033 672 eruditos,
3055 612 3363 666 nominatim
3383 613 3494 669 sic-

1919 695 1978 740 ut
2006 689 2284 758 oportebat
2332 694 2604 762 expressi;
2635 710 2928 768 eorumque
2973 704 3298 768 sententias,
3326 719 3499 773 quan—

1915 784 2024 830 tum
2054 777 2300 833 sufﬁcere
2329 781 2622 846 videbatur,
2654 786 2767 841 sine
2811 789 2916 842 ulla
2945 789 3114 846 editas
3157 793 3500 863 ambiguitate

1911 864 2136 936 digessi,
2165 875 2221 921 ut
2262 869 2318 922 in
2343 870 2422 924 eis
2467 872 2685 939 timeas,
2716 891 2822 929 non
2865 877 3039 946 ipsos,
3083 881 3176 935 sed
3220 883 3365 936 illtnu
3407 883 3498 953 qui

1909 959 2009 1013 sibi
2038 960 2304 1015 eosutilia
2352 977 2475 1016 vasa
2504 963 2776 1031 fomtavit,
2809 976 2863 1023 et
2903 981 3082 1025 sancta
3129 975 3322 1044 templa
3365 991 3496 1028 con-

1910 1049 2138 1114 struxit;
2177 1052 2267 1120 qui
2299 1060 2424 1106 tunc
2451 1053 2519 1108 de
2566 1056 2663 1109 ista
2691 1063 2849 1112 cauSa
2876 1059 3247 1128 judicavcrnnt
3269 1105 3284 1130 ,
3327 1079 3496 1134 quan-

1909 1137 1979 1193 do
2007 1154 2103 1194 ens
2129 1156 2286 1196 nemo
2314 1152 2490 1212 potest
2513 1144 2692 1201 dicere
2719 1161 2994 1216 perperam
3027 1153 3268 1220 cuiquam
3294 1154 3378 1208 vel
3405 1155 3500 1207 ad-

1909 1230 2110 1285 versari
2132 1231 2220 1286 vel
2235 1231 2414 1289 favere
2438 1235 2690 1304 potuisse.
2715 1237 2958 1293 Nondum
2983 1241 3122 1295 enim
3145 1243 3493 1311 exstiteratis,

1908 1329 2092 1393 contra
2131 1337 2271 1392 quos
2306 1325 2703 1395 susciperemus
2721 1327 2788 1383 de
2814 1328 2915 1385 hac
2957 1332 3250 1400 quaestione
3302 1334 3497 1387 conﬂi-

1907 1419 2054 1466 ctum
2077 1430 2089 1466 :
2113 1413 2557 1483 nondumeratis,
2581 1419 2670 1488 qui
2697 1419 2946 1476 diceretis
2973 1423 3113 1492 quod
3141 1426 3190 1477 in
3217 1424 3366 1479 libris
3389 1426 3494 1480 tuis

1907 1503 2095 1571 ponis,
2127 1503 2260 1570 Quia
2303 1505 2365 1559 de
2392 1508 2529 1561 vobis
2557 1510 2869 1566 multitudini
2915 1515 3116 1568 mentiti
3144 1517 3415 1585 fuerimus,
3450 1526 3496 1570 et

1907 1593 2041 1661 quod
2061 1593 2472 1651 Caelestianorum
2493 1599 2570 1654 vel
2609 1598 3003 1672 Pelagianorum
3031 1607 3231 1660 nomine
3272 1607 3496 1662 homines

1908 1691 2204 1750 tcrreamus,
2230 1694 2277 1739 et
2301 1687 2438 1756 quod
2458 1697 2648 1743 terrore
2671 1689 2733 1744 ab
2759 1692 3044 1746 hominibus
3071 1695 3095 1725 ¹·
3111 1704 3492 1766 extorqueamus

1906 1789 2184 1827 assensum.
2231 1776 2389 1832 Certe
2417 1777 2529 1847 ipse
2555 1778 2765 1847 dixisti,
2812 1784 2948 1852 quod
2991 1801 3160 1839 omnes
3189 1786 3390 1856 judices
3428 1790 3492 1842 ab

1907 1863 2024 1916 odio
2042 1905 2058 1931 ,
2087 1865 2311 1919 amicitia
2331 1908 2345 1932 ,
2363 1868 2629 1923 inimicitia
2648 1911 2662 1935 ,
2690 1871 2769 1925 ira
2791 1888 2975 1928 vacuos
2995 1891 3100 1929 esse
3123 1875 3312 1931 deceat.
3335 1878 3493 1935 Pauci

1909 1955 2040 2010 tales
2075 1965 2366 2025 potuerunt
2403 1959 2630 2016 inveniri
2675 1980 2690 2018 :
2736 1964 2829 2018 sed
2874 1965 3214 2022 Ambrosium
3258 1970 3496 2042 aliosque

1905 2045 2136 2116 collegas
2182 2047 2336 2116 ejus,
2377 2064 2512 2119 quos
2555 2065 2677 2106 cum
2722 2053 2816 2108 illo
2865 2059 3310 2125 commemoravi,
3361 2061 3495 2118 tales

1907 2135 2071 2192 fuisse
2094 2139 2419 2193 credendum
2464 2151 2566 2196 est.
2601 2142 2796 2198 Verum
2821 2155 2874 2200 et
2913 2146 2957 2200 si
2987 2148 3117 2204 tales
3144 2164 3250 2204 non
3281 2149 3496 2208 fuerunt

1906 2226 1960 2281 in
2000 2226 2084 2282 bis
2112 2232 2288 2284 causis
2309 2271 2322 2292 ,
2354 2246 2488 2300 quas
2512 2232 2579 2288 ad
2604 2249 2662 2289 se
2690 2233 2894 2291 delatas
2923 2246 2978 2292 et
3021 2239 3159 2295 inter
3187 2250 3367 2310 partes
3395 2259 3493 2298 co-

1905 2318 2112 2388 gnitas,
2144 2335 2266 2374 cum
2295 2321 2383 2377 hic
2411 2323 2684 2392 viverent,
2713 2341 2811 2381 suo
2850 2328 3054 2398 judicio
3092 2330 3372 2400 ﬁnierunt;
3424 2334 3493 2390 ad

1906 2412 2043 2474 hanc
2071 2421 2244 2467 tamen
2278 2430 2488 2470 causam
2524 2418 2657 2472 tales
2701 2429 2884 2487 erant,
2912 2422 3124 2490 quando
3148 2423 3215 2478 de
3246 2425 3332 2478 illa
3365 2441 3494 2481 sen-

1909 2503 2099 2558 tentias
2127 2504 2463 2574 protulerunt
2494 2524 2508 2560 :
2559 2508 2732 2562 nullas
2778 2509 3052 2565 nobiscum
3097 2513 3183 2567 vel
3217 2514 3492 2570 vobiscum

1905 2594 2168 2649 amicitias
2213 2596 2588 2665 attenderunt,
2637 2599 2720 2654 vel
2763 2600 3066 2657 inimicitias
3105 2615 3491 2674 exercuerunt;

1905 2700 2078 2756 neque
2104 2687 2255 2742 nobis
2299 2704 2472 2760 neque
2493 2690 2644 2746 vobis
2664 2692 2781 2747 irati
2821 2703 2961 2762 sunt,
2991 2711 3165 2767 neque
3191 2713 3290 2754 nos
3319 2716 3497 2771 neque

1903 2792 2000 2831 vos
2024 2779 2258 2834 miserati
2298 2789 2442 2834 sunt.
2474 2781 2627 2848 Quod
2671 2783 2990 2842 invenerunt
3015 2788 3067 2842 in
3100 2789 3366 2858 Ecclesia,
3412 2801 3494 2848 te-

1904 2878 2168 2934 nuerunt;
2198 2871 2336 2940 quod
2365 2872 2698 2942 didicerunt,
2744 2874 3066 2944 docuerunt;
3107 2879 3246 2950 quod
3273 2897 3303 2936 a
3331 2883 3495 2953 patri-

1906 2959 2005 3015 bus
2050 2971 2407 3030 acceperunt,
2441 2963 2544 3020 hoc
2586 2963 2710 3020 ﬁliis
2749 2967 3098 3024 tradiderunt.
3128 2970 3370 3028 Nondum
3401 2990 3495 3029 vo-

1904 3049 2107 3106 biscum
2137 3052 2275 3122 apud
2317 3053 2448 3109 istos
2467 3053 2680 3125 judices
2706 3057 2904 3128 aliquid
2931 3061 3247 3131 agebamus,
3275 3076 3328 3120 et
3351 3065 3492 3135 apud

1903 3158 1998 3199 eos
2024 3155 2140 3200 acta
2184 3155 2267 3201 est
2293 3162 2454 3203 causa
2480 3157 2682 3205 nostra.
2712 3151 2822 3206 Nec
2861 3167 2961 3208 nos
2990 3168 3092 3210 nec
3121 3171 3216 3212 vos
3260 3157 3338 3213 eis
3380 3157 3493 3214 noti

1903 3235 2172 3293 fueramus
2191 3281 2206 3305 ,
2239 3248 2292 3294 et
2321 3255 2508 3296 eorum
2556 3257 2654 3313 pro
2681 3243 2835 3299 nobis
2864 3246 2998 3301 latas
3023 3258 3209 3304 contra
3248 3266 3344 3305 vos
3368 3267 3493 3307 sen-

1904 3329 2097 3384 tentias
2121 3331 2433 3388 recitamus.
2464 3333 2711 3388 Nondum
2741 3335 3012 3392 vobiscum
3034 3339 3405 3412 certabamus,
3437 3352 3495 3400 et

1903 3419 1980 3476 eis
2004 3423 2469 3490 pronuntiantibus
2496 3425 2765 3483 vicimus.’

1974 3512 2063 3568 55.
2097 3512 2265 3578 Dicis,
2305 3532 2324 3566 ι
2367 3528 2486 3579 me,
2509 3514 2555 3569 si
2592 3517 2692 3570 sub
2715 3525 2977 3587 potestate
2998 3518 3237 3590 judicum
3271 3538 3490 3592 preme-

1904 3619 2028 3670 rer,
2064 3623 2083 3658 s
2114 3605 2300 3677 quales
2331 3606 2421 3662 tibi
2465 3607 2577 3676 ipse
2623 3610 2902 3679 componis
2925 3652 2939 3675 ,
2975 3628 2994 3663 ‹
3033 3627 3139 3666 non
3186 3613 3488 3670 habiturum

1903 3697 2067 3756 fuisse
2095 3698 2218 3769 quid
2247 3698 2497 3765 facerem,
2525 3714 2632 3771 quo
2657 3701 3032 3772 confugerem;
3061 3719 3181 3760 cum
3211 3706 3313 3760 tuis
3337 3722 3496 3778 argu-

1903 3788 2318 3844 mentationibus
2368 3788 2508 3844 unde
2552 3804 2888 3846 occurrerem
2939 3797 3174 3859 reperire
3227 3811 3331 3849 non
3372 3812 3494 3866 pos-

1903 3893 2037 3934 sem.
2077 3897 2097 3932 »
2130 3878 2242 3949 Ego
2274 3879 2427 3949 plane
2473 3880 2724 3935 haberem
2775 3881 2900 3951 quid
2938 3882 3204 3953 facerem,
3238 3887 3493 3945 haberem

1903 3986 2010 4042 quo
2038 3972 2382 4042 confugerem
2424 3989 2437 4024 :
2471 3987 2500 4026 a
2531 3972 2828 4044 Pelagianis
2854 3975 2994 4031 enim
3024 3978 3255 4034 tenebris
3283 3980 3349 4035 ad
3381 3981 3496 4038 hare

1905 4072 2012 4118 tam
2045 4065 2298 4133 prazelara
2323 4063 2585 4119 catholica
2625 4065 2824 4120 lumina
2859 4083 3243 4137 provocarent;
3277 4072 3416 4142 quod
3442 4083 3498 4129 et

1902 4170 2046 4210 nunc
2067 4155 2176 4225 jam
2218 4153 2375 4210 facio.
2406 4154 2484 4210 Tu
2539 4171 2666 4226 ergo
2707 4158 2972 4227 reSponde
3011 4161 3136 4230 quid
3180 4161 3380 4229 facias,
3410 4163 3498 4219 die

1903 4261 2010 4316 quo
2038 4244 2334 4315 confugias.
2363 4246 2477 4316 Ego
2501 4261 2531 4300 a
2575 4247 2871 4319 Pelagianis
2915 4250 2981 4304 ad
3009 4253 3137 4306 istos
3168 4271 3181 4307 :
3207 4261 3259 4307 tu
3289 4253 3355 4309 ab
3379 4254 3498 4311 istis

1903 4341 1969 4396 ad
1993 4355 2128 4412 quos
2151 4340 2275 4395 iAn
2303 4341 2425 4412 quia
2458 4361 2477 4394 ι
2512 4356 2619 4398 non
2651 4346 3005 4402 numerandas
3028 4389 3043 4415 ,
3069 4348 3161 4403 sed
3190 4350 3495 4420 ponderan-

1903 4433 1999 4489 das
2036 4451 2058 4486 ι
2090 4448 2281 4490 censes
2309 4452 2330 4485 ο
2367 4448 2487 4490 esse
2513 4438 2835 4502 sententias,
2873 4457 2894 4492 s
2924 4447 2978 4493 et
3004 4439 3156 4495 addis
3186 4443 3349 4512 (quod
3380 4445 3496 4514 qui-

1901 4525 2025 4583 dem
2055 4535 2110 4583 et
2131 4541 2230 4598 ego
2259 4543 2445 4583 verum
2474 4542 2593 4586 esse
2612 4531 2946 4605 consentio),
2985 4551 3004 4585 ι
3035 4533 3100 4588 ad
3127 4535 3321 4605 aliquid
3349 4539 3496 4593 iuve-

1901 4619 2160 4677 niendum
2200 4620 2596 4676 multitudinem
2650 4623 2775 4678 nihil
2826 4625 3080 4694 prodesse
3131 4643 3432 4697 caecorum,
3468 4647 3489 4682 ι

1899 4713 2065 4770 etiam
2093 4713 2224 4768 istos
2245 4728 2418 4768 czecos
2446 4713 2626 4769 dicere
2659 4715 2918 4771 audebis?
2939 4719 3003 4772 Et
3030 4734 3197 4790 usque
3220 4721 3354 4776 adeo
3377 4738 3494 4792 per-

1898 4804 2114 4858 miscuit
2136 4803 2254 4858 imis
2283 4804 2471 4873 longus
2497 4820 2702 4858 summa
2730 4805 2844 4862 dies
2867 4808 2945 4879 (a)
2974 4825 3139 4880 usque
3165 4810 3300 4866 adeo
3341 4823 3493 4868 tene-

1897 4893 2010 4951 bra:
2058 4894 2144 4948 lux
2165 4934 2178 4960 ,
2211 4901 2265 4948 et
2313 4894 2400 4948 lux
2449 4894 2682 4950 tenebra:
2712 4912 2830 4952 esse
2875 4900 3123 4955 dicuntur
3144 4942 3158 4967 ,
3192 4913 3249 4956 ut
3282 4904 3496 4962 videant

1901 4984 2142 5054 Pelagius
2166 5026 2183 5052 ,
2208 4984 2495 5040 Ctelestius
2517 5026 2533 5052 ,
2561 4985 2823 5054 Julianus,
2849 4998 2905 5043 et
2940 4993 3064 5046 eieci
3095 4993 3201 5046 sint
3228 4993 3456 5050 Hilarius
3477 5037 3492 5062 ,

1901 5077 2209 5148 Gregorius,
2234 5078 2589 5134 Ambrosius?
2615 5080 2720 5136 Sed
2761 5083 3163 5154 qualiscumque
3192 5087 3353 5143 homo
3379 5091 3452 5144 sis
3475 5131 3491 5155 ,

1903 5182 2077 5226 tamen
2130 5172 2252 5242 quia
2299 5172 2459 5229 homo
2487 5187 2585 5240 es,
2613 5173 2794 5230 videre
2840 5177 2970 5231 mihi
3018 5177 3204 5234 videor
3232 5196 3493 5236 verecun-

1898 5261 2042 5318 diam
2073 5273 2218 5318 tuam
2242 5262 2324 5335 (si
2353 5272 2529 5320 tamen
2560 5277 2666 5320 non
2699 5265 2752 5320 in
2785 5275 2835 5321 te
2857 5282 2983 5336 spes
3005 5277 3086 5322 est
3111 5271 3286 5324 omnis
3311 5287 3492 5325 emor-

1899 5365 1990 5412 tua
2036 5353 2335 5426 sanitatis),
2363 5363 2418 5412 et
2445 5355 2675 5427 quodam
2714 5357 2874 5414 modo
2911 5358 3070 5414 audio
3101 5375 3282 5416 vocem
3325 5370 3489 5416 tuam.

1897 5447 2243 5520 ReSpondes,
2279 5446 2434 5503 Absit
2476 5456 2536 5504 ut
2575 5447 2802 5506 audeam
2848 5465 3021 5507 caecos
3066 5452 3197 5508 istos
3240 5452 3380 5510 viros
3405 5453 3493 5510 vel

1962 5601 1978 5668 ξ
2013 5602 2086 5651 sic
2105 5608 2215 5668 Mss.
2240 5597 2368 5668 aditi.
2382 5609 2520 5668 vero,
2543 5595 2777 5648 omnibus.

1960 5664 1982 5696 ³
2016 5663 2144 5725 Apud
2168 5669 2298 5720 t,ov.,
2323 5663 2574 5710 vincimus.

1961 5748 2033 5808 (a)
2067 5749 2222 5798 \‘crL-a
2245 5746 2435 5804 Lucani,
2467 5742 2672 5794 Pharsai.
2701 5742 2785 5794 lib.
2810 5743 2858 5803 3,
2886 5756 3014 5796 vors.
3053 5743 3158 5805 138,
3185 5743 3294 5800 £39.
