4072 6520
290 312 402 368 ’ἴθί

293 435 633 489 ωιιοιοτιιηὶ,
653 419 896 494 profecto
912 413 1292 472 antsanaberis
1307 410 1401 468 Dei
1419 410 1785 466 misericordia
1807 409 1903 464 do-

298 529 490 583 nante,
512 515 656 588 quod
679 523 932 584 quantum
963 510 1055 566 tibi
1078 518 1278 580 optem,
1305 505 1446 562 videt
1467 506 1556 576 qui
1586 504 1746 560 faciat
1775 523 1788 559 :
1812 513 1904 559 aut

297 612 372 676 si,
391 608 533 680 quod
550 606 852 670 abominor,
875 604 925 656 in
943 601 1128 657 eadem
1147 615 1264 670 qua:
1285 598 1376 652 tibi
1390 596 1599 652 videtur
1620 595 1900 666 sapientia,

299 711 359 756 et
389 709 473 755 est
509 712 703 768 magna
751 694 970 750 Stultitia
996 734 1010 757 ,
1045 689 1442 762 perduraveris;
1469 703 1574 744 non
1607 697 1662 742 tu
1691 686 1905 757 'jndices

300 791 632 864 quesiturus
662 803 724 844 es
745 829 762 855 ,
788 787 877 842 ubi
902 800 1120 840 causam
1146 793 1290 838 tuam
1320 795 1549 851 purges;
1581 781 1676 835 sed
1703 780 1792 834 ubi
1827 788 1906 834 tot

301 894 523 940 sanctos
549 881 804 936 doctores
841 876 1086 950 egregios
1125 885 1284 945 atque
1313 873 1690 928 memorabiles
1719 871 1906 926 catho-

305 977 428 1030 licae
463 973 704 1029 veritatis
747 984 970 1025 accuses
993 1010 1007 1034 ,
1038 966 1296 1022 Irenaeum
1320 1006 1335 1031 ,
1365 965 1687 1034 Cyprianum
1707 1004 1722 1027 ,
1752 961 1904 1016 Reti-

304 1066 450 1119 cium
475 1105 491 1130 ,
532 1061 834 1134 Olympium
857 1101 872 1126 ,
907 1056 1198 1123 Hilarium,
1231 1055 1580 1126 Gregorium,
1609 1052 1860 1108 Basilium
1885 1091 1900 1116 ,

305 1154 654 1212 Ambrosium
677 1194 694 1218 ,
724 1151 986 1207 Joannem
1005 1189 1019 1214 ,
1051 1147 1452 1212 innocentium,
1482 1145 1864 1216 Hieronymum
1887 1184 1902 1209 ,

1646 295 1850 353 LIBER
1886 293 2198 351 TERTIUS.

3397 295 3598 351 .702

2006 417 2340 477 caeterosque
2361 406 2537 462 socios
2593 421 2658 462 ac
2712 405 2997 477 participes
3033 419 3222 462 corum
3250 447 3264 470 ,
3306 390 3522 476 insuper
3543 418 3601 463 et

2009 499 2310 553 universam
2336 497 2534 552 Christi
2565 499 2854 558 Ecclesiam
2876 539 2890 561 ,
2920 497 3004 552 cui
3034 497 3227 552 divina:
3266 498 3477 552 familia:
3503 497 3600 552 do-

2009 591 2204 647 minica
2231 591 2429 648 cibaria
2472 590 2704 646 ﬁdeliter
2729 591 3134 656 ministrantes,
3174 590 3376 661 ingenti
3419 589 3602 645 iuDo-

2009 685 2156 739 mino
2183 683 2351 754 gloria
2389 683 2715 738 claruerunt.
2747 682 3018 739 Adversus
3046 683 3184 737 banc
3223 692 3404 737 autem
3431 684 3596 736 mise-

2009 777 2232 833 rabilem
2251 815 2266 839 ,
2292 789 2452 845 quam
2499 774 2638 828 Deus
2685 788 2715 827 a
2745 783 2798 829 te
2834 782 3058 839 avertat,
3078 773 3338 828 insaniam
3359 812 3374 837 ,
3402 773 3480 826 sic
3511 786 3597 826 re-

2008 865 2378 938 spondendum
2424 879 2544 920 esse
2574 864 2728 918 video
2769 864 2921 919 libris
2947 863 3081 927 tuis,
3105 873 3164 918 ut
3211 863 3342 918 lides
3385 876 3600 932 quoque

2007 959 2263 1015 adversus
2285 967 2336 1013 te
2355 955 2671 1012 defendatur
2695 956 2939 1020 istorum;
2966 955 3104 1010 sicut
3124 965 3306 1010 contra
3327 954 3518 1023 impios
3545 961 3601 1008 et

2009 1050 2203 1105 Christi
2246 1048 2515 1119 professos
2566 1047 2812 1102 inimicos
2859 1046 3019 1101 etiam
3073 1046 3244 1116 ipsum
3291 1043 3601 1101 defenditur

2012 1141 2380 1212 Evangelium.

323 1266 3602 1300 ____________________._—___—_———————-—————————————

1335 1373 1818 1481 LIBER
1901 1368 2211 1477 TER
2235 1366 2397 1474 ΤΙ
2421 1366 2626 1476 US.

377 1563 598 1614 Julianus
612 1561 854 1623 deinceps
870 1571 930 1623 ea
951 1560 1207 1623 rationeac
1225 1554 1476 1619 diligentia
1497 1553 1835 1623 confutandus,
1847 1557 1903 1602 ut
1921 1548 2214 1623 adsingnlos
2235 1555 2444 1623 quatuor-
2453 1549 2616 1623 ipsius
2639 1549 2787 1600 libros
2807 1563 3009 1623 seorsnn
3033 1550 3383 1623 respondeatur
3406 1549 3612 1612 singulis

313 1610 713 1677 totidem—Vilibris.
761 1610 857 1671 tt'oc
899 1622 1063 1682 itaque
1088 1619 1234 1668 tertio
1257 1610 1347 1682 suo
1370 1617 1664 1682 Augustinus
1687 1610 1891 1682 primum
1913 1610 2094 1682 Juliani
2106 1610 2282 1682 librum
2305 1610 2505 1682 refellit,
2527 1611 2577 1660 id
2599 1624 2756 1682 agens
2774 1621 2828 1661 ut
2851 1612 3032 1674 liquido
3062 1610 3311 1674 appareat,
3336 1625 3454 1682 lcum
3477 1610 3608 1682 Dens

313 1673 466 1737 verus
510 1693 564 1736 et
605 1687 762 1734 bonus
799 1685 863 1732 sit
899 1673 1147 1730 hominum
1170 1680 1406 1737 conditor,
1430 1673 1672 1739 bonaeque
1689 1673 1807 1726 ’sint
1841 1677 2022 1739 nuptis:
2048 1681 2100 1739 et
2117 1673 2198 1739 _a_b
2221 1685 2327 1734 ipso
2350 1674 2600 1739 institutae,
2626 1673 2798 1739 malam
2822 1673 2985 1723 tamen
3012 1673 3125 1739 esse
3148 1674 3607 1739 concupiscentiam,

311 1733 560 1812 (ᾠά-φῶ
591 1733 756 1812 πη
792 1745 1015 1806 δρίιοίωω
1054 1741 1366 1812 φηεᾳρίεείι.
1393 1733 1508 1812 hoc
1538 1733 1829 1812 malobene
1862 1733 1932 1785 uti
1973 1733 2256 1812 pudicitiam;
2290 1733 2599 1812 coniugalem
2626 1735 2910 1812 meliusque
2935 1748 3030 1808 non
3053 1735 3126 1783 uti
3173 1747 3234 1784 eo
3250 1733 3606 1812 continentiam

312 1797 624 1860 sanctiorem.
671 1797 840 1855 Malum
883 1812 1048 1854 autem
1072 1797 1319 1852 istud'non
1353 1815 1418 1851 ex
1441 1801 1538 1851 alia
1555 1801 1826 1849 substantia
1843 1797 1987 1860 quam
2009 1810 2104 1844 non
2127 1803 2258 1844 Deus
2275 1797 2565 1860 condiderit,
2589 1802 2645 1860 ut
2668 1797 2948 1860 nanichaeus
2972 1799 3164 1860 insanit,
3187 1798 3324 1845 nobis
3349 1807 3460 1844 esse
3495 1807 3606 1856 pcr-

312 1857 548 1930 tnixtutni
581 1869 671 1918 sed
716 1881 806 1930 per
830 1868 940 1930 Atla:
983 1865 1365 1930 inobedientia-m
1388 1869 1618 1930 exortum
1646 1868 1794 1923 atque
1821 1857 2110 1930 traductum,
2137 1863 2190 1930 et
2227 1869 2318 1930 per
2348 1858 2522 1930 christi
2561 1857 2890 1930 obedientiam
2914 1858 3206 1919 expiandum
3245 1865 3393 1929 atque
3431 1866 3613 1906 sanan-

311 1917 632 1993 ﬁnitiones;
666 1917 778 1993 mali
802 1924 1358 1993 obligatiopqipqlieat
1385 1925 1554 1993 debita
1775 1927 2075 1993 nascentem,
2117 1917 2270 1993 solvit
2286 1917 2513 1993 indebita
2553 1919 2708 1993 gratia
2724 1917 3108 1993 _'rcnasccn'tem.
3157 1925 3220 1990 t-:_x
3256 1917 3374 1980 ipSis
3404 1929 3605 1993 quoque

314 1977 858 2052 iniam-diaetis
880 1977 1072 2052 ostendi
1096 1977 1386 2052 libidinem;
1412 1977 1607 2052 quippe'
1637 1985 1721 2046 qui
1746 1990 1797 2032 et
1819 1979 2037 2052 remedia
2058 1986 2226 2052 contra
2250 1990 2359 2029 eam
2401 1977 2651 2042 agnoscat,
2689 1987 2742 2030 et
2781 1981 2973 2030 ratione
3013 1980 3195 2029 frenari
3232 1977 3343 2028 eam
3371 1977 3616 2039 velim—ac

314 2056 531 2119 denique
551 2047 679 2104 dicat
722 2051 934 2116 gloriosa
953 2051 1004 2101 in
1035 2050 1188 2114 ipsam
1211 2061 1242 2098 a
1262 2044 1628 2098 continentibus
1647 2044 1874 2094 exerceri
1905 2044 2194 2091 certamina.

1617 2147 2310 2190 -ᾒοοομ

393 2284 618 2344 CAPUT
665 2281 957 2340 PRIMUM.
986 2307 1060 2323 -—
1087 2281 1142 2336 1.
1167 2278 1285 2336 Jam
1310 2291 1452 2334 nunc
1470 2316 1487 2344 ,
1515 2276 1635 2348 quia
1667 2275 1782 2330 sine
1809 2273 1910 2330 du-

322 2379 412 2436 bio
437 2387 514 2434 tot
547 2385 921 2447 tantorumque
943 2381 1246 2429 sanctorum
1270 2412 1287 2437 ,
1329 2379 1384 2426 et
1424 2371 1476 2424 in
1506 2369 1675 2424 sacris
1697 2367 1913 2423 Litteris

324 2471 686 2536 eruditorum,
727 2476 783 2524 et
827 2468 880 2522 in
909 2465 1166 2521 Ecclesia:
1195 2461 1456 2532 regimine
1484 2468 1590 2514 tam
1625 2459 1767 2513 clara
1795 2471 1911 2511 me-

329 2562 496 2616 moria
526 2569 582 2615 et
616 2558 771 2614 laude
797 2556 1112 2628 pollentium
1137 2550 1442 2610 auctoritati
1465 2551 1508 2604 si
1531 2565 1635 2604 non
1663 2549 1908 2613 cesseris,

333 2668 429 2708 nec
473 2650 840 2723 acquieveris,
889 2649 1004 2704 sive
1048 2644 1585 2702 contumeliosissime
1630 2641 1770 2696 sicut
1805 2654 1914 2707 me,

325 2745 434 2801 sive
463 2741 586 2800 illos
607 2741 962 2799 verecundius
994 2749 1051 2796 et
1090 2739 1272 2794 mitius
1295 2752 1418 2792 cum
1454 2736 1629 2806 aliqua
1658 2748 1916 2804 persona-

324 2851 438 2894 rum
464 2833 775 2906 acceptione
793 2831 1123 2896 tractaveris,
1150 2838 1328 2884 tamen
1353 2829 1514 2884 etiam
1540 2827 1686 2896 ipsos
1707 2839 1919 2880 errasse

323 2926 562 2982 dicturus
590 2939 651 2981 es
678 2942 693 2981 :
727 2925 797 2979 ita
827 2923 952 2988 tibi,
983 2921 1177 2977 dilecte
1203 2919 1276 2974 fili
1304 2919 1533 2982 Juliane,
1565 2918 1788 2973 Domino
1817 2916 1918 2972 do-

325 3026 487 3075 Iantc
513 3013 846 3087 respondere
873 3012 1046 3069 debeo
1067 3053 1086 3080 ,
1113 3020 1170 3068 et
1205 3011 1283 3066 sic
1310 3019 1429 3064 tuos
1457 3009 1621 3063 libros
1650 3017 1807 3078 atque
1834 3023 1921 3061 ar-

325 3117 572 3182 gumenta
604 3107 857 3165 refellere
879 3148 896 3175 ,
924 3116 983 3162 ut
1005 3106 1052 3161 si
1092 3105 1292 3176 possis,
1333 3103 1631 3173 intelligas,
1664 3102 1801 3156 male
1824 3101 1916 3156 tibi

325 3201 489 3258 fuisse
517 3213 857 3272 persuasum,
891 3196 1034 3268 quod
1059 3195 1178 3250 aliis
1204 3193 1525 3264 persuadere
1556 3193 1762 3246 moliris
1786 3207 1800 3256 ;
1835 3200 1918 3246 tc-

324 3307 428 3362 que
463 3289 752 3348 salubriter
782 3289 1037 3359 pmniteat
1067 3288 1294 3342 incauta:
1334 3300 1397 3338 ac
1437 3284 1731 3340 temeraria:
1770 3282 1921 3352 juve-

327 3386 446 3442 nilis
487 3381 880 3456 progressionis
915 3390 969 3436 et
1000 3377 1358 3452 prolapsionis
1387 3385 1526 3442 ture,
1574 3391 1679 3430 non
1717 3383 1918 3429 tantum

329 3475 422 3529 tibi
449 3483 536 3529 tua
562 3471 918 3539 correctione,
957 3485 1142 3526 verum
1171 3470 1332 3525 etiam
1361 3468 1601 3538 pluribus
1621 3468 1917 3536 profutura,

330 3565 772 3636 cognoscentibus
796 3564 949 3620 vobis
975 3573 1134 3633 atque
1160 3560 1450 3616 fatentibus
1483 3573 1642 3629 quam
1670 3573 1774 3612 non
1803 3558 1922 3612 ina-

335 3657 477 3712 aiter
511 3670 772 3727 quamque
818 3654 1081 3711 veraciter
1129 3661 1208 3708 tot
1252 3660 1308 3708 et
1349 3651 1478 3706 tanti
1509 3651 1921 3706 christianoer

337 3756 576 3813 rectores
613 3747 965 3818 doctoresque
1006 3744 1327 3817 populorum
1355 3743 1456 3798 hoc
1483 3742 1535 3797 in
1563 3742 1804 3797 Ecclesia
1830 3741 1923 3796 Dei

335 3839 618 3895 didicerint
645 3847 699 3894 et
722 3837 1004 3894 docuerint
1024 3878 1038 3901 ,
1071 3835 1210 3906 quod
1240 3834 1352 3890 veri
1379 3834 1540 3888 simili
1573 3833 1805 3887 novitate
1830 3831 1924 3887 de-

335 3931 472 4002 cepti
499 3929 799 4001 cupiebatis
826 3936 1089 3985 evertere.
1126 3926 1182 3982 Si
1208 3935 1420 3990 autem,
1448 3923 1587 3994 quod
1614 3922 1710 3978 abs
1742 3932 1792 3978 te
1823 3923 1926 3976 Do-

334 4025 508 4080 minus
533 4031 783 4091 avertat,
829 4022 913 4078 vel
949 4021 1030 4077 sic
1058 4020 1392 4076 tenebratum
1429 4033 1524 4074 cor
1549 4016 1800 4072 habueris
1822 4057 1837 4082 ,
1867 4023 1925 4071 ut

335 4115 632 4187 intelligere
657 4115 758 4170 ista
795 4129 902 4170 non
926 4113 1135 4183 possis;
1183 4111 1266 4165 vel
1296 4125 1365 4164 ex
1394 4124 1458 4164 eo
1485 4123 1710 4163 numero
1736 4105 1922 4174 fueris,

336 4221 466 4276 quos
497 4207 551 4261 in
579 4205 781 4260 sanctis
801 4204 1030 4259 Psalmis
1070 4203 1267 4258 veritas
1295 4209 1444 4255 notat
1479 4201 1693 4266 dicens,
1744 4197 1928 4252 Noluit

339 4300 653 4370 intelligere,
695 4307 754 4352 ut
797 4299 917 4352 bene
953 4305 1120 4369 ageret
1163 4293 1333 4368 (Psal.
1373 4310 1558 4358 xxxv,
1587 4293 1688 4365 6);
1734 4293 1816 4348 vel
1861 4308 1928 4348 ex

339 4405 424 4458 eo,
451 4391 519 4446 de
548 4389 794 4462 qualibus
823 4389 950 4445 item
975 4387 1234 4460 scriptum
1264 4396 1347 4442 est
1365 4427 1381 4452 ,
1421 4384 1595 4440 Verbis
1625 4401 1726 4438 non
1755 4400 1928 4438 emen-

338 4484 539 4538 dabitur
565 4500 736 4539 aervus
755 4483 916 4538 durus
936 4499 956 4548 ;
980 4482 1026 4538 si
1054 4481 1189 4537 enim
1212 4489 1260 4535 et
1290 4479 1618 4544 intellexerit,
1649 4495 1750 4532 non
1778 4479 1930 4532 obau~

339 4577 441 4631 dict
464 4574 652 4646 (Prov.
683 4590 814 4631 xxix
834 4616 851 4643 ,
884 4574 974 4646 l9)
1021 4591 1036 4628 :
1069 4588 1172 4630 nec
1203 4572 1282 4628 sic
1313 4570 1416 4626 erit
1442 4571 1542 4626 iste
1571 4569 1930 4624 infructuosus

341 4666 492 4723 labor
521 4668 608 4724 vel
638 4683 789 4722 meus
807 4708 823 4733 ,
853 4665 941 4721 vel
965 4665 1189 4720 aliorum
1218 4662 1464 4727 fratrum,
1496 4662 1585 4732 qui
1612 4676 1707 4730 per
1733 4660 1930 4715 Christi

339 4760 560 4832 gratiam
602 4767 786 4815 contra
828 4756 972 4813 hunc
1013 4770 1251 4811 errorem
1281 4752 1598 4809 catholicam
1639 4751 1930 4806 defendunt

295 4841 303 4912 ξ
342 4849 526 4904 ﬁdem.
555 4849 720 4905 Multo
765 4848 998 4918 amplius
1022 4847 1163 4903 enim
1194 4853 1352 4902 erunt
1377 4858 1510 4914 quos
1547 4844 1761 4913 antiqua
1793 4841 1931 4896 veri-

342 4949 424 4995 tas
452 4940 533 4994 vel
563 4941 792 4994 instruat
834 4937 1050 4994 defensa
1072 4977 1088 5004 ,
1121 4936 1205 4992 vel
1229 4935 1495 5004 corrigat,
1524 4935 1567 4988 si
1609 4949 1714 4988 non
1748 4930 1933 4988 defue-

339 5042 462 5086 runt
485 5045 622 5102 quos
665 5030 908 5101 irrepens
937 5042 1088 5084 error
1117 5026 1366 5084 insolitus
1390 5028 1408 5060 ί
1438 5035 1531 5081 aut
1565 5024 1924 5088 subverteret,

341 5132 428 5179 aut
449 5133 708 5178 moveret.
741 5128 817 5178 Ac
847 5137 916 5178 ne
952 5121 1167 5192 longum
1195 5121 1404 5183 faciam,
1433 5133 1538 5174 non
1567 5117 1746 5172 omnia
1767 5116 1929 5171 verba

345 5224 428 5270 tua
458 5232 650 5287 ponam
677 5233 692 5283 ;
737 5215 832 5272 sed
863 5215 907 5270 si
941 5214 1195 5268 Dominus
1219 5211 1481 5284 adjuvcrit
1502 5251 1517 5276 ,
1550 5220 1760 5265 tuarum
1787 5209 1934 5264 velut

291 5327 294 5331 '
339 5319 611 5365 acutarum
634 5309 1151 5382 argumentationum
1178 5307 1308 5364 nihil
1328 5323 1434 5363 non
1463 5307 1694 5363 solutum
1721 5305 1933 5362 destru-

338 5409 593 5472 ctumque
617 5401 906 5458 dimittam.

411 5495 466 5550 9..
512 5497 589 5552 De
630 5495 932 5566 iudicibus,
984 5513 1004 5548 ι
1033 5493 1172 5566 apud
1219 5507 1354 5564 quos
1409 5501 1691 5563 propterea
1722 5508 1742 5544 ι
1797 5489 1932 5546 dicis

343 5604 366 5640 ι
405 5603 508 5642 non
539 5589 772 5658 potuisse
800 5602 896 5643 vos
925 5602 1084 5658 agerc
1108 5600 1323 5641 causam
1347 5594 1598 5651 vestram,
1630 5583 1751 5655 quia
1773 5595 1934 5638 nemo

406 5701 427 5733 ⁸
459 5699 598 5768 mliti.
620 5699 865 5754 inuolutus.
886 5707 1064 5752 Omnes
1081 5706 1211 5762 ηδε..
1234 5696 1462 5750 insolitus.

2017 2251 2085 2307 de
2109 2252 2270 2307 rebus
2296 2249 2470 2306 dubiis
2490 2249 2626 2305 bene
2649 2249 2952 2313 consultat,
2984 2248 3087 2304 nisi
3122 2247 3213 2318 qui
3241 2249 3308 2304 ab
3337 2247 3459 2304 odio
3482 2290 3498 2317 ,
3528 2249 3614 2304 ira-

2019 2350 2076 2398 et
2125 2341 2356 2396 amicitia
2413 2355 2640 2395 vacuum
2695 2350 2880 2410 pectus
2933 2339 3205 2405 attulerit;
3260 2340 3444 2409 quales
3498 2355 3614 2394 non

2019 2433 2185 2490 fuisse
2225 2452 2246 2487 ι
2291 2432 2462 2501 dicis,
2500 2449 2523 2484 ο
2551 2432 2641 2502 qui
2678 2431 2746 2486 de
2792 2445 2952 2485 causa
2995 2438 3171 2486 vestra
3215 2430 3614 2500 iudicaverunt,

2023 2526 2145 2596 quia
2175 2525 2324 2596 prius
2348 2539 2468 2580 eam
2493 2531 2771 2592 coeperunt
2805 2522 2984 2578 odisse
3009 2537 3166 2592 quam
3199 2536 3357 2576 nosse
3379 2563 3393 2586 ,
3434 2540 3454 2574 ι
3498 2521 3608 2587 jam

2022 2615 2236 2685 quidem
2260 2614 2540 2684 superiore
2565 2613 2700 2667 libro
2721 2613 2972 2682 respondi
3001 2611 3136 2684 (Lib.
3159 2613 3215 2679 2,
3245 2630 3298 2665 η.
3318 2613 3407 2682 54)
3438 2631 3450 2665 :
3475 2611 3612 2678 Quia

2023 2707 2069 2762 si
2114 2707 2247 2761 tales
2279 2705 2522 2776 iudices,
2569 2705 2754 2775 quales
2781 2703 3046 2770 definivit,
3093 2703 3236 2759 unde
3274 2703 3376 2757 hoc
3403 2701 3606 2766 dixisti,

2024 2797 2336 2862 Sallustius,
2365 2795 2714 2867 quaereretis;
2739 2804 2926 2850 sancto
2952 2793 3240 2848 Ambrosio
3260 2803 3312 2849 et
3334 2794 3612 2863 coepiscop-

2025 2889 2110 2960 pis
2137 2890 2287 2959 ejus,
2327 2888 2414 2957 qui
2442 2887 2510 2942 de
2556 2887 2654 2941 hac
2690 2902 2748 2941 re
2782 2887 2849 2940 ab
2891 2885 3013 2940 odio
3041 2879 3204 2940 vestri
3233 2885 3315 2940 vel
3356 2885 3609 2948 amicitia,

2023 2982 2109 3036 vel
2135 2982 2234 3047 ira,
2260 2983 2344 3035 vel
2369 2980 2510 3050 quod
2535 2991 2588 3034 tu
2617 2993 2721 3034 non
2745 2979 2987 3048 posuisti,
3011 2978 3104 3032 sed
3131 2978 3414 3032 Sallustius
3439 2977 3614 3046 posuit

2027 3072 2128 3145 (De
2152 3072 2514 3144 Conjuratione
2530 3071 2784 3138 Catilinw,
2812 3073 2863 3124 in
2892 3071 3117 3125 oratione
3141 3069 3379 3140 Caesaris)
3397 3111 3410 3134 ,
3441 3072 3603 3123 misc-

2026 3165 2255 3219 ricordia
2287 3179 2383 3234 pro
2410 3164 2595 3228 vobis,
2633 3164 2716 3217 vel
2753 3172 2938 3218 contra
2980 3177 3076 3216 vos
3098 3202 3115 3228 ,
3155 3176 3380 3215 vacuum
3428 3168 3617 3228 pectus

2028 3258 2365 3320 habuerunt,
2413 3257 2624 3327 quando
2659 3256 2725 3311 de
2772 3254 2872 3310 hac
2905 3271 2964 3312 re
3007 3270 3162 3310 veras
3201 3253 3619 3324 trauquillasque

2026 3350 2320 3404 sententias
2351 3349 2702 3418 protulerunt,
2735 3349 2916 3417 utique
2939 3347 3204 3402 cederetis
3231 3349 3272 3400 ί.
3302 3345 3448 3414 Quos
3474 3357 3617 3398 nunc

2026 3441 2179 3496 vobis
2204 3456 2394 3510 parum
2419 3451 2500 3496 est
2523 3440 2732 3511 judices
2758 3440 2901 3495 nolle
2919 3481 2935 3505 ,
2975 3440 3078 3494 nisi
3107 3439 3267 3495 etiam
3298 3452 3421 3492 reos
3446 3435 3628 3490 facere

2029 3531 2250 3603 insuper
2277 3531 2539 3586 audeatis.
2573 3530 2679 3585 Sed
2700 3571 2716 3598 ,
2741 3531 2966 3586 obsecro
2997 3540 3048 3586 te
3068 3570 3083 3595 ,
3110 3527 3377 3600 quomodo
3404 3540 3619 3582 causam

2029 3633 2262 3683 vestram
2294 3625 2384 3694 qui
2405 3625 2793 3680 damnaverunt
2820 3632 2945 3678 ante
2971 3619 3440 3692 cceperuntodisse
3460 3634 3620 3690 quam

2030 3718 2229 3774 nosse?
2259 3717 2359 3784 Qui
2396 3733 2514 3772 eam
2557 3716 2740 3785 procul
2787 3716 2949 3771 dubio
2985 3715 3107 3785 quia
3155 3723 3438 3778 noverant,
3488 3713 3621 3767 ode—

2032 3818 2153 3866 rant
2176 3811 2217 3858 ’.
2262 3809 2536 3863 Noveram
2562 3807 2705 3862 enim
2730 3823 2827 3862 vos
2857 3807 3036 3862 dicere
3057 3848 3071 3871 ,
3116 3805 3250 3860 nihil
3279 3805 3402 3859 mali
3431 3819 3624 3872 parvu-

2032 3899 2116 3955 los
2135 3898 2334 3953 habere
2359 3897 2647 3963 nascendo,
2670 3895 2812 3966 quod
2833 3896 3042 3967 purgari
3061 3895 3253 3951 debeat
3274 3891 3626 3948 renascendo.

2034 3990 2308 4046 Noverant
2343 4005 2438 4044 vos
2461 3989 2680 4054 dicere,
2730 3988 2952 4059 gratiam
2981 3987 3074 4042 Dei
3104 3987 3396 4042 secundum
3435 3983 3636 4038 merita

2034 4093 2218 4139 nostra
2247 4083 2360 4138 dari
2391 4099 2404 4135 :
2436 4091 2496 4136 ut
2514 4083 2623 4151 jam
2649 4081 2818 4151 gratia
2848 4095 2952 4134 non
2979 4087 3122 4134 esset
3147 4077 3316 4150 gratia
3347 4076 3524 4150 (liam.
3548 4091 3625 4138 xi,

2035 4174 2090 4246 6)
2113 4215 2129 4240 ,
2159 4174 2282 4243 quia
2313 4189 2418 4228 non
2449 4172 2614 4242 gratis
2641 4171 2859 4226 daretur
2883 4214 2896 4236 ,
2941 4170 3038 4226 sed
3068 4169 3360 4225 secundum
3386 4168 3626 4223 debitum

2035 4267 2368 4323 redderetur.
2415 4266 2685 4320 Nox-erant
2711 4278 2807 4320 vos
2847 4261 3062 4329 dicere,
3111 4262 3380 4317 hominem
3422 4260 3475 4314 in
3527 4259 3628 4313 hac

2036 4358 2144 4412 vita
2185 4371 2347 4429 posse
2390 4356 2592 4410 nullum
2640 4354 2837 4409 habere
2871 4361 3182 4424 peceatum;
3230 4361 3286 4406 ut
3329 4365 3434 4405 non
3471 4351 3518 4404 ei
3563 4351 3632 4402 sit

2037 4449 2403 4505 necessarium
2433 4488 2449 4514 ,
2491 4445 2634 4517 quod
2681 4448 2733 4500 in
2771 4447 3013 4500 oratione
3052 4443 3322 4500 dominica
3365 4451 3472 4496 tota
3501 4441 3631 4496 dicit

2039 4541 2279 4596 Ecclesia
2299 4581 2314 4606 ,
2356 4538 2566 4592 Dimitte
2594 4537 2737 4592 nobis
2760 4537 2926 4591 debita
2959 4545 3132 4590 nostra
3167 4533 3380 4606 (Matth.
3408 4549 3482 4598 VI,
3518 4533 3631 4598 12).

2039 4632 2166 4688 "me
2194 4632 2246 4684 in
2268 4630 2423 4684 vobis
2451 4637 2729 4694 noverant,
2765 4637 2821 4683 et
2849 4627 3144 4682 rectissime
3163 4626 3385 4681 oderant
3415 4625 3456 4678 ³.
3489 4624 3628 4678 Deni-

2039 4737 2144 4793 que
2165 4722 2233 4775 ab
2259 4721 2338 4776 eis
2363 4735 2459 4774 vos
2485 4728 2754 4774 correctos
2781 4718 3057 4784 noverint,
3087 4726 3142 4772 et
3170 4716 3442 4770 amabunt.
3492 4715 3632 4781 Quo-

2040 4817 2182 4870 niam
2233 4828 2337 4868 non
2381 4814 2517 4868 sicut
2549 4811 2717 4876 dicis,
2765 4829 2784 4863 ι
2817 4809 2872 4866 Si
2906 4810 3023 4879 quis
3053 4818 3144 4863 aut
3182 4809 3406 4862 libermn
3439 4806 3489 4860 in
3534 4810 3631 4859 ho-

2043 4906 2278 4962 minibus
2303 4904 2618 4966 arbitrium,
2660 4911 2754 4956 aut
2791 4903 2954 4956 Deum
2997 4915 3116 4956 esse
3155 4900 3484 4953 nascentium
3509 4910 3631 4950 con-

2041 4999 2271 5054 ditorem
2296 4997 2512 5064 dixerit,
2541 4995 2856 5067 Pelagianus
2880 5003 2934 5050 et
2957 4992 3310 5072 lecstianus
3336 5001 3584 5046 vocatur-
3612 5008 3632 5041 ι

2041 5093 2136 5148 sed
2167 5092 2254 5162 qui
2291 5091 2588 5146 libertatem
2619 5089 2670 5144 in
2697 5103 2854 5158 quam
2885 5087 3057 5143 vocali
3079 5099 3264 5141 sumus
3292 5086 3346 5150 δ,
3383 5099 3487 5138 non
3518 5097 3636 5152 gra-

2043 5187 2132 5243 tite
2184 5187 2278 5242 Dei
2333 5183 2611 5250 tribuerit;
2655 5191 2712 5238 et
2755 5181 2843 5253 qni
2895 5179 3240 5252 parvulorum
3297 5177 3639 5232 liberatorem

2108 5320 2126 5352 ι
2162 5327 2261 5366 Αιη.
2287 5323 2339 5366 et
2360 5322 2492 5375 Mss,
2515 5311 2796 5364 crederetis.

2106 5382 2126 5413 ²
2159 5365 2364 5430 8ἱό
2400 5383 2456 5427 At
2480 5365 2598 5426 editi
2620 5389 2633 5424 :
2658 5375 2776 5436 Quia
2797 5385 2903 5425 eam
2917 5368 3087 5437 procul
3109 5368 3253 5422 dubio
3267 5371 3514 5426 novertmt,
3530 5365 3642 5416 ode-

2041 5448 2351 5566 ra’al‘llliquol
2371 5507 2478 5549 Mss.
2502 5498 2582 5548 hic
2603 5497 2786 5566 addunt
2808 5509 2826 5566 εΔ
2850 5507 2963 5547 na’c
2994 5495 3043 5566 in
3075 5491 3204 5564 vobis
3231 5493 3540 5566 ttotim‘fflaﬁ‘
3563 5500 3642 5566 τε·

2044 5551 2493 5635 ctissinte'odernru.
2514 5569 2617 5610 Mox
2643 5562 2692 5609 in
2713 5560 2883 5610 editis:
2904 5555 3115 5620 Denique
3137 5555 3180 5607 si
3195 5552 3257 5604 ab
3277 5551 3365 5604 eis.
3391 5557 3556 5612 Abest,
3578 5551 3644 5619 si,

2042 5641 2072 5679 a
2095 5632 2448 5686 n'tanttscriptts.

2107 5693 2129 5723 ⁸
2161 5697 2289 5749 Mss,
2313 5682 2366 5737 in
2387 5698 2484 5749 qua
2502 5682 2656 5755 iocati
2675 5695 2841 5736 sum
