3984 6494
388 335 495 390 703

380 450 649 506 Christum
674 442 976 517 negaverit;
1006 445 1059 496 et
1087 437 1177 508 qui
1205 436 1450 506 cuiquam
1475 433 1530 487 in
1555 430 1657 486 hac
1680 429 1787 485 vita
1812 427 1958 499 justo

382 543 612 612 aliquam
644 540 697 594 in
725 533 990 592 dominica
1023 530 1264 586 oratione
1307 526 1646 597 petitionem,
1693 537 1798 577 non
1840 535 1963 590 pro-

386 643 506 703 pter
549 632 720 701 ipsum
761 624 956 681 dixerit
997 619 1392 682 necessariam;
1445 615 1560 685 ipse
1621 612 1779 703 hujus
1813 625 1963 666 erro-

385 701 462 776 ris
487 719 678 788 accipit
701 729 898 771 nomen
920 752 937 780 ,
975 711 1096 782 quia
1117 722 1302 764 errore
1323 703 1679 761 communicat
1705 701 1931 756 crimen.

456 810 510 865 3.
537 807 654 863 Jam
681 820 810 861 vero
839 801 1250 860 Manichaeorum
1270 797 1494 853 crimine
1513 836 1528 861 ,
1565 809 1684 864 qua:
1703 790 1965 848 catholica

384 898 587 956 lumina
611 895 844 962 audeas,
879 893 969 948 vel-
1001 901 1053 947 te
1079 889 1287 946 nescias
1306 929 1323 955 ,
1358 887 1441 942 vel
1471 884 1682 940 nescire
1701 891 1752 938 te
1775 880 1965 951 ﬁngas,

389 989 682 1052 infamare,
726 1001 832 1041 non
867 998 1003 1054 opus
1027 990 1110 1038 est
1149 981 1236 1035 hic
1270 979 1470 1034 dicere.
1513 976 1686 1042 Sane,
1729 981 1786 1028 ut
1811 971 1964 1036 dicis,

388 1081 431 1135 si
469 1099 496 1134 ‹
526 1093 631 1150 pro
649 1077 800 1132 vobis
826 1076 1000 1146 potius
1027 1073 1094 1128 ab
1117 1072 1442 1141 lmperatore
1469 1078 1786 1136 responsum
1812 1070 1915 1128 est,
1942 1079 1961 1113 ι

388 1187 486 1230 cur
515 1185 620 1225 non
661 1169 712 1222 in
744 1166 976 1222 medium
1014 1162 1267 1234 prosilitis
1289 1202 1306 1228 ,
1351 1168 1407 1215 et
1442 1158 1546 1215 hoc
1575 1157 1714 1213 ultro
1742 1153 1970 1226 publicis

385 1258 742 1332 potestatibus
767 1255 1048 1326 allegatis,
1070 1268 1166 1308 vos
1189 1266 1312 1307 esse
1331 1255 1722 1311 monstrantes,
1745 1259 1970 1316 quorum

389 1351 715 1407 christianus
750 1349 996 1418 princeps
1019 1343 1336 1415 approbavit
1363 1338 1562 1396 ﬁdem?
1591 1338 1786 1394 Verum
1807 1336 1853 1391 si
1877 1335 1970 1390 Dei

389 1443 565 1510 legem
607 1454 716 1494 non
746 1438 884 1494 sicut
921 1451 1044 1492 sese
1074 1435 1268 1500 habet,
1319 1430 1412 1488 sed
1437 1430 1576 1486 sicut
1598 1427 1750 1484 vobis
1779 1427 1971 1497 placet,

392 1531 722 1603 intelligitis;
779 1529 905 1600 quid
950 1528 1144 1583 mirum
1183 1526 1228 1580 si
1267 1533 1322 1580 et
1357 1523 1426 1579 de
1468 1523 1587 1593 lege
1637 1519 1975 1591 Imperatoris

392 1620 498 1676 hoc
541 1620 752 1676 facitis?
797 1618 903 1676 Sed
946 1617 1060 1674 hzec
1090 1627 1141 1673 te
1179 1615 1310 1671 alias
1345 1621 1720 1671 exsecuturum
1765 1609 1976 1681 plenius

394 1712 686 1783 polliceris.
740 1709 890 1779 Quod
941 1709 985 1764 si
1042 1707 1260 1770 feceris,
1310 1712 1402 1759 aut
1448 1703 1796 1774 redarguetur
1841 1700 1980 1755 sicut

397 1803 759 1869 insidiosum;
817 1809 909 1856 aut
959 1806 1331 1856 contemnctur
1381 1795 1522 1852 sicut
1576 1794 1778 1861 inane,
1831 1790 1974 1862 quod

397 1891 589 1947 feceris
619 1891 658 1944 ί.

469 1981 524 2036 4.
569 1980 740 2048 Quam
782 1992 912 2034 vero
951 1977 1094 2032 lauta
1123 1984 1179 2032 et
1217 1974 1394 2047 lepida
1433 1982 1517 2030 est
1555 1971 1842 2044 gratulatio
1870 1979 1978 2033 tua.

397 2072 540 2142 quod
576 2090 595 2123 ι
632 2086 794 2126 unum
829 2088 849 2123 ι
885 2069 1017 2124 dicis
1047 2087 1068 2121 ι
1104 2082 1398 2138 egressum,
1429 2065 1519 2136 qui
1546 2065 1598 2120 iu
1631 2078 1690 2118 se
1717 2077 1980 2118 summam

400 2162 570 2233 praelii
601 2161 756 2216 sitam
785 2168 936 2230 Optat
959 2158 1214 2229 intelligi;
1244 2175 1263 2209 ι
1296 2155 1544 2212 videlicet
1567 2163 1625 2210 ut
1641 2153 1936 2225 Pelagianis
1957 2153 1980 2184 ³

403 2262 461 2307 tu
491 2251 722 2308 videaris
749 2249 948 2316 David,
993 2265 1092 2320 ego
1117 2259 1292 2304 autem
1323 2247 1524 2304 Golias.
1574 2244 1815 2310 Videris,
1842 2243 1890 2300 si
1927 2251 1982 2298 tu

401 2341 506 2398 hoc
534 2340 784 2396 induxisti
815 2347 1025 2410 paetum
1053 2347 1108 2394 et
1136 2338 1387 2408 placitum
1417 2351 1540 2392 cum
1577 2333 1898 2406 Pelagianis,
1928 2342 1987 2389 ut

407 2435 453 2490 si
485 2435 654 2490 victus
676 2432 868 2500 fueris,
891 2432 1021 2488 nihil
1049 2430 1271 2486 ulterius
1291 2430 1365 2485 illi
1389 2429 1636 2484 audeant.
1670 2427 1784 2498 Ego
1808 2436 1985 2482 autem

402 2523 542 2579 absit
572 2531 629 2578 ut
667 2522 732 2577 ad
758 2521 1183 2577 monomachiam
1211 2535 1306 2575 vos
1345 2533 1630 2590 provocem
1655 2559 1669 2582 ,
1701 2531 1836 2588 quos
1873 2516 1989 2571 ubi-

404 2629 631 2684 cumque
658 2613 1006 2684 apparueritis
1025 2653 1042 2680 ,
1072 2612 1265 2682 ubique
1284 2609 1508 2666 diﬁ‘usus
1536 2608 1732 2666 Christi
1759 2607 1989 2664 debellat

405 2705 705 2771 exercitus;
747 2704 840 2774 qui
885 2702 1177 2759 debellavit
1229 2700 1368 2772 apud
1396 2699 1772 2770 Carthaginem
1811 2697 1988 2754 Caele-

405 2794 590 2862 stium,
617 2793 954 2864 quandoillic
980 2793 1094 2863 ipse
1113 2807 1220 2848 non
1241 2806 1422 2856 eram;
1451 2799 1505 2846 et
1529 2776 1714 2845 rursus
1741 2787 1992 2844 Constan-

410 2885 631 2956 tinopoli
675 2884 750 2956 (a)
792 2894 901 2941 tam
946 2883 1104 2956 longe
1138 2899 1170 2939 a
1206 2883 1515 2955 regionibus
1556 2881 1821 2937 Africanis
1857 2881 1992 2952 :qui

407 2977 694 3034 debellavit
717 2978 770 3032 in
801 2977 1082 3033 Palmstina
1107 2976 1398 3046 Pelagium,
1423 2974 1510 3030 ubi
1527 2989 1740 3030 causam
1763 2980 1992 3028 vestram

411 3081 525 3123 sua:
553 3067 912 3124 damnationis
942 3067 1134 3123 timore
1160 3065 1429 3122 damnavit
1460 3083 1474 3122 :
1507 3065 1579 3120 ibi
1604 3064 1749 3120 enim
1777 3063 1994 3119 omnino

410 3159 605 3216 cecidit
633 3159 855 3216 hmresis
883 3168 1078 3215 vestra.
1109 3159 1177 3213 Et
1202 3159 1322 3228 quia
1351 3158 1442 3212 ille
1460 3199 1476 3226 ,
1516 3156 1670 3226 cujus
1693 3156 1858 3226 ﬁgura
1881 3163 1997 3209 erat

413 3251 603 3318 David,
632 3261 819 3308 contra
844 3266 971 3308 suos
997 3250 1332 3306 adversarios
1362 3249 1414 3304 in
1437 3249 1549 3306 suis
1575 3248 1822 3304 omnibus
1851 3247 1996 3302 mili-

409 3341 552 3399 tibus
582 3351 808 3412 puguat,
853 3357 1092 3398 errorem
1122 3350 1361 3396 vestrum
1391 3339 1552 3396 etiam
1583 3339 1779 3408 Pelagii
1817 3339 1996 3409 lingua

411 3442 664 3504 tanquam
696 3433 717 3464 ³
761 3434 1012 3504 prostrati
1051 3442 1105 3489 et
1141 3432 1367 3503 jacentis
1407 3431 1582 3502 gladio
1629 3429 2000 3486 detruncavit.

411 3523 546 3581 Nam
575 3524 713 3595 quod
741 3535 794 3579 tu
813 3523 1139 3595 dedignaris,
1175 3542 1194 3576 ι
1225 3532 1506 3595 propterea
1523 3538 1616 3578 vos
1639 3536 1806 3578 novos
1831 3521 2002 3578 luere-

413 3615 547 3670 ticos
573 3613 697 3682 dici,
729 3613 849 3685 quia
867 3629 1026 3669 omne
1046 3613 1244 3669 malum
1262 3612 1404 3684 quod
1425 3622 1700 3684 peccatum
1729 3611 1998 3680 deﬁnitur,

413 3705 652 3764 asseritis
688 3720 792 3760 non
843 3705 895 3760 in
934 3714 1141 3772 natura,
1187 3705 1282 3761 sed
1312 3705 1366 3759 in
1387 3704 1500 3760 sola
1523 3704 1795 3760 voluntate
1821 3705 2002 3760 consi-

414 3805 580 3863 stere,
614 3815 633 3850 ι
659 3796 768 3868 jam
796 3798 945 3853 vobis
970 3797 1213 3868 Pelagius
1234 3839 1249 3865 ,
1281 3797 1389 3853 imo
1419 3813 1516 3867 per
1541 3797 1775 3868 linguam
1804 3796 2004 3868 Pelagii

417 3887 675 3944 Dominus
726 3890 1038 3960 amputavit.
1093 3889 1311 3945 Timens
1363 3890 1561 3960 quippe
1606 3889 1696 3944 ille
1738 3888 2000 3956 damnari,

416 3979 688 4044 damnavit
712 3995 805 4035 eos
833 3981 920 4051 qui
951 3981 1168 4046 dicunt,
1201 3981 1429 4037 infantes
1457 3981 1665 4037 etiamsi
1695 3995 1803 4036 non
1829 3982 2004 4052 bapti-

418 4078 624 4138 zeutur,
655 4070 850 4126 habere
879 4072 1035 4125 vitam
1065 4081 1338 4126 mtcrnam.
1379 4071 1478 4140 Qui
1504 4086 1632 4142 ergo
1661 4072 1861 4142 negatis
1886 4086 2008 4128 esse

421 4163 474 4218 in
503 4164 720 4234 parvulo
747 4165 946 4219 malum
965 4208 982 4232 ,
1027 4165 1169 4236 quod
1197 4164 1516 4234 Baptismate
1540 4162 1804 4228 diluatur;
1849 4162 2010 4217 dicite

421 4271 528 4324 quo
575 4256 766 4311 merito
813 4256 1059 4326 parvulus
1106 4272 1210 4310 non
1255 4255 1550 4324 baptizatus
1591 4261 1790 4308 aaterna
1837 4261 2009 4309 morte

423 4349 705 4420 plectatur.
729 4349 833 4404 Sed
864 4349 988 4420 quid
1037 4348 1166 4403 estis
1208 4348 1436 4416 dicturi,
1484 4349 1584 4403 nisi
1624 4347 1761 4403 forte
1791 4347 2007 4418 Pelagio

424 4440 753 4495 ntaledicturi
775 4442 797 4494 ?
823 4440 920 4508 Qui
946 4449 1118 4494 tamen
1141 4439 1187 4494 si
1207 4439 1357 4494 vobis
1383 4438 1825 4493 maledicentibus
1849 4438 2008 4506 dicat,

427 4533 494 4588 Et
514 4533 637 4604 quid
659 4533 863 4588 velletis
881 4541 937 4588 ut
961 4531 1229 4588 facerem?
1252 4547 1319 4586 an
1347 4531 1556 4588 dicente
1571 4531 1806 4596 Christo,
1831 4529 2012 4586 Sinon

426 4624 848 4678 manducaveritis
886 4641 1047 4677 meam
1088 4640 1324 4690 carnem,
1370 4631 1416 4677 et
1451 4622 1671 4676 biberitis
1699 4637 1862 4675 meum
1889 4638 2012 4675 san-

425 4715 626 4784 guinem
647 4755 663 4780 ,
714 4731 814 4768 non
853 4713 1092 4769 habebitis
1128 4715 1278 4768 vitam
1307 4713 1358 4768 in
1401 4712 1536 4767 vobis
1564 4711 1741 4784 (Joan.
1768 4727 1852 4776 vl,
1885 4710 2010 4782 54);

426 4805 661 4859 dicturus
692 4805 891 4860 fueram
933 4805 1206 4875 parvulum
1238 4805 1540 4861 habiturqu
1566 4804 1748 4870 vitam,
1777 4804 1868 4872 qui
1895 4804 2014 4860 sine

427 4896 530 4951 isto
555 4896 897 4950 Sacramento
943 4897 1146 4952 ﬁnisset
1187 4896 1324 4951 hanc
1352 4897 1557 4952 vitam?
1600 4906 1730 4966 puto
1748 4896 1890 4966 quod
1920 4913 2016 4953 vos

430 4987 768 5042 maledixisse
812 4986 1014 5041 homini
1059 4987 1352 5057 paenitebit.
1395 4986 1513 5043 Jam
1549 5001 1643 5040 vos
1679 5001 1810 5056 ergo
1857 4987 2018 5042 totius

429 5080 685 5151 pteniteat
714 5079 872 5147 hujus
900 5081 1120 5135 erroris.

500 5170 554 5226 5.
585 5169 663 5225 Ne
703 5179 1014 5239 argumento
1041 5171 1342 5225 miserrimo
1371 5170 1627 5238 utamini,
1655 5186 1760 5241 quo
1787 5171 2018 5226 universi

429 5271 648 5319 utuntur
667 5262 926 5330 haeretici,
957 5279 1092 5332 quos
1119 5277 1148 5316 a
1181 5263 1480 5334 perniciosa
1510 5264 1722 5320 licentia
1750 5263 1896 5336 leges
1920 5265 2020 5318 im-

496 5376 513 5439 !
547 5375 619 5424 sic
639 5380 745 5424 Mss.
771 5373 888 5424 Εᾱὶιί
911 5387 1048 5439 vero,
1069 5375 1196 5438 quod
1218 5375 1404 5439 fateris.

493 5438 515 5499 ξ
546 5443 667 5486 'l‘res
693 5443 820 5496 Mss,
851 5435 1156 5499 Pelagianae.

497 5498 519 5530 ³
553 5505 676 5560 Am.,
705 5503 886 5564 pugnat
928 5498 1148 5549 errorem
1182 5506 1406 5561 vestrum,
1433 5499 1577 5550 etiam
1602 5498 1782 5564 Pelagii
1807 5498 2022 5564 linguam

699 5561 922 5634 iErﬁfatum
943 5569 1143 5634 secutus
1164 5567 1410 5624 Erasmus,
1429 5564 1631 5613 mutavit
1675 5561 2020 5623 tantummodo,

435 5627 615 5742 [manu
625 5654 652 5696 τ’
666 5627 735 5679 in,
743 5627 1004 5730 ριρηιῃῃαι.
1599 5686 1608 5694 ,

445 5748 466 5751 _
554 5683 571 5751 ὶ
607 5683 721 5751 “de
742 5695 880 5751 mra.
908 5696 956 5731 ιη
990 5683 1200 5751 secunda
1223 5693 1365 5751 Parte
1399 5684 1701 5751 Αρρεηάεςιξς
1735 5683 1800 5737 de
1839 5683 2021 5751 synodo

436 5743 948 5807 ωιςωιιίουιωιιιαιη
971 5747 1064 5795 sub
1086 5743 1237 5798 Attico
1257 5746 1420 5799 habita
1435 5743 1566 5799 anno
1589 5747 1698 5796 m.

1171 316 1444 376 CONTRA
1480 309 1824 370 JULIANUM
1855 306 2316 377 PELAGIANUM,
2357 308 2414 364 S.
2455 304 2820 365 AUGUSTINI

3540 305 3669 362 700-

2065 436 2369 498 peratorum
2394 423 2774 480 catholicorum
2805 427 3071 494 premunt.
3097 418 3298 478 Omnes
3322 419 3519 494 quippe
3542 422 3650 478 hu-
3709 479 3718 488 ,

2063 514 2296 586 jusmodi
2320 515 2537 582 dicunt,
2581 515 2723 587 quod
2750 515 2863 585 ipse
2894 512 3108 580 dixisti,
3143 531 3163 565 ι
3203 513 3473 570 Laborare
3501 514 3668 570 illam-

2067 614 2271 677 partem
2296 607 2518 662 rationis
2535 604 2732 676 inopia,
2756 620 2875 676 qua:
2916 605 2970 660 in
2991 603 3302 659 disserendo
3325 618 3447 659 cum
3472 611 3654 661 terro-

2068 715 2182 755 rem
2224 699 2513 771 subrogat,
2559 699 2759 755 nullum
2784 714 2813 752 a
2845 697 3193 768 prudentibus
3230 696 3514 768 impetrat,
3553 695 3658 754 sed

2067 806 2267 847 eccum
2294 807 2324 847 a
2350 791 2675 848 meticulosis
2693 797 2975 861 extorquet
2997 802 3294 845 assensum.
3321 805 3340 841 ι
3375 786 3509 842 Νονὶ
3533 787 3662 858 qui-

2069 883 2191 938 dem
2215 882 2449 938 baaretiei
2476 897 2570 937 vos
2596 883 2724 938 estis
2743 921 2759 940 .
2797 881 2894 936 sed
2925 880 3076 935 istam
3107 895 3244 947 pene
3272 879 3514 934 omnium
3537 877 3659 932 bre-

2073 979 2371 1038 rctieorum
2397 979 2634 1028 veterem
2661 977 2848 1022 vocem
2873 974 2994 1016 cum
3019 955 3228 1012 caneris
3255 951 3543 1022 agnovistis
3567 957 3662 1004 at-

2072 1086 2179 1144 que
2222 1065 2492 1126 tenuistis.
2546 1060 2658 1118 Nec
2702 1070 2799 1112 vos
2845 1067 2946 1108 nec
2993 1049 3127 1105 alios
3175 1042 3475 1144 decipiatis,
3510 1038 3674 1095 velut-

2074 1135 2237 1220 tafem
2266 1173 2456 1215 vocem
2499 1153 2757 1210 habentes
2797 1146 3078 1204 adVersum
3130 1153 3248 1205 nos,
3302 1135 3511 1208 qualem
3558 1145 3662 1186 nos

2074 1256 2356 1310 adversum
2403 1246 2736 1312 Donatistas,
2783 1251 2920 1312 quos
2959 1235 3027 1292 ad
3070 1231 3418 1291 Collationem
3472 1225 3669 1282 nobis‘

2074 1361 2198 1404 cum
2245 1343 2430 1399 venire
2470 1332 2879 1410 per-imperiala
2920 1329 3068 1400 jussa
3111 1321 3468 1394 compulimus
3513 1316 3660 1389 (illo-

2074 1454 2195 1497 rum
2237 1436 2382 1492 enim
2437 1433 2585 1486 furor
2635 1430 2986 1498 occupaverat
3033 1417 3268 1474 Africam
3315 1423 3512 1478 totam,
3559 1419 3673 1465 nec

2075 1528 2354 1604 praedicari
2397 1541 2428 1581 a
2461 1521 2751 1580 Catholicis
2777 1517 3056 1572 veritatem
3096 1517 3280 1566 contra
3307 1521 3462 1604 suum
3493 1499 3651 1604 patie-

2078 1594 2271 1678 bantur
2296 1629 2554 1681 errorem,
2584 1608 2835 1668 violentis
2877 1601 3328 1678 aggressiouibus,
3377 1594 3659 1651 latrocina-

2047 1711 2370 1777 -tionibus',
2422 1707 2669 1761 itinerum
2715 1697 3101 1763 obsidionibus,
3155 1691 3378 1764 rapinis,
3430 1687 3665 1777 ignibus,

2078 1802 2314 1860 caedibus
2339 1776 2502 1854 multa
2527 1800 2818 1857 vastantes,
2847 1797 3049 1846 cuncta.
3066 1782 3383 1852 terrentes):
3407 1794 3530 1835 cum
3547 1776 3664 1848 quis

2079 1896 2181 1952 bus
2216 1891 2355 1964 apud
2397 1889 2697 1960 episcopos,
2741 1896 2878 1954 quos
2915 1890 3228 1937 communes
3274 1888 3380 1928 non
3429 1869 3669 1964 habeba-

2081 2000 2223 2051 mus,
2250 1959 2383 2039 niliil
2409 1959 2569 2051 agere
2606 1984 2941 2047 poteramus;
2993 1967 3135 2041 quod
3177 1979 3307 2022 vero
3343 1972 3468 2018 ante
3496 1959 3668 2017 ferme

2080 2086 2293 2134 centum
2322 2085 2492 2128 annos
2533 2069 2764 2138 majores
2792 2063 2961 2120 nostri
2989 2076 3112 2118 cum
3157 2059 3238 2115 eis
3283 2063 3526 2128 egerant,
3553 2053 3668 2123 jam

2081 2167 2400 2240 populorum
2442 2160 2698 2218 memoria
2725 2172 2833 2213 non
2862 2154 3093 2211 tenebat.
3125 2151 3252 2206 llaec
3291 2148 3452 2220 igitur
3477 2160 3670 2202 neces-

2080 2261 2210 2315 sitas
2233 2255 2510 2327 compulit,
2542 2261 2599 2307 ut
2623 2251 2811 2306 saltem
2835 2247 3001 2318 gestis
3022 2253 3203 2300 nostra
3225 2241 3523 2298 Collatione
3539 2251 3672 2293 con-

2081 2352 2256 2418 fectis,
2285 2365 2470 2407 eorum
2510 2343 2963 2402 contunderemus
3010 2334 3466 2399 inverecundiam,
3497 2340 3559 2388 et
3583 2344 3672 2386 re-

2081 2449 2436 2522 primeremus
2459 2440 2754 2498 audaciam.
2797 2436 2986 2510 Vestra
3028 2445 3160 2489 vero
3185 2428 3331 2501 apud
3353 2435 3674 2522 competens

2078 2515 2335 2613 judicium
2356 2532 2713 2592 communium
2740 2528 3111 2600 episcoporum
3138 2521 3301 2577 modo
3325 2532 3489 2575 causa
3519 2515 3682 2570 ﬁnita

2082 2639 2198 2688 est:
2229 2642 2329 2684 nec
2355 2625 2583 2696 amplius
2629 2620 2903 2677 vobiscum
2945 2613 3209 2688 agendum
3250 2619 3354 2679 est,
3405 2616 3671 2682 quantum

2082 2722 2152 2780 ad
2171 2722 2261 2794 jus
2283 2718 2544 2777 examinis
2574 2714 2823 2787 pertinet,
2850 2709 2952 2766 nisi
2982 2716 3040 2763 ut
3066 2706 3328 2777 prolatam
3368 2703 3436 2759 de
3478 2701 3582 2757 hac
3613 2716 3675 2756 re

2082 2815 2402 2874 sententiam
2429 2827 2550 2867 cum
2582 2823 2712 2879 pace
2739 2801 3031 2875 sequamini
3056 2815 3071 2853 :
3099 2799 3242 2872 quod
3277 2799 3323 2855 si
3365 2795 3687 2862 nolueritis,

2030 2927 2048 2942 .
2093 2902 2123 2940 a
2151 2887 2451 2942 turbulenta
2475 2885 2560 2942 vel
2599 2885 2849 2942 insidiosa
2893 2885 3256 2957 inquietudine
3297 2882 3680 2939 cohibeamini.

2094 2977 2310 3036 Similes
2337 2987 2513 3036 autem
2543 2976 2718 3047 potius
2736 2976 2868 3032 estis
2888 2975 3312 3043 Maximianistis,
3343 2975 3434 3045 qui
3464 2973 3687 3044 cupien-

2097 3077 2178 3124 tes
2203 3069 2540 3139 exiguitatem
2570 3083 2720 3122 suam
2753 3067 2968 3122 nomine
2998 3066 3188 3122 saltem
3223 3065 3532 3122 certaminis
3559 3079 3700 3120 con-—

2097 3159 2278 3222 solari,
2311 3167 2366 3212 et
2394 3158 2516 3214 ideo
2545 3158 2713 3214 videri
2753 3157 2952 3229 aliquid
2977 3156 3116 3228 apud
3147 3171 3244 3213 eos
3267 3197 3282 3222 ,
3325 3155 3519 3227 quibus
3545 3169 3684 3210 con.

2098 3249 2420 3321 tcmptibiles
2466 3257 2659 3317 erant,
2710 3249 2832 3320 quia
2877 3248 3015 3303 inire
3055 3247 3330 3303 nobiscum
3371 3247 3684 3304 sinerentur

2098 3358 2356 3410 examen;
2405 3342 2808 3412 interpellautes
2839 3355 2934 3397 eos
2973 3349 3030 3396 et
3056 3340 3294 3396 libellum
3318 3339 3510 3395 dantes
3550 3353 3684 3408 pro-

2098 3444 2458 3504 vocantesque
2484 3433 2919 3502 contempsimus.
2943 3431 3109 3503 Magis
3131 3431 3274 3487 enim
3299 3430 3368 3486 de
3392 3429 3692 3486 certamine

2102 3526 2362 3582 nominari
2389 3523 2797 3590 desiderabant,
2843 3539 3001 3594 quam
3043 3521 3397 3577 formidabant
3429 3521 3483 3576 in
3523 3530 3697 3576 certa-

2103 3618 2249 3674 mine
2285 3621 2523 3687 superari
2555 3633 2568 3669 :
2599 3630 2698 3671 nec
2741 3615 3028 3685 sperabant
3047 3613 3282 3669 victoria:
3301 3613 3520 3684 gloriam
3540 3653 3556 3678 ,
3593 3610 3717 3667 sed“

2105 3709 2297 3765 famam
2327 3707 2670 3779 requirebant
2691 3706 3024 3773 Collatiouis,
3052 3705 3174 3776 quia
3200 3703 3553 3762 multitudinis
3581 3718 3694 3758 non

2107 3802 2391 3858 habebant.
2417 3801 2474 3858 Si
2499 3816 2627 3872 ergo
2654 3801 2850 3871 putatis
2879 3798 3000 3854 ideo
3023 3813 3119 3854 vos
3141 3812 3262 3854 esse
3287 3798 3537 3865 victores,
3566 3797 3720 3868 quia‘

2107 3912 2216 3952 non
2272 3895 2426 3952 vobis
2473 3893 2654 3950 datum
2710 3899 2797 3949 est
2844 3891 3002 3962 quale
3055 3889 3372 3946 desideratis
3423 3903 3697 3953 examen;

2110 3987 2512 4044 Maximianistae
2535 3999 2631 4040 vos
2667 3984 2734 4039 ad
2773 3985 2874 4040 ista
2910 3978 3219 4055 vaniquuia
3262 3990 3723 4053 praecesserunt:-

2109 4079 2354 4150 quamvis
2390 4077 2601 4134 dederit
2641 4077 2792 4132 vobis
2829 4075 3068 4132 Ecclesia
3107 4075 3369 4131 catholica
3410 4074 3701 4146 judicium,

2110 4172 2266 4242 quale
2291 4171 2509 4238 debuit,
2541 4169 2629 4224 ubi
2657 4184 2821 4225 causa
2847 4178 3024 4224 vestra
3051 4168 3204 4222 ﬁnita
3229 4177 3312 4223 est
3339 4185 3352 4221 :
3383 4167 3488 4222 illis
3513 4177 3708 4221 autem-

2112 4263 2313 4318 nullum
2337 4262 2468 4317 dare
2492 4260 2707 4332 dignata
2733 4269 2844 4326 est;
2884 4261 3008 4330 quia
3037 4274 3144 4315 non
3176 4274 3205 4313 a
3237 4259 3390 4314 nobis
3414 4259 3551 4314 sicut
3579 4274 3704 4323 vos,

2113 4356 2206 4410 sed
2226 4370 2258 4409 a
2280 4353 2568 4408 Donatistis
2607 4350 2819 4407 fuerant
2845 4345 3128 4422 segregati.
3156 4351 3210 4408 Si
3239 4359 3416 4406 autem
3445 4351 3496 4405 in
3535 4350 3709 4404 Naxi-‘-

2115 4446 2378 4502 mianistis
2411 4445 2604 4501 videtis
2642 4460 2748 4500 non
2787 4459 2907 4501 esse
2934 4459 3306 4516 consequens,
3357 4444 3530 4522 utqui
3572 4459 3679 4498 con

2116 4539 2257 4595 ferre
2287 4540 2340 4594 in
2369 4539 2550 4610 aliquo
2571 4537 2774 4608 judicio
2802 4553 2908 4591 non
2939 4537 3187 4592 sinuntur
3207 4577 3225 4604 ,
3271 4536 3443 4608 putari
3473 4535 3729 4590 debeant-

2116 4631 2183 4686 dc
2210 4632 2432 4686 veritate
2468 4628 2744 4685 conﬁdere
2775 4645 2788 4682 :
2819 4627 2986 4684 nolite
3033 4627 3256 4683 ulterius
3291 4628 3406 4682 hare
3447 4641 3581 4680 vana
3617 4625 3710 4695 ja-

2117 4734 2301 4788 ctare;
2333 4721 2591 4791 vobisque
2614 4719 2866 4788 sufﬁciat,
2893 4719 3033 4790 quad
3059 4734 3156 4775 vos
3176 4719 3414 4774 Ecclesia
3440 4717 3730 4774 catholica.

2118 4824 2172 4870 et
2193 4823 2434 4870 materna
2453 4812 2673 4868 lenitate
2692 4811 2982 4878 sustinuit,
3013 4819 3068 4867 ct
3090 4810 3373 4881 judiciaria
3397 4810 3710 4874 severitate,

2119 4906 2200 4960 vel
2225 4905 2400 4974 potius
2424 4903 2724 4959 medicinali
2755 4903 3073 4959 necessitate
3097 4902 3386 4958 damnavit.

2191 4996 2256 5052 6..
2284 4994 2387 5050 Sed
2411 5009 2478 5049 ne
2502 4992 2785 5064 super-fluis
2811 4995 3159 5049 immoremur
3177 5035 3193 5060 ,
3225 4993 3416 5048 omitto
3443 4991 3711 5048 tumultus

2120 5085 2522 5142 maledictorum
2557 5094 2611 5141 et
2651 5086 3014 5142 conviciorum
3055 5095 3266 5140 tuorum
3289 5128 3304 5152 ,
3345 5086 3458 5141 sive
3497 5101 3618 5156 qutc
3649 5086 3706 5138 in

2121 5177 2380 5250 principio
2416 5178 2729 5248 congessisti
2757 5178 2936 5249 operis
2964 5178 3068 5245 tui,
3097 5179 3211 5234 sive
3248 5195 3368 5248 qua;
3393 5193 3489 5248 per
3517 5193 3714 5232 omnes

2121 5270 2340 5335 eosdem
2366 5278 2594 5341 quatuor
2621 5270 2784 5326 libros
2808 5284 2946 5340 pene
2972 5286 3234 5340 nusquam
3264 5285 3516 5342 spargere
3541 5269 3718 5324 desti-

2125 5363 2231 5416 tisti
2255 5377 2270 5428 ;
2298 5377 2366 5417 ne
2391 5362 2640 5432 gravibus
2666 5361 2966 5417 hominibus
2993 5371 3180 5417 neuter
3207 5371 3447 5416 nostrum
3475 5361 3722 5431 disputa-

2125 5461 2211 5508 tor
2235 5452 2540 5524 gravis,sed
2565 5453 2694 5508 levis
2719 5460 2940 5524 uterque
2965 5453 3197 5524 litigator
3221 5459 3492 5524 appareat.
3519 5453 3720 5507 Videa-

2124 5560 2244 5600 mus
2265 5544 2377 5615 jarn
2405 5546 2577 5615 potius
2599 5543 2725 5614 quid
2751 5543 2942 5600 aﬁ'cras
2960 5584 2978 5612 ,
3007 5544 3146 5600 unde
3175 5559 3260 5598 me
3280 5585 3295 5608 ,
3328 5545 3465 5599 sicut
3495 5543 3722 5612 promit-

2127 5635 2226 5700 tis.
2277 5633 2530 5690 ostendas
2581 5635 2822 5691 homines
2872 5642 2930 5689 et
2975 5634 3186 5703 nuptias
3241 5633 3457 5690 diabolo
3505 5617 3729 5688 auctori

2195 5749 2210 5780 '
2247 5755 2348 5801 Am.
2367 5758 2424 5799 ac
2447 5753 2552 5800 Mss.
2569 5745 2791 5800 Gallicani
2819 5755 2871 5799 ct
2895 5747 3115 5810 Vaticani.
3144 5743 3557 5797 kztrocinantibus.
