3984 6490
236 326 338 385 m3

230 444 527 587 ωὲῗξιζῗτ
552 529 618 587 ll.
645 528 794 584 -—‘7.
817 527 972 585 Certe
1001 526 1820 599 redarguenda'tibi’mea'verba

227 623 518 696 proponis;
555 621 749 692 quibus
790 621 1075 692 propositis
1117 620 1259 676 velut
1300 620 1647 689 respondens,
1694 634 1818 689 per-

233 715 461 772 suadere
505 712 756 776 conaris,
810 729 829 764 t
866 720 1054 767 contra
1102 725 1189 766 me
1235 711 1408 780 ipsum
1449 709 1681 764 locutum
1731 725 1816 765 me

223 805 426 862 fuisse:
454 804 544 874 qui
574 819 695 858 cum
725 812 947 874 propter
970 817 1143 857 meam
1173 800 1538 856 defensionem
1569 801 1812 866 dixerim,

223 897 290 952 ab
317 895 591 951 hereticis
621 896 771 949 novis
799 894 902 948 dici
947 907 1046 947 nos
1073 892 1418 946 damnatores
1453 905 1573 946 esse
1602 891 1815 960 nuptia-

211 1005 340 1046 ‘rum
362 1030 379 1054 ,
411 987 912 1059 Operisque‘divini,
941 994 1123 1056 postea
1151 983 1202 1039 id
1228 982 1558 1050 abstulerim,
1590 982 1816 1038 dicendo

211 1079 278 1135 in
297 1080 468 1134 semis
493 1079 687 1134 unclis‘
719 1077 976 1148 possideri
1004 1076 1276 1130 hominem
1305 1084 1614 1130 nascentem
1643 1089 1674 1129 a
1703 1074 1816 1129 Deo

209 1181 275 1227 et
317 1186 348 1225 a
392 1170 631 1237 diabolo,
677 1171 761 1225 vel
802 1170 975 1238 potius
1013 1177 1182 1222 totum
1221 1183 1251 1222 a
1289 1167 1502 1223 diabolo
1531 1165 1812 1238 possideri,

224 1275 443 1332 prorsus
467 1261 687 1316 excluso
715 1259 825 1315 Deo
851 1260 994 1314 velut
1016 1257 1361 1314 ab'universa
1390 1273 1483 1312 sua
1500 1258 1812 1327 possessio-

223 1366 309 1417 ne,
339 1350 486 1421 quod
515 1360 600 1407 est
622 1351 803 1406 homo.
843 1369 862 1403 ι
893 1349 995 1406 Ubi
1025 1358 1110 1405 est
1136 1364 1361 1406 acumen
1382 1357 1560 1414 tuum,
1590 1364 1696 1419 quo
1721 1348 1812 1403 tibi

223 1443 418 1499 videris
439 1453 496 1499 et
516 1443 832 1514 categorias
857 1443 1548 1508 Aristotelicasassecutus,
1577 1453 1624 1497 et
1653 1442 1810 1497 aliam

223 1537 516 1592 dialectica:
531 1537 661 1592 artis
675 1536 922 1592 astutiam
938 1535 964 1590 τ
980 1535 1125 1592 Itane
1147 1535 1500 1590 non-attendis
1523 1535 1643 1600 hoc,
1670 1533 1812 1604 quod

224 1626 349 1681 mihi
377 1626 447 1682 de
483 1626 720 1698 parvulis
752 1624 1130 1696 objecisti,de
1161 1624 1482 1696 quibuslibet
1523 1624 1812 1694 maioribus

221 1717 377 1772 malis
409 1717 720 1773 hominibus
745 1718 954 1788 utrique
983 1725 1222 1771 nostmm
1250 1715 1408 1786 objici
1439 1729 1594 1785 posse
1618 1716 1686 1772 ab
1713 1715 1811 1770 ali-

222 1822 326 1879 quo
350 1808 667 1864 adversario
697 1807 974 1864 veritatis?
990 1807 1277 1878 “Interrogo
1305 1807 1448 1863 enim
1476 1816 1549 1875 te,
1592 1807 1720 1878 quid
1745 1807 1812 1864 de

226 1897 461 1952 nondum
492 1902 808 1968 regenerato
836 1899 1049 1953 homine
1092 1898 1325 1968 pessimo
1349 1912 1684 1968 quocumque
1723 1913 1813 1955 re-

223 1992 514 2058 spondeas.
545 1989 746 2054 Saltem
787 1991 944 2044 istum
981 1984 1266 2045 confiteris
1292 2002 1413 2045 esse
1450 1989 1550 2045 sub
1578 1988 1810 2058 diabolo,

225 2080 320 2135 nisi
359 2089 683 2135 renascatur
721 2080 776 2135 in
813 2079 1026 2136 Christo
1053 2097 1067 2135 :
1097 2095 1165 2135 an
1194 2088 1249 2136 et
1275 2079 1382 2136 hoc
1403 2079 1606 2151 negas?
1630 2079 1686 2136 Si
1713 2095 1806 2136 ne-

208 2188 330 2242 gas,
362 2172 457 2244 qui
484 2182 613 2228 sunt
637 2187 765 2244 ergo
792 2174 1091 2244 quosDeus
1114 2172 1254 2228 eruit
1279 2171 1348 2228 de
1371 2179 1638 2242 potestate
1663 2179 1813 2228 tene—

209 2264 457 2330 brarum,
487 2274 548 2320 et
574 2264 828 2320 transfert
855 2264 920 2320 ad
949 2279 1170 2336 regnum
1199 2261 1324 2321 Filii
1351 2263 1628 2320 charitatis
1653 2262 1806 2318 suae?

225 2356 276 2412 Si
303 2366 482 2413 autem
512 2357 809 2424 conﬁteris,
840 2371 1023 2428 quacro
1053 2365 1228 2411 utrum
1273 2356 1327 2411 in
1367 2355 1458 2410 tali
1499 2353 1718 2410 homine
1755 2355 1810 2410 in

225 2459 486 2520 potestate
521 2449 704 2504 adhuc
742 2450 915 2520 posito
945 2448 1282 2504 tenebrarum
1320 2446 1516 2502 habeat
1541 2447 1681 2502 Deus
1707 2445 1808 2500 ali-

222 2555 378 2610 quam
423 2548 770 2611 potestatem.
798 2540 852 2595 Si
885 2537 1110 2605 dixeris,
1138 2538 1254 2594 Non
1284 2538 1443 2594 habet
1471 2556 1485 2593 :
1518 2537 1813 2608 responde-

223 2633 368 2686 bitur
419 2631 535 2695 tibi,
571 2632 712 2701 Ergo
733 2632 877 2687 Deus
901 2631 967 2686 de
992 2645 1086 2686 sua
1134 2629 1474 2700 possessione
1518 2643 1547 2684 a
1597 2629 1810 2685 diabolo

221 2722 467 2777 exclusus
493 2731 598 2777 est.
630 2721 688 2777 Si
714 2721 934 2788 dixeris,
983 2721 1152 2776 Habet
1195 2739 1210 2777 :
1249 2719 1658 2790 respondebitur
1688 2720 1805 2789 tibi,

220 2812 358 2882 Ergo
388 2813 531 2867 Deus
553 2821 612 2868 et
637 2812 881 2868 diabolus
908 2812 959 2867 in
987 2813 1150 2867 semis
1193 2812 1362 2868 unciis
1387 2810 1658 2867 hominem
1687 2825 1810 2882 pos-

217 2902 512 2967 sident;~et
542 2903 636 2958 tibi
664 2903 732 2959 ab
759 2903 1018 2972 imperitis
1054 2903 1174 2959 talis
1211 2903 1404 2960 invidia
1432 2904 1806 2973 concitabitur,

217 2994 428 3064 qualem
461 3003 517 3048 tu
545 2993 699 3059 mihi,
720 2994 809 3064 qui
827 2994 914 3048 rvis
941 2994 1142 3065 peritus
1170 2995 1366 3065 putari,
1394 2994 1462 3050 de
1486 2994 1717 3066 parvulis
1739 2995 1808 3052 ab

217 3092 333 3139 ortu
365 3085 682 3139 recentibus
709 3085 978 3140 concitare
1019 3083 1258 3140 voluisti.
1291 3085 1427 3140 Ecce
1463 3085 1692 3154 primum
1717 3100 1807 3140 ar-

215 3185 530 3248 gumentum
587 3185 735 3232 tuum
784 3185 980 3248 quanta
1036 3177 1290 3233 facilitate
1332 3177 1664 3233 destructum
1703 3185 1802 3244 est,

215 3268 339 3324 dum
369 3267 659 3324 attendere
687 3268 930 3338 negligis,
961 3268 1040 3324 sic
1065 3283 1187 3324 esse
1210 3268 1454 3324 homines
1483 3266 1584 3323 sub
1607 3267 1807 3324 diaboli

213 3367 817 3435 potestate,antequam
844 3359 1176 3415 redimantur
1201 3373 1232 3414 a
1261 3358 1497 3424 Christo,
1542 3367 1602 3414 ut
1629 3367 1804 3414 tamen

215 3449 317 3506 Dei
345 3451 613 3520 potestati,
643 3463 749 3526 ηομ
771 3449 948 3532 solum
979 3449 1057 3517 hi,
1086 3449 1182 3506 sed
1215 3464 1285 3506 ne
1307 3449 1420 3520 ipse
1443 3449 1658 3521 quidem
1685 3449 1804 3505 dia-

217 3541 386 3599 bolus
410 3541 770 3597 subtrahatur.

293 3632 531 3690 CAPUT
569 3633 653 3688 Ill.
682 3663 755 3674 —
791 3632 848 3690 8.
892 3633 970 3690 De
1011 3633 1269 3705 Baptismi
1320 3648 1450 3690 sane
1486 3633 1803 3704 quaestione,

217 3738 386 3795 quam
433 3723 586 3780 vobis
628 3722 772 3795 apud
798 3724 1012 3796 ignaros
1040 3724 1358 3780 invidiosam
1382 3724 1680 3780 mendaciis
1707 3739 1806 3780 no-

216 3819 344 3874 stris
390 3816 588 3872 factam
629 3816 807 3882 [uisse
847 3826 1169 3888 conquestus
1213 3833 1306 3884 es,
1336 3818 1424 3872 vix
1461 3817 1566 3872 dici
1607 3825 1804 3887 potest,

218 3925 375 3982 quam
427 3911 704 3982 eleganter
730 3911 904 3977 existi,
950 3910 1089 3966 hanc
1115 3925 1148 3966 a
1191 3910 1344 3965 vobis
1385 3910 1632 3964 amolitus
1673 3909 1809 3964 invi-

219 4002 381 4066 diam,
411 4018 481 4058 eo
510 4003 652 4073 quod
696 4003 952 4072 parvulos
986 4001 1335 4073 baptizandos
1360 4016 1482 4057 esse
1510 4001 1802 4068 fateamini,

219 4094 336 4163 quia
367 4111 388 4145 t
417 4094 648 4164 gratiam
675 4093 1010 4163 Baptismatis
1043 4111 1063 4146 ι
1093 4093 1288 4158 dicitis,
1328 4110 1346 4145 ι
1378 4107 1484 4147 non
1508 4107 1604 4162 pro
1629 4091 1807 4148 causis

221 4199 336 4246 esse
364 4185 702 4251 mutandam,
730 4184 872 4256 quod
901 4185 1014 4254 ipsa
1046 4184 1183 4239 dona
1211 4199 1305 4238 sua
1330 4198 1428 4254 pro
1451 4181 1806 4238 accidentium

221 4277 517 4347 capacitate
566 4275 864 4346 dispensat.
911 4273 1143 4344 Ideoque
1193 4273 1438 4329 Christus
1474 4274 1564 4343 qui
1611 4283 1694 4330 est
1721 4276 1805 4328 sul

223 4369 396 4438 aperis
423 4367 760 4436 redemptor,
787 4376 964 4436 auget,
1010 4384 1029 4420 ι
1063 4365 1260 4436 inquis,
1296 4383 1316 4418 ‹
1349 4365 1490 4420 circa
1521 4365 1804 4435 imaginem

226 4472 369 4515 suam
417 4460 674 4514 continua
725 4457 968 4528 largitate
1016 4456 1314 4521 beneﬁcia;
1359 4464 1414 4511 et
1454 4471 1587 4526 quos
1608 4455 1807 4511 fecerat

224 4549 502 4606 condendo
547 4549 740 4617 bonos,
774 4547 898 4602 facit
923 4546 1224 4602 innovando
1250 4546 1658 4616 adoptandoque
1688 4561 1803 4600 me-

226 4644 400 4698 liores.
440 4658 461 4694 ι
494 4640 732 4697 Hoceine
757 4649 838 4696 est
867 4648 1055 4705 totum,
1089 4653 1184 4694 cur
1211 4639 1361 4694 vobis
1386 4639 1453 4693 de
1482 4638 1806 4707 Baptismate

224 4730 567 4803 parvulorum
621 4730 917 4787 faciendam
982 4745 1086 4785 non
1141 4728 1456 4784 existimati-3
1515 4727 1807 4782 invidiam?

228 4827 369 4894 quasi
397 4825 679 4896 quisquam
709 4831 947 4878 nostrum
973 4837 1068 4878 vos
1113 4820 1307 4875 dixerit
1331 4835 1544 4890 negare,
1574 4819 1808 4889 baptiza-

227 4918 267 4970 ri
300 4917 550 4986 parvulos
575 4924 846 4984 oportere.
877 4911 992 4967 Non
1024 4926 1118 4969 eos
1160 4911 1334 4965 dicitis
1363 4925 1468 4964 non
1493 4909 1688 4965 debere
1715 4910 1808 4964 ba-

229 5007 406 5074 ptizari
432 5022 446 5066 ;
477 5004 574 5060 sed
615 5019 710 5074 pro
749 5003 1110 5074 magnitudine
1138 5001 1416 5071 sapientiae
1461 5011 1652 5055 vestrm
1672 5041 1687 5066 ,
1719 5015 1807 5056 res

229 5095 496 5152 mirabiles
523 5095 699 5150 dicitis
726 5113 742 5150 :
770 5093 827 5148 ln
853 5093 1196 5150 Sacramento
1217 5091 1507 5147 Salvatoris
1532 5091 1809 5162 baptizan-

231 5195 331 5254 tur,
361 5186 458 5242 sed
502 5201 612 5242 non
647 5186 924 5242 salvantur
953 5202 968 5251 ;
1019 5184 1373 5249 redimuntur,
1401 5181 1497 5239 sed
1531 5199 1635 5238 non
1677 5183 1811 5239 libe-

231 5285 444 5342 rantur;
485 5276 752 5342 lavantur,
797 5274 892 5330 sed
931 5289 1037 5330 non
1083 5273 1410 5339 abluuntur;
1440 5273 1810 5328 exorcizantur

231 5377 283 5423 et
302 5367 676 5434 exsufllantur,
705 5365 800 5422 sed
824 5380 854 5420 a
883 5373 1148 5436 potestate
1173 5364 1368 5419 diaboli
1396 5378 1500 5418 non
1527 5373 1806 5419 eruuntur.

232 5456 353 5513 llaec
388 5467 513 5514 sunt
547 5457 932 5514 sententiarum
970 5466 1214 5527 portenta
1244 5464 1560 5520 vestrarum,
1591 5453 1704 5508 lucc
1733 5454 1808 5508 in-

296 5638 312 5670 ¹
346 5638 483 5698 Editi,
502 5638 585 5705 hic
611 5645 660 5705 et
677 5637 818 5705 infra,
841 5635 892 5705 in
931 5635 1249 5705 senirunciis.
1271 5636 1564 5705 Pluresttss.
1589 5632 1813 5705 (gallicanl

235 5704 288 5748 rt
308 5706 410 5769 tres
431 5701 644 5756 vaticani
667 5733 684 5763 ,
705 5699 756 5751 in
775 5699 918 5752 sentis
937 5701 1108 5753 tmcit's.
1134 5699 1220 5752 Alii
1242 5700 1448 5750 Vaticani
1469 5699 1584 5760 duo,
1609 5699 1658 5748 iu
1686 5709 1813 5750 sent-

234 5773 401 5814 mus.

1610 323 1821 380 ’LIBER
1862 321 2178 382 TERTIUS.

3401 331 3507 389 706

1933 439 2422 510 opinatamysteria
2444 439 2749 510 dogmatum
2791 455 3066 507 novorum,
3097 441 3214 499 haec
3242 446 3506 514 paradoxa

1929 527 2331 597 Pelagianorum
2355 529 2745 593 haereticorum,
2779 532 3102 587 mirabiliora
3123 549 3281 604 quam
3301 535 3510 592 Stoico-

1927 635 2044 674 rum
2072 620 2529 691 philosophorum.
2549 622 2621 678 Ut
2643 624 2785 678 enim
2812 624 2924 680 haec
2949 625 3155 692 dicatis,
3183 629 3388 686 timetis
3407 645 3508 685 au-

1925 709 2070 776 dire,
2096 710 2154 766 Si
2184 711 2478 780 salvantur,
2504 712 2630 783 quid
2661 715 2712 766 in
2737 715 2815 770 eis
2842 718 3174 786 aegrotabat?
3201 719 3246 775 si
3274 720 3505 778 liberan-

1926 809 2041 868 tur,
2088 803 2230 873 quid
2291 803 2342 857 in
2387 804 2467 859 eis
2515 806 2784 860 servitutis
2825 808 3037 864 vinculo
3084 811 3406 868 tenebatur?
3455 814 3500 868 si

1921 893 2229 962 abluuntur,
2261 894 2388 966 quid
2410 895 2473 950 in
2513 896 2593 951 eis
2622 897 2817 952 latebat
2845 899 3208 956 immundum?
3237 905 3279 956 si
3306 915 3502 958 emun-

1924 991 2041 1052 tur,
2072 1001 2178 1054 quo
2204 987 2398 1041 merito
2426 997 2580 1041 erant
2607 989 2707 1042 sub
2731 987 2929 1043 diaboli
2961 996 3344 1064 potestate,qui
3375 1011 3502 1064 pro-

1924 1074 2036 1142 pria
2067 1074 2344 1144 iniquitate
2374 1090 2480 1130 non
2507 1086 2662 1131 erant
2681 1077 2784 1143 rei,
2816 1078 2917 1133 nisi
2945 1081 3066 1149 quia
3098 1083 3330 1148 trahunt,
3357 1085 3500 1154 quod

1920 1167 2148 1237 negatis,
2176 1167 2434 1238 originale
2460 1170 2779 1238 peccatum?
2814 1171 2882 1225 Et
2917 1172 2984 1225 ad
3012 1173 3113 1228 hoc
3138 1177 3362 1244 negatis,
3391 1193 3498 1233 non

1919 1263 1978 1311 ut
2020 1271 2115 1312 eos
2155 1257 2354 1324 salvos,
2382 1258 2597 1324 liberos,
2632 1261 2880 1328 mundos,
2908 1262 3038 1316 nulli
3087 1263 3228 1319 hosti
3256 1266 3496 1325 subditos

1917 1348 2208 1412 asseratis;
2241 1363 2346 1404 non
2373 1350 2517 1404 enim
2549 1350 2754 1420 aliquid
2793 1351 2872 1407 eis
2918 1353 3210 1422 opitulatur
3257 1366 3496 1412 vestrum

1918 1436 2284 1493 testimonium
2325 1439 2538 1505 falsum,
2583 1449 2708 1496 ante
2753 1441 2988 1512 judicent
3033 1458 3216 1500 verum
3251 1461 3265 1498 :
3295 1445 3390 1501 sed
3437 1455 3496 1502 ut

1918 1525 2024 1581 illis
2079 1528 2131 1582 in
2188 1529 2326 1584 mala
2371 1539 2640 1586 vetustate
2687 1533 3106 1602 remanentibus,
3159 1550 3255 1590 vos
3305 1552 3498 1592 noram

1917 1621 2194 1675 sectcmini
2221 1622 2532 1678 vanitatem.
2562 1623 2679 1680 Non
2706 1626 2847 1680 enim
2874 1635 3049 1683 vestra
3067 1667 3087 1694 ,
3129 1629 3224 1684 sed
3248 1629 3388 1685 illius
3414 1641 3498 1686 est

1915 1725 2040 1766 vera
2083 1714 2364 1781 sententia,
2393 1715 2482 1785 qui
2512 1715 2664 1783 dixit,
2713 1716 2833 1773 Nisi
2864 1720 2976 1790 quis
3012 1729 3216 1776 renatus
3251 1722 3402 1792 fuerit
3439 1740 3504 1779 ex

1915 1817 2049 1871 aqua
2067 1811 2115 1856 et
2134 1805 2336 1874 spiritu,
2365 1821 2468 1860 non
2491 1816 2652 1876 potest
2677 1807 2870 1863 intrare
2890 1810 2943 1864 in
2969 1825 3180 1882 regnum
3197 1810 3294 1867 Dei
3319 1811 3497 1885 (Joan.

1917 1907 1995 1959 Ill,
2026 1893 2105 1964 5).

1993 1988 2048 2042 9.
2081 1986 2278 2044 Verum
2315 2003 2413 2046 vos
2436 1990 2876 2049 excellentissimi
2900 2001 3166 2052 amatores
3188 1995 3327 2052 illius
3349 1997 3493 2066 vitae,

1917 2090 2038 2146 qua:
2069 2076 2240 2134 futura
2269 2088 2354 2136 est
2399 2090 2600 2138 reterns
2625 2097 2744 2138 cum
2773 2082 3006 2152 Christo,
3037 2086 3234 2140 nullam
3283 2101 3496 2157 pmnam

1915 2169 2112 2238 putatis
2157 2184 2278 2227 esse
2321 2171 2568 2243 imaginis
2607 2173 2724 2240 Dei,
2775 2174 2830 2229 in
2877 2184 3135 2231 aeternum
3182 2179 3428 2233 exsulare
3467 2193 3498 2233 a

1915 2275 2082 2330 regno
2112 2260 2242 2317 Dei‘
2279 2279 2294 2316 :
2331 2278 2452 2318 cum
2497 2263 2541 2320 si
2581 2278 2797 2334 parvam
2832 2280 3043 2335 ptenam
3081 2282 3200 2323 esse
3227 2268 3496 2336 diceretis,

1913 2367 2022 2408 non
2049 2359 2194 2410 esset
2219 2353 2334 2410 haec
2378 2369 2484 2410 vox
2514 2355 2656 2412 beati
2697 2357 2953 2412 amatoris
2996 2358 3136 2413 illius
3180 2359 3352 2427 regni,
3400 2359 3498 2414 sed

1914 2445 2092 2502 miseri
2119 2447 2525 2518 contemptoris.
2552 2447 2721 2504 Porro
2745 2456 2947 2516 autem,
2978 2449 3022 2503 si
3053 2449 3193 2520 quod
3226 2450 3347 2506 huic
3389 2450 3501 2505 suf-

1916 2537 2028 2593 ficit
2077 2553 2274 2607 caussa,
2329 2555 2550 2610 parvam
2601 2541 2790 2596 saltem
2837 2555 3046 2610 poenam
3091 2540 3330 2597 fatemini
3355 2557 3496 2609 esse,

1913 2643 2036 2700 quae
2079 2644 2269 2700 magna
2296 2639 2411 2697 est,
2439 2639 2500 2687 ut
2528 2632 2701 2702 imago
2728 2631 2821 2688 Dei
2849 2647 2954 2688 non
2985 2633 3191 2688 sinatur
3215 2633 3412 2689 intrare
3443 2633 3498 2690 in

1913 2735 2137 2792 regnum
2165 2721 2259 2778 Dei
2286 2737 2302 2789 ;
2335 2722 2582 2791 obsecro,
2618 2723 2821 2794 aperite
2845 2723 3262 2794 qualescumque
3288 2724 3497 2786 oculos.

1911 2824 1967 2870 et
1991 2815 2168 2872 videte
2193 2829 2295 2888 qua
2311 2815 2516 2887 justitia
2539 2829 2696 2887 paena
2724 2817 2824 2872 ista
2847 2815 3132 2887 inﬂigenda
3159 2815 3225 2870 sit
3251 2815 3495 2885 parvulo,

1911 2921 2070 2977 quem
2108 2907 2302 2964 clausis
2345 2908 2516 2964 oculis
2541 2908 2782 2980 originali
2813 2907 3100 2965 obnoxium
3146 2908 3350 2980 negatis
3377 2922 3498 2963 esse

1912 3007 2152 3068 peccato.
2181 2997 2382 3054 Omitto
2410 3013 2837 3055 commemorare
2859 3015 2979 3070 qua:
3004 2999 3140 3054 mala
3169 2999 3220 3054 in
3251 2999 3351 3053 bac
3379 2997 3496 3069 ipsa

1911 3089 2216 3146 transitoria
2264 3091 2373 3146 vita
2422 3104 2558 3162 pene
2607 3106 2796 3147 omnes
2841 3091 3109 3162 patiantur
3147 3090 3396 3157 infantes,
3443 3099 3500 3146 et

1910 3181 2182 3251 quomodo
2222 3182 2519 3252 explicetur
2546 3181 2689 3253 quod
2726 3181 2929 3238 dictum
2971 3191 3074 3250 est,
3121 3180 3282 3236 Grave
3313 3182 3499 3252 iugum

1908 3289 2062 3346 super
2083 3274 2217 3344 ﬁlios
2244 3275 2408 3329 Adam
2427 3291 2461 3330 a
2488 3275 2572 3330 dis
2596 3275 2765 3330 exitus
2787 3274 2851 3330 de
2879 3282 3048 3329 uentre
3088 3273 3264 3328 matris
3299 3288 3494 3338 eorum,

1910 3379 2065 3434 usque
2088 3365 2140 3419 in
2166 3365 2298 3419 diem
2315 3365 2591 3436 sepultura:
2609 3367 2666 3420 in
2689 3375 2903 3419 matrem
2933 3364 3159 3419 omnium
3187 3363 3374 3434 (Eccfi.
3403 3379 3494 3429 xt.,

1911 3455 1991 3526 l).
2020 3453 2151 3523 Quae
2200 3455 2385 3525 utique
2418 3455 2556 3510 mala
2596 3454 2696 3510 sub
2715 3454 2862 3525 justo
2889 3463 2944 3510 et
2983 3453 3349 3524 omnipotente
3386 3453 3500 3508 Deo

1908 3559 2018 3600 non
2039 3545 2401 3616 irrogarentur
2424 3545 2542 3614 ejus
2567 3544 2804 3615 imagini,
2833 3543 3023 3614 quibus
3051 3542 3204 3596 malis
3227 3541 3280 3596 in
3302 3540 3498 3596 virtute

1909 3635 2148 3691 exerceri
2190 3635 2445 3690 infantilis
2487 3645 2619 3690 tetas
2648 3649 2756 3690 non
2801 3643 2977 3705 potest
3018 3633 3143 3700 dici,
3189 3632 3235 3687 si
3260 3632 3404 3687 nulla
3429 3647 3497 3688 ex

1909 3727 2217 3798 parentibus
2240 3727 2377 3782 mala
2409 3727 2598 3782 merita
2622 3726 2980 3782 traherentur.
3004 3725 3130 3781 llzec
3154 3736 3330 3781 autem
3356 3725 3495 3781 mala

1909 3817 2277 3888 parvulorum,
2322 3833 2428 3872 non
2457 3830 2520 3874 ea
2561 3832 2679 3888 qua:
2728 3816 2926 3872 habere
2967 3825 3226 3887 negantur
3266 3831 3297 3871 a
3322 3815 3494 3883 vobis,

1908 3908 2004 3963 sed
2052 3923 2171 3978 qua;
2224 3907 2428 3978 perpeti
2474 3915 2769 3964 cernuntur
2811 3907 2878 3962 ab
2923 3905 3168 3962 omnibus
3215 3905 3388 3975 nobis,
3439 3915 3496 3962 tu

1911 4001 2275 4071 prmtermittis
2297 3999 2540 4068 omnino,
2561 4014 2662 4056 nec
2689 3999 2946 4071 respicis:
2978 3997 3073 4054 sed
3098 3998 3345 4068 spatiaris
3368 3999 3495 4054 tibi’

1910 4091 1996 4146 vir
2023 4091 2428 4156 disertissimus,
2474 4098 2530 4146 et
2579 4104 2800 4147 exerces
2846 4087 3114 4160 ingenium
3159 4103 3223 4144 ac
3260 4087 3494 4159 linguam

1911 4191 2056 4238 tuam
2088 4183 2140 4237 in
2190 4181 2346 4237 laude
2375 4190 2596 4237 naturae.
2637 4180 2836 4236 Natura
2875 4180 2976 4234 ista
3005 4179 3059 4234 in
3107 4173 3280 4236 tantas
3309 4189 3363 4236 et
3387 4189 3494 4236 tam

1910 4274 2222 4331 manifestas
2259 4275 2490 4346 collapsa
2541 4273 2804 4338 miserias,
2853 4271 3193 4338 salvatorem,
3241 4271 3496 4326 liberato-

1912 4385 2024 4424 rem
2051 4410 2065 4432 ,
2117 4368 2492 4422 mundatorem
2519 4408 2534 4429 ,
2585 4365 2979 4436 redemptorem
3027 4363 3295 4420 Christum
3337 4362 3495 4420 habet

1911 4459 2311 4524 necessarium;
2362 4471 2466 4512 non
2510 4456 2818 4522 lulianum,
2865 4471 2970 4510 non
3014 4453 3344 4518 Caelestium,
3390 4469 3495 4509 non

1911 4550 2181 4620 Pelagium
2233 4547 2584 4604 laudatorem.
2618 4547 2786 4616 Quam
2815 4546 3028 4616 quidem
3072 4545 3258 4600 redimi
3285 4560 3388 4599 non
3419 4546 3495 4598 fa-

1914 4643 2105 4698 tereris
2135 4641 2185 4696 in
2214 4640 2472 4712 parvulis,
2503 4639 2605 4694 nisi
2632 4640 2751 4709 quia
2782 4638 2882 4693 hoc
2908 4638 3189 4692 leestius
3211 4637 3350 4706 apud
3371 4638 3498 4693 Car-

1912 4734 2180 4804 thaginem
2234 4732 2399 4803 gestis
2442 4730 2848 4794 ecclesiasticis,
2906 4745 2998 4783 ora
3049 4728 3336 4783 christiana
3391 4743 3494 4782 non

1911 4825 2204 4888 sustinens,
2222 4823 2394 4879 fassus
2418 4832 2518 4878 est.
2537 4821 2823 4885 Cancrum,
2853 4835 2984 4891 rogo
3012 4831 3085 4884 te,
3111 4819 3376 4890 quomodo
3403 4835 3498 4890 po-

1913 4925 2018 4972 test
2059 4913 2280 4985 intelligi
2308 4915 2407 4970 ista
2451 4913 2767 4983 redemptio,
2799 4912 2896 4966 nisi
2927 4927 2958 4966 a
3004 4911 3166 4977 malo,
3203 4911 3498 4967 redimente

1913 5008 2004 5064 illo
2030 5008 2118 5079 qui
2162 5007 2376 5062 redimit
2417 5005 2577 5060 Israel
2624 5005 2692 5060 ab
2720 5005 2967 5058 omnibus
2996 5001 3358 5073 iniquitatibus
3383 5002 3498 5069 ejus

1918 5097 2084 5169 (Psal.
2116 5113 2300 5166 cxxtx,
2328 5096 2382 5168 8)
2407 5096 2430 5151 ?
2459 5095 2561 5153 Ubi
2587 5095 2728 5152 enim
2760 5094 3056 5164 redemptio
3086 5101 3274 5159 sonat,
3307 5093 3498 5147 intelli-

1913 5191 2056 5262 gitur
2078 5200 2134 5246 et
2174 5191 2401 5260 pretium
2437 5205 2451 5244 :
2493 5197 2548 5244 et
2589 5186 2730 5258 quod
2778 5193 2860 5242 est
2907 5185 3029 5252 hoc,
3079 5186 3178 5238 nisi
3210 5185 3498 5254 «pretiosus

1915 5284 2130 5354 sanguis
2176 5282 2300 5353 agni
2349 5280 2671 5336 immaculati
2717 5279 2842 5335 Jesu
2871 5277 3067 5332 Christi
3099 5277 3138 5345 (1
3172 5275 3308 5330 Petr.
3339 5291 3374 5332 ι.
3412 5275 3496 5339 l8,

1917 5374 2054 5447 l9)?
2094 5375 2169 5431 De
2198 5374 2299 5429 hoc
2325 5383 2504 5430 autem
2532 5373 2704 5443 pretio
2732 5385 2896 5442 quare
2925 5370 2994 5426 sit
3021 5368 3220 5435 fusum,
3264 5367 3387 5437 quid
3418 5367 3497 5420 iu-

1982 5571 1999 5604 ¹
2039 5570 2174 5630 aliti,
2219 5569 2394 5636 putatis
2434 5584 2566 5629 esse,
2604 5567 2860 5636 iinoginem
2887 5566 2974 5636 pri
3007 5566 3082 5636 in.
3102 5573 3332 5636 wtermmt
3353 5581 3501 5618 exsu-

1919 5633 2024 5698 lare
2044 5646 2076 5698 a_
2098 5629 2372 5698 regnoDei.
2392 5641 2514 5691 διεδ..
2543 5629 2721 5698 putatis
2750 5645 2850 5681 csse
2886 5629 3106 5693 imaginis
3128 5629 3238 5686 Dei,
3267 5637 3364 5680 etc.

1984 5695 2005 5756 Ρ
2035 5695 2108 5743 sic
2145 5689 2364 5756 plerique
2404 5689 2729 5756 ntanu'scripti.
2766 5701 2818 5743 Αι
2851 5699 2923 5742 Er.
2965 5689 3016 5740 e1
3059 5697 3189 5752 Lov.,
3214 5689 3506 5756 exspatiari;

1922 5754 2028 5819 ibi;
2049 5754 2244 5819 omiSso,
2271 5754 2375 5808 sed.
