3984 6530
452 329 556 384 707

451 473 785 534 terrogamus
813 459 1016 515 alium?
1046 456 1370 526 Redemptor
1390 459 1503 526 ipse
1532 455 1871 526 respondeat,
1894 455 2034 511 dicat

450 556 568 625 ipse
608 563 889 610 mercator.
930 549 1030 604 llic
1053 558 1143 612 est,
1174 549 1363 619 inquit,
1414 550 1622 618 sanguis
1650 564 1786 602 meus
1819 548 1906 618 qui
1945 563 2036 617 pro

451 647 624 700 multis
666 643 948 711 elfundetur
989 641 1043 695 in
1079 641 1418 695 remissionem
1459 650 1778 710 peccatorum
1821 638 2038 709 (Matth.

452 754 594 801 xxvi,
627 737 738 806 28).
772 734 980 804 Pergite
1006 733 1194 797 adhuc,
1242 732 1466 802 pergite,
1511 741 1567 787 et
1589 732 1727 786 sicut
1753 729 1948 796 dicitis,
1980 728 2036 784 In

451 827 794 882 Sacramento
830 822 1120 880 Salvatoris
1158 822 1526 892 baptizantur,
1566 820 1659 876 sed
1688 835 1793 875 non
1824 819 2037 873 salvan-

449 927 567 983 tur;
595 917 950 984 redimuntur,
981 914 1074 972 sed
1118 931 1224 970 non
1265 915 1601 978 liberantur;
1647 913 1908 980 lavantur,
1937 910 2036 968 sed

448 1025 556 1064 non
576 1010 904 1075 abluuntur;
951 1009 1326 1064 exorcizantur
1371 1015 1427 1064 et
1469 1006 1837 1071 exsufﬂantur,
1881 1005 1976 1060 sed
2003 1018 2034 1059 a

446 1108 715 1171 potestate
766 1100 968 1156 diaboli
1014 1115 1121 1154 non
1147 1110 1406 1155 eruuntur
1447 1117 1462 1154 :
1506 1099 1584 1154 sic
1629 1099 1790 1154 etiam
1837 1097 2032 1163 dicite,

450 1190 712 1246 Funditur
737 1205 834 1261 pro
863 1191 942 1246 eis
965 1191 1183 1261 sanguis
1209 1191 1261 1245 in
1278 1191 1646 1246 remissionem
1671 1196 2030 1259 peccatorum,

447 1280 543 1336 sed
587 1282 778 1336 nullius
809 1281 1009 1351 peccati
1035 1281 1347 1337 remissione
1381 1279 1722 1334 mundantur.
1757 1278 1887 1332 Mira
1911 1283 2035 1331 sunt

446 1387 566 1442 qum
594 1372 791 1439 dicitis,
836 1388 970 1428 nova
1000 1381 1125 1428 sunt
1163 1389 1281 1442 qua:
1324 1372 1519 1438 dicitis,
1567 1371 1700 1426 falsa
1743 1378 1871 1426 sunt
1913 1385 2034 1440 qnze

445 1461 656 1518 dicitis:
684 1463 816 1517 mira
831 1471 1126 1534 stupemus,
1145 1478 1281 1518 nova
1296 1477 1568 1531 cavemus,
1598 1460 1732 1518 falsa
1757 1460 2030 1517 convinci-

445 1566 586 1608 mus.

515 1643 742 1701 CAPUT
764 1643 852 1700 IV.
874 1674 942 1685 —
966 1645 1054 1700 l0.
1076 1645 1263 1701 Nonne
1285 1644 1399 1716 ipse
1418 1644 1652 1712 dixisti,¢
1678 1643 2033 1700 Administra-

449 1734 650 1790 tionem
671 1736 912 1806 corporis
927 1737 1005 1791 sic
1027 1737 1205 1791 animo
1223 1751 1343 1792 esse
1367 1738 1704 1791 commissam
1723 1778 1735 1802 ,
1755 1747 1812 1791 ut
1828 1734 2031 1790 fructus

449 1827 629 1898 operis
649 1829 799 1882 fieret
828 1829 1035 1899 utrique
1053 1829 1372 1892 communis,
1403 1836 1462 1884 et
1486 1827 1572 1884 vel
1599 1828 1810 1882 virtutis
1835 1825 2031 1882 exerci-

445 1927 515 1974 tae
543 1918 751 1990 gaudia,
781 1919 866 1975 vel
896 1921 1190 1976 insolentia:
1216 1921 1232 1953 ¹
1261 1935 1444 1991 pcenas
1470 1935 1588 1974 cum
1616 1920 1732 1990 ejus
1757 1933 1913 1989 quam
1944 1917 2030 1972 hic

445 2023 554 2064 non
615 2009 751 2064 bene
816 2018 1047 2075 rexerat,
1102 2011 1284 2066 'carnis
1351 2009 1640 2065 afflictione
1701 2009 1965 2064 sentiret?
2002 2026 2021 2061 ι

448 2097 922 2168 Rcspondeigitur,
942 2115 1106 2168 quare
1129 2101 1181 2154 in
1213 2102 1311 2154 hac
1331 2101 1442 2170 ipsa
1471 2101 1577 2154 vita
1598 2098 1884 2154 afflictione
1904 2114 2026 2154 car-

447 2189 532 2244 nis
550 2189 725 2244 anima
751 2192 1020 2246 crucietur
1049 2190 1286 2254 infantis,
1325 2193 1479 2260 cujus
1507 2192 1553 2247 ei
1583 2191 1853 2255 meritum,
1903 2191 2026 2260 quia

444 2295 553 2334 non
582 2279 722 2336 bene
753 2282 950 2338 rexerit
979 2296 1217 2348 carnem,
1245 2281 1420 2337 adhuc
1447 2296 1549 2336 non
1581 2290 1756 2350 potest
1798 2281 2026 2351 imputa-

441 2375 509 2430 ri.
549 2393 568 2427 ι
600 2375 851 2430 Naturam
884 2395 904 2429 ι
935 2375 1068 2432 dicis
1098 2395 1118 2430 ι
1154 2376 1438 2431 humanam
1468 2377 1519 2431 in
1543 2375 1779 2432 exordiis
1801 2390 2026 2432 nascen-

443 2466 577 2520 tium
621 2466 939 2522 innocentia:
980 2466 1106 2522 dote
1141 2467 1481 2537 locupletem.
1515 2484 1536 2519 ι
1571 2467 1822 2522 Fatemur
1870 2480 2020 2534 sane,

443 2564 697 2626 quantum
743 2556 809 2611 ad
852 2567 1068 2626 peccata
1115 2558 1346 2628 pertinet
1383 2559 1599 2630 propria
1643 2574 1799 2615 :cum
1843 2567 2022 2614 autem

440 2645 601 2702 etiam
629 2646 873 2718 originali
895 2648 1096 2718 negatis
1118 2648 1395 2713 obnoxios,
1415 2649 1755 2718 respondete,
1782 2663 1887 2719 quo
1909 2663 2023 2703 me-

441 2736 547 2790 rito
564 2743 706 2791 tanta
731 2737 1033 2792 innocentia
1058 2753 1437 2809 nonnunquam
1457 2754 1620 2806 caeca,
1644 2755 2020 2810 nonnunquam

438 2827 600 2882 surda
625 2837 892 2886 nascatur.
919 2828 1069 2897 Quod
1097 2829 1280 2891 vitium
1311 2831 1470 2887 etiam
1507 2833 1674 2903 ipsam
1703 2833 1924 2903 impedit
1955 2833 2022 2888 fi-

439 2917 584 2984 dem,
609 2919 863 2989 Apostolo
890 2929 1117 2976 testante
1133 2922 1220 2991 qui
1247 2921 1394 2990 dicit,
1424 2921 1591 2995 Igitur
1617 2924 1739 2986 ﬁdes
1758 2940 1821 2979 ea:
1845 2925 2022 2979 auditu

439 3005 616 3079 (Rom.
645 3023 701 3077 ι,
734 3008 843 3081 17).
873 3009 990 3065 Jam
1020 3025 1146 3066 vero
1189 3012 1308 3082 quis
1344 3013 1496 3081 ferat,
1545 3014 1685 3084 quod
1733 3014 1800 3069 ad
1843 3016 2018 3085 ipsum

437 3108 644 3170 spectat
669 3100 926 3167 animum,
957 3102 1242 3174 imaginem
1272 3104 1366 3160 Dei
1399 3122 1420 3157 ‹
1456 3105 1797 3174 innocentiae,
1825 3125 1846 3160 δ
1880 3107 2020 3162 sicut

435 3190 655 3258 asseris,
697 3190 824 3248 dote
862 3193 1200 3262 locupletem,
1246 3193 1446 3250 fatuam
1488 3197 1657 3264 nasci,
1689 3196 1734 3252 si
1764 3197 1908 3252 nulla
1951 3212 2018 3254 ex

438 3281 748 3349 parentibus
772 3283 909 3337 mala
938 3284 1129 3339 merita
1158 3287 1211 3340 in
1232 3288 1482 3356 parvulos
1507 3297 1782 3345 transeunt
1799 3289 1824 3344 ‘i
1840 3292 1920 3346 An
1943 3291 2016 3346 ita

434 3379 519 3425 est
537 3370 815 3442 quisquam
838 3376 1074 3430 vestrum
1093 3375 1287 3446 fatuus,
1305 3378 1670 3436 utfatuitatem
1693 3382 1894 3436 nullum
1913 3398 2016 3438 nta-

435 3459 542 3516 lum
561 3472 710 3532 putet
723 3480 738 3529 ;
751 3479 870 3519 cum
883 3463 1155 3536 Scriptura
1168 3468 1327 3536 dicat,
1344 3470 1397 3524 ΕΙ
1404 3481 1603 3526 artuum
1616 3483 1801 3544 septem
1818 3474 2012 3543 diebus,

432 3551 632 3622 fatuum
649 3569 762 3608 vero
785 3557 1016 3612 omnibus
1041 3558 1213 3615 diebus
1230 3576 1339 3616 esse
1365 3563 1637 3634 lugendum
1657 3563 1842 3638 (Eccli.
1873 3583 2010 3636 xxn,

435 3643 570 3714 ιδῃ
612 3643 742 3713 Quis
788 3655 964 3703 autem
991 3651 1214 3718 nesciat,
1241 3668 1378 3723 quos
1415 3655 1570 3726 vulgo
1598 3659 1869 3716 moriones
1914 3675 2013 3715 vo-

433 3742 580 3802 cant,
605 3743 794 3790 natura
838 3739 910 3793 ita
950 3739 1145 3810 fatuos,
1188 3752 1246 3798 ut
1286 3745 1602 3816 quibusdam
1646 3765 1832 3806 eorum
1877 3768 2014 3824 pene

429 3841 621 3883 sensus
650 3843 904 3897 pecorum
935 3833 1286 3890 conferatur?
1317 3837 1383 3892 Et
1423 3853 1529 3894 non
1556 3840 1718 3897 vultis
1747 3842 1899 3898 fateri
1921 3861 2011 3916 ge-

431 3931 531 3971 nus
561 3917 848 3975 humanum
890 3937 956 3978 ex
988 3923 1138 3980 initio
1165 3941 1272 3996 quo
1299 3926 1538 3985 deseruit
1562 3931 1751 4000 Deum,
1802 3934 2013 3992 trahere

429 4009 694 4067 damnata:
737 4015 956 4084 originis
1002 4031 1194 4073 noxam
1234 4020 1316 4076 his
1353 4023 1602 4080 omnibus
1647 4025 2009 4096 dignissimam

430 4101 625 4170 pomis,
671 4104 769 4158 nisi
809 4105 898 4161 ubi
941 4109 1112 4177 parcit
1151 4109 1359 4167 ratione
1391 4112 1755 4183 diSpositionis
1789 4120 2011 4174 occulta:

427 4190 785 4250 inscrutabilis
805 4196 1062 4266 sapientia
1089 4199 1411 4256 Conditoris.
1440 4203 1540 4271 Qui
1565 4221 1661 4260 nec
1679 4207 1746 4262 ab
1763 4207 1872 4277 ipsa
1897 4210 2012 4264 uni-

426 4298 577 4339 versa
622 4300 793 4342 massa
839 4289 1152 4362 perditionis
1195 4293 1424 4350 abstinet
1459 4297 1539 4351 sui
1556 4299 1733 4368 operis
1771 4300 2005 4358 bonum:

427 4384 484 4428 ut
535 4390 601 4430 ex
653 4377 806 4433 malis
847 4378 1096 4436 vitiorum
1149 4384 1368 4452 condat,
1422 4387 1544 4442 licet
1583 4403 1702 4444 cum
1746 4392 1919 4460 malis,
1954 4396 2006 4449 iu

425 4478 680 4537 quantum
704 4469 840 4525 bona
871 4483 967 4538 est,
995 4475 1309 4532 rationalem
1336 4481 1720 4552 mortalemque
1741 4494 2002 4553 naturam,

387 4605 400 4612 -
423 4560 572 4628 cujus
601 4577 759 4618 nemo
783 4577 902 4620 esse
930 4575 1104 4635 potest
1127 4569 1393 4637 conditor,
1422 4581 1617 4642 praeter
1645 4575 1849 4645 ipsum;
1879 4583 2003 4635 etin

423 4653 768 4717 generatione
795 4655 1065 4727 damnata,
1093 4662 1330 4729 praibeat
1354 4665 1496 4720 vasis
1521 4666 1900 4726 misericordia:
1928 4688 2008 4728 re-

421 4745 782 4811 generationis
809 4751 1085 4806 auxilium.

491 4831 715 4891 CAPUT
757 4837 818 4892 ν.
847 4869 921 4881 —-
949 4843 1035 4897 ll.
1065 4843 1285 4903 Frustra
1327 4848 1505 4921 itaque
1542 4860 1719 4922 putas,
1747 4873 1768 4910 ε
1796 4856 1916 4914 ideo
1950 4861 2001 4916 in

421 4925 654 4993 parvulis
681 4941 785 4982 non
816 4944 934 4986 esse
957 4932 1205 4990 delictum
1229 4980 1242 5003 ,
1272 4940 1394 5009 quia
1421 4941 1537 4997 sine
1562 4945 1854 5015 voluntate,
1882 4964 2001 5019 quze

419 5016 470 5068 in
500 5015 580 5071 eis
607 5016 750 5073 nulla
777 5029 880 5089 est,
918 5036 1039 5080 esse
1078 5041 1183 5080 non
1226 5040 1419 5098 potest.
1460 5049 1480 5085 ι
1516 5033 1626 5089 Hoc
1663 5037 1806 5092 enim
1857 5015 2003 5096 recte

415 5103 612 5161 dicitur
651 5118 872 5180 propter
918 5116 1190 5185 proprium
1243 5119 1500 5192 cujusque
1548 5135 1846 5194 peccatum,
1892 5144 1998 5185 non

416 5205 635 5266 pr0pter
672 5201 827 5272 primi
869 5205 1070 5272 peccati
1113 5208 1372 5279 originale
1413 5217 1758 5284 contagium:
1785 5219 1996 5288 quodsi

415 5287 618 5342 nullum
657 5301 820 5358 esset,
851 5295 1088 5363 profecto
1133 5299 1261 5354 nulli
1303 5301 1443 5355 malo
1479 5307 1681 5372 parvuli
1731 5287 1992 5376 obstricti,

414 5377 544 5433 nihil
573 5382 696 5437 mali
723 5385 806 5440 vel
839 5386 889 5440 in
915 5401 1162 5458 corpore.
1187 5391 1272 5446 vel
1303 5392 1355 5446 in
1383 5395 1580 5464 anima,
1609 5399 1707 5455 sub
1739 5409 1878 5456 tanta
1903 5402 1993 5472 ju-

411 5472 480 5526 sti
511 5473 605 5530 Dei
632 5483 897 5546 potestate
924 5487 1252 5549 paterentur.
1283 5484 1436 5553 Quod
1459 5496 1636 5546 tamen
1665 5501 1720 5548 et
1746 5492 1916 5563 ipsum
1957 5510 1992 5551 a

477 5667 708 5751 3.99319
731 5677 968 5751 Vaticanis
998 5685 1126 5741 ιιεεσ.
1151 5679 1224 5751 ρει
1255 5659 1545 5751 muleram;
1566 5688 1692 5751 quod
1717 5703 1812 5742 non
1833 5693 1994 5746 minus

408 5725 540 5777 bene
563 5731 703 5786 alteri
726 5725 1354 5808 ιιιιὼἐῖτῶῖρὗᾶἒὶλῖἔῖ
1361 5725 1549 5801 uirtutis

1251 323 1523 380 CONTRA
1561 321 1898 380 JULlANUM
1935 318 2401 388 PELAGIANUM,
2441 321 2496 378 S.
2529 322 2896 382 AUGUSTINI

3621 336 3741 394 τω

2147 433 2282 488 mala
2309 433 2578 491 voluntate
2598 437 2833 506 priorum
2854 438 3128 496 hominum
3151 445 3376 514 sumpsit
3397 445 3737 504 exordinm‘.

2146 521 2222 577 lta
2262 525 2363 578 nisi
2392 527 2637 581 voluntas
2659 529 2816 593 mala,
2849 545 2954 586 non
2980 540 3062 585 est
3097 533 3404 603 cujusquam
3443 535 3550 591 ulla
3576 542 3735 610 origo

2147 614 2370 683 peccati.
2393 615 2516 670 llaec
2529 617 2575 672 si
2598 619 2792 688 sapias,
2816 621 3126 690 simpliciter
3140 632 3194 677 et
3213 627 3471 681 veraciter
3500 630 3733 697 gratiam

2145 702 2340 758 Christi
2354 720 2479 776 erga
2501 708 2752 776 parvulos
2764 710 3129 780 confiteberis,
3145 729 3245 770 nec
3259 717 3467 786 cogeris
3506 735 3595 776 res
3622 721 3697 776 im
3708 748 3735 762 -

2152 794 2418 864 piissimus
2441 807 2607 867 atque
2635 799 3044 858 absurdissimas
3057 803 3256 873 dicere,
3276 816 3366 861 aut
3381 807 3732 879 baptizandus

2145 885 2248 941 non
2277 902 2398 943 esse
2434 891 2680 960 parvulos
2703 933 2718 959 ,
2751 893 2891 963 quod
2913 895 3124 964 quidem
3143 907 3329 966 postea
3341 901 3476 955 estis
3498 900 3729 959 fortasse

2143 975 2356 1044 dicturi,
2379 987 2470 1034 aut
2492 988 2600 1035 tam
2617 997 2866 1052 magnum
2895 983 3298 1043 Sacrameutum
3319 989 3398 1046 sic
3428 991 3480 1046 in
3501 993 3581 1057 eis
3603 1008 3731 1050 esse

2142 1066 2452 1137 ludibrium,
2481 1081 2539 1126 ut
2567 1072 2621 1127 in
2662 1073 2939 1130 Salvatore
2977 1077 3333 1147 baptizcntur,
3359 1079 3454 1136 sed
3479 1097 3584 1137 non
3610 1083 3724 1138 sal-

2143 1169 2362 1230 ventur;
2393 1177 2421 1215 a
2453 1162 2736 1220 liberatore
2765 1167 3230 1236 redimantur,-sed
3258 1188 3366 1226 non
3393 1173 3725 1240 liberentur;

2142 1248 2352 1307 lavacro
2393 1257 2810 1324 regenerationis
2854 1259 3113 1327 laventur,
3149 1262 3245 1318 sed
3271 1279 3376 1318 non
3406 1265 3723 1332 abluantur;

2139 1344 2510 1400 exorcizentur
2537 1355 2590 1401 et
2613 1347 2984 1417 exsufflentur,
3007 1352 3099 1406 sed
3127 1369 3157 1407 a
3181 1362 3444 1424 potestate
3473 1357 3729 1414 tenebra-

2137 1448 2254 1487 rum
2278 1449 2382 1489 non
2407 1448 2660 1493 eruantur
2687 1457 2701 1505 ;
2730 1441 2800 1496 sit
2825 1457 3010 1498 eorum
3041 1445 3262 1513 pretium
3290 1450 3525 1519 sanguis,
3552 1451 3642 1522 qui
3665 1453 3727 1508 in

2135 1525 2507 1582 remissionem
2527 1528 2674 1586 fusus
2695 1544 2778 1586 est
2797 1543 3155 1602 peccatorum,
3177 1537 3271 1592 sed
3293 1539 3487 1594 nullius
3513 1543 3725 1612 peccati

2140 1614 2460 1673 remissione
2488 1631 2796 1691 purgentur.
2832 1623 2944 1678 Hoc
2975 1635 3139 1680 totum
3173 1639 3472 1700 propterea,
3505 1634 3626 1704 quia
3652 1634 3726 1690 ti-

2135 1708 2292 1763 metis
2337 1709 2534 1777 dicere,
2564 1712 2681 1768 Non
2731 1715 3094 1785 baptizentur;
3125 1735 3194 1775 ne
3221 1736 3326 1776 non
3356 1723 3526 1779 solum
3553 1724 3724 1782 facies

2133 1807 2326 1854 vestra:
2346 1802 2516 1870 sputis
2541 1803 2847 1861 oblinantur
2865 1808 3121 1875 virorum,
3149 1825 3328 1868 verum
3355 1816 3513 1871 etiam
3541 1821 3722 1888 capita

2133 1889 2390 1946 sandaliis
2415 1893 2852 1953 muliercularum
2886 1902 3336 1971 commitigentur.

2209 1978 2293 2033 l2.
2322 1979 2430 2037 Nos
2457 1993 2602 2039 certe
2627 1999 2842 2041 causam
2861 2003 2959 2044 cur
2978 1991 3078 2045 sub
3093 1992 3306 2049 diabolo
3329 1995 3399 2050 sit
3420 1996 3510 2067 qui
3537 2001 3721 2056 nasci-

2135 2078 2238 2136 tur,
2269 2070 2441 2127 donec
2476 2086 2786 2133 renascatur
2830 2079 2885 2134 in
2927 2080 3161 2150 Christo,
3193 2087 3392 2154 peccati
3419 2104 3481 2144 ex
3508 2092 3720 2162 origine

2131 2159 2358 2217 dicimus
2392 2177 2512 2220 esse
2547 2169 2873 2239 contagium.
2897 2170 3004 2228 Vos
3029 2184 3206 2230 autem
3231 2178 3324 2248 qui
3354 2177 3458 2236 hoc
3483 2159 3714 2254 negatis,

2129 2267 2190 2308 ea
2229 2255 2420 2311 saltem
2460 2271 2580 2328 quae
2617 2271 2800 2330 aperta
2844 2275 2970 2319 sunt
3012 2267 3322 2336 intuemini;
3353 2286 3452 2328 cur
3472 2277 3719 2332 nonnulli

2127 2345 2287 2400 etiam
2309 2347 2609 2406 daemonem
2633 2354 2899 2423 patiantur
2921 2357 3177 2416 infantes:
3199 2362 3456 2420 nisiforte
3469 2373 3524 2422 et
3542 2367 3713 2438 ipsos,

2127 2446 2221 2492 aut
2263 2453 2404 2508 esse,
2437 2453 2530 2498 aut
2574 2445 2674 2501 sub
2719 2447 2934 2505 diabolo
2976 2466 3116 2520 esse,
3157 2456 3448 2527 negabitis;
3487 2475 3588 2516 nec
3615 2475 3716 2518 vos

2127 2527 2470 2600 Evangelium
2515 2539 2902 2607 commonebit,
2955 2542 3044 2598 ubi
3089 2544 3309 2602 forsitan
3355 2563 3574 2620 propter
3613 2568 3715 2610 vos

2127 2619 2472 2694 interrogavit
2500 2627 2755 2686 Dominus
2781 2634 2922 2702 quod
2948 2637 3170 2704 sciebat,
3204 2648 3264 2694 ut
3290 2619 3439 2710 pater
3454 2619 3604 2714 pueri
3626 2663 3716 2703 re-

2125 2712 2432 2781 Spondcret,
2483 2715 2648 2773 filium
2691 2736 2844 2778 suum
2891 2725 2961 2781 ab
3006 2727 3224 2784 infantia
3267 2746 3360 2786 sua
3387 2749 3416 2788 a
3441 2712 3714 2794 dmmonio

2127 2811 2232 2858 tam
2264 2808 2411 2876 gravi
2437 2811 2775 2883 graviterque
2797 2819 3000 2886 vexari,
3030 2830 3090 2876 ut
3131 2838 3161 2877 a
3197 2824 3393 2880 Christi
3432 2827 3713 2899 discipulis

2126 2908 2234 2948 non
2278 2909 2458 2966 posset
2501 2902 2693 2971 expelli
2719 2904 2912 2976 (Marc.
2941 2924 3021 2974 II,
3053 2911 3268 2985 16-26).
3305 2915 3444 2972 Ecce
3484 2933 3606 2989 ego,
3652 2931 3714 2975 ut

2127 2984 2235 3039 sint
2265 2990 2467 3056 parvuli
2496 2991 2547 3046 in
2573 2993 2768 3050 diaboli
2796 3007 3078 3068 potestate,
3108 2984 3323 3060 cauSam
3353 2984 3564 3078 nuptias

2123 3090 2228 3130 non
2255 3077 2394 3144 dico,
2420 3082 2563 3150 quod
2586 3099 2672 3139 me
2693 3085 2869 3143 dicere
2888 3091 3247 3150 calumniaris.
3277 3077 3485 3168 Nuptiae
3510 3102 3713 3174 quippe

2123 3165 2323 3223 habent
2347 3170 2590 3228 ordinem
2638 3189 2791 3232 suum
2834 3188 2892 3234 et
2928 3165 3374 3244 benedictionem
3401 3165 3572 3260 suam,

2123 3273 2356 3330 namque
2383 3276 2540 3318 suum
2587 3281 2688 3322 nec
2731 3268 3063 3330 subintrante
3088 3286 3304 3345 peccato
3336 3282 3582 3341 amittere
3608 3301 3713 3358 po-

2122 3354 2357 3405 tuerunt.
2390 3352 2466 3408 Tu
2495 3365 2673 3410 autem
2701 3373 2870 3427 quare
2905 3362 2976 3417 sit
3012 3365 3113 3422 sub
3149 3366 3362 3424 diabolo
3396 3372 3486 3428 ille
3511 3352 3704 3432 saltem

2122 3440 2316 3507 infans.
2349 3445 2438 3514 qui
2482 3448 2915 3516 manifestissime
2959 3467 3182 3514 vexatur
3221 3473 3252 3516 a
3290 3461 3520 3532 diabolo,
3550 3467 3621 3532 ita
3649 3477 3708 3524 ut

2120 3533 2405 3604 aliquando
2435 3537 2546 3606 ipsa
2565 3541 2848 3600 vexatione
2873 3548 3151 3618 moriatur,
3173 3554 3440 3623 reSponde
3459 3559 3503 3612 si
3527 3568 3703 3628 potes.

2119 3625 2234 3681 Non
2278 3627 2359 3682 vis
2399 3630 2566 3698 enim,
2597 3647 2916 3706 quemquam
2961 3640 3123 3696 ullam
3151 3657 3362 3713 pinnam
3393 3664 3489 3718 pro
3512 3625 3706 3710 alienis

2119 3716 2300 3773 subire
2327 3721 2580 3789 peccatis,
2611 3739 2679 3781 ne
2708 3725 2831 3783 hinc
2855 3727 2950 3785 fiat
2967 3732 3244 3803 credibile,
3267 3716 3426 3794 etiam
3456 3746 3702 3816 contagia

2118 3817 2456 3878 peccatorum
2477 3813 2528 3868 in
2546 3827 2827 3876 nascentes
2847 3836 2911 3878 ex
2929 3823 3267 3893 gignentibus
3277 3843 3436 3900 posse
3448 3813 3701 3892 transire.

2186 3898 2412 3995 CAPUT
2451 3902 2542 3960 Vl.
2568 3936 2641 3947 —
2669 3909 2756 3966 l5.
2784 3908 2888 3967 Sed
2913 3913 3181 3985 videlicet,
3207 3898 3548 3995 utiegregius
3586 3927 3706 3982 dia-

2117 3987 2357 4060 lecticus,
2387 4012 2405 4046 ι
2433 4011 2538 4051 non
2565 4013 2650 4054 me
2675 4001 2893 4069 patieris
2916 4004 3086 4074 elabi,
3114 4009 3208 4066 sed
3247 3987 3707 4082 presse'interro-

2114 4082 2264 4151 gabis
2288 4093 2341 4139 et
2370 4085 2621 4156 breviter,
2652 4090 2710 4145 lu
2743 4095 2974 4161 parvulis
2999 4101 3264 4157 actionem
3309 4119 3476 4171 ream,
3509 4122 3578 4164 an
3608 4127 3706 4164 na-

2117 4179 2287 4228 turam
2335 4185 2536 4245 putem.
2583 4181 2716 4257 t'Ef.
2764 4183 2830 4238 ad
2876 4197 3156 4260 utrumque
3200 4197 3562 4268 respondens,
3595 4220 3616 4256 ι
3645 4202 3704 4260 Si

2113 4263 2402 4334 actionem,
2439 4285 2460 4321 ι
2497 4270 2688 4341 inquis,
2713 4291 2732 4324 ‹
2765 4277 2991 4333 ostende
3024 4281 3148 4350 quid
3178 4263 3399 4343 fecerint
3422 4307 3436 4343 :
3456 4291 3502 4347 si
3540 4263 3703 4349 natu-

2115 4371 2226 4432 ram
2243 4397 2259 4424 ,
2288 4361 2511 4417 ostende
2541 4364 2660 4434 quis
2683 4381 2800 4422 eam
2833 4367 3038 4426 fecerit.
3067 4392 3086 4426 ι
3113 4375 3275 4444 Quasi
3303 4389 3360 4436 et
3386 4385 3529 4440 actio
3557 4389 3704 4444 mala

2113 4447 2270 4504 faciat
2296 4449 2397 4506 nisi
2428 4464 2670 4510 naturam
2699 4473 2870 4514 ream.
2894 4462 3116 4522 Actione
3141 4471 3332 4540 quippe
3353 4475 3450 4543 qui
3469 4491 3598 4532 reus
3617 4489 3706 4536 est

2112 4541 2403 4610 hominis',
2437 4545 2595 4602 homo
2625 4557 2739 4612 est;
2769 4551 2929 4608 homo
2954 4563 3130 4612 autem
3161 4569 3344 4617 natura
3372 4541 3478 4620 est.
3506 4567 3702 4624 Homi-

2111 4644 2208 4685 nes
2235 4632 2412 4702 igitur,
2440 4635 2575 4690 sicut
2601 4642 2802 4706 peccati
2829 4645 3036 4702 actione
3063 4649 3324 4719 majores,
3359 4655 3428 4709 ita
3456 4659 3701 4715 minores

2110 4721 2370 4792 majorum
2398 4727 2712 4796 contagione
2739 4741 2866 4787 sunt
2886 4735 2962 4790 rei
2988 4753 3001 4789 :
3027 4737 3111 4794 isti
3133 4755 3197 4795 ex
3218 4757 3284 4797 eo
3304 4746 3444 4814 quod
3466 4747 3696 4817 faciunt,

2110 4810 2182 4866 illi
2213 4828 2278 4868 ex
2308 4816 2501 4883 quibus
2523 4818 2784 4887 originem
2814 4821 3033 4880 ducunt.
3059 4810 3334 4897 Quocirca
3347 4836 3398 4890 in
3426 4810 3699 4907 parvulis;

2108 4899 2305 4955 bonum
2351 4914 2453 4968 est,
2496 4907 2636 4975 quod
2686 4908 2933 4969 homines
2977 4927 3137 4985 sunt;
3165 4923 3306 4990 quod
3335 4899 3556 4983 omnino
3581 4945 3698 4986 non

2106 4999 2302 5058 essent,
2335 4991 2436 5048 nisi
2466 5008 2560 5050 eos
2590 4997 2679 5054 ille
2711 5003 2798 5071 qui
2830 5018 3037 5062 summe
3065 5007 3235 5066 bonus
3266 5022 3348 5068 est
3373 5018 3699 5078 creavissct.

2167 5145 2569 5226 fmrostgsnmpsit
2603 5154 2958 5226 exordiumjn
2977 5161 3121 5226 editis
3135 5163 3348 5218 additur:
3373 5167 3502 5222 sicut
3523 5173 3699 5226 mirm-

2100 5207 2688 5300 £‘i’..3'.1€"f.i”s‘i.£".93"€9
2705 5207 3700 5300 89599???ﬂi¢i_%3?7§3§13¢7i¢héwﬁélh"§2'3

2100 5273 2503 5350 ςςιξςςξιξξςρςιαῃι
2525 5282 2612 5350 est,
2627 5273 2682 5328 ’ἐι
2693 5273 2887 5350 peccati
2899 5273 3048 5350 origo
3068 5273 3292 5340 ὁοιὶᾰιξὰῖ
3299 5273 3561 5346 'hibid'ai.‘

2097 5327 2392 5411 glossemate
2444 5327 2616 5411 carent
2645 5327 2651 5328 ⁷
2675 5327 3546 5411 dita?5"qﬁiﬁ'duéf'i'ﬁi'aéi?"u§s°f'

2099 5402 2232 5472 ﬁeri):
2249 5391 2331 5472 alii
2342 5397 2632 5472 morsicat
2642 5391 2876 5472 uoluntas
2893 5391 3070 5472 sunt;
3080 5391 3532 5469 tertianae};

2096 5451 2596 5535 "altilild'jessesis
2619 5469 2718 5535 διεδ-ν
2744 5451 2876 5535 vis?!
3305 5451 3398 5527 ὲιῖιῗ

2165 5515 2345 5594 ἷξε)ξεί
2615 5529 2686 5572 est
2706 5515 2721 5581 ζ
2745 5515 3277 5594 ἐάρίωυέξΜξῗ
3295 5515 3693 5594 etIV-Horam

2095 5579 2880 5652 ¹¹¹²¹¹¹¹⁵⁰τ⁵¹⁵ι⁰⁹ί¹¹δί¹³¹¹τεσοοάει
2920 5579 3692 5662 ρόειεᾱδίέίίίιῑιξῶιῑόᾶ⁹Ε

2095 5638 2266 5694 verba,
2285 5645 2434 5695 tguur
2463 5651 2603 5695 mm.

2095 5647 2269 5700 verba,
2280 5647 2434 5700 igitur
2463 5647 2603 5695 sicut.

2104 5645 2434 5710 γενικὴ-ἠφίειν
2463 5645 2603 5695 δίουιο
2920 5645 2936 5658 ν
3191 5645 3540 5662 ην-ειπ--ηννη,
3564 5645 3691 5656 η...

2104 5755 2144 5786 ς..
2158 5697 2605 5786 ζεὲἔὲιιρυοάνεα
2631 5707 2836 5771 veruti.
2879 5718 2936 5764 n
2965 5712 3282 5772 Florlacensis
3312 5725 3414 5783 ιιι..
3446 5722 3695 5786 quadra;
