  <div class='ocr_page' id='page_1' title='image "/cluster/home/n/w/nwhite01/storage/ocr_20150623/44-45/uva.x000217727/358.png"; bbox 0 0 3984 6508; ppageno 0'>
   <div class='ocr_carea' id='block_1_1' title="bbox 219 328 1242 399">
    <p class='ocr_par' dir='ltr' id='par_1_1' title="bbox 219 328 1242 399">
     <span class='ocr_line' id='line_1_1' title="bbox 219 328 1242 399; baseline -0.003 -11"><span class='ocrx_word' id='word_1_1' title='bbox 219 328 339 388; x_wconf 64' lang='grc' dir='ltr'><strong>Ἲύθ</strong></span> <span class='ocrx_word' id='word_1_2' title='bbox 1239 396 1242 399; x_wconf 94' lang='lat'><strong><em>_</em></strong></span> 
     </span>
    </p>
   </div>
   <div class='ocr_carea' id='block_1_2' title="bbox 223 441 1808 514">
    <p class='ocr_par' dir='ltr' id='par_1_2' title="bbox 223 441 1808 514">
     <span class='ocr_line' id='line_1_2' title="bbox 223 441 1808 514; baseline -0.006 -12"><span class='ocrx_word' id='word_1_3' title='bbox 223 446 420 502; x_wconf 62' lang='lat' dir='ltr'><strong>Italum</strong></span> <span class='ocrx_word' id='word_1_4' title='bbox 446 461 576 503; x_wconf 88' lang='lat' dir='ltr'><strong>vero</strong></span> <span class='ocrx_word' id='word_1_5' title='bbox 604 447 650 503; x_wconf 88' lang='lat' dir='ltr'><strong>si</strong></span> <span class='ocrx_word' id='word_1_6' title='bbox 679 446 884 503; x_wconf 90' lang='lat' dir='ltr'><strong>nullum</strong></span> <span class='ocrx_word' id='word_1_7' title='bbox 911 459 977 502; x_wconf 83' lang='lat' dir='ltr'><strong>ex</strong></span> <span class='ocrx_word' id='word_1_8' title='bbox 997 442 1199 514; x_wconf 78' lang='lat' dir='ltr'><strong>origine</strong></span> <span class='ocrx_word' id='word_1_9' title='bbox 1221 441 1514 503; x_wconf 85' lang='lat' dir='ltr'><strong>traherent,</strong></span> <span class='ocrx_word' id='word_1_10' title='bbox 1539 454 1808 508; x_wconf 76' lang='lat' dir='ltr'><strong>nunquam</strong></span> 
     </span>
    </p>
   </div>
   <div class='ocr_carea' id='block_1_3' title="bbox 214 531 1811 609">
    <p class='ocr_par' dir='ltr' id='par_1_3' title="bbox 214 531 1811 609">
     <span class='ocr_line' id='line_1_3' title="bbox 214 531 1811 609; baseline -0.006 -17"><span class='ocrx_word' id='word_1_11' title='bbox 214 553 346 592; x_wconf 78' lang='lat' dir='ltr'><strong>cum</strong></span> <span class='ocrx_word' id='word_1_12' title='bbox 375 538 521 593; x_wconf 77' lang='lat' dir='ltr'><strong>vitiis</strong></span> <span class='ocrx_word' id='word_1_13' title='bbox 565 537 652 595; x_wconf 87' lang='lat' dir='ltr'><strong>vel</strong></span> <span class='ocrx_word' id='word_1_14' title='bbox 691 536 1060 609; x_wconf 81' lang='lat' dir='ltr'><strong>corporalibus</strong></span> <span class='ocrx_word' id='word_1_15' title='bbox 1103 541 1466 588; x_wconf 86' lang='lat' dir='ltr'><strong>nascerentur.</strong></span> <span class='ocrx_word' id='word_1_16' title='bbox 1501 532 1641 585; x_wconf 85' lang='lat' dir='ltr'><strong>Deus</strong></span> <span class='ocrx_word' id='word_1_17' title='bbox 1668 531 1811 584; x_wconf 88' lang='lat' dir='ltr'><strong>enim</strong></span> 
     </span>
    </p>
   </div>
   <div class='ocr_carea' id='block_1_4' title="bbox 231 619 1809 700">
    <p class='ocr_par' dir='ltr' id='par_1_4' title="bbox 231 619 1809 700">
     <span class='ocr_line' id='line_1_4' title="bbox 231 619 1809 700; baseline -0.008 -17"><span class='ocrx_word' id='word_1_18' title='bbox 231 629 418 700; x_wconf 78' lang='lat' dir='ltr'><strong>quiest</strong></span> <span class='ocrx_word' id='word_1_19' title='bbox 443 630 771 696; x_wconf 85' lang='lat' dir='ltr'><strong>animarum,</strong></span> <span class='ocrx_word' id='word_1_20' title='bbox 793 629 906 698; x_wconf 92' lang='lat' dir='ltr'><strong>ipse</strong></span> <span class='ocrx_word' id='word_1_21' title='bbox 934 635 1016 682; x_wconf 86' lang='lat' dir='ltr'><strong>est</strong></span> <span class='ocrx_word' id='word_1_22' title='bbox 1046 625 1204 681; x_wconf 87' lang='lat' dir='ltr'><strong>etiam</strong></span> <span class='ocrx_word' id='word_1_23' title='bbox 1232 636 1515 694; x_wconf 84' lang='lat' dir='ltr'><strong>corporum</strong></span> <span class='ocrx_word' id='word_1_24' title='bbox 1543 619 1809 683; x_wconf 88' lang='lat' dir='ltr'><strong>conditor,</strong></span> 
     </span>
    </p>
   </div>
   <div class='ocr_carea' id='block_1_5' title="bbox 227 711 1810 793">
    <p class='ocr_par' dir='ltr' id='par_1_5' title="bbox 227 711 1810 793">
     <span class='ocr_line' id='line_1_5' title="bbox 227 711 1810 793; baseline -0.006 -18"><span class='ocrx_word' id='word_1_25' title='bbox 227 722 313 793; x_wconf 92' lang='lat' dir='ltr'><strong>qui</strong></span> <span class='ocrx_word' id='word_1_26' title='bbox 343 721 527 791; x_wconf 91' lang='lat' dir='ltr'><strong>utique</strong></span> <span class='ocrx_word' id='word_1_27' title='bbox 559 721 807 776; x_wconf 71' lang='lat' dir='ltr'><strong>humanm</strong></span> <span class='ocrx_word' id='word_1_28' title='bbox 852 721 907 774; x_wconf 88' lang='lat' dir='ltr'><strong>in</strong></span> <span class='ocrx_word' id='word_1_29' title='bbox 956 719 1064 788; x_wconf 86' lang='lat' dir='ltr'><strong>ipsa</strong></span> <span class='ocrx_word' id='word_1_30' title='bbox 1110 715 1416 772; x_wconf 89' lang='lat' dir='ltr'><strong>conditione</strong></span> <span class='ocrx_word' id='word_1_31' title='bbox 1455 726 1658 768; x_wconf 66' lang='lat' dir='ltr'><strong>natura:</strong></span> <span class='ocrx_word' id='word_1_32' title='bbox 1685 711 1810 766; x_wconf 83' lang='lat' dir='ltr'><strong>vitia</strong></span> 
     </span>
    </p>
   </div>
   <div class='ocr_carea' id='block_1_6' title="bbox 212 801 1810 882">
    <p class='ocr_par' dir='ltr' id='par_1_6' title="bbox 212 801 1810 882">
     <span class='ocr_line' id='line_1_6' title="bbox 212 801 1810 882; baseline -0.008 -15"><span class='ocrx_word' id='word_1_33' title='bbox 212 827 328 867; x_wconf 81' lang='lat' dir='ltr'><strong>-non</strong></span> <span class='ocrx_word' id='word_1_34' title='bbox 359 811 550 882; x_wconf 82' lang='lat' dir='ltr'><strong>inﬂigit</strong></span> <span class='ocrx_word' id='word_1_35' title='bbox 588 812 892 867; x_wconf 72' lang='lat' dir='ltr'><strong>immeritze.</strong></span> <span class='ocrx_word' id='word_1_36' title='bbox 922 809 1106 880; x_wconf 84' lang='lat' dir='ltr'><strong>Neque</strong></span> <span class='ocrx_word' id='word_1_37' title='bbox 1139 807 1280 863; x_wconf 91' lang='lat' dir='ltr'><strong>enim</strong></span> <span class='ocrx_word' id='word_1_38' title='bbox 1310 805 1378 861; x_wconf 90' lang='lat' dir='ltr'><strong>de</strong></span> <span class='ocrx_word' id='word_1_39' title='bbox 1408 801 1810 860; x_wconf 80' lang='lat' dir='ltr'><strong>innumerabili-</strong></span> 
     </span>
    </p>
   </div>
   <div class='ocr_carea' id='block_1_7' title="bbox 227 899 1808 974">
    <p class='ocr_par' dir='ltr' id='par_1_7' title="bbox 227 899 1808 974">
     <span class='ocr_line' id='line_1_7' title="bbox 227 899 1808 974; baseline -0.01 -14"><span class='ocrx_word' id='word_1_40' title='bbox 227 901 322 959; x_wconf 87' lang='lat' dir='ltr'><strong>bus</strong></span> <span class='ocrx_word' id='word_1_41' title='bbox 350 903 613 972; x_wconf 79' lang='lat' dir='ltr'><strong>parvulis,</strong></span> <span class='ocrx_word' id='word_1_42' title='bbox 642 902 733 974; x_wconf 88' lang='lat' dir='ltr'><strong>qui</strong></span> <span class='ocrx_word' id='word_1_43' title='bbox 759 910 814 957; x_wconf 93' lang='lat' dir='ltr'><strong>et</strong></span> <span class='ocrx_word' id='word_1_44' title='bbox 844 901 898 957; x_wconf 87' lang='lat' dir='ltr'><strong>in</strong></span> <span class='ocrx_word' id='word_1_45' title='bbox 921 901 1099 955; x_wconf 87' lang='lat' dir='ltr'><strong>animo</strong></span> <span class='ocrx_word' id='word_1_46' title='bbox 1122 899 1243 954; x_wconf 90' lang='lat' dir='ltr'><strong>etin</strong></span> <span class='ocrx_word' id='word_1_47' title='bbox 1267 911 1494 967; x_wconf 89' lang='lat' dir='ltr'><strong>corpore</strong></span> <span class='ocrx_word' id='word_1_48' title='bbox 1514 909 1635 950; x_wconf 92' lang='lat' dir='ltr'><strong>cum</strong></span> <span class='ocrx_word' id='word_1_49' title='bbox 1665 901 1808 947; x_wconf 87' lang='lat' dir='ltr'><strong>tanta</strong></span> 
     </span>
    </p>
   </div>
   <div class='ocr_carea' id='block_1_8' title="bbox 213 980 1809 1057">
    <p class='ocr_par' dir='ltr' id='par_1_8' title="bbox 213 980 1809 1057">
     <span class='ocr_line' id='line_1_8' title="bbox 213 980 1809 1057; baseline -0.008 -9"><span class='ocrx_word' id='word_1_50' title='bbox 213 994 472 1048; x_wconf 73' lang='lat' dir='ltr'><strong>vitiorum</strong></span> <span class='ocrx_word' id='word_1_51' title='bbox 513 993 773 1049; x_wconf 90' lang='lat' dir='ltr'><strong>varietate</strong></span> <span class='ocrx_word' id='word_1_52' title='bbox 812 1003 1120 1055; x_wconf 89' lang='lat' dir='ltr'><strong>nascuntur,</strong></span> <span class='ocrx_word' id='word_1_53' title='bbox 1165 989 1266 1044; x_wconf 85' lang='lat' dir='ltr'><strong>hoc</strong></span> <span class='ocrx_word' id='word_1_54' title='bbox 1301 988 1406 1044; x_wconf 90' lang='lat' dir='ltr'><strong>dici</strong></span> <span class='ocrx_word' id='word_1_55' title='bbox 1433 994 1626 1057; x_wconf 90' lang='lat' dir='ltr'><strong>potest,</strong></span> <span class='ocrx_word' id='word_1_56' title='bbox 1667 980 1809 1054; x_wconf 91' lang='lat' dir='ltr'><strong>quod</strong></span> 
     </span>
    </p>
   </div>
   <div class='ocr_carea' id='block_1_9' title="bbox 226 1082 1810 1154">
    <p class='ocr_par' dir='ltr' id='par_1_9' title="bbox 226 1082 1810 1154">
     <span class='ocr_line' id='line_1_9' title="bbox 226 1082 1810 1154; baseline -0.009 -13"><span class='ocrx_word' id='word_1_57' title='bbox 226 1085 484 1141; x_wconf 84' lang='lat' dir='ltr'><strong>Dominus</strong></span> <span class='ocrx_word' id='word_1_58' title='bbox 506 1085 582 1139; x_wconf 92' lang='lat' dir='ltr'><strong>ait</strong></span> <span class='ocrx_word' id='word_1_59' title='bbox 603 1085 672 1140; x_wconf 91' lang='lat' dir='ltr'><strong>de</strong></span> <span class='ocrx_word' id='word_1_60' title='bbox 701 1085 794 1142; x_wconf 87' lang='lat' dir='ltr'><strong>illo</strong></span> <span class='ocrx_word' id='word_1_61' title='bbox 820 1083 910 1154; x_wconf 92' lang='lat' dir='ltr'><strong>qui</strong></span> <span class='ocrx_word' id='word_1_62' title='bbox 931 1097 1107 1138; x_wconf 80' lang='lat' dir='ltr'><strong>caecus</strong></span> <span class='ocrx_word' id='word_1_63' title='bbox 1126 1089 1282 1136; x_wconf 89' lang='lat' dir='ltr'><strong>natus</strong></span> <span class='ocrx_word' id='word_1_64' title='bbox 1303 1087 1415 1144; x_wconf 88' lang='lat' dir='ltr'><strong>est;</strong></span> <span class='ocrx_word' id='word_1_65' title='bbox 1456 1091 1562 1133; x_wconf 89' lang='lat' dir='ltr'><strong>non</strong></span> <span class='ocrx_word' id='word_1_66' title='bbox 1591 1082 1810 1148; x_wconf 82' lang='lat' dir='ltr'><strong>propter</strong></span> 
     </span>
    </p>
   </div>
   <div class='ocr_carea' id='block_1_10' title="bbox 225 1165 1808 1248">
    <p class='ocr_par' dir='ltr' id='par_1_10' title="bbox 225 1165 1808 1248">
     <span class='ocr_line' id='line_1_10' title="bbox 225 1165 1808 1248; baseline -0.009 -15"><span class='ocrx_word' id='word_1_67' title='bbox 225 1188 498 1248; x_wconf 86' lang='lat' dir='ltr'><strong>peccatum</strong></span> <span class='ocrx_word' id='word_1_68' title='bbox 544 1178 733 1248; x_wconf 90' lang='lat' dir='ltr'><strong>ipsius,</strong></span> <span class='ocrx_word' id='word_1_69' title='bbox 757 1176 847 1233; x_wconf 80' lang='lat' dir='ltr'><strong>vel</strong></span> <span class='ocrx_word' id='word_1_70' title='bbox 895 1182 1196 1246; x_wconf 88' lang='lat' dir='ltr'><strong>parentum,</strong></span> <span class='ocrx_word' id='word_1_71' title='bbox 1229 1172 1281 1228; x_wconf 88' lang='lat' dir='ltr'><strong>id</strong></span> <span class='ocrx_word' id='word_1_72' title='bbox 1311 1186 1430 1227; x_wconf 86' lang='lat' dir='ltr'><strong>esse</strong></span> <span class='ocrx_word' id='word_1_73' title='bbox 1461 1170 1680 1235; x_wconf 88' lang='lat' dir='ltr'><strong>factum,</strong></span> <span class='ocrx_word' id='word_1_74' title='bbox 1713 1165 1808 1221; x_wconf 85' lang='lat' dir='ltr'><strong>sed</strong></span> 
     </span>
    </p>
   </div>
   <div class='ocr_carea' id='block_1_11' title="bbox 223 1260 1807 1339">
    <p class='ocr_par' dir='ltr' id='par_1_11' title="bbox 223 1260 1807 1339">
     <span class='ocr_line' id='line_1_11' title="bbox 223 1260 1807 1339; baseline -0.007 -15"><span class='ocrx_word' id='word_1_75' title='bbox 223 1278 282 1325; x_wconf 90' lang='lat' dir='ltr'><strong>ut</strong></span> <span class='ocrx_word' id='word_1_76' title='bbox 318 1267 792 1326; x_wconf 74' lang='lat' dir='ltr'><strong>manifestat-eatur</strong></span> <span class='ocrx_word' id='word_1_77' title='bbox 831 1283 992 1339; x_wconf 90' lang='lat' dir='ltr'><strong>opera</strong></span> <span class='ocrx_word' id='word_1_78' title='bbox 1035 1267 1128 1322; x_wconf 88' lang='lat' dir='ltr'><strong>Dei</strong></span> <span class='ocrx_word' id='word_1_79' title='bbox 1173 1265 1226 1320; x_wconf 90' lang='lat' dir='ltr'><strong>in</strong></span> <span class='ocrx_word' id='word_1_80' title='bbox 1272 1264 1364 1320; x_wconf 92' lang='lat' dir='ltr'><strong>illo</strong></span> <span class='ocrx_word' id='word_1_81' title='bbox 1392 1263 1580 1334; x_wconf 81' lang='lat' dir='ltr'><strong>(Joan.</strong></span> <span class='ocrx_word' id='word_1_82' title='bbox 1611 1277 1685 1326; x_wconf 79' lang='lat' dir='ltr'><strong>Ix,</strong></span> <span class='ocrx_word' id='word_1_83' title='bbox 1713 1260 1807 1326; x_wconf 81' lang='lat'><strong>5).</strong></span> 
     </span>
    </p>
   </div>
   <div class='ocr_carea' id='block_1_12' title="bbox 222 1351 1806 1431">
    <p class='ocr_par' dir='ltr' id='par_1_12' title="bbox 222 1351 1806 1431">
     <span class='ocr_line' id='line_1_12' title="bbox 222 1351 1806 1431; baseline -0.008 -15"><span class='ocrx_word' id='word_1_84' title='bbox 222 1359 368 1416; x_wconf 70' lang='lat' dir='ltr'><strong>Multi</strong></span> <span class='ocrx_word' id='word_1_85' title='bbox 393 1361 597 1431; x_wconf 86' lang='lat' dir='ltr'><strong>quippe</strong></span> <span class='ocrx_word' id='word_1_86' title='bbox 636 1375 737 1416; x_wconf 88' lang='lat' dir='ltr'><strong>nec</strong></span> <span class='ocrx_word' id='word_1_87' title='bbox 772 1367 1031 1417; x_wconf 82' lang='lat' dir='ltr'><strong>sanantur</strong></span> <span class='ocrx_word' id='word_1_88' title='bbox 1055 1356 1297 1421; x_wconf 86' lang='lat' dir='ltr'><strong>omnino,</strong></span> <span class='ocrx_word' id='word_1_89' title='bbox 1328 1354 1423 1410; x_wconf 88' lang='lat' dir='ltr'><strong>scd</strong></span> <span class='ocrx_word' id='word_1_90' title='bbox 1452 1369 1573 1409; x_wconf 90' lang='lat' dir='ltr'><strong>cum</strong></span> <span class='ocrx_word' id='word_1_91' title='bbox 1601 1351 1806 1406; x_wconf 83' lang='lat' dir='ltr'><strong>eisdem</strong></span> 
     </span>
    </p>
   </div>
   <div class='ocr_carea' id='block_1_13' title="bbox 182 1444 1810 1530">
    <p class='ocr_par' dir='ltr' id='par_1_13' title="bbox 182 1444 1810 1530">
     <span class='ocr_line' id='line_1_13' title="bbox 182 1444 1810 1530; baseline -0.006 -24"><span class='ocrx_word' id='word_1_92' title='bbox 182 1519 188 1530; x_wconf 28' lang='grc' dir='ltr'><strong>ν</strong></span> <span class='ocrx_word' id='word_1_93' title='bbox 219 1453 380 1517; x_wconf 78' lang='lat' dir='ltr'><strong>vitiis,</strong></span> <span class='ocrx_word' id='word_1_94' title='bbox 411 1452 531 1507; x_wconf 87' lang='lat' dir='ltr'><strong>sive</strong></span> <span class='ocrx_word' id='word_1_95' title='bbox 556 1452 794 1523; x_wconf 90' lang='lat' dir='ltr'><strong>qualibet</strong></span> <span class='ocrx_word' id='word_1_96' title='bbox 819 1453 836 1483; x_wconf 86' lang='grc'>¹</span> <span class='ocrx_word' id='word_1_97' title='bbox 865 1460 1054 1515; x_wconf 71' lang='lat' dir='ltr'><strong>mtate,</strong></span> <span class='ocrx_word' id='word_1_98' title='bbox 1086 1451 1199 1504; x_wconf 84' lang='lat' dir='ltr'><strong>sive</strong></span> <span class='ocrx_word' id='word_1_99' title='bbox 1245 1448 1296 1503; x_wconf 91' lang='lat' dir='ltr'><strong>in</strong></span> <span class='ocrx_word' id='word_1_100' title='bbox 1341 1447 1453 1518; x_wconf 83' lang='lat' dir='ltr'><strong>ipsa</strong></span> <span class='ocrx_word' id='word_1_101' title='bbox 1507 1444 1810 1500; x_wconf 82' lang='lat' dir='ltr'><strong>moriuntur</strong></span> 
     </span>
    </p>
   </div>
   <div class='ocr_carea' id='block_1_14' title="bbox 186 1535 1808 1612">
    <p class='ocr_par' dir='ltr' id='par_1_14' title="bbox 186 1535 1808 1612">
     <span class='ocr_line' id='line_1_14' title="bbox 186 1535 1808 1612; baseline -0.004 -15"><span class='ocrx_word' id='word_1_102' title='bbox 186 1544 188 1547; x_wconf 84' lang='grc'><em>’</em></span> <span class='ocrx_word' id='word_1_103' title='bbox 221 1542 461 1598; x_wconf 77' lang='lat' dir='ltr'><strong>infantia.</strong></span> <span class='ocrx_word' id='word_1_104' title='bbox 505 1541 794 1598; x_wconf 79' lang='lat' dir='ltr'><strong>Nonnullis</strong></span> <span class='ocrx_word' id='word_1_105' title='bbox 835 1543 995 1598; x_wconf 90' lang='lat' dir='ltr'><strong>etiam</strong></span> <span class='ocrx_word' id='word_1_106' title='bbox 1034 1539 1265 1612; x_wconf 83' lang='lat' dir='ltr'><strong>parvulis</strong></span> <span class='ocrx_word' id='word_1_107' title='bbox 1303 1539 1414 1609; x_wconf 87' lang='lat' dir='ltr'><strong>jam</strong></span> <span class='ocrx_word' id='word_1_108' title='bbox 1462 1537 1696 1600; x_wconf 86' lang='lat' dir='ltr'><strong>renatis,</strong></span> <span class='ocrx_word' id='word_1_109' title='bbox 1722 1535 1808 1590; x_wconf 90' lang='lat' dir='ltr'><strong>vel</strong></span> 
     </span>
    </p>
   </div>
   <div class='ocr_carea' id='block_1_15' title="bbox 219 1626 1810 1705">
    <p class='ocr_par' dir='ltr' id='par_1_15' title="bbox 219 1626 1810 1705">
     <span class='ocr_line' id='line_1_15' title="bbox 219 1626 1810 1705; baseline -0.004 -17"><span class='ocrx_word' id='word_1_110' title='bbox 219 1642 538 1704; x_wconf 78' lang='lat' dir='ltr'><strong>permanent</strong></span> <span class='ocrx_word' id='word_1_111' title='bbox 559 1649 684 1690; x_wconf 90' lang='lat' dir='ltr'><strong>eum</strong></span> <span class='ocrx_word' id='word_1_112' title='bbox 711 1634 903 1705; x_wconf 81' lang='lat' dir='ltr'><strong>quibus</strong></span> <span class='ocrx_word' id='word_1_113' title='bbox 931 1640 1055 1688; x_wconf 92' lang='lat' dir='ltr'><strong>sunt</strong></span> <span class='ocrx_word' id='word_1_114' title='bbox 1083 1632 1213 1696; x_wconf 90' lang='lat' dir='ltr'><strong>nati,</strong></span> <span class='ocrx_word' id='word_1_115' title='bbox 1243 1630 1330 1685; x_wconf 91' lang='lat' dir='ltr'><strong>vel</strong></span> <span class='ocrx_word' id='word_1_116' title='bbox 1355 1629 1596 1684; x_wconf 86' lang='lat' dir='ltr'><strong>accidunt</strong></span> <span class='ocrx_word' id='word_1_117' title='bbox 1624 1626 1810 1696; x_wconf 84' lang='lat' dir='ltr'><strong>hujus-</strong></span> 
     </span>
    </p>
   </div>
   <div class='ocr_carea' id='block_1_16' title="bbox 217 1718 1809 1795">
    <p class='ocr_par' dir='ltr' id='par_1_16' title="bbox 217 1718 1809 1795">
     <span class='ocr_line' id='line_1_16' title="bbox 217 1718 1809 1795; baseline -0.006 -13"><span class='ocrx_word' id='word_1_118' title='bbox 217 1725 362 1782; x_wconf 90' lang='lat' dir='ltr'><strong>modi</strong></span> <span class='ocrx_word' id='word_1_119' title='bbox 390 1727 556 1795; x_wconf 86' lang='lat' dir='ltr'><strong>mala,</strong></span> <span class='ocrx_word' id='word_1_120' title='bbox 579 1726 717 1782; x_wconf 91' lang='lat' dir='ltr'><strong>absit</strong></span> <span class='ocrx_word' id='word_1_121' title='bbox 746 1734 802 1781; x_wconf 91' lang='lat' dir='ltr'><strong>ut</strong></span> <span class='ocrx_word' id='word_1_122' title='bbox 827 1725 1067 1780; x_wconf 88' lang='lat' dir='ltr'><strong>dicamus</strong></span> <span class='ocrx_word' id='word_1_123' title='bbox 1091 1723 1306 1793; x_wconf 80' lang='lat' dir='ltr'><strong>indigne</strong></span> <span class='ocrx_word' id='word_1_124' title='bbox 1329 1739 1342 1775; x_wconf 91' lang='lat'><strong>:</strong></span> <span class='ocrx_word' id='word_1_125' title='bbox 1367 1719 1461 1775; x_wconf 87' lang='lat' dir='ltr'><strong>sed</strong></span> <span class='ocrx_word' id='word_1_126' title='bbox 1491 1720 1609 1773; x_wconf 91' lang='lat' dir='ltr'><strong>hinc</strong></span> <span class='ocrx_word' id='word_1_127' title='bbox 1626 1718 1809 1790; x_wconf 80' lang='lat' dir='ltr'><strong>potius</strong></span> 
     </span>
    </p>
   </div>
   <div class='ocr_carea' id='block_1_17' title="bbox 217 1808 1806 1888">
    <p class='ocr_par' dir='ltr' id='par_1_17' title="bbox 217 1808 1806 1888">
     <span class='ocr_line' id='line_1_17' title="bbox 217 1808 1806 1888; baseline -0.005 -17"><span class='ocrx_word' id='word_1_128' title='bbox 217 1817 582 1888; x_wconf 74' lang='lat' dir='ltr'><strong>intelligamus</strong></span> <span class='ocrx_word' id='word_1_129' title='bbox 613 1818 693 1872; x_wconf 89' lang='lat' dir='ltr'><strong>eis</strong></span> <span class='ocrx_word' id='word_1_130' title='bbox 725 1816 794 1871; x_wconf 90' lang='lat' dir='ltr'><strong>ad</strong></span> <span class='ocrx_word' id='word_1_131' title='bbox 821 1817 1044 1871; x_wconf 87' lang='lat' dir='ltr'><strong>alterum</strong></span> <span class='ocrx_word' id='word_1_132' title='bbox 1071 1815 1324 1869; x_wconf 85' lang='lat' dir='ltr'><strong>saeculum</strong></span> <span class='ocrx_word' id='word_1_133' title='bbox 1353 1809 1631 1881; x_wconf 80' lang='lat' dir='ltr'><strong>prodesse,</strong></span> <span class='ocrx_word' id='word_1_134' title='bbox 1664 1808 1806 1880; x_wconf 90' lang='lat' dir='ltr'><strong>quod</strong></span> 
     </span>
    </p>
   </div>
   <div class='ocr_carea' id='block_1_18' title="bbox 213 1900 1812 1976">
    <p class='ocr_par' dir='ltr' id='par_1_18' title="bbox 213 1900 1812 1976">
     <span class='ocr_line' id='line_1_18' title="bbox 213 1900 1812 1976; baseline -0.008 -12"><span class='ocrx_word' id='word_1_135' title='bbox 213 1916 607 1972; x_wconf 81' lang='lat' dir='ltr'><strong>renascuntur;</strong></span> <span class='ocrx_word' id='word_1_136' title='bbox 636 1907 796 1976; x_wconf 83' lang='lat' dir='ltr'><strong>hujus</strong></span> <span class='ocrx_word' id='word_1_137' title='bbox 822 1915 998 1961; x_wconf 89' lang='lat' dir='ltr'><strong>autem</strong></span> <span class='ocrx_word' id='word_1_138' title='bbox 1037 1903 1216 1959; x_wconf 68' lang='lat' dir='ltr'><strong>surculi</strong></span> <span class='ocrx_word' id='word_1_139' title='bbox 1251 1900 1652 1971; x_wconf 87' lang='lat' dir='ltr'><strong>dispositionem</strong></span> <span class='ocrx_word' id='word_1_140' title='bbox 1685 1914 1812 1969; x_wconf 86' lang='lat' dir='ltr'><strong>pro-</strong></span> 
     </span>
    </p>
   </div>
   <div class='ocr_carea' id='block_1_19' title="bbox 214 1991 1809 2072">
    <p class='ocr_par' dir='ltr' id='par_1_19' title="bbox 214 1991 1809 2072">
     <span class='ocr_line' id='line_1_19' title="bbox 214 1991 1809 2072; baseline -0.007 -15"><span class='ocrx_word' id='word_1_141' title='bbox 214 2011 338 2072; x_wconf 85' lang='lat' dir='ltr'><strong>pter</strong></span> <span class='ocrx_word' id='word_1_142' title='bbox 355 2003 544 2056; x_wconf 85' lang='lat' dir='ltr'><strong>vitium</strong></span> <span class='ocrx_word' id='word_1_143' title='bbox 563 2001 587 2035; x_wconf 82' lang='grc'><em>³</em></span> <span class='ocrx_word' id='word_1_144' title='bbox 614 2000 878 2072; x_wconf 77' lang='lat' dir='ltr'><strong>superbia:</strong></span> <span class='ocrx_word' id='word_1_145' title='bbox 920 1997 1169 2062; x_wconf 88' lang='lat' dir='ltr'><strong>hominis,</strong></span> <span class='ocrx_word' id='word_1_146' title='bbox 1200 2011 1295 2066; x_wconf 92' lang='lat' dir='ltr'><strong>per</strong></span> <span class='ocrx_word' id='word_1_147' title='bbox 1318 1993 1461 2065; x_wconf 92' lang='lat' dir='ltr'><strong>quod</strong></span> <span class='ocrx_word' id='word_1_148' title='bbox 1488 1991 1809 2062; x_wconf 88' lang='lat' dir='ltr'><strong>apostatavit</strong></span> 
     </span>
    </p>
   </div>
   <div class='ocr_carea' id='block_1_20' title="bbox 211 2085 1809 2164">
    <p class='ocr_par' dir='ltr' id='par_1_20' title="bbox 211 2085 1809 2164">
     <span class='ocr_line' id='line_1_20' title="bbox 211 2085 1809 2164; baseline -0.007 -17"><span class='ocrx_word' id='word_1_149' title='bbox 211 2108 246 2147; x_wconf 87' lang='lat' dir='ltr'><strong>a</strong></span> <span class='ocrx_word' id='word_1_150' title='bbox 279 2093 388 2148; x_wconf 84' lang='lat' dir='ltr'><strong>Deo</strong></span> <span class='ocrx_word' id='word_1_151' title='bbox 407 2091 597 2164; x_wconf 64' lang='grc' dir='ltr'><strong>(Επεὶ.</strong></span> <span class='ocrx_word' id='word_1_152' title='bbox 626 2107 681 2159; x_wconf 80' lang='lat' dir='ltr'><strong>x,</strong></span> <span class='ocrx_word' id='word_1_153' title='bbox 710 2092 798 2156; x_wconf 74' lang='grc' dir='ltr'><strong>Η,</strong></span> <span class='ocrx_word' id='word_1_154' title='bbox 827 2091 942 2161; x_wconf 79' lang='grc'><strong>15),</strong></span> <span class='ocrx_word' id='word_1_155' title='bbox 966 2089 1189 2144; x_wconf 80' lang='lat' dir='ltr'><strong>diversis</strong></span> <span class='ocrx_word' id='word_1_156' title='bbox 1211 2086 1363 2141; x_wconf 89' lang='lat' dir='ltr'><strong>malis</strong></span> <span class='ocrx_word' id='word_1_157' title='bbox 1390 2085 1661 2139; x_wconf 87' lang='lat' dir='ltr'><strong>hominum</strong></span> <span class='ocrx_word' id='word_1_158' title='bbox 1686 2098 1809 2153; x_wconf 89' lang='lat' dir='ltr'><strong>per-</strong></span> 
     </span>
    </p>
   </div>
   <div class='ocr_carea' id='block_1_21' title="bbox 212 2174 1804 2254">
    <p class='ocr_par' dir='ltr' id='par_1_21' title="bbox 212 2174 1804 2254">
     <span class='ocr_line' id='line_1_21' title="bbox 212 2174 1804 2254; baseline -0.006 -18"><span class='ocrx_word' id='word_1_159' title='bbox 212 2183 305 2252; x_wconf 71' lang='lat' dir='ltr'><strong>agi</strong></span> <span class='ocrx_word' id='word_1_160' title='bbox 328 2185 378 2238; x_wconf 91' lang='lat' dir='ltr'><strong>in</strong></span> <span class='ocrx_word' id='word_1_161' title='bbox 402 2182 536 2254; x_wconf 76' lang='lat' dir='ltr'><strong>jugo</strong></span> <span class='ocrx_word' id='word_1_162' title='bbox 555 2182 704 2253; x_wconf 79' lang='lat' dir='ltr'><strong>gravi</strong></span> <span class='ocrx_word' id='word_1_163' title='bbox 719 2198 870 2254; x_wconf 79' lang='lat' dir='ltr'><strong>super</strong></span> <span class='ocrx_word' id='word_1_164' title='bbox 890 2181 1023 2251; x_wconf 75' lang='lat' dir='ltr'><strong>ﬁlios</strong></span> <span class='ocrx_word' id='word_1_165' title='bbox 1047 2178 1233 2243; x_wconf 78' lang='lat' dir='ltr'><strong>Adam,</strong></span> <span class='ocrx_word' id='word_1_166' title='bbox 1253 2193 1286 2230; x_wconf 88' lang='lat' dir='ltr'><strong>a</strong></span> <span class='ocrx_word' id='word_1_167' title='bbox 1309 2176 1392 2230; x_wconf 83' lang='lat' dir='ltr'><strong>die</strong></span> <span class='ocrx_word' id='word_1_168' title='bbox 1418 2175 1581 2230; x_wconf 74' lang='lat' dir='ltr'><strong>exitus</strong></span> <span class='ocrx_word' id='word_1_169' title='bbox 1601 2174 1664 2228; x_wconf 85' lang='lat' dir='ltr'><strong>de</strong></span> <span class='ocrx_word' id='word_1_170' title='bbox 1681 2189 1804 2227; x_wconf 75' lang='lat' dir='ltr'><strong>oeu-</strong></span> 
     </span>
    </p>
   </div>
   <div class='ocr_carea' id='block_1_22' title="bbox 203 2266 1806 2344">
    <p class='ocr_par' dir='ltr' id='par_1_22' title="bbox 203 2266 1806 2344">
     <span class='ocr_line' id='line_1_22' title="bbox 203 2266 1806 2344; baseline -0.007 -16"><span class='ocrx_word' id='word_1_171' title='bbox 203 2285 298 2328; x_wconf 77' lang='lat' dir='ltr'><strong>tre</strong></span> <span class='ocrx_word' id='word_1_172' title='bbox 322 2275 494 2329; x_wconf 77' lang='lat' dir='ltr'><strong>matris</strong></span> <span class='ocrx_word' id='word_1_173' title='bbox 521 2289 718 2338; x_wconf 82' lang='lat' dir='ltr'><strong>eorum,</strong></span> <span class='ocrx_word' id='word_1_174' title='bbox 757 2288 916 2344; x_wconf 78' lang='lat' dir='ltr'><strong>usque</strong></span> <span class='ocrx_word' id='word_1_175' title='bbox 959 2271 1013 2326; x_wconf 81' lang='lat' dir='ltr'><strong>in</strong></span> <span class='ocrx_word' id='word_1_176' title='bbox 1056 2271 1189 2324; x_wconf 85' lang='lat' dir='ltr'><strong>diem</strong></span> <span class='ocrx_word' id='word_1_177' title='bbox 1213 2267 1490 2340; x_wconf 69' lang='lat' dir='ltr'><strong>sepultura:</strong></span> <span class='ocrx_word' id='word_1_178' title='bbox 1515 2266 1569 2320; x_wconf 85' lang='lat' dir='ltr'><strong>in</strong></span> <span class='ocrx_word' id='word_1_179' title='bbox 1595 2274 1806 2318; x_wconf 81' lang='lat' dir='ltr'><strong>matrem</strong></span> 
     </span>
    </p>
   </div>
   <div class='ocr_carea' id='block_1_23' title="bbox 197 2367 814 2440">
    <p class='ocr_par' dir='ltr' id='par_1_23' title="bbox 197 2367 814 2440">
     <span class='ocr_line' id='line_1_23' title="bbox 197 2367 814 2440; baseline -0.003 -18"><span class='ocrx_word' id='word_1_180' title='bbox 197 2369 440 2422; x_wconf 60' lang='lat' dir='ltr'><strong>omnium</strong></span> <span class='ocrx_word' id='word_1_181' title='bbox 468 2367 581 2440; x_wconf 85' lang='lat' dir='ltr'><strong>(Id.</strong></span> <span class='ocrx_word' id='word_1_182' title='bbox 610 2383 704 2433; x_wconf 75' lang='lat' dir='ltr'><strong>XL,</strong></span> <span class='ocrx_word' id='word_1_183' title='bbox 735 2367 814 2439; x_wconf 72' lang='lat' dir='ltr'><strong>l).</strong></span> 
     </span>
    </p>
   </div>
   <div class='ocr_carea' id='block_1_24' title="bbox 287 2454 1805 2526">
    <p class='ocr_par' dir='ltr' id='par_1_24' title="bbox 287 2454 1805 2526">
     <span class='ocr_line' id='line_1_24' title="bbox 287 2454 1805 2526; baseline -0.007 -12"><span class='ocrx_word' id='word_1_184' title='bbox 287 2459 515 2514; x_wconf 81' lang='lat' dir='ltr'><strong>CAPUT</strong></span> <span class='ocrx_word' id='word_1_185' title='bbox 559 2458 670 2513; x_wconf 76' lang='lat' dir='ltr'><strong>VII.</strong></span> <span class='ocrx_word' id='word_1_186' title='bbox 695 2487 771 2500; x_wconf 91' lang='lat'>—</span> <span class='ocrx_word' id='word_1_187' title='bbox 794 2458 882 2513; x_wconf 72' lang='lat' dir='ltr'><strong>H.</strong></span> <span class='ocrx_word' id='word_1_188' title='bbox 909 2455 1067 2526; x_wconf 88' lang='lat' dir='ltr'><strong>Quod</strong></span> <span class='ocrx_word' id='word_1_189' title='bbox 1089 2461 1268 2511; x_wconf 90' lang='lat' dir='ltr'><strong>autem</strong></span> <span class='ocrx_word' id='word_1_190' title='bbox 1291 2455 1343 2509; x_wconf 91' lang='lat' dir='ltr'><strong>in</strong></span> <span class='ocrx_word' id='word_1_191' title='bbox 1374 2454 1478 2508; x_wconf 92' lang='lat' dir='ltr'><strong>hoc</strong></span> <span class='ocrx_word' id='word_1_192' title='bbox 1500 2465 1663 2522; x_wconf 90' lang='lat' dir='ltr'><strong>opere</strong></span> <span class='ocrx_word' id='word_1_193' title='bbox 1693 2458 1805 2517; x_wconf 88' lang='lat' dir='ltr'><strong>tuo,</strong></span> 
     </span>
    </p>
   </div>
   <div class='ocr_carea' id='block_1_25' title="bbox 195 2542 1805 2622">
    <p class='ocr_par' dir='ltr' id='par_1_25' title="bbox 195 2542 1805 2622">
     <span class='ocr_line' id='line_1_25' title="bbox 195 2542 1805 2622; baseline -0.007 -16"><span class='ocrx_word' id='word_1_194' title='bbox 195 2551 484 2622; x_wconf 75' lang='lat' dir='ltr'><strong>quomodo</strong></span> <span class='ocrx_word' id='word_1_195' title='bbox 512 2551 646 2605; x_wconf 83' lang='lat' dir='ltr'><strong>[iant</strong></span> <span class='ocrx_word' id='word_1_196' title='bbox 672 2566 701 2604; x_wconf 88' lang='lat' dir='ltr'><strong>a</strong></span> <span class='ocrx_word' id='word_1_197' title='bbox 723 2549 1016 2606; x_wconf 80' lang='lat' dir='ltr'><strong>dialecticis</strong></span> <span class='ocrx_word' id='word_1_198' title='bbox 1044 2545 1360 2622; x_wconf 81' lang='lat' dir='ltr'><strong>syllogismi,</strong></span> <span class='ocrx_word' id='word_1_199' title='bbox 1383 2545 1528 2600; x_wconf 91' lang='lat' dir='ltr'><strong>unde</strong></span> <span class='ocrx_word' id='word_1_200' title='bbox 1549 2542 1805 2613; x_wconf 61' lang='lat' dir='ltr'><strong>quaestio-</strong></span> 
     </span>
    </p>
   </div>
   <div class='ocr_carea' id='block_1_26' title="bbox 214 2631 1807 2713">
    <p class='ocr_par' dir='ltr' id='par_1_26' title="bbox 214 2631 1807 2713">
     <span class='ocr_line' id='line_1_26' title="bbox 214 2631 1807 2713; baseline -0.004 -18"><span class='ocrx_word' id='word_1_201' title='bbox 214 2660 342 2700; x_wconf 88' lang='lat' dir='ltr'><strong>nem</strong></span> <span class='ocrx_word' id='word_1_202' title='bbox 365 2645 455 2700; x_wconf 85' lang='lat' dir='ltr'><strong>tibi</strong></span> <span class='ocrx_word' id='word_1_203' title='bbox 486 2645 673 2698; x_wconf 88' lang='lat' dir='ltr'><strong>nullus</strong></span> <span class='ocrx_word' id='word_1_204' title='bbox 691 2642 914 2713; x_wconf 88' lang='lat' dir='ltr'><strong>objecit,</strong></span> <span class='ocrx_word' id='word_1_205' title='bbox 939 2641 1136 2698; x_wconf 89' lang='lat' dir='ltr'><strong>docere</strong></span> <span class='ocrx_word' id='word_1_206' title='bbox 1151 2639 1399 2703; x_wconf 86' lang='lat' dir='ltr'><strong>conaris;</strong></span> <span class='ocrx_word' id='word_1_207' title='bbox 1429 2644 1685 2708; x_wconf 89' lang='lat' dir='ltr'><strong>quantum</strong></span> <span class='ocrx_word' id='word_1_208' title='bbox 1713 2631 1807 2688; x_wconf 89' lang='lat' dir='ltr'><strong>tibi</strong></span> 
     </span>
    </p>
   </div>
   <div class='ocr_carea' id='block_1_27' title="bbox 197 2724 1806 2807">
    <p class='ocr_par' dir='ltr' id='par_1_27' title="bbox 197 2724 1806 2807">
     <span class='ocr_line' id='line_1_27' title="bbox 197 2724 1806 2807; baseline -0.017 -3"><span class='ocrx_word' id='word_1_209' title='bbox 197 2738 418 2807; x_wconf 59' lang='lat' dir='ltr'><strong>places,</strong></span> <span class='ocrx_word' id='word_1_210' title='bbox 443 2745 653 2790; x_wconf 73' lang='lat' dir='ltr'><strong>tantum</strong></span> <span class='ocrx_word' id='word_1_211' title='bbox 681 2734 934 2806; x_wconf 78' lang='lat' dir='ltr'><strong>gravibus</strong></span> <span class='ocrx_word' id='word_1_212' title='bbox 962 2731 1248 2789; x_wconf 89' lang='lat' dir='ltr'><strong>lectoribus</strong></span> <span class='ocrx_word' id='word_1_213' title='bbox 1263 2729 1534 2800; x_wconf 91' lang='lat' dir='ltr'><strong>displices.</strong></span> <span class='ocrx_word' id='word_1_214' title='bbox 1552 2727 1638 2793; x_wconf 86' lang='lat' dir='ltr'><strong>Et,</strong></span> <span class='ocrx_word' id='word_1_215' title='bbox 1665 2724 1806 2793; x_wconf 90' lang='lat' dir='ltr'><strong>quod</strong></span> 
     </span>
    </p>
   </div>
   <div class='ocr_carea' id='block_1_28' title="bbox 194 2819 1814 2901">
    <p class='ocr_par' dir='ltr' id='par_1_28' title="bbox 194 2819 1814 2901">
     <span class='ocr_line' id='line_1_28' title="bbox 194 2819 1814 2901; baseline -0.007 -17"><span class='ocrx_word' id='word_1_216' title='bbox 194 2839 299 2884; x_wconf 48' lang='lat' dir='ltr'><strong>nos:</strong></span> <span class='ocrx_word' id='word_1_217' title='bbox 312 2828 480 2901; x_wconf 80' lang='lat' dir='ltr'><strong>pejus,</strong></span> <span class='ocrx_word' id='word_1_218' title='bbox 489 2829 650 2899; x_wconf 84' lang='lat' dir='ltr'><strong>lingis</strong></span> <span class='ocrx_word' id='word_1_219' title='bbox 664 2842 750 2883; x_wconf 90' lang='lat' dir='ltr'><strong>me</strong></span> <span class='ocrx_word' id='word_1_220' title='bbox 764 2827 941 2883; x_wconf 82' lang='lat' dir='ltr'><strong>dicere</strong></span> <span class='ocrx_word' id='word_1_221' title='bbox 952 2825 1092 2898; x_wconf 92' lang='lat' dir='ltr'><strong>quod</strong></span> <span class='ocrx_word' id='word_1_222' title='bbox 1107 2841 1210 2879; x_wconf 94' lang='lat' dir='ltr'><strong>non</strong></span> <span class='ocrx_word' id='word_1_223' title='bbox 1231 2823 1371 2890; x_wconf 90' lang='lat' dir='ltr'><strong>dico,</strong></span> <span class='ocrx_word' id='word_1_224' title='bbox 1387 2821 1700 2877; x_wconf 89' lang='lat' dir='ltr'><strong>concludere</strong></span> <span class='ocrx_word' id='word_1_225' title='bbox 1711 2819 1814 2874; x_wconf 63' lang='lat' dir='ltr'><strong>sieo.</strong></span> 
     </span>
    </p>
   </div>
   <div class='ocr_carea' id='block_1_29' title="bbox 197 2913 1807 2990">
    <p class='ocr_par' dir='ltr' id='par_1_29' title="bbox 197 2913 1807 2990">
     <span class='ocr_line' id='line_1_29' title="bbox 197 2913 1807 2990; baseline -0.006 -14"><span class='ocrx_word' id='word_1_226' title='bbox 197 2931 276 2976; x_wconf 90' lang='lat' dir='ltr'><strong>-ut</strong></span> <span class='ocrx_word' id='word_1_227' title='bbox 296 2937 398 2976; x_wconf 91' lang='lat' dir='ltr'><strong>non</strong></span> <span class='ocrx_word' id='word_1_228' title='bbox 417 2920 705 2986; x_wconf 90' lang='lat' dir='ltr'><strong>concludo,</strong></span> <span class='ocrx_word' id='word_1_229' title='bbox 738 2919 1032 2976; x_wconf 90' lang='lat' dir='ltr'><strong>concedere</strong></span> <span class='ocrx_word' id='word_1_230' title='bbox 1051 2917 1192 2990; x_wconf 88' lang='lat' dir='ltr'><strong>quod</strong></span> <span class='ocrx_word' id='word_1_231' title='bbox 1215 2931 1319 2973; x_wconf 92' lang='lat' dir='ltr'><strong>non</strong></span> <span class='ocrx_word' id='word_1_232' title='bbox 1337 2913 1594 2981; x_wconf 90' lang='lat' dir='ltr'><strong>concedo,</strong></span> <span class='ocrx_word' id='word_1_233' title='bbox 1618 2921 1672 2968; x_wconf 93' lang='lat' dir='ltr'><strong>et</strong></span> <span class='ocrx_word' id='word_1_234' title='bbox 1685 2926 1807 2968; x_wconf 84' lang='lat' dir='ltr'><strong>eon-</strong></span> 
     </span>
    </p>
   </div>
   <div class='ocr_carea' id='block_1_30' title="bbox 195 3004 1803 3084">
    <p class='ocr_par' dir='ltr' id='par_1_30' title="bbox 195 3004 1803 3084">
     <span class='ocr_line' id='line_1_30' title="bbox 195 3004 1803 3084; baseline -0.007 -14"><span class='ocrx_word' id='word_1_235' title='bbox 195 3014 384 3071; x_wconf 58' lang='lat' dir='ltr'><strong>cludis</strong></span> <span class='ocrx_word' id='word_1_236' title='bbox 412 3015 508 3069; x_wconf 90' lang='lat' dir='ltr'><strong>tibi</strong></span> <span class='ocrx_word' id='word_1_237' title='bbox 536 3015 653 3084; x_wconf 87' lang='lat' dir='ltr'><strong>ipse</strong></span> <span class='ocrx_word' id='word_1_238' title='bbox 679 3012 825 3084; x_wconf 91' lang='lat' dir='ltr'><strong>quod</strong></span> <span class='ocrx_word' id='word_1_239' title='bbox 850 3028 1041 3069; x_wconf 88' lang='lat' dir='ltr'><strong>renuo.</strong></span> <span class='ocrx_word' id='word_1_240' title='bbox 1059 3010 1284 3079; x_wconf 80' lang='lat' dir='ltr'><strong>Quando</strong></span> <span class='ocrx_word' id='word_1_241' title='bbox 1301 3009 1446 3066; x_wconf 91' lang='lat' dir='ltr'><strong>enim</strong></span> <span class='ocrx_word' id='word_1_242' title='bbox 1468 3022 1568 3078; x_wconf 88' lang='lat' dir='ltr'><strong>ego</strong></span> <span class='ocrx_word' id='word_1_243' title='bbox 1594 3004 1803 3076; x_wconf 81' lang='lat' dir='ltr'><strong>negavi,</strong></span> 
     </span>
    </p>
   </div>
   <div class='ocr_carea' id='block_1_31' title="bbox 201 3096 1810 3171">
    <p class='ocr_par' dir='ltr' id='par_1_31' title="bbox 201 3096 1810 3171">
     <span class='ocr_line' id='line_1_31' title="bbox 201 3096 1810 3171; baseline -0.002 -13"><span class='ocrx_word' id='word_1_244' title='bbox 201 3123 241 3158; x_wconf 71' lang='grc' dir='ltr'><strong>σε</strong></span> <span class='ocrx_word' id='word_1_245' title='bbox 265 3115 508 3161; x_wconf 83' lang='lat' dir='ltr'><strong>naturam</strong></span> <span class='ocrx_word' id='word_1_246' title='bbox 529 3105 808 3159; x_wconf 87' lang='lat' dir='ltr'><strong>hominum</strong></span> <span class='ocrx_word' id='word_1_247' title='bbox 823 3119 944 3160; x_wconf 87' lang='lat' dir='ltr'><strong>esse</strong></span> <span class='ocrx_word' id='word_1_248' title='bbox 963 3102 1303 3170; x_wconf 87' lang='lat' dir='ltr'><strong>lauda-bilem,</strong></span> <span class='ocrx_word' id='word_1_249' title='bbox 1328 3119 1347 3154; x_wconf 71' lang='grc' dir='ltr'><strong><em>ι</em></strong></span> <span class='ocrx_word' id='word_1_250' title='bbox 1373 3101 1426 3155; x_wconf 93' lang='lat' dir='ltr'><strong>in</strong></span> <span class='ocrx_word' id='word_1_251' title='bbox 1445 3106 1699 3171; x_wconf 86' lang='lat' dir='ltr'><strong>quantum</strong></span> <span class='ocrx_word' id='word_1_252' title='bbox 1719 3096 1810 3154; x_wconf 62' lang='lat' dir='ltr'><strong>ho«</strong></span> 
     </span>
    </p>
   </div>
   <div class='ocr_carea' id='block_1_32' title="bbox 196 3195 1804 3266">
    <p class='ocr_par' dir='ltr' id='par_1_32' title="bbox 196 3195 1804 3266">
     <span class='ocr_line' id='line_1_32' title="bbox 196 3195 1804 3266; baseline -0.006 -12"><span class='ocrx_word' id='word_1_253' title='bbox 196 3199 388 3255; x_wconf 58' lang='lat' dir='ltr'><strong>attines</strong></span> <span class='ocrx_word' id='word_1_254' title='bbox 411 3198 580 3254; x_wconf 77' lang='lat' dir='ltr'><strong>sunt?</strong></span> <span class='ocrx_word' id='word_1_255' title='bbox 604 3197 830 3266; x_wconf 85' lang='lat' dir='ltr'><strong>Quando</strong></span> <span class='ocrx_word' id='word_1_256' title='bbox 857 3197 963 3252; x_wconf 83' lang='lat' dir='ltr'><strong>dixi</strong></span> <span class='ocrx_word' id='word_1_257' title='bbox 982 3214 1047 3264; x_wconf 57' lang='grc' dir='ltr'><strong>,π</strong></span> <span class='ocrx_word' id='word_1_258' title='bbox 1078 3196 1148 3252; x_wconf 90' lang='lat' dir='ltr'><strong>ob</strong></span> <span class='ocrx_word' id='word_1_259' title='bbox 1168 3195 1269 3251; x_wconf 90' lang='lat' dir='ltr'><strong>hoc</strong></span> <span class='ocrx_word' id='word_1_260' title='bbox 1302 3195 1473 3264; x_wconf 91' lang='lat' dir='ltr'><strong>ipsum</strong></span> <span class='ocrx_word' id='word_1_261' title='bbox 1496 3206 1616 3248; x_wconf 88' lang='lat' dir='ltr'><strong>reos</strong></span> <span class='ocrx_word' id='word_1_262' title='bbox 1653 3203 1804 3258; x_wconf 90' lang='lat' dir='ltr'><strong>esse,</strong></span> 
     </span>
    </p>
   </div>
   <div class='ocr_carea' id='block_1_33' title="bbox 214 3281 1807 3359">
    <p class='ocr_par' dir='ltr' id='par_1_33' title="bbox 214 3281 1807 3359">
     <span class='ocr_line' id='line_1_33' title="bbox 214 3281 1807 3359; baseline -0.004 -16"><span class='ocrx_word' id='word_1_263' title='bbox 214 3290 340 3359; x_wconf 87' lang='lat' dir='ltr'><strong>quia</strong></span> <span class='ocrx_word' id='word_1_264' title='bbox 355 3296 501 3354; x_wconf 87' lang='lat' dir='ltr'><strong>sunt;</strong></span> <span class='ocrx_word' id='word_1_265' title='bbox 525 3307 548 3342; x_wconf 69' lang='grc' dir='ltr'><strong><em>ι</em></strong></span> <span class='ocrx_word' id='word_1_266' title='bbox 565 3303 690 3344; x_wconf 86' lang='lat' dir='ltr'><strong>cum</strong></span> <span class='ocrx_word' id='word_1_267' title='bbox 709 3288 948 3358; x_wconf 88' lang='lat' dir='ltr'><strong>profecto</strong></span> <span class='ocrx_word' id='word_1_268' title='bbox 960 3293 1157 3351; x_wconf 89' lang='lat' dir='ltr'><strong>essent,</strong></span> <span class='ocrx_word' id='word_1_269' title='bbox 1175 3284 1363 3340; x_wconf 89' lang='lat' dir='ltr'><strong>nec-rei</strong></span> <span class='ocrx_word' id='word_1_270' title='bbox 1376 3291 1574 3348; x_wconf 90' lang='lat' dir='ltr'><strong>essent,</strong></span> <span class='ocrx_word' id='word_1_271' title='bbox 1588 3281 1632 3337; x_wconf 89' lang='lat' dir='ltr'><strong>si</strong></span> <span class='ocrx_word' id='word_1_272' title='bbox 1647 3295 1807 3336; x_wconf 89' lang='lat' dir='ltr'><strong>nemo</strong></span> 
     </span>
    </p>
   </div>
   <div class='ocr_carea' id='block_1_34' title="bbox 199 3377 1806 3454">
    <p class='ocr_par' dir='ltr' id='par_1_34' title="bbox 199 3377 1806 3454">
     <span class='ocr_line' id='line_1_34' title="bbox 199 3377 1806 3454; baseline -0.007 -15"><span class='ocrx_word' id='word_1_273' title='bbox 199 3382 533 3454; x_wconf 66' lang='lat' dir='ltr'><strong>:pewasset?</strong></span> <span class='ocrx_word' id='word_1_274' title='bbox 560 3380 785 3449; x_wconf 84' lang='lat' dir='ltr'><strong>Quando</strong></span> <span class='ocrx_word' id='word_1_275' title='bbox 809 3379 952 3447; x_wconf 88' lang='lat' dir='ltr'><strong>dixi,</strong></span> <span class='ocrx_word' id='word_1_276' title='bbox 997 3397 1018 3433; x_wconf 76' lang='grc' dir='ltr'>ι</span> <span class='ocrx_word' id='word_1_277' title='bbox 1066 3377 1443 3434; x_wconf 83' lang='lat' dir='ltr'><strong>fecunditatem</strong></span> <span class='ocrx_word' id='word_1_278' title='bbox 1475 3389 1594 3430; x_wconf 88' lang='lat' dir='ltr'><strong>esse</strong></span> <span class='ocrx_word' id='word_1_279' title='bbox 1618 3388 1806 3443; x_wconf 92' lang='lat' dir='ltr'><strong>repro-</strong></span> 
     </span>
    </p>
   </div>
   <div class='ocr_carea' id='block_1_35' title="bbox 199 3465 1810 3541">
    <p class='ocr_par' dir='ltr' id='par_1_35' title="bbox 199 3465 1810 3541">
     <span class='ocr_line' id='line_1_35' title="bbox 199 3465 1810 3541; baseline -0.006 -11"><span class='ocrx_word' id='word_1_280' title='bbox 199 3474 491 3541; x_wconf 80' lang='lat' dir='ltr'><strong>bandam;</strong></span> <span class='ocrx_word' id='word_1_281' title='bbox 527 3493 548 3527; x_wconf 67' lang='grc' dir='ltr'>υ</span> <span class='ocrx_word' id='word_1_282' title='bbox 576 3489 695 3530; x_wconf 89' lang='lat' dir='ltr'><strong>cum</strong></span> <span class='ocrx_word' id='word_1_283' title='bbox 723 3473 791 3529; x_wconf 89' lang='lat' dir='ltr'><strong>ad</strong></span> <span class='ocrx_word' id='word_1_284' title='bbox 825 3471 1250 3528; x_wconf 89' lang='lat' dir='ltr'><strong>benedictionem</strong></span> <span class='ocrx_word' id='word_1_285' title='bbox 1295 3468 1558 3538; x_wconf 90' lang='lat' dir='ltr'><strong>pertineat</strong></span> <span class='ocrx_word' id='word_1_286' title='bbox 1598 3465 1810 3535; x_wconf 88' lang='lat' dir='ltr'><strong>nuptia-</strong></span> 
     </span>
    </p>
   </div>
   <div class='ocr_carea' id='block_1_36' title="bbox 206 3560 1812 3639">
    <p class='ocr_par' dir='ltr' id='par_1_36' title="bbox 206 3560 1812 3639">
     <span class='ocr_line' id='line_1_36' title="bbox 206 3560 1812 3639; baseline -0.006 -14"><span class='ocrx_word' id='word_1_287' title='bbox 206 3568 386 3625; x_wconf 70' lang='lat' dir='ltr'><strong>rum!</strong></span> <span class='ocrx_word' id='word_1_288' title='bbox 416 3569 688 3638; x_wconf 86' lang='lat' dir='ltr'><strong>Quomodo</strong></span> <span class='ocrx_word' id='word_1_289' title='bbox 712 3584 743 3623; x_wconf 92' lang='lat' dir='ltr'><strong>a</strong></span> <span class='ocrx_word' id='word_1_290' title='bbox 775 3578 828 3624; x_wconf 93' lang='lat' dir='ltr'><strong>te</strong></span> <span class='ocrx_word' id='word_1_291' title='bbox 855 3577 1095 3639; x_wconf 84' lang='lat' dir='ltr'><strong>peterem</strong></span> <span class='ocrx_word' id='word_1_292' title='bbox 1121 3576 1180 3623; x_wconf 93' lang='lat' dir='ltr'><strong>ut</strong></span> <span class='ocrx_word' id='word_1_293' title='bbox 1205 3565 1307 3620; x_wconf 89' lang='lat' dir='ltr'><strong>hoc</strong></span> <span class='ocrx_word' id='word_1_294' title='bbox 1333 3565 1506 3634; x_wconf 88' lang='lat' dir='ltr'><strong>ipsum</strong></span> <span class='ocrx_word' id='word_1_295' title='bbox 1548 3560 1812 3618; x_wconf 89' lang='lat' dir='ltr'><strong>concede-</strong></span> 
     </span>
    </p>
   </div>
   <div class='ocr_carea' id='block_1_37' title="bbox 201 3658 958 3730">
    <p class='ocr_par' dir='ltr' id='par_1_37' title="bbox 201 3658 958 3730">
     <span class='ocr_line' id='line_1_37' title="bbox 201 3658 958 3730; baseline -0.005 -14"><span class='ocrx_word' id='word_1_296' title='bbox 201 3673 341 3723; x_wconf 62' lang='lat' dir='ltr'><strong>res,</strong></span> <span class='ocrx_word' id='word_1_297' title='bbox 365 3659 510 3730; x_wconf 92' lang='lat' dir='ltr'><strong>quod</strong></span> <span class='ocrx_word' id='word_1_298' title='bbox 539 3660 646 3729; x_wconf 84' lang='lat' dir='ltr'><strong>ipse</strong></span> <span class='ocrx_word' id='word_1_299' title='bbox 671 3674 774 3714; x_wconf 93' lang='lat' dir='ltr'><strong>non</strong></span> <span class='ocrx_word' id='word_1_300' title='bbox 804 3658 958 3714; x_wconf 76' lang='lat' dir='ltr'><strong>dixi?</strong></span> 
     </span>
    </p>
   </div>
   <div class='ocr_carea' id='block_1_38' title="bbox 295 3741 1810 3821">
    <p class='ocr_par' dir='ltr' id='par_1_38' title="bbox 295 3741 1810 3821">
     <span class='ocr_line' id='line_1_38' title="bbox 295 3741 1810 3821; baseline -0.005 -16"><span class='ocrx_word' id='word_1_301' title='bbox 295 3751 388 3806; x_wconf 77' lang='grc'><strong>15.</strong></span> <span class='ocrx_word' id='word_1_302' title='bbox 421 3749 540 3806; x_wconf 79' lang='lat' dir='ltr'><strong>Jam</strong></span> <span class='ocrx_word' id='word_1_303' title='bbox 584 3765 708 3807; x_wconf 85' lang='lat' dir='ltr'><strong>vero</strong></span> <span class='ocrx_word' id='word_1_304' title='bbox 757 3749 900 3821; x_wconf 91' lang='lat' dir='ltr'><strong>quod</strong></span> <span class='ocrx_word' id='word_1_305' title='bbox 944 3763 1031 3805; x_wconf 91' lang='lat' dir='ltr'><strong>me</strong></span> <span class='ocrx_word' id='word_1_306' title='bbox 1075 3747 1208 3803; x_wconf 90' lang='lat' dir='ltr'><strong>dicis</strong></span> <span class='ocrx_word' id='word_1_307' title='bbox 1248 3758 1546 3811; x_wconf 86' lang='lat' dir='ltr'><strong>assumere,</strong></span> <span class='ocrx_word' id='word_1_308' title='bbox 1580 3760 1600 3796; x_wconf 76' lang='grc' dir='ltr'>ι</span> <span class='ocrx_word' id='word_1_309' title='bbox 1625 3741 1810 3798; x_wconf 90' lang='lat' dir='ltr'><strong>Omnis</strong></span> 
     </span>
    </p>
   </div>
   <div class='ocr_carea' id='block_1_39' title="bbox 201 3837 1810 3912">
    <p class='ocr_par' dir='ltr' id='par_1_39' title="bbox 201 3837 1810 3912">
     <span class='ocr_line' id='line_1_39' title="bbox 201 3837 1810 3912; baseline -0.007 -14"><span class='ocrx_word' id='word_1_310' title='bbox 201 3843 538 3898; x_wconf 69' lang='lat' dir='ltr'><strong>commixtio</strong></span> <span class='ocrx_word' id='word_1_311' title='bbox 566 3856 851 3912; x_wconf 90' lang='lat' dir='ltr'><strong>corporum</strong></span> <span class='ocrx_word' id='word_1_312' title='bbox 878 3840 1052 3905; x_wconf 89' lang='lat' dir='ltr'><strong>mala;</strong></span> <span class='ocrx_word' id='word_1_313' title='bbox 1089 3857 1110 3893; x_wconf 70' lang='grc' dir='ltr'><strong>ι</strong></span> <span class='ocrx_word' id='word_1_314' title='bbox 1151 3837 1281 3893; x_wconf 85' lang='lat' dir='ltr'><strong>nihil</strong></span> <span class='ocrx_word' id='word_1_315' title='bbox 1314 3838 1491 3891; x_wconf 91' lang='lat' dir='ltr'><strong>minus</strong></span> <span class='ocrx_word' id='word_1_316' title='bbox 1520 3841 1623 3902; x_wconf 88' lang='lat' dir='ltr'><strong>est,</strong></span> <span class='ocrx_word' id='word_1_317' title='bbox 1652 3849 1810 3906; x_wconf 88' lang='lat' dir='ltr'><strong>quam</strong></span> 
     </span>
    </p>
   </div>
   <div class='ocr_carea' id='block_1_40' title="bbox 213 3927 1812 4002">
    <p class='ocr_par' dir='ltr' id='par_1_40' title="bbox 213 3927 1812 4002">
     <span class='ocr_line' id='line_1_40' title="bbox 213 3927 1812 4002; baseline -0.007 -12"><span class='ocrx_word' id='word_1_318' title='bbox 213 3944 279 3990; x_wconf 87' lang='lat' dir='ltr'><strong>ut</strong></span> <span class='ocrx_word' id='word_1_319' title='bbox 307 3933 598 4001; x_wconf 63' lang='lat' dir='ltr'><strong>dicas,’me</strong></span> <span class='ocrx_word' id='word_1_320' title='bbox 637 3936 796 3990; x_wconf 91' lang='lat' dir='ltr'><strong>etiam</strong></span> <span class='ocrx_word' id='word_1_321' title='bbox 825 3933 933 3988; x_wconf 82' lang='lat' dir='ltr'><strong>vini</strong></span> <span class='ocrx_word' id='word_1_322' title='bbox 971 3939 1027 3987; x_wconf 91' lang='lat' dir='ltr'><strong>et</strong></span> <span class='ocrx_word' id='word_1_323' title='bbox 1069 3946 1220 4002; x_wconf 73' lang='lat' dir='ltr'><strong>aqua:</strong></span> <span class='ocrx_word' id='word_1_324' title='bbox 1249 3943 1531 3984; x_wconf 84' lang='lat' dir='ltr'><strong>accusasse</strong></span> <span class='ocrx_word' id='word_1_325' title='bbox 1554 3927 1812 3984; x_wconf 84' lang='lat' dir='ltr'><strong>commix-</strong></span> 
     </span>
    </p>
   </div>
   <div class='ocr_carea' id='block_1_41' title="bbox 214 4019 1811 4097">
    <p class='ocr_par' dir='ltr' id='par_1_41' title="bbox 214 4019 1811 4097">
     <span class='ocr_line' id='line_1_41' title="bbox 214 4019 1811 4097; baseline -0.004 -17"><span class='ocrx_word' id='word_1_326' title='bbox 214 4027 445 4091; x_wconf 90' lang='lat' dir='ltr'><strong>tionem,</strong></span> <span class='ocrx_word' id='word_1_327' title='bbox 474 4025 690 4097; x_wconf 89' lang='lat' dir='ltr'><strong>quando</strong></span> <span class='ocrx_word' id='word_1_328' title='bbox 729 4026 883 4081; x_wconf 80' lang='lat' dir='ltr'><strong>nobis</strong></span> <span class='ocrx_word' id='word_1_329' title='bbox 924 4025 1072 4095; x_wconf 92' lang='lat' dir='ltr'><strong>potio</strong></span> <span class='ocrx_word' id='word_1_330' title='bbox 1105 4031 1468 4093; x_wconf 90' lang='lat' dir='ltr'><strong>temperatur:</strong></span> <span class='ocrx_word' id='word_1_331' title='bbox 1495 4021 1619 4093; x_wconf 87' lang='lat' dir='ltr'><strong>quia</strong></span> <span class='ocrx_word' id='word_1_332' title='bbox 1657 4028 1712 4076; x_wconf 89' lang='lat' dir='ltr'><strong>et</strong></span> <span class='ocrx_word' id='word_1_333' title='bbox 1741 4019 1811 4075; x_wconf 88' lang='lat' dir='ltr'><strong>ibi</strong></span> 
     </span>
    </p>
   </div>
   <div class='ocr_carea' id='block_1_42' title="bbox 203 4112 1813 4188">
    <p class='ocr_par' dir='ltr' id='par_1_42' title="bbox 203 4112 1813 4188">
     <span class='ocr_line' id='line_1_42' title="bbox 203 4112 1813 4188; baseline -0.005 -16"><span class='ocrx_word' id='word_1_334' title='bbox 203 4132 506 4188; x_wconf 71' lang='lat' dir='ltr'><strong>corporum</strong></span> <span class='ocrx_word' id='word_1_335' title='bbox 548 4127 632 4172; x_wconf 90' lang='lat' dir='ltr'><strong>est</strong></span> <span class='ocrx_word' id='word_1_336' title='bbox 659 4117 779 4173; x_wconf 91' lang='lat' dir='ltr'><strong>sine</strong></span> <span class='ocrx_word' id='word_1_337' title='bbox 801 4117 1132 4172; x_wconf 84' lang='lat' dir='ltr'><strong>dubitatione</strong></span> <span class='ocrx_word' id='word_1_338' title='bbox 1159 4113 1504 4180; x_wconf 82' lang='lat' dir='ltr'><strong>commixtio;</strong></span> <span class='ocrx_word' id='word_1_339' title='bbox 1536 4121 1591 4168; x_wconf 92' lang='lat' dir='ltr'><strong>et</strong></span> <span class='ocrx_word' id='word_1_340' title='bbox 1614 4112 1663 4168; x_wconf 87' lang='lat' dir='ltr'><strong>si</strong></span> <span class='ocrx_word' id='word_1_341' title='bbox 1690 4127 1813 4166; x_wconf 83' lang='lat' dir='ltr'><strong>om-</strong></span> 
     </span>
    </p>
   </div>
   <div class='ocr_carea' id='block_1_43' title="bbox 203 4202 1815 4276">
    <p class='ocr_par' dir='ltr' id='par_1_43' title="bbox 203 4202 1815 4276">
     <span class='ocr_line' id='line_1_43' title="bbox 203 4202 1815 4276; baseline -0.002 -14"><span class='ocrx_word' id='word_1_342' title='bbox 203 4221 348 4261; x_wconf 77' lang='lat' dir='ltr'><strong>nem</strong></span> <span class='ocrx_word' id='word_1_343' title='bbox 396 4207 838 4262; x_wconf 90' lang='lat' dir='ltr'><strong>commixtionem</strong></span> <span class='ocrx_word' id='word_1_344' title='bbox 884 4220 1169 4276; x_wconf 89' lang='lat' dir='ltr'><strong>corporum</strong></span> <span class='ocrx_word' id='word_1_345' title='bbox 1218 4205 1413 4259; x_wconf 90' lang='lat' dir='ltr'><strong>malam</strong></span> <span class='ocrx_word' id='word_1_346' title='bbox 1455 4202 1586 4269; x_wconf 92' lang='lat' dir='ltr'><strong>dixi,</strong></span> <span class='ocrx_word' id='word_1_347' title='bbox 1641 4215 1815 4272; x_wconf 84' lang='lat' dir='ltr'><strong>neque</strong></span> 
     </span>
    </p>
   </div>
   <div class='ocr_carea' id='block_1_44' title="bbox 207 4291 1817 4368">
    <p class='ocr_par' dir='ltr' id='par_1_44' title="bbox 207 4291 1817 4368">
     <span class='ocr_line' id='line_1_44' title="bbox 207 4291 1817 4368; baseline -0.002 -17"><span class='ocrx_word' id='word_1_348' title='bbox 207 4297 362 4352; x_wconf 75' lang='lat' dir='ltr'><strong>hanc</strong></span> <span class='ocrx_word' id='word_1_349' title='bbox 387 4300 575 4368; x_wconf 91' lang='lat' dir='ltr'><strong>utique</strong></span> <span class='ocrx_word' id='word_1_350' title='bbox 604 4298 944 4368; x_wconf 60' lang='lat' dir='ltr'><strong>praetermisi.</strong></span> <span class='ocrx_word' id='word_1_351' title='bbox 977 4295 1084 4352; x_wconf 92' lang='lat' dir='ltr'><strong>Sed</strong></span> <span class='ocrx_word' id='word_1_352' title='bbox 1129 4309 1228 4350; x_wconf 87' lang='lat' dir='ltr'><strong>nec</strong></span> <span class='ocrx_word' id='word_1_353' title='bbox 1269 4295 1439 4366; x_wconf 91' lang='lat' dir='ltr'><strong>ipsam</strong></span> <span class='ocrx_word' id='word_1_354' title='bbox 1479 4291 1817 4348; x_wconf 87' lang='lat' dir='ltr'><strong>commixtio-</strong></span> 
     </span>
    </p>
   </div>
   <div class='ocr_carea' id='block_1_45' title="bbox 214 4385 1816 4459">
    <p class='ocr_par' dir='ltr' id='par_1_45' title="bbox 214 4385 1816 4459">
     <span class='ocr_line' id='line_1_45' title="bbox 214 4385 1816 4459; baseline -0.001 -17"><span class='ocrx_word' id='word_1_355' title='bbox 214 4404 347 4443; x_wconf 88' lang='lat' dir='ltr'><strong>nem</strong></span> <span class='ocrx_word' id='word_1_356' title='bbox 388 4403 551 4444; x_wconf 86' lang='lat' dir='ltr'><strong>sexus</strong></span> <span class='ocrx_word' id='word_1_357' title='bbox 595 4389 877 4459; x_wconf 87' lang='lat' dir='ltr'><strong>utriusque</strong></span> <span class='ocrx_word' id='word_1_358' title='bbox 917 4386 1261 4459; x_wconf 83' lang='lat' dir='ltr'><strong>reprehendi,</strong></span> <span class='ocrx_word' id='word_1_359' title='bbox 1291 4387 1336 4441; x_wconf 91' lang='lat' dir='ltr'><strong>si</strong></span> <span class='ocrx_word' id='word_1_360' title='bbox 1381 4385 1616 4456; x_wconf 81' lang='lat' dir='ltr'><strong>legitima</strong></span> <span class='ocrx_word' id='word_1_361' title='bbox 1653 4394 1816 4454; x_wconf 87' lang='lat' dir='ltr'><strong>atque</strong></span> 
     </span>
    </p>
   </div>
   <div class='ocr_carea' id='block_1_46' title="bbox 208 4476 1817 4548">
    <p class='ocr_par' dir='ltr' id='par_1_46' title="bbox 208 4476 1817 4548">
     <span class='ocr_line' id='line_1_46' title="bbox 208 4476 1817 4548; baseline -0.004 -12"><span class='ocrx_word' id='word_1_362' title='bbox 208 4482 476 4548; x_wconf 75' lang='lat' dir='ltr'><strong>nuptialis</strong></span> <span class='ocrx_word' id='word_1_363' title='bbox 499 4491 602 4537; x_wconf 88' lang='lat' dir='ltr'><strong>est.</strong></span> <span class='ocrx_word' id='word_1_364' title='bbox 631 4481 760 4538; x_wconf 92' lang='lat' dir='ltr'><strong>Sine</strong></span> <span class='ocrx_word' id='word_1_365' title='bbox 785 4483 885 4538; x_wconf 86' lang='lat' dir='ltr'><strong>hac</strong></span> <span class='ocrx_word' id='word_1_366' title='bbox 911 4482 1054 4537; x_wconf 86' lang='lat' dir='ltr'><strong>enim</strong></span> <span class='ocrx_word' id='word_1_367' title='bbox 1081 4495 1188 4534; x_wconf 90' lang='lat' dir='ltr'><strong>non</strong></span> <span class='ocrx_word' id='word_1_368' title='bbox 1219 4479 1372 4534; x_wconf 81' lang='lat' dir='ltr'><strong>ﬂeret</strong></span> <span class='ocrx_word' id='word_1_369' title='bbox 1414 4476 1688 4533; x_wconf 75' lang='lat' dir='ltr'><strong>hominum</strong></span> <span class='ocrx_word' id='word_1_370' title='bbox 1721 4491 1817 4546; x_wconf 85' lang='lat' dir='ltr'><strong>ge-</strong></span> 
     </span>
    </p>
   </div>
   <div class='ocr_carea' id='block_1_47' title="bbox 218 4569 1810 4642">
    <p class='ocr_par' dir='ltr' id='par_1_47' title="bbox 218 4569 1810 4642">
     <span class='ocr_line' id='line_1_47' title="bbox 218 4569 1810 4642; baseline -0.004 -16"><span class='ocrx_word' id='word_1_371' title='bbox 218 4573 453 4640; x_wconf 79' lang='lat' dir='ltr'><strong>neratio,</strong></span> <span class='ocrx_word' id='word_1_372' title='bbox 481 4573 646 4628; x_wconf 90' lang='lat' dir='ltr'><strong>etiam</strong></span> <span class='ocrx_word' id='word_1_373' title='bbox 692 4573 841 4627; x_wconf 92' lang='lat' dir='ltr'><strong>nullo</strong></span> <span class='ocrx_word' id='word_1_374' title='bbox 870 4572 1181 4642; x_wconf 76' lang='lat' dir='ltr'><strong>cujusquam</strong></span> <span class='ocrx_word' id='word_1_375' title='bbox 1208 4569 1544 4640; x_wconf 76' lang='lat' dir='ltr'><strong>prmcedente</strong></span> <span class='ocrx_word' id='word_1_376' title='bbox 1570 4576 1810 4638; x_wconf 88' lang='lat' dir='ltr'><strong>peccato.</strong></span> 
     </span>
    </p>
   </div>
   <div class='ocr_carea' id='block_1_48' title="bbox 219 4657 1814 4733">
    <p class='ocr_par' dir='ltr' id='par_1_48' title="bbox 219 4657 1814 4733">
     <span class='ocr_line' id='line_1_48' title="bbox 219 4657 1814 4733; baseline -0.004 -15"><span class='ocrx_word' id='word_1_377' title='bbox 219 4663 458 4719; x_wconf 79' lang='lat' dir='ltr'><strong>Proinde</strong></span> <span class='ocrx_word' id='word_1_378' title='bbox 482 4663 616 4719; x_wconf 86' lang='lat' dir='ltr'><strong>illud</strong></span> <span class='ocrx_word' id='word_1_379' title='bbox 663 4664 805 4718; x_wconf 87' lang='lat' dir='ltr'><strong>aliud</strong></span> <span class='ocrx_word' id='word_1_380' title='bbox 847 4663 986 4733; x_wconf 90' lang='lat' dir='ltr'><strong>quod</strong></span> <span class='ocrx_word' id='word_1_381' title='bbox 1018 4677 1106 4718; x_wconf 93' lang='lat' dir='ltr'><strong>me</strong></span> <span class='ocrx_word' id='word_1_382' title='bbox 1133 4660 1314 4716; x_wconf 89' lang='lat' dir='ltr'><strong>dicere</strong></span> <span class='ocrx_word' id='word_1_383' title='bbox 1339 4659 1604 4730; x_wconf 81' lang='lat' dir='ltr'><strong>adjungis,</strong></span> <span class='ocrx_word' id='word_1_384' title='bbox 1641 4676 1660 4711; x_wconf 85' lang='grc'>‹</span> <span class='ocrx_word' id='word_1_385' title='bbox 1697 4657 1814 4713; x_wconf 88' lang='lat' dir='ltr'><strong>Filii</strong></span> 
     </span>
    </p>
   </div>
   <div class='ocr_carea' id='block_1_49' title="bbox 215 4751 1817 4828">
    <p class='ocr_par' dir='ltr' id='par_1_49' title="bbox 215 4751 1817 4828">
     <span class='ocr_line' id='line_1_49' title="bbox 215 4751 1817 4828; baseline -0.004 -15"><span class='ocrx_word' id='word_1_386' title='bbox 215 4767 406 4828; x_wconf 80' lang='lat' dir='ltr'><strong>autem</strong></span> <span class='ocrx_word' id='word_1_387' title='bbox 444 4758 511 4813; x_wconf 92' lang='lat' dir='ltr'><strong>de</strong></span> <span class='ocrx_word' id='word_1_388' title='bbox 552 4773 839 4828; x_wconf 91' lang='lat' dir='ltr'><strong>corporum</strong></span> <span class='ocrx_word' id='word_1_389' title='bbox 876 4757 1258 4812; x_wconf 82' lang='lat' dir='ltr'><strong>commixtione</strong></span> <span class='ocrx_word' id='word_1_390' title='bbox 1297 4763 1606 4816; x_wconf 88' lang='lat' dir='ltr'><strong>nascuntur,</strong></span> <span class='ocrx_word' id='word_1_391' title='bbox 1642 4769 1662 4804; x_wconf 78' lang='grc' dir='ltr'><strong>ι</strong></span> <span class='ocrx_word' id='word_1_392' title='bbox 1695 4751 1817 4806; x_wconf 85' lang='lat' dir='ltr'><strong>dico</strong></span> 
     </span>
    </p>
   </div>
   <div class='ocr_carea' id='block_1_50' title="bbox 217 4844 1817 4919">
    <p class='ocr_par' dir='ltr' id='par_1_50' title="bbox 217 4844 1817 4919">
     <span class='ocr_line' id='line_1_50' title="bbox 217 4844 1817 4919; baseline -0.005 -13"><span class='ocrx_word' id='word_1_393' title='bbox 217 4865 360 4906; x_wconf 84' lang='lat' dir='ltr'><strong>sane</strong></span> <span class='ocrx_word' id='word_1_394' title='bbox 391 4868 405 4904; x_wconf 87' lang='lat'><strong>:</strong></span> <span class='ocrx_word' id='word_1_395' title='bbox 431 4849 526 4905; x_wconf 90' lang='lat' dir='ltr'><strong>sed</strong></span> <span class='ocrx_word' id='word_1_396' title='bbox 562 4849 859 4913; x_wconf 84' lang='lat' dir='ltr'><strong>conclusio,</strong></span> <span class='ocrx_word' id='word_1_397' title='bbox 887 4863 1045 4919; x_wconf 88' lang='lat' dir='ltr'><strong>quam</strong></span> <span class='ocrx_word' id='word_1_398' title='bbox 1090 4847 1237 4902; x_wconf 89' lang='lat' dir='ltr'><strong>velut</strong></span> <span class='ocrx_word' id='word_1_399' title='bbox 1283 4860 1455 4901; x_wconf 89' lang='lat' dir='ltr'><strong>meam</strong></span> <span class='ocrx_word' id='word_1_400' title='bbox 1503 4844 1697 4899; x_wconf 85' lang='lat' dir='ltr'><strong>inferre</strong></span> <span class='ocrx_word' id='word_1_401' title='bbox 1723 4858 1817 4898; x_wconf 80' lang='lat' dir='ltr'><strong>vo-</strong></span> 
     </span>
    </p>
   </div>
   <div class='ocr_carea' id='block_1_51' title="bbox 223 4937 1818 5012">
    <p class='ocr_par' dir='ltr' id='par_1_51' title="bbox 223 4937 1818 5012">
     <span class='ocr_line' id='line_1_51' title="bbox 223 4937 1818 5012; baseline -0.003 -16"><span class='ocrx_word' id='word_1_402' title='bbox 223 4944 396 5008; x_wconf 82' lang='lat' dir='ltr'><strong>luisti,</strong></span> <span class='ocrx_word' id='word_1_403' title='bbox 426 4960 530 4998; x_wconf 89' lang='lat' dir='ltr'><strong>non</strong></span> <span class='ocrx_word' id='word_1_404' title='bbox 553 4952 644 4999; x_wconf 88' lang='lat' dir='ltr'><strong>est</strong></span> <span class='ocrx_word' id='word_1_405' title='bbox 671 4959 808 4999; x_wconf 88' lang='lat' dir='ltr'><strong>mea.</strong></span> <span class='ocrx_word' id='word_1_406' title='bbox 843 4943 956 4998; x_wconf 83' lang='lat' dir='ltr'><strong>Non</strong></span> <span class='ocrx_word' id='word_1_407' title='bbox 982 4942 1124 4998; x_wconf 90' lang='lat' dir='ltr'><strong>enim</strong></span> <span class='ocrx_word' id='word_1_408' title='bbox 1139 4956 1236 5012; x_wconf 84' lang='lat' dir='ltr'><strong>ego</strong></span> <span class='ocrx_word' id='word_1_409' title='bbox 1261 4940 1402 5007; x_wconf 90' lang='lat' dir='ltr'><strong>dico,</strong></span> <span class='ocrx_word' id='word_1_410' title='bbox 1424 4959 1442 4991; x_wconf 76' lang='grc' dir='ltr'><strong>σ</strong></span> <span class='ocrx_word' id='word_1_411' title='bbox 1461 4937 1696 5010; x_wconf 86' lang='lat' dir='ltr'><strong>Nequam</strong></span> <span class='ocrx_word' id='word_1_412' title='bbox 1719 4937 1818 5008; x_wconf 83' lang='lat' dir='ltr'><strong>igi-</strong></span> 
     </span>
    </p>
   </div>
   <div class='ocr_carea' id='block_1_52' title="bbox 223 5031 1816 5107">
    <p class='ocr_par' dir='ltr' id='par_1_52' title="bbox 223 5031 1816 5107">
     <span class='ocr_line' id='line_1_52' title="bbox 223 5031 1816 5107; baseline -0.006 -17"><span class='ocrx_word' id='word_1_413' title='bbox 223 5045 317 5090; x_wconf 91' lang='lat' dir='ltr'><strong>tur</strong></span> <span class='ocrx_word' id='word_1_414' title='bbox 346 5035 468 5101; x_wconf 87' lang='lat' dir='ltr'><strong>ﬁlii,</strong></span> <span class='ocrx_word' id='word_1_415' title='bbox 497 5036 588 5107; x_wconf 89' lang='lat' dir='ltr'><strong>qui</strong></span> <span class='ocrx_word' id='word_1_416' title='bbox 614 5035 684 5091; x_wconf 91' lang='lat' dir='ltr'><strong>de</strong></span> <span class='ocrx_word' id='word_1_417' title='bbox 713 5035 850 5090; x_wconf 86' lang='lat' dir='ltr'><strong>mala</strong></span> <span class='ocrx_word' id='word_1_418' title='bbox 879 5034 1190 5104; x_wconf 90' lang='lat' dir='ltr'><strong>operatione</strong></span> <span class='ocrx_word' id='word_1_419' title='bbox 1220 5031 1550 5103; x_wconf 89' lang='lat' dir='ltr'><strong>procedunt;</strong></span> <span class='ocrx_word' id='word_1_420' title='bbox 1586 5046 1607 5082; x_wconf 83' lang='grc'>›</span> <span class='ocrx_word' id='word_1_421' title='bbox 1640 5044 1816 5100; x_wconf 86' lang='lat' dir='ltr'><strong>quan-</strong></span> 
     </span>
    </p>
   </div>
   <div class='ocr_carea' id='block_1_53' title="bbox 222 5118 1820 5198">
    <p class='ocr_par' dir='ltr' id='par_1_53' title="bbox 222 5118 1820 5198">
     <span class='ocr_line' id='line_1_53' title="bbox 222 5118 1820 5198; baseline -0.005 -17"><span class='ocrx_word' id='word_1_422' title='bbox 222 5125 518 5197; x_wconf 71' lang='lat' dir='ltr'><strong>doquidem</strong></span> <span class='ocrx_word' id='word_1_423' title='bbox 576 5127 749 5198; x_wconf 88' lang='lat' dir='ltr'><strong>ipsam</strong></span> <span class='ocrx_word' id='word_1_424' title='bbox 802 5125 1089 5196; x_wconf 73' lang='lat' dir='ltr'><strong>coniugum</strong></span> <span class='ocrx_word' id='word_1_425' title='bbox 1138 5123 1503 5196; x_wconf 88' lang='lat' dir='ltr'><strong>operationem</strong></span> <span class='ocrx_word' id='word_1_426' title='bbox 1528 5162 1544 5188; x_wconf 95' lang='lat'><strong>,</strong></span> <span class='ocrx_word' id='word_1_427' title='bbox 1593 5135 1712 5192; x_wconf 75' lang='lat' dir='ltr'><strong>qua:</strong></span> <span class='ocrx_word' id='word_1_428' title='bbox 1760 5118 1820 5174; x_wconf 83' lang='lat' dir='ltr'><strong>ﬁt</strong></span> 
     </span>
    </p>
   </div>
   <div class='ocr_carea' id='block_1_54' title="bbox 220 5209 1818 5289">
    <p class='ocr_par' dir='ltr' id='par_1_54' title="bbox 220 5209 1818 5289">
     <span class='ocr_line' id='line_1_54' title="bbox 220 5209 1818 5289; baseline -0.003 -18"><span class='ocrx_word' id='word_1_429' title='bbox 220 5219 618 5289; x_wconf 78' lang='lat' dir='ltr'><strong>gignendorum</strong></span> <span class='ocrx_word' id='word_1_430' title='bbox 661 5219 830 5289; x_wconf 88' lang='lat' dir='ltr'><strong>gratia</strong></span> <span class='ocrx_word' id='word_1_431' title='bbox 873 5217 1128 5284; x_wconf 84' lang='lat' dir='ltr'><strong>ﬁliorum,</strong></span> <span class='ocrx_word' id='word_1_432' title='bbox 1170 5231 1275 5272; x_wconf 92' lang='lat' dir='ltr'><strong>non</strong></span> <span class='ocrx_word' id='word_1_433' title='bbox 1316 5215 1437 5271; x_wconf 92' lang='lat' dir='ltr'><strong>dico</strong></span> <span class='ocrx_word' id='word_1_434' title='bbox 1481 5213 1693 5281; x_wconf 89' lang='lat' dir='ltr'><strong>malam,</strong></span> <span class='ocrx_word' id='word_1_435' title='bbox 1723 5209 1818 5267; x_wconf 88' lang='lat' dir='ltr'><strong>sed</strong></span> 
     </span>
    </p>
   </div>
   <div class='ocr_carea' id='block_1_55' title="bbox 224 5302 1820 5384">
    <p class='ocr_par' dir='ltr' id='par_1_55' title="bbox 224 5302 1820 5384">
     <span class='ocr_line' id='line_1_55' title="bbox 224 5302 1820 5384; baseline -0.004 -19"><span class='ocrx_word' id='word_1_436' title='bbox 224 5312 408 5383; x_wconf 88' lang='lat' dir='ltr'><strong>potius</strong></span> <span class='ocrx_word' id='word_1_437' title='bbox 423 5313 616 5368; x_wconf 86' lang='lat' dir='ltr'><strong>bonam</strong></span> <span class='ocrx_word' id='word_1_438' title='bbox 637 5329 651 5366; x_wconf 92' lang='lat'>:</span> <span class='ocrx_word' id='word_1_439' title='bbox 668 5311 792 5384; x_wconf 88' lang='lat' dir='ltr'><strong>quia</strong></span> <span class='ocrx_word' id='word_1_440' title='bbox 803 5310 941 5367; x_wconf 88' lang='lat' dir='ltr'><strong>bene</strong></span> <span class='ocrx_word' id='word_1_441' title='bbox 957 5310 1121 5366; x_wconf 91' lang='lat' dir='ltr'><strong>utitur</strong></span> <span class='ocrx_word' id='word_1_442' title='bbox 1134 5307 1368 5365; x_wconf 87' lang='lat' dir='ltr'><strong>libidinis</strong></span> <span class='ocrx_word' id='word_1_443' title='bbox 1379 5306 1541 5374; x_wconf 88' lang='lat' dir='ltr'><strong>malo,</strong></span> <span class='ocrx_word' id='word_1_444' title='bbox 1557 5320 1652 5376; x_wconf 90' lang='lat' dir='ltr'><strong>per</strong></span> <span class='ocrx_word' id='word_1_445' title='bbox 1678 5302 1820 5374; x_wconf 91' lang='lat' dir='ltr'><strong>quod</strong></span> 
     </span>
    </p>
   </div>
   <div class='ocr_carea' id='block_1_56' title="bbox 225 5395 1818 5474">
    <p class='ocr_par' dir='ltr' id='par_1_56' title="bbox 225 5395 1818 5474">
     <span class='ocr_line' id='line_1_56' title="bbox 225 5395 1818 5474; baseline -0.006 -15"><span class='ocrx_word' id='word_1_446' title='bbox 225 5411 556 5474; x_wconf 81' lang='lat' dir='ltr'><strong>generantur</strong></span> <span class='ocrx_word' id='word_1_447' title='bbox 581 5403 826 5458; x_wconf 85' lang='lat' dir='ltr'><strong>homines</strong></span> <span class='ocrx_word' id='word_1_448' title='bbox 850 5401 1048 5458; x_wconf 90' lang='lat' dir='ltr'><strong>bonum</strong></span> <span class='ocrx_word' id='word_1_449' title='bbox 1077 5416 1213 5472; x_wconf 88' lang='lat' dir='ltr'><strong>opus</strong></span> <span class='ocrx_word' id='word_1_450' title='bbox 1237 5400 1366 5466; x_wconf 82' lang='lat' dir='ltr'><strong>Dei;</strong></span> <span class='ocrx_word' id='word_1_451' title='bbox 1397 5413 1504 5455; x_wconf 92' lang='lat' dir='ltr'><strong>non</strong></span> <span class='ocrx_word' id='word_1_452' title='bbox 1524 5397 1640 5453; x_wconf 91' lang='lat' dir='ltr'><strong>sine</strong></span> <span class='ocrx_word' id='word_1_453' title='bbox 1656 5395 1818 5464; x_wconf 89' lang='lat' dir='ltr'><strong>malo,</strong></span> 
     </span>
    </p>
   </div>
   <div class='ocr_carea' id='block_1_57' title="bbox 229 5489 1817 5568">
    <p class='ocr_par' dir='ltr' id='par_1_57' title="bbox 229 5489 1817 5568">
     <span class='ocr_line' id='line_1_57' title="bbox 229 5489 1817 5568; baseline -0.003 -17"><span class='ocrx_word' id='word_1_454' title='bbox 229 5507 456 5568; x_wconf 85' lang='lat' dir='ltr'><strong>propter</strong></span> <span class='ocrx_word' id='word_1_455' title='bbox 475 5495 618 5568; x_wconf 91' lang='lat' dir='ltr'><strong>quod</strong></span> <span class='ocrx_word' id='word_1_456' title='bbox 647 5495 1001 5568; x_wconf 83' lang='lat' dir='ltr'><strong>regenerandi</strong></span> <span class='ocrx_word' id='word_1_457' title='bbox 1024 5503 1172 5565; x_wconf 89' lang='lat' dir='ltr'><strong>sunt,</strong></span> <span class='ocrx_word' id='word_1_458' title='bbox 1197 5502 1258 5551; x_wconf 94' lang='lat' dir='ltr'><strong>ut</strong></span> <span class='ocrx_word' id='word_1_459' title='bbox 1286 5494 1578 5550; x_wconf 90' lang='lat' dir='ltr'><strong>liberentur</strong></span> <span class='ocrx_word' id='word_1_460' title='bbox 1596 5507 1627 5547; x_wconf 89' lang='lat' dir='ltr'><strong>a</strong></span> <span class='ocrx_word' id='word_1_461' title='bbox 1654 5489 1817 5547; x_wconf 88' lang='lat' dir='ltr'><strong>malo.</strong></span> 
     </span>
    </p>
   </div>
   <div class='ocr_carea' id='block_1_58' title="bbox 302 5691 1464 5766">
    <p class='ocr_par' dir='ltr' id='par_1_58' title="bbox 302 5691 1464 5766">
     <span class='ocr_line' id='line_1_58' title="bbox 302 5691 1464 5766; baseline 0.002 -23"><span class='ocrx_word' id='word_1_462' title='bbox 302 5694 323 5766; x_wconf 67' lang='grc' dir='ltr'><strong>ξ</strong></span> <span class='ocrx_word' id='word_1_463' title='bbox 356 5694 493 5766; x_wconf 71' lang='lat' dir='ltr'><strong>rtlitl,</strong></span> <span class='ocrx_word' id='word_1_464' title='bbox 514 5694 611 5748; x_wconf 70' lang='lat' dir='ltr'><strong>sine</strong></span> <span class='ocrx_word' id='word_1_465' title='bbox 631 5693 943 5766; x_wconf 80' lang='lat' dir='ltr'><strong>in_qu_alibet;</strong></span> <span class='ocrx_word' id='word_1_466' title='bbox 965 5701 1092 5766; x_wconf 46' lang='grc' dir='ltr'><strong>ωε,</strong></span> <span class='ocrx_word' id='word_1_467' title='bbox 1111 5693 1212 5766; x_wconf 56' lang='lat' dir='ltr'><strong>sive</strong></span> <span class='ocrx_word' id='word_1_468' title='bbox 1241 5691 1464 5758; x_wconf 66' lang='lat' dir='ltr'><strong>qualibet.</strong></span> 
     </span>
    </p>
   </div>
   <div class='ocr_carea' id='block_1_59' title="bbox 303 5757 1256 5821">
    <p class='ocr_par' dir='ltr' id='par_1_59' title="bbox 303 5757 1256 5821">
     <span class='ocr_line' id='line_1_59' title="bbox 303 5757 1256 5821; baseline 0.002 -16"><span class='ocrx_word' id='word_1_469' title='bbox 303 5757 324 5788; x_wconf 77' lang='grc'><strong><em>³</em></strong></span> <span class='ocrx_word' id='word_1_470' title='bbox 354 5768 456 5805; x_wconf 77' lang='lat' dir='ltr'><strong>.tm.</strong></span> <span class='ocrx_word' id='word_1_471' title='bbox 482 5765 556 5808; x_wconf 77' lang='lat' dir='ltr'><strong>Er.</strong></span> <span class='ocrx_word' id='word_1_472' title='bbox 581 5765 635 5809; x_wconf 90' lang='lat' dir='ltr'><strong>et</strong></span> <span class='ocrx_word' id='word_1_473' title='bbox 657 5757 879 5821; x_wconf 75' lang='lat' dir='ltr'><strong>plerique</strong></span> <span class='ocrx_word' id='word_1_474' title='bbox 902 5766 1032 5818; x_wconf 68' lang='lat' dir='ltr'><strong>Mss,</strong></span> <span class='ocrx_word' id='word_1_475' title='bbox 1054 5757 1256 5808; x_wconf 81' lang='lat' dir='ltr'><strong>initium.</strong></span> 
     </span>
    </p>
   </div>
   <div class='ocr_carea' id='block_1_60' title="bbox 1590 321 2149 378">
    <p class='ocr_par' dir='ltr' id='par_1_60' title="bbox 1590 321 2149 378">
     <span class='ocr_line' id='line_1_60' title="bbox 1590 321 2149 378; baseline -0.004 0"><span class='ocrx_word' id='word_1_476' title='bbox 1590 322 1797 378; x_wconf 71' lang='lat' dir='ltr'><strong>&#39;LlBER</strong></span> <span class='ocrx_word' id='word_1_477' title='bbox 1835 321 2149 378; x_wconf 78' lang='lat' dir='ltr'><strong>TERTlUS.</strong></span> 
     </span>
    </p>
   </div>
   <div class='ocr_carea' id='block_1_61' title="bbox 3399 330 3501 390">
    <p class='ocr_par' dir='ltr' id='par_1_61' title="bbox 3399 330 3501 390">
     <span class='ocr_line' id='line_1_61' title="bbox 3399 330 3501 390; baseline -0.02 0"><span class='ocrx_word' id='word_1_478' title='bbox 3399 330 3501 390; x_wconf 81' lang='lat' dir='ltr'><strong>7l0</strong></span> 
     </span>
    </p>
   </div>
   <div class='ocr_carea' id='block_1_62' title="bbox 1991 460 3499 539">
    <p class='ocr_par' dir='ltr' id='par_1_62' title="bbox 1991 460 3499 539">
     <span class='ocr_line' id='line_1_62' title="bbox 1991 460 3499 539; baseline 0.008 -25"><span class='ocrx_word' id='word_1_479' title='bbox 1991 460 2077 514; x_wconf 81' lang='grc'><strong>16.</strong></span> <span class='ocrx_word' id='word_1_480' title='bbox 2113 460 2310 516; x_wconf 83' lang='lat' dir='ltr'><strong>Deinde</strong></span> <span class='ocrx_word' id='word_1_481' title='bbox 2355 464 2598 520; x_wconf 81' lang='lat' dir='ltr'><strong>contexis</strong></span> <span class='ocrx_word' id='word_1_482' title='bbox 2642 464 2869 521; x_wconf 88' lang='lat' dir='ltr'><strong>alterum</strong></span> <span class='ocrx_word' id='word_1_483' title='bbox 2918 467 3279 539; x_wconf 76' lang='lat' dir='ltr'><strong>syllogismum</strong></span> <span class='ocrx_word' id='word_1_484' title='bbox 3313 478 3499 539; x_wconf 86' lang='lat' dir='ltr'><strong>tuum;</strong></span> 
     </span>
    </p>
   </div>
   <div class='ocr_carea' id='block_1_63' title="bbox 1917 553 3495 635">
    <p class='ocr_par' dir='ltr' id='par_1_63' title="bbox 1917 553 3495 635">
     <span class='ocr_line' id='line_1_63' title="bbox 1917 553 3495 635; baseline 0.01 -31"><span class='ocrx_word' id='word_1_485' title='bbox 1917 553 2168 622; x_wconf 88' lang='lat' dir='ltr'><strong>quoniam</strong></span> <span class='ocrx_word' id='word_1_486' title='bbox 2189 561 2307 609; x_wconf 91' lang='lat' dir='ltr'><strong>tuus</strong></span> <span class='ocrx_word' id='word_1_487' title='bbox 2328 563 2410 611; x_wconf 92' lang='lat' dir='ltr'><strong>est</strong></span> <span class='ocrx_word' id='word_1_488' title='bbox 2430 565 2484 611; x_wconf 89' lang='lat' dir='ltr'><strong>et</strong></span> <span class='ocrx_word' id='word_1_489' title='bbox 2505 557 2649 628; x_wconf 89' lang='lat' dir='ltr'><strong>prior</strong></span> <span class='ocrx_word' id='word_1_490' title='bbox 2672 557 2829 628; x_wconf 78' lang='lat' dir='ltr'><strong>iste‘,</strong></span> <span class='ocrx_word' id='word_1_491' title='bbox 2854 576 2960 617; x_wconf 93' lang='lat' dir='ltr'><strong>non</strong></span> <span class='ocrx_word' id='word_1_492' title='bbox 2985 577 3156 618; x_wconf 89' lang='lat' dir='ltr'><strong>meus.</strong></span> <span class='ocrx_word' id='word_1_493' title='bbox 3179 562 3321 619; x_wconf 89' lang='lat' dir='ltr'><strong>Dicis</strong></span> <span class='ocrx_word' id='word_1_494' title='bbox 3341 578 3495 635; x_wconf 82' lang='lat' dir='ltr'><strong>ergo,</strong></span> 
     </span>
    </p>
   </div>
   <div class='ocr_carea' id='block_1_64' title="bbox 1923 643 3500 722">
    <p class='ocr_par' dir='ltr' id='par_1_64' title="bbox 1923 643 3500 722">
     <span class='ocr_line' id='line_1_64' title="bbox 1923 643 3500 722; baseline 0.01 -26"><span class='ocrx_word' id='word_1_495' title='bbox 1923 663 1941 696; x_wconf 72' lang='grc' dir='ltr'>ι</span> <span class='ocrx_word' id='word_1_496' title='bbox 1968 643 2135 699; x_wconf 88' lang='lat' dir='ltr'><strong>Causa</strong></span> <span class='ocrx_word' id='word_1_497' title='bbox 2165 659 2388 702; x_wconf 82' lang='lat' dir='ltr'><strong>sexuum</strong></span> <span class='ocrx_word' id='word_1_498' title='bbox 2415 650 2724 705; x_wconf 86' lang='lat' dir='ltr'><strong>commixtio</strong></span> <span class='ocrx_word' id='word_1_499' title='bbox 2748 666 3032 722; x_wconf 87' lang='lat' dir='ltr'><strong>corporum</strong></span> <span class='ocrx_word' id='word_1_500' title='bbox 3056 671 3068 708; x_wconf 91' lang='lat'><strong>:</strong></span> <span class='ocrx_word' id='word_1_501' title='bbox 3092 673 3110 707; x_wconf 79' lang='grc' dir='ltr'><strong>ι</strong></span> <span class='ocrx_word' id='word_1_502' title='bbox 3128 665 3182 710; x_wconf 92' lang='lat' dir='ltr'><strong>et</strong></span> <span class='ocrx_word' id='word_1_503' title='bbox 3209 657 3286 712; x_wconf 85' lang='lat' dir='ltr'><strong>vis</strong></span> <span class='ocrx_word' id='word_1_504' title='bbox 3315 665 3372 710; x_wconf 89' lang='lat' dir='ltr'><strong>ut</strong></span> <span class='ocrx_word' id='word_1_505' title='bbox 3396 654 3500 712; x_wconf 91' lang='lat' dir='ltr'><strong>hoc</strong></span> 
     </span>
    </p>
   </div>
   <div class='ocr_carea' id='block_1_65' title="bbox 1921 734 3502 815">
    <p class='ocr_par' dir='ltr' id='par_1_65' title="bbox 1921 734 3502 815">
     <span class='ocr_line' id='line_1_65' title="bbox 1921 734 3502 815; baseline 0.008 -28"><span class='ocrx_word' id='word_1_506' title='bbox 1921 734 2212 788; x_wconf 87' lang='lat' dir='ltr'><strong>concedam</strong></span> <span class='ocrx_word' id='word_1_507' title='bbox 2238 735 2353 790; x_wconf 89' lang='lat' dir='ltr'><strong>tibi.</strong></span> <span class='ocrx_word' id='word_1_508' title='bbox 2393 737 2531 794; x_wconf 84' lang='lat' dir='ltr'><strong>Ecce</strong></span> <span class='ocrx_word' id='word_1_509' title='bbox 2559 740 2814 795; x_wconf 90' lang='lat' dir='ltr'><strong>concedo.</strong></span> <span class='ocrx_word' id='word_1_510' title='bbox 2844 742 3028 812; x_wconf 78' lang='lat' dir='ltr'><strong>Pergis</strong></span> <span class='ocrx_word' id='word_1_511' title='bbox 3066 743 3210 810; x_wconf 91' lang='lat' dir='ltr'><strong>inde,</strong></span> <span class='ocrx_word' id='word_1_512' title='bbox 3235 753 3289 801; x_wconf 91' lang='lat' dir='ltr'><strong>ct</strong></span> <span class='ocrx_word' id='word_1_513' title='bbox 3311 745 3502 815; x_wconf 86' lang='lat' dir='ltr'><strong>adjun-</strong></span> 
     </span>
    </p>
   </div>
   <div class='ocr_carea' id='block_1_66' title="bbox 1910 823 3502 897">
    <p class='ocr_par' dir='ltr' id='par_1_66' title="bbox 1910 823 3502 897">
     <span class='ocr_line' id='line_1_66' title="bbox 1910 823 3502 897; baseline 0.011 -22"><span class='ocrx_word' id='word_1_514' title='bbox 1910 823 1994 892; x_wconf 85' lang='lat' dir='ltr'><strong>gis</strong></span> <span class='ocrx_word' id='word_1_515' title='bbox 2020 841 2033 876; x_wconf 90' lang='lat'><strong>:</strong></span> <span class='ocrx_word' id='word_1_516' title='bbox 2067 823 2152 879; x_wconf 72' lang='lat' dir='ltr'><strong>«Si</strong></span> <span class='ocrx_word' id='word_1_517' title='bbox 2177 825 2312 880; x_wconf 88' lang='lat' dir='ltr'><strong>mala</strong></span> <span class='ocrx_word' id='word_1_518' title='bbox 2335 841 2554 897; x_wconf 87' lang='lat' dir='ltr'><strong>semper</strong></span> <span class='ocrx_word' id='word_1_519' title='bbox 2571 832 2894 895; x_wconf 76' lang='lat' dir='ltr'><strong>commixtio,</strong></span> <span class='ocrx_word' id='word_1_520' title='bbox 2921 832 3174 889; x_wconf 81' lang='lat' dir='ltr'><strong>deformis</strong></span> <span class='ocrx_word' id='word_1_521' title='bbox 3194 836 3354 891; x_wconf 86' lang='lat' dir='ltr'><strong>etiam</strong></span> <span class='ocrx_word' id='word_1_522' title='bbox 3371 851 3502 891; x_wconf 86' lang='lat' dir='ltr'><strong>con-</strong></span> 
     </span>
    </p>
   </div>
   <div class='ocr_carea' id='block_1_67' title="bbox 1915 911 3493 994">
    <p class='ocr_par' dir='ltr' id='par_1_67' title="bbox 1915 911 3493 994">
     <span class='ocr_line' id='line_1_67' title="bbox 1915 911 3493 994; baseline 0.01 -29"><span class='ocrx_word' id='word_1_523' title='bbox 1915 911 2045 966; x_wconf 87' lang='lat' dir='ltr'><strong>ditio</strong></span> <span class='ocrx_word' id='word_1_524' title='bbox 2069 927 2351 984; x_wconf 91' lang='lat' dir='ltr'><strong>corporum</strong></span> <span class='ocrx_word' id='word_1_525' title='bbox 2400 916 2453 972; x_wconf 92' lang='lat' dir='ltr'><strong>in</strong></span> <span class='ocrx_word' id='word_1_526' title='bbox 2499 932 2721 973; x_wconf 77' lang='lat' dir='ltr'><strong>sexuum</strong></span> <span class='ocrx_word' id='word_1_527' title='bbox 2769 920 3074 978; x_wconf 89' lang='lat' dir='ltr'><strong>diversitate</strong></span> <span class='ocrx_word' id='word_1_528' title='bbox 3123 926 3434 994; x_wconf 88' lang='lat' dir='ltr'><strong>positorum.</strong></span> <span class='ocrx_word' id='word_1_529' title='bbox 3472 945 3493 980; x_wconf 69' lang='grc' dir='ltr'><strong><em>ι</em></strong></span> 
     </span>
    </p>
   </div>
   <div class='ocr_carea' id='block_1_68' title="bbox 1915 1000 3500 1086">
    <p class='ocr_par' dir='ltr' id='par_1_68' title="bbox 1915 1000 3500 1086">
     <span class='ocr_line' id='line_1_68' title="bbox 1915 1000 3500 1086; baseline 0.011 -30"><span class='ocrx_word' id='word_1_530' title='bbox 1915 1000 2028 1057; x_wconf 83' lang='lat' dir='ltr'><strong>Hoc</strong></span> <span class='ocrx_word' id='word_1_531' title='bbox 2055 1004 2098 1057; x_wconf 94' lang='lat' dir='ltr'><strong>si</strong></span> <span class='ocrx_word' id='word_1_532' title='bbox 2130 1013 2272 1059; x_wconf 89' lang='lat' dir='ltr'><strong>esset</strong></span> <span class='ocrx_word' id='word_1_533' title='bbox 2300 1020 2654 1077; x_wconf 91' lang='lat' dir='ltr'><strong>consequens,</strong></span> <span class='ocrx_word' id='word_1_534' title='bbox 2684 1025 2770 1064; x_wconf 89' lang='lat' dir='ltr'><strong>me</strong></span> <span class='ocrx_word' id='word_1_535' title='bbox 2793 1026 2897 1067; x_wconf 91' lang='lat' dir='ltr'><strong>non</strong></span> <span class='ocrx_word' id='word_1_536' title='bbox 2923 1023 3205 1082; x_wconf 86' lang='lat' dir='ltr'><strong>premeret,</strong></span> <span class='ocrx_word' id='word_1_537' title='bbox 3237 1018 3322 1086; x_wconf 93' lang='lat' dir='ltr'><strong>qui</strong></span> <span class='ocrx_word' id='word_1_538' title='bbox 3353 1033 3500 1073; x_wconf 90' lang='lat' dir='ltr'><strong>com-</strong></span> 
     </span>
    </p>
   </div>
   <div class='ocr_carea' id='block_1_69' title="bbox 1916 1094 3496 1177">
    <p class='ocr_par' dir='ltr' id='par_1_69' title="bbox 1916 1094 3496 1177">
     <span class='ocr_line' id='line_1_69' title="bbox 1916 1094 3496 1177; baseline 0.013 -30"><span class='ocrx_word' id='word_1_539' title='bbox 1916 1094 2230 1151; x_wconf 84' lang='lat' dir='ltr'><strong>mixtionem</strong></span> <span class='ocrx_word' id='word_1_540' title='bbox 2261 1099 2573 1168; x_wconf 86' lang='lat' dir='ltr'><strong>nuptialem,</strong></span> <span class='ocrx_word' id='word_1_541' title='bbox 2607 1101 2659 1155; x_wconf 89' lang='lat' dir='ltr'><strong>id</strong></span> <span class='ocrx_word' id='word_1_542' title='bbox 2685 1110 2787 1170; x_wconf 87' lang='lat' dir='ltr'><strong>est,</strong></span> <span class='ocrx_word' id='word_1_543' title='bbox 2815 1103 3106 1160; x_wconf 90' lang='lat' dir='ltr'><strong>liberorum</strong></span> <span class='ocrx_word' id='word_1_544' title='bbox 3137 1112 3496 1177; x_wconf 71' lang='lat' dir='ltr'><strong>procreando~</strong></span> 
     </span>
    </p>
   </div>
   <div class='ocr_carea' id='block_1_70' title="bbox 1910 1190 3495 1265">
    <p class='ocr_par' dir='ltr' id='par_1_70' title="bbox 1910 1190 3495 1265">
     <span class='ocr_line' id='line_1_70' title="bbox 1910 1190 3495 1265; baseline 0.013 -26"><span class='ocrx_word' id='word_1_545' title='bbox 1910 1199 2032 1239; x_wconf 82' lang='lat' dir='ltr'><strong>rum</strong></span> <span class='ocrx_word' id='word_1_546' title='bbox 2053 1201 2219 1244; x_wconf 87' lang='lat' dir='ltr'><strong>causa</strong></span> <span class='ocrx_word' id='word_1_547' title='bbox 2231 1190 2273 1256; x_wconf 81' lang='lat'><strong>&#39;,</strong></span> <span class='ocrx_word' id='word_1_548' title='bbox 2298 1206 2402 1244; x_wconf 93' lang='lat' dir='ltr'><strong>non</strong></span> <span class='ocrx_word' id='word_1_549' title='bbox 2426 1193 2596 1246; x_wconf 90' lang='lat' dir='ltr'><strong>solum</strong></span> <span class='ocrx_word' id='word_1_550' title='bbox 2624 1193 2817 1248; x_wconf 89' lang='lat' dir='ltr'><strong>malam</strong></span> <span class='ocrx_word' id='word_1_551' title='bbox 2841 1211 2944 1250; x_wconf 90' lang='lat' dir='ltr'><strong>non</strong></span> <span class='ocrx_word' id='word_1_552' title='bbox 2961 1196 3103 1265; x_wconf 92' lang='lat' dir='ltr'><strong>dico,</strong></span> <span class='ocrx_word' id='word_1_553' title='bbox 3132 1215 3314 1254; x_wconf 87' lang='lat' dir='ltr'><strong>verum</strong></span> <span class='ocrx_word' id='word_1_554' title='bbox 3336 1204 3495 1259; x_wconf 89' lang='lat' dir='ltr'><strong>etiam</strong></span> 
     </span>
    </p>
   </div>
   <div class='ocr_carea' id='block_1_71' title="bbox 1911 1275 3498 1360">
    <p class='ocr_par' dir='ltr' id='par_1_71' title="bbox 1911 1275 3498 1360">
     <span class='ocr_line' id='line_1_71' title="bbox 1911 1275 3498 1360; baseline 0.014 -32"><span class='ocrx_word' id='word_1_555' title='bbox 1911 1275 2109 1332; x_wconf 84' lang='lat' dir='ltr'><strong>bonam</strong></span> <span class='ocrx_word' id='word_1_556' title='bbox 2158 1278 2298 1334; x_wconf 90' lang='lat' dir='ltr'><strong>dico.</strong></span> <span class='ocrx_word' id='word_1_557' title='bbox 2333 1281 2452 1339; x_wconf 85' lang='lat' dir='ltr'><strong>Huc</strong></span> <span class='ocrx_word' id='word_1_558' title='bbox 2493 1283 2718 1350; x_wconf 90' lang='lat' dir='ltr'><strong>accedit,</strong></span> <span class='ocrx_word' id='word_1_559' title='bbox 2747 1287 2868 1356; x_wconf 89' lang='lat' dir='ltr'><strong>quia</strong></span> <span class='ocrx_word' id='word_1_560' title='bbox 2915 1297 2968 1342; x_wconf 92' lang='lat' dir='ltr'><strong>et</strong></span> <span class='ocrx_word' id='word_1_561' title='bbox 3013 1303 3344 1360; x_wconf 89' lang='lat' dir='ltr'><strong>consequens</strong></span> <span class='ocrx_word' id='word_1_562' title='bbox 3389 1310 3498 1350; x_wconf 82' lang='lat' dir='ltr'><strong>non</strong></span> 
     </span>
    </p>
   </div>
   <div class='ocr_carea' id='block_1_72' title="bbox 1907 1370 3495 1452">
    <p class='ocr_par' dir='ltr' id='par_1_72' title="bbox 1907 1370 3495 1452">
     <span class='ocr_line' id='line_1_72' title="bbox 1907 1370 3495 1452; baseline 0.011 -30"><span class='ocrx_word' id='word_1_563' title='bbox 1907 1377 2017 1435; x_wconf 82' lang='lat' dir='ltr'><strong>est,</strong></span> <span class='ocrx_word' id='word_1_564' title='bbox 2046 1377 2104 1424; x_wconf 91' lang='lat' dir='ltr'><strong>ut</strong></span> <span class='ocrx_word' id='word_1_565' title='bbox 2128 1370 2172 1425; x_wconf 90' lang='lat' dir='ltr'><strong>si</strong></span> <span class='ocrx_word' id='word_1_566' title='bbox 2194 1386 2409 1443; x_wconf 88' lang='lat' dir='ltr'><strong>semper</strong></span> <span class='ocrx_word' id='word_1_567' title='bbox 2427 1382 2509 1429; x_wconf 90' lang='lat' dir='ltr'><strong>est</strong></span> <span class='ocrx_word' id='word_1_568' title='bbox 2525 1376 2661 1430; x_wconf 88' lang='lat' dir='ltr'><strong>mala</strong></span> <span class='ocrx_word' id='word_1_569' title='bbox 2683 1391 2840 1434; x_wconf 86' lang='lat' dir='ltr'><strong>sexus</strong></span> <span class='ocrx_word' id='word_1_570' title='bbox 2869 1379 3145 1451; x_wconf 88' lang='lat' dir='ltr'><strong>utriusque</strong></span> <span class='ocrx_word' id='word_1_571' title='bbox 3167 1384 3495 1452; x_wconf 81' lang='lat' dir='ltr'><strong>commixtio,</strong></span> 
     </span>
    </p>
   </div>
   <div class='ocr_carea' id='block_1_73' title="bbox 1917 1462 3498 1542">
    <p class='ocr_par' dir='ltr' id='par_1_73' title="bbox 1917 1462 3498 1542">
     <span class='ocr_line' id='line_1_73' title="bbox 1917 1462 3498 1542; baseline 0.015 -35"><span class='ocrx_word' id='word_1_572' title='bbox 1917 1467 2198 1528; x_wconf 81' lang='lat' dir='ltr'><strong>propterea</strong></span> <span class='ocrx_word' id='word_1_573' title='bbox 2226 1462 2296 1517; x_wconf 92' lang='lat' dir='ltr'><strong>sit</strong></span> <span class='ocrx_word' id='word_1_574' title='bbox 2342 1463 2598 1520; x_wconf 80' lang='lat' dir='ltr'><strong>deformis</strong></span> <span class='ocrx_word' id='word_1_575' title='bbox 2646 1467 2806 1521; x_wconf 88' lang='lat' dir='ltr'><strong>etiam</strong></span> <span class='ocrx_word' id='word_1_576' title='bbox 2854 1469 3090 1526; x_wconf 90' lang='lat' dir='ltr'><strong>conditio</strong></span> <span class='ocrx_word' id='word_1_577' title='bbox 3131 1485 3414 1542; x_wconf 90' lang='lat' dir='ltr'><strong>corporum</strong></span> <span class='ocrx_word' id='word_1_578' title='bbox 3443 1476 3498 1531; x_wconf 90' lang='lat' dir='ltr'><strong>in</strong></span> 
     </span>
    </p>
   </div>
   <div class='ocr_carea' id='block_1_74' title="bbox 1913 1550 3498 1625">
    <p class='ocr_par' dir='ltr' id='par_1_74' title="bbox 1913 1550 3498 1625">
     <span class='ocr_line' id='line_1_74' title="bbox 1913 1550 3498 1625; baseline 0.013 -23"><span class='ocrx_word' id='word_1_579' title='bbox 1913 1561 2135 1604; x_wconf 85' lang='lat' dir='ltr'><strong>sexuum</strong></span> <span class='ocrx_word' id='word_1_580' title='bbox 2183 1550 2494 1609; x_wconf 89' lang='lat' dir='ltr'><strong>diversitate</strong></span> <span class='ocrx_word' id='word_1_581' title='bbox 2545 1557 2857 1625; x_wconf 90' lang='lat' dir='ltr'><strong>positorum.</strong></span> <span class='ocrx_word' id='word_1_582' title='bbox 2904 1559 3148 1618; x_wconf 88' lang='lat' dir='ltr'><strong>Profecto</strong></span> <span class='ocrx_word' id='word_1_583' title='bbox 3193 1563 3335 1619; x_wconf 92' lang='lat' dir='ltr'><strong>enim</strong></span> <span class='ocrx_word' id='word_1_584' title='bbox 3371 1565 3416 1620; x_wconf 91' lang='lat' dir='ltr'><strong>si</strong></span> <span class='ocrx_word' id='word_1_585' title='bbox 3443 1567 3498 1623; x_wconf 91' lang='lat' dir='ltr'><strong>in</strong></span> 
     </span>
    </p>
   </div>
   <div class='ocr_carea' id='block_1_75' title="bbox 1915 1640 3499 1725">
    <p class='ocr_par' dir='ltr' id='par_1_75' title="bbox 1915 1640 3499 1725">
     <span class='ocr_line' id='line_1_75' title="bbox 1915 1640 3499 1725; baseline 0.013 -33"><span class='ocrx_word' id='word_1_586' title='bbox 1915 1646 2120 1696; x_wconf 81' lang='lat' dir='ltr'><strong>tantum</strong></span> <span class='ocrx_word' id='word_1_587' title='bbox 2150 1640 2392 1698; x_wconf 91' lang='lat' dir='ltr'><strong>homines</strong></span> <span class='ocrx_word' id='word_1_588' title='bbox 2419 1655 2601 1702; x_wconf 86' lang='lat' dir='ltr'><strong>essent</strong></span> <span class='ocrx_word' id='word_1_589' title='bbox 2665 1648 2806 1703; x_wconf 89' lang='lat' dir='ltr'><strong>malo</strong></span> <span class='ocrx_word' id='word_1_590' title='bbox 2850 1649 3085 1706; x_wconf 88' lang='lat' dir='ltr'><strong>libidinis</strong></span> <span class='ocrx_word' id='word_1_591' title='bbox 3124 1653 3413 1725; x_wconf 83' lang='lat' dir='ltr'><strong>subjugati,</strong></span> <span class='ocrx_word' id='word_1_592' title='bbox 3438 1665 3499 1712; x_wconf 81' lang='lat' dir='ltr'><strong>ut</strong></span> 
     </span>
    </p>
   </div>
   <div class='ocr_carea' id='block_1_76' title="bbox 1914 1731 3499 1806">
    <p class='ocr_par' dir='ltr' id='par_1_76' title="bbox 1914 1731 3499 1806">
     <span class='ocr_line' id='line_1_76' title="bbox 1914 1731 3499 1806; baseline 0.012 -22"><span class='ocrx_word' id='word_1_593' title='bbox 1914 1740 2118 1784; x_wconf 84' lang='lat' dir='ltr'><strong>remota</strong></span> <span class='ocrx_word' id='word_1_594' title='bbox 2164 1731 2443 1790; x_wconf 84' lang='lat' dir='ltr'><strong>honestate</strong></span> <span class='ocrx_word' id='word_1_595' title='bbox 2472 1737 2806 1806; x_wconf 90' lang='lat' dir='ltr'><strong>nuptiarum,</strong></span> <span class='ocrx_word' id='word_1_596' title='bbox 2834 1754 3019 1796; x_wconf 86' lang='lat' dir='ltr'><strong>omnes</strong></span> <span class='ocrx_word' id='word_1_597' title='bbox 3050 1741 3412 1801; x_wconf 76' lang='lat' dir='ltr'><strong>indill&#39;ereuter</strong></span> <span class='ocrx_word' id='word_1_598' title='bbox 3434 1762 3499 1803; x_wconf 90' lang='lat' dir='ltr'><strong>ac</strong></span> 
     </span>
    </p>
   </div>
   <div class='ocr_carea' id='block_1_77' title="bbox 1914 1820 3497 1898">
    <p class='ocr_par' dir='ltr' id='par_1_77' title="bbox 1914 1820 3497 1898">
     <span class='ocr_line' id='line_1_77' title="bbox 1914 1820 3497 1898; baseline 0.015 -28"><span class='ocrx_word' id='word_1_599' title='bbox 1914 1820 2110 1888; x_wconf 85' lang='lat' dir='ltr'><strong>passim</strong></span> <span class='ocrx_word' id='word_1_600' title='bbox 2159 1823 2351 1876; x_wconf 90' lang='lat' dir='ltr'><strong>canino</strong></span> <span class='ocrx_word' id='word_1_601' title='bbox 2391 1839 2542 1881; x_wconf 91' lang='lat' dir='ltr'><strong>more</strong></span> <span class='ocrx_word' id='word_1_602' title='bbox 2567 1829 3004 1898; x_wconf 88' lang='lat' dir='ltr'><strong>concumberent,</strong></span> <span class='ocrx_word' id='word_1_603' title='bbox 3035 1847 3142 1887; x_wconf 91' lang='lat' dir='ltr'><strong>non</strong></span> <span class='ocrx_word' id='word_1_604' title='bbox 3169 1832 3291 1890; x_wconf 92' lang='lat' dir='ltr'><strong>ideo</strong></span> <span class='ocrx_word' id='word_1_605' title='bbox 3315 1835 3497 1892; x_wconf 81' lang='lat' dir='ltr'><strong>detor-</strong></span> 
     </span>
    </p>
   </div>
   <div class='ocr_carea' id='block_1_78' title="bbox 1912 1908 3492 1995">
    <p class='ocr_par' dir='ltr' id='par_1_78' title="bbox 1912 1908 3492 1995">
     <span class='ocr_line' id='line_1_78' title="bbox 1912 1908 3492 1995; baseline 0.014 -33"><span class='ocrx_word' id='word_1_606' title='bbox 1912 1908 2016 1964; x_wconf 88' lang='lat' dir='ltr'><strong>mis</strong></span> <span class='ocrx_word' id='word_1_607' title='bbox 2043 1918 2187 1966; x_wconf 89' lang='lat' dir='ltr'><strong>esset</strong></span> <span class='ocrx_word' id='word_1_608' title='bbox 2230 1913 2467 1969; x_wconf 91' lang='lat' dir='ltr'><strong>conditio</strong></span> <span class='ocrx_word' id='word_1_609' title='bbox 2497 1930 2807 1988; x_wconf 88' lang='lat' dir='ltr'><strong>corporum,</strong></span> <span class='ocrx_word' id='word_1_610' title='bbox 2834 1920 2988 1990; x_wconf 85' lang='lat' dir='ltr'><strong>cujus</strong></span> <span class='ocrx_word' id='word_1_611' title='bbox 3016 1921 3157 1978; x_wconf 89' lang='lat' dir='ltr'><strong>Deus</strong></span> <span class='ocrx_word' id='word_1_612' title='bbox 3181 1934 3368 1982; x_wconf 89' lang='lat' dir='ltr'><strong>auctor</strong></span> <span class='ocrx_word' id='word_1_613' title='bbox 3391 1936 3492 1995; x_wconf 90' lang='lat' dir='ltr'><strong>est,</strong></span> 
     </span>
    </p>
   </div>
   <div class='ocr_carea' id='block_1_79' title="bbox 1911 2001 3498 2074">
    <p class='ocr_par' dir='ltr' id='par_1_79' title="bbox 1911 2001 3498 2074">
     <span class='ocr_line' id='line_1_79' title="bbox 1911 2001 3498 2074; baseline 0.014 -21"><span class='ocrx_word' id='word_1_614' title='bbox 1911 2001 2162 2069; x_wconf 88' lang='lat' dir='ltr'><strong>quoniam</strong></span> <span class='ocrx_word' id='word_1_615' title='bbox 2185 2005 2320 2058; x_wconf 86' lang='lat' dir='ltr'><strong>mala</strong></span> <span class='ocrx_word' id='word_1_616' title='bbox 2348 2016 2492 2062; x_wconf 89' lang='lat' dir='ltr'><strong>esset</strong></span> <span class='ocrx_word' id='word_1_617' title='bbox 2511 2010 2747 2064; x_wconf 91' lang='lat' dir='ltr'><strong>omnium</strong></span> <span class='ocrx_word' id='word_1_618' title='bbox 2767 2011 3043 2068; x_wconf 89' lang='lat' dir='ltr'><strong>hominum</strong></span> <span class='ocrx_word' id='word_1_619' title='bbox 3070 2017 3232 2071; x_wconf 89' lang='lat' dir='ltr'><strong>maris</strong></span> <span class='ocrx_word' id='word_1_620' title='bbox 3257 2017 3498 2074; x_wconf 79' lang='lat' dir='ltr'><strong>femium-</strong></span> 
     </span>
    </p>
   </div>
   <div class='ocr_carea' id='block_1_80' title="bbox 1911 2096 3495 2166">
    <p class='ocr_par' dir='ltr' id='par_1_80' title="bbox 1911 2096 3495 2166">
     <span class='ocr_line' id='line_1_80' title="bbox 1911 2096 3495 2166; baseline 0.014 -21"><span class='ocrx_word' id='word_1_621' title='bbox 1911 2106 2016 2161; x_wconf 91' lang='lat' dir='ltr'><strong>que</strong></span> <span class='ocrx_word' id='word_1_622' title='bbox 2041 2096 2350 2150; x_wconf 79' lang='lat' dir='ltr'><strong>commixtio</strong></span> <span class='ocrx_word' id='word_1_623' title='bbox 2375 2099 2545 2154; x_wconf 89' lang='lat' dir='ltr'><strong>:sicut</strong></span> <span class='ocrx_word' id='word_1_624' title='bbox 2572 2102 2733 2156; x_wconf 89' lang='lat' dir='ltr'><strong>etiam</strong></span> <span class='ocrx_word' id='word_1_625' title='bbox 2767 2119 2907 2160; x_wconf 92' lang='lat' dir='ltr'><strong>nunc</strong></span> <span class='ocrx_word' id='word_1_626' title='bbox 2926 2104 2998 2162; x_wconf 87' lang='lat' dir='ltr'><strong>de</strong></span> <span class='ocrx_word' id='word_1_627' title='bbox 3026 2107 3320 2164; x_wconf 86' lang='lat' dir='ltr'><strong>adulterina</strong></span> <span class='ocrx_word' id='word_1_628' title='bbox 3342 2126 3495 2166; x_wconf 88' lang='lat' dir='ltr'><strong>com-</strong></span> 
     </span>
    </p>
   </div>
   <div class='ocr_carea' id='block_1_81' title="bbox 1912 2182 3498 2267">
    <p class='ocr_par' dir='ltr' id='par_1_81' title="bbox 1912 2182 3498 2267">
     <span class='ocr_line' id='line_1_81' title="bbox 1912 2182 3498 2267; baseline 0.015 -33"><span class='ocrx_word' id='word_1_629' title='bbox 1912 2182 2170 2238; x_wconf 86' lang='lat' dir='ltr'><strong>mixtione</strong></span> <span class='ocrx_word' id='word_1_630' title='bbox 2192 2185 2372 2256; x_wconf 89' lang='lat' dir='ltr'><strong>utique</strong></span> <span class='ocrx_word' id='word_1_631' title='bbox 2393 2189 2552 2255; x_wconf 87' lang='lat' dir='ltr'><strong>mala,</strong></span> <span class='ocrx_word' id='word_1_632' title='bbox 2585 2191 2782 2247; x_wconf 90' lang='lat' dir='ltr'><strong>bonum</strong></span> <span class='ocrx_word' id='word_1_633' title='bbox 2810 2202 2894 2249; x_wconf 90' lang='lat' dir='ltr'><strong>est</strong></span> <span class='ocrx_word' id='word_1_634' title='bbox 2922 2195 2974 2249; x_wconf 91' lang='lat' dir='ltr'><strong>iu</strong></span> <span class='ocrx_word' id='word_1_635' title='bbox 3000 2211 3284 2267; x_wconf 89' lang='lat' dir='ltr'><strong>corporum</strong></span> <span class='ocrx_word' id='word_1_636' title='bbox 3311 2203 3498 2257; x_wconf 86' lang='lat' dir='ltr'><strong>condi-</strong></span> 
     </span>
    </p>
   </div>
   <div class='ocr_carea' id='block_1_82' title="bbox 1913 2273 3496 2356">
    <p class='ocr_par' dir='ltr' id='par_1_82' title="bbox 1913 2273 3496 2356">
     <span class='ocr_line' id='line_1_82' title="bbox 1913 2273 3496 2356; baseline 0.015 -29"><span class='ocrx_word' id='word_1_637' title='bbox 1913 2273 2059 2331; x_wconf 90' lang='lat' dir='ltr'><strong>tione</strong></span> <span class='ocrx_word' id='word_1_638' title='bbox 2095 2290 2231 2346; x_wconf 88' lang='lat' dir='ltr'><strong>0pus</strong></span> <span class='ocrx_word' id='word_1_639' title='bbox 2275 2278 2390 2334; x_wconf 88' lang='lat' dir='ltr'><strong>Dei.</strong></span> <span class='ocrx_word' id='word_1_640' title='bbox 2423 2280 2581 2337; x_wconf 87' lang='lat' dir='ltr'><strong>Vides</strong></span> <span class='ocrx_word' id='word_1_641' title='bbox 2611 2298 2821 2354; x_wconf 91' lang='lat' dir='ltr'><strong>nempe,</strong></span> <span class='ocrx_word' id='word_1_642' title='bbox 2853 2302 3010 2356; x_wconf 90' lang='lat' dir='ltr'><strong>quam</strong></span> <span class='ocrx_word' id='word_1_643' title='bbox 3038 2288 3316 2348; x_wconf 82' lang='lat' dir='ltr'><strong>dialectice</strong></span> <span class='ocrx_word' id='word_1_644' title='bbox 3364 2293 3496 2350; x_wconf 91' lang='lat' dir='ltr'><strong>nihil</strong></span> 
     </span>
    </p>
   </div>
   <div class='ocr_carea' id='block_1_83' title="bbox 1911 2365 3494 2452">
    <p class='ocr_par' dir='ltr' id='par_1_83' title="bbox 1911 2365 3494 2452">
     <span class='ocr_line' id='line_1_83' title="bbox 1911 2365 3494 2452; baseline 0.011 -32"><span class='ocrx_word' id='word_1_645' title='bbox 1911 2365 2130 2432; x_wconf 84' lang='lat' dir='ltr'><strong>dixeris,</strong></span> <span class='ocrx_word' id='word_1_646' title='bbox 2160 2378 2215 2424; x_wconf 90' lang='lat' dir='ltr'><strong>et</strong></span> <span class='ocrx_word' id='word_1_647' title='bbox 2252 2371 2392 2424; x_wconf 88' lang='lat' dir='ltr'><strong>nulla</strong></span> <span class='ocrx_word' id='word_1_648' title='bbox 2423 2373 2638 2442; x_wconf 89' lang='lat' dir='ltr'><strong>quidem</strong></span> <span class='ocrx_word' id='word_1_649' title='bbox 2670 2377 2823 2447; x_wconf 91' lang='lat' dir='ltr'><strong>culpa</strong></span> <span class='ocrx_word' id='word_1_650' title='bbox 2851 2377 3144 2434; x_wconf 83' lang='lat' dir='ltr'><strong>dialecticae</strong></span> <span class='ocrx_word' id='word_1_651' title='bbox 3172 2380 3494 2452; x_wconf 72' lang='lat' dir='ltr'><strong>disciplinm,</strong></span> 
     </span>
    </p>
   </div>
   <div class='ocr_carea' id='block_1_84' title="bbox 1913 2465 3498 2534">
    <p class='ocr_par' dir='ltr' id='par_1_84' title="bbox 1913 2465 3498 2534">
     <span class='ocr_line' id='line_1_84' title="bbox 1913 2465 3498 2534; baseline 0.01 -23"><span class='ocrx_word' id='word_1_652' title='bbox 1913 2465 1966 2512; x_wconf 94' lang='lat' dir='ltr'><strong>tu</strong></span> <span class='ocrx_word' id='word_1_653' title='bbox 1991 2470 2246 2528; x_wconf 89' lang='lat' dir='ltr'><strong>quantum</strong></span> <span class='ocrx_word' id='word_1_654' title='bbox 2277 2476 2307 2515; x_wconf 87' lang='lat' dir='ltr'><strong>a</strong></span> <span class='ocrx_word' id='word_1_655' title='bbox 2336 2465 2543 2518; x_wconf 90' lang='lat' dir='ltr'><strong>tramite</strong></span> <span class='ocrx_word' id='word_1_656' title='bbox 2578 2465 2692 2534; x_wconf 88' lang='lat' dir='ltr'><strong>ejus</strong></span> <span class='ocrx_word' id='word_1_657' title='bbox 2719 2467 3131 2524; x_wconf 80' lang='lat' dir='ltr'><strong>exorbi—taveris.</strong></span> <span class='ocrx_word' id='word_1_658' title='bbox 3165 2469 3327 2526; x_wconf 80' lang='lat' dir='ltr'><strong>Vides</strong></span> <span class='ocrx_word' id='word_1_659' title='bbox 3355 2473 3498 2528; x_wconf 91' lang='lat' dir='ltr'><strong>illius</strong></span> 
     </span>
    </p>
   </div>
   <div class='ocr_carea' id='block_1_85' title="bbox 1911 2548 3498 2621">
    <p class='ocr_par' dir='ltr' id='par_1_85' title="bbox 1911 2548 3498 2621">
     <span class='ocr_line' id='line_1_85' title="bbox 1911 2548 3498 2621; baseline 0.011 -20"><span class='ocrx_word' id='word_1_660' title='bbox 1911 2548 2042 2603; x_wconf 86' lang='lat' dir='ltr'><strong>artis</strong></span> <span class='ocrx_word' id='word_1_661' title='bbox 2066 2551 2244 2606; x_wconf 90' lang='lat' dir='ltr'><strong>verbis</strong></span> <span class='ocrx_word' id='word_1_662' title='bbox 2272 2551 2340 2606; x_wconf 89' lang='lat' dir='ltr'><strong>ad</strong></span> <span class='ocrx_word' id='word_1_663' title='bbox 2370 2553 2472 2608; x_wconf 91' lang='lat' dir='ltr'><strong>hoc</strong></span> <span class='ocrx_word' id='word_1_664' title='bbox 2508 2562 2559 2608; x_wconf 93' lang='lat' dir='ltr'><strong>te</strong></span> <span class='ocrx_word' id='word_1_665' title='bbox 2613 2555 2690 2610; x_wconf 93' lang='lat' dir='ltr'><strong>uti</strong></span> <span class='ocrx_word' id='word_1_666' title='bbox 2712 2555 2754 2621; x_wconf 85' lang='grc'><strong>³,</strong></span> <span class='ocrx_word' id='word_1_667' title='bbox 2783 2565 2841 2612; x_wconf 92' lang='lat' dir='ltr'><strong>ut</strong></span> <span class='ocrx_word' id='word_1_668' title='bbox 2877 2559 2958 2613; x_wconf 91' lang='lat' dir='ltr'><strong>eis</strong></span> <span class='ocrx_word' id='word_1_669' title='bbox 2994 2558 3205 2614; x_wconf 84' lang='lat' dir='ltr'><strong>inﬂatus</strong></span> <span class='ocrx_word' id='word_1_670' title='bbox 3243 2563 3498 2620; x_wconf 87' lang='lat' dir='ltr'><strong>attonitos</strong></span> 
     </span>
    </p>
   </div>
   <div class='ocr_carea' id='block_1_86' title="bbox 1912 2638 3494 2722">
    <p class='ocr_par' dir='ltr' id='par_1_86' title="bbox 1912 2638 3494 2722">
     <span class='ocr_line' id='line_1_86' title="bbox 1912 2638 3494 2722; baseline 0.011 -30"><span class='ocrx_word' id='word_1_671' title='bbox 1912 2638 2075 2696; x_wconf 88' lang='lat' dir='ltr'><strong>facias</strong></span> <span class='ocrx_word' id='word_1_672' title='bbox 2108 2641 2402 2712; x_wconf 90' lang='lat' dir='ltr'><strong>imperitos,</strong></span> <span class='ocrx_word' id='word_1_673' title='bbox 2437 2645 2668 2701; x_wconf 89' lang='lat' dir='ltr'><strong>volendo</strong></span> <span class='ocrx_word' id='word_1_674' title='bbox 2705 2646 2872 2703; x_wconf 87' lang='lat' dir='ltr'><strong>videri</strong></span> <span class='ocrx_word' id='word_1_675' title='bbox 2915 2664 3036 2706; x_wconf 87' lang='lat' dir='ltr'><strong>esse</strong></span> <span class='ocrx_word' id='word_1_676' title='bbox 3079 2652 3220 2722; x_wconf 92' lang='lat' dir='ltr'><strong>quod</strong></span> <span class='ocrx_word' id='word_1_677' title='bbox 3263 2669 3369 2708; x_wconf 94' lang='lat' dir='ltr'><strong>non</strong></span> <span class='ocrx_word' id='word_1_678' title='bbox 3413 2671 3494 2711; x_wconf 91' lang='lat' dir='ltr'><strong>es.</strong></span> 
     </span>
    </p>
   </div>
   <div class='ocr_carea' id='block_1_87' title="bbox 1912 2733 3598 2814">
    <p class='ocr_par' dir='ltr' id='par_1_87' title="bbox 1912 2733 3598 2814">
     <span class='ocr_line' id='line_1_87' title="bbox 1912 2733 3598 2814; baseline 0.009 -27"><span class='ocrx_word' id='word_1_679' title='bbox 1912 2733 2065 2799; x_wconf 88' lang='lat' dir='ltr'><strong>Quod</strong></span> <span class='ocrx_word' id='word_1_680' title='bbox 2090 2742 2146 2790; x_wconf 89' lang='lat' dir='ltr'><strong>et</strong></span> <span class='ocrx_word' id='word_1_681' title='bbox 2167 2734 2212 2790; x_wconf 90' lang='lat' dir='ltr'><strong>si</strong></span> <span class='ocrx_word' id='word_1_682' title='bbox 2241 2750 2411 2801; x_wconf 87' lang='lat' dir='ltr'><strong>esses,</strong></span> <span class='ocrx_word' id='word_1_683' title='bbox 2433 2737 2501 2792; x_wconf 88' lang='lat' dir='ltr'><strong>ad</strong></span> <span class='ocrx_word' id='word_1_684' title='bbox 2528 2753 2650 2794; x_wconf 89' lang='lat' dir='ltr'><strong>eum</strong></span> <span class='ocrx_word' id='word_1_685' title='bbox 2680 2741 2893 2795; x_wconf 86' lang='lat' dir='ltr'><strong>modum</strong></span> <span class='ocrx_word' id='word_1_686' title='bbox 2915 2756 3022 2812; x_wconf 92' lang='lat' dir='ltr'><strong>quo</strong></span> <span class='ocrx_word' id='word_1_687' title='bbox 3049 2743 3150 2798; x_wconf 90' lang='lat' dir='ltr'><strong>ista</strong></span> <span class='ocrx_word' id='word_1_688' title='bbox 3177 2743 3499 2814; x_wconf 88' lang='lat' dir='ltr'><strong>disputanda</strong></span> <span class='ocrx_word' id='word_1_689' title='bbox 3594 2789 3598 2797; x_wconf 54' lang='grc' dir='ltr'><strong><em>ι</em></strong></span> 
     </span>
    </p>
   </div>
   <div class='ocr_carea' id='block_1_88' title="bbox 1911 2829 3500 2908">
    <p class='ocr_par' dir='ltr' id='par_1_88' title="bbox 1911 2829 3500 2908">
     <span class='ocr_line' id='line_1_88' title="bbox 1911 2829 3500 2908; baseline 0.009 -27"><span class='ocrx_word' id='word_1_690' title='bbox 1911 2839 2072 2896; x_wconf 88' lang='lat' dir='ltr'><strong>sunt,</strong></span> <span class='ocrx_word' id='word_1_691' title='bbox 2127 2829 2258 2884; x_wconf 90' lang='lat' dir='ltr'><strong>nihil</strong></span> <span class='ocrx_word' id='word_1_692' title='bbox 2307 2845 2480 2887; x_wconf 88' lang='lat' dir='ltr'><strong>esses.</strong></span> <span class='ocrx_word' id='word_1_693' title='bbox 2535 2832 2639 2888; x_wconf 86' lang='lat' dir='ltr'><strong>Sed</strong></span> <span class='ocrx_word' id='word_1_694' title='bbox 2697 2829 2853 2908; x_wconf 66' lang='lat' dir='ltr'><strong>pla.</strong></span> <span class='ocrx_word' id='word_1_695' title='bbox 2892 2850 3032 2890; x_wconf 89' lang='lat' dir='ltr'><strong>nunc</strong></span> <span class='ocrx_word' id='word_1_696' title='bbox 3074 2845 3128 2891; x_wconf 92' lang='lat' dir='ltr'><strong>et</strong></span> <span class='ocrx_word' id='word_1_697' title='bbox 3175 2838 3385 2908; x_wconf 90' lang='lat' dir='ltr'><strong>ineptus</strong></span> <span class='ocrx_word' id='word_1_698' title='bbox 3442 2849 3500 2897; x_wconf 91' lang='lat' dir='ltr'><strong>et</strong></span> 
     </span>
    </p>
   </div>
   <div class='ocr_carea' id='block_1_89' title="bbox 1912 2917 3501 2996">
    <p class='ocr_par' dir='ltr' id='par_1_89' title="bbox 1912 2917 3501 2996">
     <span class='ocr_line' id='line_1_89' title="bbox 1912 2917 3501 2996; baseline 0.01 -24"><span class='ocrx_word' id='word_1_699' title='bbox 1912 2917 2218 2990; x_wconf 86' lang='lat' dir='ltr'><strong>imperitus,</strong></span> <span class='ocrx_word' id='word_1_700' title='bbox 2286 2931 2412 2978; x_wconf 86' lang='lat' dir='ltr'><strong>tunc</strong></span> <span class='ocrx_word' id='word_1_701' title='bbox 2473 2932 2652 2979; x_wconf 86' lang='lat' dir='ltr'><strong>autem</strong></span> <span class='ocrx_word' id='word_1_702' title='bbox 2719 2925 2930 2996; x_wconf 89' lang='lat' dir='ltr'><strong>ineptus</strong></span> <span class='ocrx_word' id='word_1_703' title='bbox 2969 2927 3159 2984; x_wconf 80' lang='lat' dir='ltr'><strong>artifex</strong></span> <span class='ocrx_word' id='word_1_704' title='bbox 3221 2944 3387 2987; x_wconf 90' lang='lat' dir='ltr'><strong>esses.</strong></span> <span class='ocrx_word' id='word_1_705' title='bbox 3433 2933 3501 2988; x_wconf 88' lang='lat' dir='ltr'><strong>Et</strong></span> 
     </span>
    </p>
   </div>
   <div class='ocr_carea' id='block_1_90' title="bbox 1913 3012 3503 3088">
    <p class='ocr_par' dir='ltr' id='par_1_90' title="bbox 1913 3012 3503 3088">
     <span class='ocr_line' id='line_1_90' title="bbox 1913 3012 3503 3088; baseline 0.008 -23"><span class='ocrx_word' id='word_1_706' title='bbox 1913 3017 2090 3067; x_wconf 84' lang='lat' dir='ltr'><strong>tamen</strong></span> <span class='ocrx_word' id='word_1_707' title='bbox 2146 3012 2543 3070; x_wconf 79' lang='lat' dir='ltr'><strong>dialecticorum</strong></span> <span class='ocrx_word' id='word_1_708' title='bbox 2599 3017 2753 3087; x_wconf 85' lang='lat' dir='ltr'><strong>quasi</strong></span> <span class='ocrx_word' id='word_1_709' title='bbox 2809 3017 3003 3088; x_wconf 89' lang='lat' dir='ltr'><strong>jaculis</strong></span> <span class='ocrx_word' id='word_1_710' title='bbox 3065 3029 3318 3078; x_wconf 89' lang='lat' dir='ltr'><strong>oneratus</strong></span> <span class='ocrx_word' id='word_1_711' title='bbox 3371 3037 3503 3078; x_wconf 79' lang='lat' dir='ltr'><strong>acu-</strong></span> 
     </span>
    </p>
   </div>
   <div class='ocr_carea' id='block_1_91' title="bbox 1911 3101 3503 3185">
    <p class='ocr_par' dir='ltr' id='par_1_91' title="bbox 1911 3101 3503 3185">
     <span class='ocr_line' id='line_1_91' title="bbox 1911 3101 3503 3185; baseline 0.008 -29"><span class='ocrx_word' id='word_1_712' title='bbox 1911 3101 2001 3169; x_wconf 88' lang='lat' dir='ltr'><strong>tis,</strong></span> <span class='ocrx_word' id='word_1_713' title='bbox 2029 3101 2084 3157; x_wconf 79' lang='lat' dir='ltr'><strong>in</strong></span> <span class='ocrx_word' id='word_1_714' title='bbox 2126 3111 2398 3160; x_wconf 88' lang='lat' dir='ltr'><strong>certamen</strong></span> <span class='ocrx_word' id='word_1_715' title='bbox 2442 3106 2709 3175; x_wconf 83' lang='lat' dir='ltr'><strong>procedis,</strong></span> <span class='ocrx_word' id='word_1_716' title='bbox 2758 3115 2816 3163; x_wconf 92' lang='lat' dir='ltr'><strong>et</strong></span> <span class='ocrx_word' id='word_1_717' title='bbox 2871 3109 3045 3178; x_wconf 85' lang='lat' dir='ltr'><strong>jactas</strong></span> <span class='ocrx_word' id='word_1_718' title='bbox 3101 3109 3376 3179; x_wconf 86' lang='lat' dir='ltr'><strong>plumbeos</strong></span> <span class='ocrx_word' id='word_1_719' title='bbox 3403 3129 3503 3185; x_wconf 84' lang='lat' dir='ltr'><strong>pu-</strong></span> 
     </span>
    </p>
   </div>
   <div class='ocr_carea' id='block_1_92' title="bbox 1909 3193 3502 3270">
    <p class='ocr_par' dir='ltr' id='par_1_92' title="bbox 1909 3193 3502 3270">
     <span class='ocr_line' id='line_1_92' title="bbox 1909 3193 3502 3270; baseline 0.008 -22"><span class='ocrx_word' id='word_1_720' title='bbox 1909 3193 2115 3266; x_wconf 84' lang='lat' dir='ltr'><strong>giones,</strong></span> <span class='ocrx_word' id='word_1_721' title='bbox 2147 3196 2351 3265; x_wconf 80' lang='lat' dir='ltr'><strong>dicens,</strong></span> <span class='ocrx_word' id='word_1_722' title='bbox 2383 3215 2405 3249; x_wconf 82' lang='grc'><em>‹</em></span> <span class='ocrx_word' id='word_1_723' title='bbox 2433 3196 2489 3254; x_wconf 90' lang='lat' dir='ltr'><strong>Si</strong></span> <span class='ocrx_word' id='word_1_724' title='bbox 2532 3199 2670 3254; x_wconf 86' lang='lat' dir='ltr'><strong>mala</strong></span> <span class='ocrx_word' id='word_1_725' title='bbox 2711 3212 2926 3270; x_wconf 89' lang='lat' dir='ltr'><strong>semper</strong></span> <span class='ocrx_word' id='word_1_726' title='bbox 2961 3203 3289 3268; x_wconf 87' lang='lat' dir='ltr'><strong>commixtio,</strong></span> <span class='ocrx_word' id='word_1_727' title='bbox 3320 3203 3502 3261; x_wconf 85' lang='lat' dir='ltr'><strong>defor-</strong></span> 
     </span>
    </p>
   </div>
   <div class='ocr_carea' id='block_1_93' title="bbox 1911 3285 3501 3360">
    <p class='ocr_par' dir='ltr' id='par_1_93' title="bbox 1911 3285 3501 3360">
     <span class='ocr_line' id='line_1_93' title="bbox 1911 3285 3501 3360; baseline 0.007 -20"><span class='ocrx_word' id='word_1_728' title='bbox 1911 3285 2016 3342; x_wconf 87' lang='lat' dir='ltr'><strong>mis</strong></span> <span class='ocrx_word' id='word_1_729' title='bbox 2039 3287 2200 3342; x_wconf 87' lang='lat' dir='ltr'><strong>etiam</strong></span> <span class='ocrx_word' id='word_1_730' title='bbox 2227 3287 2462 3344; x_wconf 87' lang='lat' dir='ltr'><strong>conditio</strong></span> <span class='ocrx_word' id='word_1_731' title='bbox 2493 3303 2783 3360; x_wconf 79' lang='lat' dir='ltr'><strong>corporum</strong></span> <span class='ocrx_word' id='word_1_732' title='bbox 2831 3291 2885 3345; x_wconf 92' lang='lat' dir='ltr'><strong>in</strong></span> <span class='ocrx_word' id='word_1_733' title='bbox 2937 3306 3161 3347; x_wconf 82' lang='lat' dir='ltr'><strong>sexuum</strong></span> <span class='ocrx_word' id='word_1_734' title='bbox 3189 3292 3501 3352; x_wconf 88' lang='lat' dir='ltr'><strong>diversitate</strong></span> 
     </span>
    </p>
   </div>
   <div class='ocr_carea' id='block_1_94' title="bbox 1911 3377 3497 3455">
    <p class='ocr_par' dir='ltr' id='par_1_94' title="bbox 1911 3377 3497 3455">
     <span class='ocr_line' id='line_1_94' title="bbox 1911 3377 3497 3455; baseline 0.006 -25"><span class='ocrx_word' id='word_1_735' title='bbox 1911 3377 2229 3446; x_wconf 90' lang='lat' dir='ltr'><strong>positorum.</strong></span> <span class='ocrx_word' id='word_1_736' title='bbox 2264 3396 2288 3431; x_wconf 72' lang='grc' dir='ltr'><strong>-ι</strong></span> <span class='ocrx_word' id='word_1_737' title='bbox 2322 3377 2432 3434; x_wconf 85' lang='lat' dir='ltr'><strong>Nec</strong></span> <span class='ocrx_word' id='word_1_738' title='bbox 2457 3379 2646 3434; x_wconf 86' lang='lat' dir='ltr'><strong>videns</strong></span> <span class='ocrx_word' id='word_1_739' title='bbox 2672 3395 2832 3450; x_wconf 90' lang='lat' dir='ltr'><strong>quam</strong></span> <span class='ocrx_word' id='word_1_740' title='bbox 2865 3396 2972 3438; x_wconf 85' lang='lat' dir='ltr'><strong>non</strong></span> <span class='ocrx_word' id='word_1_741' title='bbox 3021 3382 3091 3436; x_wconf 89' lang='lat' dir='ltr'><strong>sit</strong></span> <span class='ocrx_word' id='word_1_742' title='bbox 3135 3398 3497 3455; x_wconf 81' lang='lat' dir='ltr'><strong>consequens,</strong></span> 
     </span>
    </p>
   </div>
   <div class='ocr_carea' id='block_1_95' title="bbox 1913 3465 3501 3543">
    <p class='ocr_par' dir='ltr' id='par_1_95' title="bbox 1913 3465 3501 3543">
     <span class='ocr_line' id='line_1_95' title="bbox 1913 3465 3501 3543; baseline 0.004 -21"><span class='ocrx_word' id='word_1_743' title='bbox 1913 3465 2056 3537; x_wconf 91' lang='lat' dir='ltr'><strong>quod</strong></span> <span class='ocrx_word' id='word_1_744' title='bbox 2097 3483 2196 3539; x_wconf 88' lang='lat' dir='ltr'><strong>pro</strong></span> <span class='ocrx_word' id='word_1_745' title='bbox 2220 3479 2536 3539; x_wconf 81' lang='lat' dir='ltr'><strong>argumento</strong></span> <span class='ocrx_word' id='word_1_746' title='bbox 2556 3470 2868 3526; x_wconf 85' lang='lat' dir='ltr'><strong>necessario</strong></span> <span class='ocrx_word' id='word_1_747' title='bbox 2898 3471 3143 3539; x_wconf 82' lang='lat' dir='ltr'><strong>posuisti,</strong></span> <span class='ocrx_word' id='word_1_748' title='bbox 3171 3473 3416 3543; x_wconf 86' lang='lat' dir='ltr'><strong>adjungis</strong></span> <span class='ocrx_word' id='word_1_749' title='bbox 3445 3483 3501 3529; x_wconf 88' lang='lat' dir='ltr'><strong>et</strong></span> 
     </span>
    </p>
   </div>
   <div class='ocr_carea' id='block_1_96' title="bbox 1913 3557 3499 3632">
    <p class='ocr_par' dir='ltr' id='par_1_96' title="bbox 1913 3557 3499 3632">
     <span class='ocr_line' id='line_1_96' title="bbox 1913 3557 3499 3632; baseline 0.003 -20"><span class='ocrx_word' id='word_1_750' title='bbox 1913 3557 2066 3626; x_wconf 89' lang='lat' dir='ltr'><strong>dicis,</strong></span> <span class='ocrx_word' id='word_1_751' title='bbox 2100 3576 2120 3612; x_wconf 74' lang='grc' dir='ltr'>ι</span> <span class='ocrx_word' id='word_1_752' title='bbox 2143 3557 2295 3628; x_wconf 85' lang='lat' dir='ltr'><strong>Quod</strong></span> <span class='ocrx_word' id='word_1_753' title='bbox 2322 3574 2442 3614; x_wconf 91' lang='lat' dir='ltr'><strong>cum</strong></span> <span class='ocrx_word' id='word_1_754' title='bbox 2471 3574 2666 3630; x_wconf 87' lang='lat' dir='ltr'><strong>negare</strong></span> <span class='ocrx_word' id='word_1_755' title='bbox 2686 3559 3009 3629; x_wconf 82' lang='lat' dir='ltr'><strong>nequiveris.</strong></span> <span class='ocrx_word' id='word_1_756' title='bbox 3043 3579 3066 3612; x_wconf 69' lang='grc' dir='ltr'><strong>ι</strong></span> <span class='ocrx_word' id='word_1_757' title='bbox 3090 3559 3228 3627; x_wconf 90' lang='lat' dir='ltr'><strong>Quid</strong></span> <span class='ocrx_word' id='word_1_758' title='bbox 3259 3562 3499 3632; x_wconf 91' lang='lat' dir='ltr'><strong>estquod</strong></span> 
     </span>
    </p>
   </div>
   <div class='ocr_carea' id='block_1_97' title="bbox 1912 3649 3499 3723">
    <p class='ocr_par' dir='ltr' id='par_1_97' title="bbox 1912 3649 3499 3723">
     <span class='ocr_line' id='line_1_97' title="bbox 1912 3649 3499 3723; baseline 0.001 -17"><span class='ocrx_word' id='word_1_759' title='bbox 1912 3664 2122 3721; x_wconf 87' lang='lat' dir='ltr'><strong>nequeo</strong></span> <span class='ocrx_word' id='word_1_760' title='bbox 2163 3665 2380 3723; x_wconf 86' lang='lat' dir='ltr'><strong>negare,</strong></span> <span class='ocrx_word' id='word_1_761' title='bbox 2410 3651 2572 3707; x_wconf 90' lang='lat' dir='ltr'><strong>homo</strong></span> <span class='ocrx_word' id='word_1_762' title='bbox 2612 3649 3189 3720; x_wconf 67' lang='lat' dir='ltr'><strong>inconsiderateiquid</strong></span> <span class='ocrx_word' id='word_1_763' title='bbox 3233 3659 3318 3707; x_wconf 88' lang='lat' dir='ltr'><strong>est</strong></span> <span class='ocrx_word' id='word_1_764' title='bbox 3353 3651 3499 3722; x_wconf 92' lang='lat' dir='ltr'><strong>quod</strong></span> 
     </span>
    </p>
   </div>
   <div class='ocr_carea' id='block_1_98' title="bbox 1913 3739 3502 3813">
    <p class='ocr_par' dir='ltr' id='par_1_98' title="bbox 1913 3739 3502 3813">
     <span class='ocr_line' id='line_1_98' title="bbox 1913 3739 3502 3813; baseline -0.001 -16"><span class='ocrx_word' id='word_1_765' title='bbox 1913 3756 2125 3813; x_wconf 70' lang='grc' dir='ltr'><strong>ηαιιιθο</strong></span> <span class='ocrx_word' id='word_1_766' title='bbox 2153 3742 2384 3813; x_wconf 82' lang='lat' dir='ltr'><strong>negare?</strong></span> <span class='ocrx_word' id='word_1_767' title='bbox 2402 3741 2516 3798; x_wconf 82' lang='lat' dir='ltr'><strong>Hoc</strong></span> <span class='ocrx_word' id='word_1_768' title='bbox 2534 3755 2754 3812; x_wconf 82' lang='lat' dir='ltr'><strong>nempe,</strong></span> <span class='ocrx_word' id='word_1_769' title='bbox 2785 3741 2926 3810; x_wconf 86' lang='lat' dir='ltr'><strong>quod</strong></span> <span class='ocrx_word' id='word_1_770' title='bbox 2956 3750 3013 3795; x_wconf 85' lang='lat' dir='ltr'><strong>tu</strong></span> <span class='ocrx_word' id='word_1_771' title='bbox 3036 3739 3170 3812; x_wconf 87' lang='lat' dir='ltr'><strong>jam,</strong></span> <span class='ocrx_word' id='word_1_772' title='bbox 3197 3741 3242 3796; x_wconf 91' lang='lat' dir='ltr'><strong>si</strong></span> <span class='ocrx_word' id='word_1_773' title='bbox 3265 3742 3350 3797; x_wconf 87' lang='lat' dir='ltr'><strong>vel</strong></span> <span class='ocrx_word' id='word_1_774' title='bbox 3377 3755 3502 3797; x_wconf 90' lang='lat' dir='ltr'><strong>sero</strong></span> 
     </span>
    </p>
   </div>
   <div class='ocr_carea' id='block_1_99' title="bbox 1915 3831 3500 3904">
    <p class='ocr_par' dir='ltr' id='par_1_99' title="bbox 1915 3831 3500 3904">
     <span class='ocr_line' id='line_1_99' title="bbox 1915 3831 3500 3904; baseline -0.001 -16"><span class='ocrx_word' id='word_1_775' title='bbox 1915 3834 2078 3904; x_wconf 89' lang='lat' dir='ltr'><strong>sapis,</strong></span> <span class='ocrx_word' id='word_1_776' title='bbox 2102 3849 2207 3888; x_wconf 94' lang='lat' dir='ltr'><strong>non</strong></span> <span class='ocrx_word' id='word_1_777' title='bbox 2239 3843 2392 3902; x_wconf 86' lang='lat' dir='ltr'><strong>potes</strong></span> <span class='ocrx_word' id='word_1_778' title='bbox 2420 3831 2523 3887; x_wconf 93' lang='lat' dir='ltr'><strong>nisi</strong></span> <span class='ocrx_word' id='word_1_779' title='bbox 2550 3845 2747 3903; x_wconf 82' lang='lat' dir='ltr'><strong>negare</strong></span> <span class='ocrx_word' id='word_1_780' title='bbox 2771 3849 2786 3886; x_wconf 88' lang='lat'><strong>:</strong></span> <span class='ocrx_word' id='word_1_781' title='bbox 2807 3831 2930 3902; x_wconf 88' lang='lat' dir='ltr'><strong>quia</strong></span> <span class='ocrx_word' id='word_1_782' title='bbox 2952 3845 3057 3886; x_wconf 91' lang='lat' dir='ltr'><strong>non</strong></span> <span class='ocrx_word' id='word_1_783' title='bbox 3080 3831 3263 3902; x_wconf 87' lang='lat' dir='ltr'><strong>utique</strong></span> <span class='ocrx_word' id='word_1_784' title='bbox 3291 3831 3338 3888; x_wconf 90' lang='lat' dir='ltr'><strong>si</strong></span> <span class='ocrx_word' id='word_1_785' title='bbox 3362 3831 3500 3887; x_wconf 87' lang='lat' dir='ltr'><strong>mala</strong></span> 
     </span>
    </p>
   </div>
   <div class='ocr_carea' id='block_1_100' title="bbox 1915 3923 3501 3996">
    <p class='ocr_par' dir='ltr' id='par_1_100' title="bbox 1915 3923 3501 3996">
     <span class='ocr_line' id='line_1_100' title="bbox 1915 3923 3501 3996; baseline -0.001 -15"><span class='ocrx_word' id='word_1_786' title='bbox 1915 3934 2000 3982; x_wconf 88' lang='lat' dir='ltr'><strong>est</strong></span> <span class='ocrx_word' id='word_1_787' title='bbox 2043 3925 2352 3980; x_wconf 82' lang='lat' dir='ltr'><strong>commixtio</strong></span> <span class='ocrx_word' id='word_1_788' title='bbox 2397 3923 2786 3991; x_wconf 87' lang='lat' dir='ltr'><strong>adulterorum,</strong></span> <span class='ocrx_word' id='word_1_789' title='bbox 2814 3933 3099 3996; x_wconf 88' lang='lat' dir='ltr'><strong>propterea</strong></span> <span class='ocrx_word' id='word_1_790' title='bbox 3137 3939 3202 3980; x_wconf 86' lang='lat' dir='ltr'><strong>ex</strong></span> <span class='ocrx_word' id='word_1_791' title='bbox 3248 3925 3354 3980; x_wconf 89' lang='lat' dir='ltr'><strong>illis</strong></span> <span class='ocrx_word' id='word_1_792' title='bbox 3402 3940 3501 3980; x_wconf 81' lang='lat' dir='ltr'><strong>na-</strong></span> 
     </span>
    </p>
   </div>
   <div class='ocr_carea' id='block_1_101' title="bbox 1916 4017 3501 4090">
    <p class='ocr_par' dir='ltr' id='par_1_101' title="bbox 1916 4017 3501 4090">
     <span class='ocr_line' id='line_1_101' title="bbox 1916 4017 3501 4090; baseline 0 -16"><span class='ocrx_word' id='word_1_793' title='bbox 1916 4019 2177 4074; x_wconf 90' lang='lat' dir='ltr'><strong>scentium</strong></span> <span class='ocrx_word' id='word_1_794' title='bbox 2203 4017 2436 4074; x_wconf 86' lang='lat' dir='ltr'><strong>conditio</strong></span> <span class='ocrx_word' id='word_1_795' title='bbox 2459 4017 2717 4074; x_wconf 81' lang='lat' dir='ltr'><strong>deformis</strong></span> <span class='ocrx_word' id='word_1_796' title='bbox 2750 4025 2834 4072; x_wconf 86' lang='lat' dir='ltr'><strong>est</strong></span> <span class='ocrx_word' id='word_1_797' title='bbox 2858 4017 3153 4073; x_wconf 91' lang='lat' dir='ltr'><strong>hominum.</strong></span> <span class='ocrx_word' id='word_1_798' title='bbox 3187 4017 3278 4073; x_wconf 87' lang='lat' dir='ltr'><strong>Illa</strong></span> <span class='ocrx_word' id='word_1_799' title='bbox 3306 4020 3501 4090; x_wconf 85' lang='lat' dir='ltr'><strong>quippe</strong></span> 
     </span>
    </p>
   </div>
   <div class='ocr_carea' id='block_1_102' title="bbox 1917 4107 3501 4180">
    <p class='ocr_par' dir='ltr' id='par_1_102' title="bbox 1917 4107 3501 4180">
     <span class='ocr_line' id='line_1_102' title="bbox 1917 4107 3501 4180; baseline 0.003 -16"><span class='ocrx_word' id='word_1_800' title='bbox 1917 4118 2002 4164; x_wconf 89' lang='lat' dir='ltr'><strong>est</strong></span> <span class='ocrx_word' id='word_1_801' title='bbox 2027 4107 2300 4164; x_wconf 88' lang='lat' dir='ltr'><strong>hominum</strong></span> <span class='ocrx_word' id='word_1_802' title='bbox 2319 4109 2457 4164; x_wconf 87' lang='lat' dir='ltr'><strong>male</strong></span> <span class='ocrx_word' id='word_1_803' title='bbox 2470 4109 2802 4180; x_wconf 84' lang='lat' dir='ltr'><strong>operantium</strong></span> <span class='ocrx_word' id='word_1_804' title='bbox 2820 4107 2890 4163; x_wconf 92' lang='lat' dir='ltr'><strong>de</strong></span> <span class='ocrx_word' id='word_1_805' title='bbox 2914 4108 3170 4164; x_wconf 90' lang='lat' dir='ltr'><strong>membris</strong></span> <span class='ocrx_word' id='word_1_806' title='bbox 3186 4109 3341 4165; x_wconf 89' lang='lat' dir='ltr'><strong>bouis</strong></span> <span class='ocrx_word' id='word_1_807' title='bbox 3362 4127 3375 4163; x_wconf 90' lang='lat'><strong>:</strong></span> <span class='ocrx_word' id='word_1_808' title='bbox 3399 4112 3501 4168; x_wconf 85' lang='lat' dir='ltr'><strong>ista</strong></span> 
     </span>
    </p>
   </div>
   <div class='ocr_carea' id='block_1_103' title="bbox 1916 4199 3500 4271">
    <p class='ocr_par' dir='ltr' id='par_1_103' title="bbox 1916 4199 3500 4271">
     <span class='ocr_line' id='line_1_103' title="bbox 1916 4199 3500 4271; baseline 0.003 -17"><span class='ocrx_word' id='word_1_809' title='bbox 1916 4216 2045 4258; x_wconf 85' lang='lat' dir='ltr'><strong>vero</strong></span> <span class='ocrx_word' id='word_1_810' title='bbox 2065 4201 2158 4256; x_wconf 88' lang='lat' dir='ltr'><strong>Dei</strong></span> <span class='ocrx_word' id='word_1_811' title='bbox 2181 4209 2264 4257; x_wconf 92' lang='lat' dir='ltr'><strong>est</strong></span> <span class='ocrx_word' id='word_1_812' title='bbox 2278 4202 2415 4257; x_wconf 89' lang='lat' dir='ltr'><strong>bene</strong></span> <span class='ocrx_word' id='word_1_813' title='bbox 2439 4201 2712 4271; x_wconf 82' lang='lat' dir='ltr'><strong>cperantis</strong></span> <span class='ocrx_word' id='word_1_814' title='bbox 2733 4200 2800 4257; x_wconf 92' lang='lat' dir='ltr'><strong>de</strong></span> <span class='ocrx_word' id='word_1_815' title='bbox 2819 4199 3126 4257; x_wconf 88' lang='lat' dir='ltr'><strong>hominibus</strong></span> <span class='ocrx_word' id='word_1_816' title='bbox 3149 4202 3322 4257; x_wconf 88' lang='lat' dir='ltr'><strong>malis.</strong></span> <span class='ocrx_word' id='word_1_817' title='bbox 3346 4201 3500 4270; x_wconf 92' lang='lat' dir='ltr'><strong>Quod</strong></span> 
     </span>
    </p>
   </div>
   <div class='ocr_carea' id='block_1_104' title="bbox 1919 4293 3502 4366">
    <p class='ocr_par' dir='ltr' id='par_1_104' title="bbox 1919 4293 3502 4366">
     <span class='ocr_line' id='line_1_104' title="bbox 1919 4293 3502 4366; baseline 0.002 -17"><span class='ocrx_word' id='word_1_818' title='bbox 1919 4293 1964 4349; x_wconf 89' lang='lat' dir='ltr'><strong>si</strong></span> <span class='ocrx_word' id='word_1_819' title='bbox 1991 4294 2214 4362; x_wconf 89' lang='lat' dir='ltr'><strong>dixeris,</strong></span> <span class='ocrx_word' id='word_1_820' title='bbox 2243 4294 2414 4349; x_wconf 89' lang='lat' dir='ltr'><strong>Etiam</strong></span> <span class='ocrx_word' id='word_1_821' title='bbox 2443 4309 2565 4350; x_wconf 92' lang='lat' dir='ltr'><strong>cum</strong></span> <span class='ocrx_word' id='word_1_822' title='bbox 2595 4294 2656 4348; x_wconf 84' lang='lat' dir='ltr'><strong>lit</strong></span> <span class='ocrx_word' id='word_1_823' title='bbox 2679 4293 3026 4361; x_wconf 88' lang='lat' dir='ltr'><strong>adulterium,</strong></span> <span class='ocrx_word' id='word_1_824' title='bbox 3045 4293 3182 4350; x_wconf 91' lang='lat' dir='ltr'><strong>bona</strong></span> <span class='ocrx_word' id='word_1_825' title='bbox 3211 4303 3294 4350; x_wconf 89' lang='lat' dir='ltr'><strong>est</strong></span> <span class='ocrx_word' id='word_1_826' title='bbox 3318 4311 3414 4366; x_wconf 85' lang='lat' dir='ltr'><strong>per</strong></span> <span class='ocrx_word' id='word_1_827' title='bbox 3443 4311 3502 4352; x_wconf 86' lang='lat' dir='ltr'><strong>se</strong></span> 
     </span>
    </p>
   </div>
   <div class='ocr_carea' id='block_1_105' title="bbox 1919 4383 3504 4455">
    <p class='ocr_par' dir='ltr' id='par_1_105' title="bbox 1919 4383 3504 4455">
     <span class='ocr_line' id='line_1_105' title="bbox 1919 4383 3504 4455; baseline 0 -15"><span class='ocrx_word' id='word_1_828' title='bbox 1919 4383 2032 4454; x_wconf 90' lang='lat' dir='ltr'><strong>ipsa</strong></span> <span class='ocrx_word' id='word_1_829' title='bbox 2062 4385 2394 4453; x_wconf 87' lang='lat' dir='ltr'><strong>commixtio,</strong></span> <span class='ocrx_word' id='word_1_830' title='bbox 2421 4385 2542 4455; x_wconf 85' lang='lat' dir='ltr'><strong>quia</strong></span> <span class='ocrx_word' id='word_1_831' title='bbox 2570 4385 2826 4440; x_wconf 83' lang='lat' dir='ltr'><strong>naturalis</strong></span> <span class='ocrx_word' id='word_1_832' title='bbox 2851 4392 2954 4451; x_wconf 88' lang='lat' dir='ltr'><strong>est,</strong></span> <span class='ocrx_word' id='word_1_833' title='bbox 2976 4385 3068 4440; x_wconf 87' lang='lat' dir='ltr'><strong>sed</strong></span> <span class='ocrx_word' id='word_1_834' title='bbox 3093 4399 3156 4440; x_wconf 88' lang='lat' dir='ltr'><strong>ea</strong></span> <span class='ocrx_word' id='word_1_835' title='bbox 3181 4385 3320 4441; x_wconf 88' lang='lat' dir='ltr'><strong>male</strong></span> <span class='ocrx_word' id='word_1_836' title='bbox 3347 4394 3504 4441; x_wconf 86' lang='lat' dir='ltr'><strong>utun-</strong></span> 
     </span>
    </p>
   </div>
   <div class='ocr_carea' id='block_1_106' title="bbox 1920 4475 3495 4548">
    <p class='ocr_par' dir='ltr' id='par_1_106' title="bbox 1920 4475 3495 4548">
     <span class='ocr_line' id='line_1_106' title="bbox 1920 4475 3495 4548; baseline 0.003 -18"><span class='ocrx_word' id='word_1_837' title='bbox 1920 4483 2008 4531; x_wconf 91' lang='lat' dir='ltr'><strong>tur</strong></span> <span class='ocrx_word' id='word_1_838' title='bbox 2034 4475 2296 4540; x_wconf 89' lang='lat' dir='ltr'><strong>adulteri;</strong></span> <span class='ocrx_word' id='word_1_839' title='bbox 2324 4491 2422 4532; x_wconf 92' lang='lat' dir='ltr'><strong>cur</strong></span> <span class='ocrx_word' id='word_1_840' title='bbox 2447 4493 2552 4531; x_wconf 92' lang='lat' dir='ltr'><strong>non</strong></span> <span class='ocrx_word' id='word_1_841' title='bbox 2579 4477 2662 4532; x_wconf 86' lang='lat' dir='ltr'><strong>vis</strong></span> <span class='ocrx_word' id='word_1_842' title='bbox 2688 4478 3062 4547; x_wconf 88' lang='lat' dir='ltr'><strong>acquiescere,</strong></span> <span class='ocrx_word' id='word_1_843' title='bbox 3091 4477 3160 4531; x_wconf 91' lang='lat' dir='ltr'><strong>ita</strong></span> <span class='ocrx_word' id='word_1_844' title='bbox 3187 4492 3344 4548; x_wconf 90' lang='lat' dir='ltr'><strong>posse</strong></span> <span class='ocrx_word' id='word_1_845' title='bbox 3375 4494 3495 4535; x_wconf 89' lang='lat' dir='ltr'><strong>esse</strong></span> 
     </span>
    </p>
   </div>
   <div class='ocr_carea' id='block_1_107' title="bbox 1921 4566 3503 4640">
    <p class='ocr_par' dir='ltr' id='par_1_107' title="bbox 1921 4566 3503 4640">
     <span class='ocr_line' id='line_1_107' title="bbox 1921 4566 3503 4640; baseline 0.004 -20"><span class='ocrx_word' id='word_1_846' title='bbox 1921 4566 2194 4620; x_wconf 90' lang='lat' dir='ltr'><strong>libidinem</strong></span> <span class='ocrx_word' id='word_1_847' title='bbox 2236 4567 2450 4629; x_wconf 84' lang='lat' dir='ltr'><strong>malam,</strong></span> <span class='ocrx_word' id='word_1_848' title='bbox 2479 4582 2580 4638; x_wconf 84' lang='lat' dir='ltr'><strong>qua</strong></span> <span class='ocrx_word' id='word_1_849' title='bbox 2611 4576 2787 4623; x_wconf 88' lang='lat' dir='ltr'><strong>tamen</strong></span> <span class='ocrx_word' id='word_1_850' title='bbox 2832 4568 2968 4622; x_wconf 87' lang='lat' dir='ltr'><strong>bene</strong></span> <span class='ocrx_word' id='word_1_851' title='bbox 3009 4577 3226 4623; x_wconf 89' lang='lat' dir='ltr'><strong>utantur</strong></span> <span class='ocrx_word' id='word_1_852' title='bbox 3251 4569 3503 4640; x_wconf 78' lang='lat' dir='ltr'><strong>gignendi</strong></span> 
     </span>
    </p>
   </div>
   <div class='ocr_carea' id='block_1_108' title="bbox 1920 4656 3497 4728">
    <p class='ocr_par' dir='ltr' id='par_1_108' title="bbox 1920 4656 3497 4728">
     <span class='ocr_line' id='line_1_108' title="bbox 1920 4656 3497 4728; baseline 0.002 -16"><span class='ocrx_word' id='word_1_853' title='bbox 1920 4657 2090 4728; x_wconf 80' lang='lat' dir='ltr'><strong>gratia</strong></span> <span class='ocrx_word' id='word_1_854' title='bbox 2106 4656 2410 4727; x_wconf 76' lang='lat' dir='ltr'><strong>coniugati?</strong></span> <span class='ocrx_word' id='word_1_855' title='bbox 2429 4657 2511 4711; x_wconf 84' lang='lat' dir='ltr'><strong>An</strong></span> <span class='ocrx_word' id='word_1_856' title='bbox 2538 4665 2712 4726; x_wconf 87' lang='lat' dir='ltr'><strong>potest</strong></span> <span class='ocrx_word' id='word_1_857' title='bbox 2728 4657 2985 4712; x_wconf 88' lang='lat' dir='ltr'><strong>bonorum</strong></span> <span class='ocrx_word' id='word_1_858' title='bbox 3011 4672 3130 4714; x_wconf 84' lang='lat' dir='ltr'><strong>esse</strong></span> <span class='ocrx_word' id='word_1_859' title='bbox 3151 4670 3281 4722; x_wconf 77' lang='lat' dir='ltr'><strong>usus</strong></span> <span class='ocrx_word' id='word_1_860' title='bbox 3301 4659 3497 4724; x_wconf 90' lang='lat' dir='ltr'><strong>malus,</strong></span> 
     </span>
    </p>
   </div>
   <div class='ocr_carea' id='block_1_109' title="bbox 1923 4747 3504 4820">
    <p class='ocr_par' dir='ltr' id='par_1_109' title="bbox 1923 4747 3504 4820">
     <span class='ocr_line' id='line_1_109' title="bbox 1923 4747 3504 4820; baseline 0.001 -16"><span class='ocrx_word' id='word_1_861' title='bbox 1923 4756 1977 4804; x_wconf 93' lang='lat' dir='ltr'><strong>et</strong></span> <span class='ocrx_word' id='word_1_862' title='bbox 2003 4763 2108 4803; x_wconf 92' lang='lat' dir='ltr'><strong>non</strong></span> <span class='ocrx_word' id='word_1_863' title='bbox 2143 4755 2320 4818; x_wconf 90' lang='lat' dir='ltr'><strong>potest</strong></span> <span class='ocrx_word' id='word_1_864' title='bbox 2354 4748 2616 4803; x_wconf 91' lang='lat' dir='ltr'><strong>malorum</strong></span> <span class='ocrx_word' id='word_1_865' title='bbox 2644 4747 2853 4804; x_wconf 85' lang='lat' dir='ltr'><strong>bonus?</strong></span> <span class='ocrx_word' id='word_1_866' title='bbox 2879 4763 3002 4804; x_wconf 89' lang='lat' dir='ltr'><strong>cum</strong></span> <span class='ocrx_word' id='word_1_867' title='bbox 3029 4748 3359 4804; x_wconf 77' lang='lat' dir='ltr'><strong>inveniamus</strong></span> <span class='ocrx_word' id='word_1_868' title='bbox 3387 4750 3504 4820; x_wconf 45' lang='lat' dir='ltr'><strong>ipso</strong></span> 
     </span>
    </p>
   </div>
   <div class='ocr_carea' id='block_1_110' title="bbox 1923 4838 3498 4911">
    <p class='ocr_par' dir='ltr' id='par_1_110' title="bbox 1923 4838 3498 4911">
     <span class='ocr_line' id='line_1_110' title="bbox 1923 4838 3498 4911; baseline -0.001 -15"><span class='ocrx_word' id='word_1_869' title='bbox 1923 4851 2109 4896; x_wconf 89' lang='lat' dir='ltr'><strong>satana</strong></span> <span class='ocrx_word' id='word_1_870' title='bbox 2136 4856 2294 4911; x_wconf 89' lang='lat' dir='ltr'><strong>quam</strong></span> <span class='ocrx_word' id='word_1_871' title='bbox 2331 4839 2467 4896; x_wconf 91' lang='lat' dir='ltr'><strong>bene</strong></span> <span class='ocrx_word' id='word_1_872' title='bbox 2501 4854 2630 4896; x_wconf 88' lang='lat' dir='ltr'><strong>usus</strong></span> <span class='ocrx_word' id='word_1_873' title='bbox 2677 4838 2838 4895; x_wconf 86' lang='lat' dir='ltr'><strong>fuerit</strong></span> <span class='ocrx_word' id='word_1_874' title='bbox 2879 4839 3188 4910; x_wconf 85' lang='lat' dir='ltr'><strong>Apostolus,</strong></span> <span class='ocrx_word' id='word_1_875' title='bbox 3214 4840 3429 4896; x_wconf 91' lang='lat' dir='ltr'><strong>tradens</strong></span> <span class='ocrx_word' id='word_1_876' title='bbox 3450 4841 3498 4895; x_wconf 93' lang='lat' dir='ltr'><strong>ei</strong></span> 
     </span>
    </p>
   </div>
   <div class='ocr_carea' id='block_1_111' title="bbox 1925 4931 3503 5001">
    <p class='ocr_par' dir='ltr' id='par_1_111' title="bbox 1925 4931 3503 5001">
     <span class='ocr_line' id='line_1_111' title="bbox 1925 4931 3503 5001; baseline -0.002 -11"><span class='ocrx_word' id='word_1_877' title='bbox 1925 4934 2195 4990; x_wconf 91' lang='lat' dir='ltr'><strong>hominem</strong></span> <span class='ocrx_word' id='word_1_878' title='bbox 2225 4933 2277 4988; x_wconf 92' lang='lat' dir='ltr'><strong>in</strong></span> <span class='ocrx_word' id='word_1_879' title='bbox 2304 4931 2573 4986; x_wconf 91' lang='lat' dir='ltr'><strong>interitum</strong></span> <span class='ocrx_word' id='word_1_880' title='bbox 2603 4931 2780 4987; x_wconf 91' lang='lat' dir='ltr'><strong>carnis</strong></span> <span class='ocrx_word' id='word_1_881' title='bbox 2807 4939 2864 4986; x_wconf 91' lang='lat' dir='ltr'><strong>ut</strong></span> <span class='ocrx_word' id='word_1_882' title='bbox 2891 4931 3112 5001; x_wconf 84' lang='lat' dir='ltr'><strong>spiritus</strong></span> <span class='ocrx_word' id='word_1_883' title='bbox 3150 4931 3330 4987; x_wconf 85' lang='lat' dir='ltr'><strong>salvus</strong></span> <span class='ocrx_word' id='word_1_884' title='bbox 3357 4939 3503 4987; x_wconf 74' lang='lat' dir='ltr'><strong>esset</strong></span> 
     </span>
    </p>
   </div>
   <div class='ocr_carea' id='block_1_112' title="bbox 1925 5021 3505 5095">
    <p class='ocr_par' dir='ltr' id='par_1_112' title="bbox 1925 5021 3505 5095">
     <span class='ocr_line' id='line_1_112' title="bbox 1925 5021 3505 5095; baseline -0.002 -14"><span class='ocrx_word' id='word_1_885' title='bbox 1925 5026 1978 5082; x_wconf 93' lang='lat' dir='ltr'><strong>in</strong></span> <span class='ocrx_word' id='word_1_886' title='bbox 2003 5024 2091 5080; x_wconf 92' lang='lat' dir='ltr'><strong>die</strong></span> <span class='ocrx_word' id='word_1_887' title='bbox 2117 5023 2327 5079; x_wconf 91' lang='lat' dir='ltr'><strong>Domini</strong></span> <span class='ocrx_word' id='word_1_888' title='bbox 2349 5023 2367 5095; x_wconf 92' lang='lat'><strong>(</strong></span> <span class='ocrx_word' id='word_1_889' title='bbox 2390 5021 2550 5079; x_wconf 85' lang='lat' dir='ltr'><strong>lCor.</strong></span> <span class='ocrx_word' id='word_1_890' title='bbox 2579 5038 2634 5090; x_wconf 88' lang='lat' dir='ltr'><strong>v,</strong></span> <span class='ocrx_word' id='word_1_891' title='bbox 2661 5021 2751 5094; x_wconf 84' lang='lat'><strong>5),</strong></span> <span class='ocrx_word' id='word_1_892' title='bbox 2780 5029 2836 5078; x_wconf 93' lang='lat' dir='ltr'><strong>et</strong></span> <span class='ocrx_word' id='word_1_893' title='bbox 2859 5021 2994 5078; x_wconf 86' lang='lat' dir='ltr'><strong>alios</strong></span> <span class='ocrx_word' id='word_1_894' title='bbox 3019 5030 3078 5078; x_wconf 88' lang='lat' dir='ltr'><strong>ut</strong></span> <span class='ocrx_word' id='word_1_895' title='bbox 3102 5021 3369 5080; x_wconf 87' lang='lat' dir='ltr'><strong>discerent</strong></span> <span class='ocrx_word' id='word_1_896' title='bbox 3397 5038 3505 5079; x_wconf 89' lang='lat' dir='ltr'><strong>non</strong></span> 
     </span>
    </p>
   </div>
   <div class='ocr_carea' id='block_1_113' title="bbox 1925 5112 2737 5186">
    <p class='ocr_par' dir='ltr' id='par_1_113' title="bbox 1925 5112 2737 5186">
     <span class='ocr_line' id='line_1_113' title="bbox 1925 5112 2737 5186; baseline -0.005 -14"><span class='ocrx_word' id='word_1_897' title='bbox 1925 5115 2296 5186; x_wconf 87' lang='lat' dir='ltr'><strong>blasphemare</strong></span> <span class='ocrx_word' id='word_1_898' title='bbox 2319 5114 2361 5186; x_wconf 94' lang='lat' dir='ltr'><strong>(I</strong></span> <span class='ocrx_word' id='word_1_899' title='bbox 2392 5113 2524 5170; x_wconf 87' lang='lat' dir='ltr'><strong>Tim.</strong></span> <span class='ocrx_word' id='word_1_900' title='bbox 2551 5128 2591 5182; x_wconf 83' lang='grc' dir='ltr'><strong>ι,</strong></span> <span class='ocrx_word' id='word_1_901' title='bbox 2619 5112 2737 5186; x_wconf 71' lang='lat'><strong>20).</strong></span> 
     </span>
    </p>
   </div>
   <div class='ocr_carea' id='block_1_114' title="bbox 1997 5224 3506 5300">
    <p class='ocr_par' dir='ltr' id='par_1_114' title="bbox 1997 5224 3506 5300">
     <span class='ocr_line' id='line_1_114' title="bbox 1997 5224 3506 5300; baseline -0.004 -12"><span class='ocrx_word' id='word_1_902' title='bbox 1997 5224 2223 5288; x_wconf 81' lang='lat' dir='ltr'><strong>CAPUT</strong></span> <span class='ocrx_word' id='word_1_903' title='bbox 2239 5228 2383 5286; x_wconf 76' lang='lat' dir='ltr'><strong>‘Vlll.</strong></span> <span class='ocrx_word' id='word_1_904' title='bbox 2401 5258 2475 5271; x_wconf 91' lang='lat'>—</span> <span class='ocrx_word' id='word_1_905' title='bbox 2498 5229 2583 5285; x_wconf 85' lang='lat' dir='ltr'><strong>l7.</strong></span> <span class='ocrx_word' id='word_1_906' title='bbox 2601 5227 2752 5296; x_wconf 84' lang='lat' dir='ltr'><strong>Quod</strong></span> <span class='ocrx_word' id='word_1_907' title='bbox 2773 5243 2904 5285; x_wconf 81' lang='lat' dir='ltr'><strong>veto</strong></span> <span class='ocrx_word' id='word_1_908' title='bbox 2925 5226 3258 5300; x_wconf 68' lang='lat' dir='ltr'><strong>su‘peraddis,</strong></span> <span class='ocrx_word' id='word_1_909' title='bbox 3282 5236 3334 5284; x_wconf 85' lang='lat' dir='ltr'><strong>ct</strong></span> <span class='ocrx_word' id='word_1_910' title='bbox 3354 5227 3506 5295; x_wconf 90' lang='lat' dir='ltr'><strong>dicis,</strong></span> 
     </span>
    </p>
   </div>
   <div class='ocr_carea' id='block_1_115' title="bbox 1933 5319 3502 5390">
    <p class='ocr_par' dir='ltr' id='par_1_115' title="bbox 1933 5319 3502 5390">
     <span class='ocr_line' id='line_1_115' title="bbox 1933 5319 3502 5390; baseline -0.004 -12"><span class='ocrx_word' id='word_1_911' title='bbox 1933 5341 1952 5378; x_wconf 76' lang='grc' dir='ltr'>ι</span> <span class='ocrx_word' id='word_1_912' title='bbox 1987 5323 2085 5380; x_wconf 79' lang='lat' dir='ltr'><strong>Rei</strong></span> <span class='ocrx_word' id='word_1_913' title='bbox 2127 5329 2304 5378; x_wconf 88' lang='lat' dir='ltr'><strong>autem</strong></span> <span class='ocrx_word' id='word_1_914' title='bbox 2345 5319 2501 5377; x_wconf 68' lang='lat' dir='ltr'><strong>malae</strong></span> <span class='ocrx_word' id='word_1_915' title='bbox 2541 5320 2682 5378; x_wconf 91' lang='lat' dir='ltr'><strong>Deus</strong></span> <span class='ocrx_word' id='word_1_916' title='bbox 2718 5326 2906 5376; x_wconf 85' lang='lat' dir='ltr'><strong>auctor</strong></span> <span class='ocrx_word' id='word_1_917' title='bbox 2937 5333 3190 5376; x_wconf 73' lang='lat' dir='ltr'><strong>esse-non</strong></span> <span class='ocrx_word' id='word_1_918' title='bbox 3233 5325 3444 5390; x_wconf 85' lang='lat' dir='ltr'><strong>potest;</strong></span> <span class='ocrx_word' id='word_1_919' title='bbox 3481 5335 3502 5370; x_wconf 70' lang='grc' dir='ltr'><strong><em>ι</em></strong></span> 
     </span>
    </p>
   </div>
   <div class='ocr_carea' id='block_1_116' title="bbox 1991 5499 2686 5568">
    <p class='ocr_par' dir='ltr' id='par_1_116' title="bbox 1991 5499 2686 5568">
     <span class='ocr_line' id='line_1_116' title="bbox 1991 5499 2686 5568; baseline 0 -18"><span class='ocrx_word' id='word_1_920' title='bbox 1991 5501 2010 5568; x_wconf 63' lang='grc' dir='ltr'><strong><em>ξ</em></strong></span> <span class='ocrx_word' id='word_1_921' title='bbox 2046 5500 2176 5568; x_wconf 78' lang='lat' dir='ltr'><strong>Apud</strong></span> <span class='ocrx_word' id='word_1_922' title='bbox 2197 5508 2329 5561; x_wconf 83' lang='lat' dir='ltr'><strong>Lor.,</strong></span> <span class='ocrx_word' id='word_1_923' title='bbox 2353 5506 2406 5553; x_wconf 84' lang='lat' dir='ltr'><strong>ut</strong></span> <span class='ocrx_word' id='word_1_924' title='bbox 2427 5499 2561 5568; x_wconf 84' lang='lat' dir='ltr'><strong>prior</strong></span> <span class='ocrx_word' id='word_1_925' title='bbox 2579 5499 2686 5553; x_wconf 71' lang='lat' dir='ltr'><strong>iste.</strong></span> 
     </span>
    </p>
   </div>
   <div class='ocr_carea' id='block_1_117' title="bbox 1989 5565 3456 5630">
    <p class='ocr_par' dir='ltr' id='par_1_117' title="bbox 1989 5565 3456 5630">
     <span class='ocr_line' id='line_1_117' title="bbox 1989 5565 3456 5630; baseline 0.012 -18"><span class='ocrx_word' id='word_1_926' title='bbox 1989 5565 2012 5630; x_wconf 70' lang='grc' dir='ltr'><strong>ξ</strong></span> <span class='ocrx_word' id='word_1_927' title='bbox 2043 5565 2180 5624; x_wconf 67' lang='lat' dir='ltr'><strong>aliti,</strong></span> <span class='ocrx_word' id='word_1_928' title='bbox 2201 5565 2642 5630; x_wconf 67' lang='lat' dir='ltr'><strong>causam.&#39;at_uss-.</strong></span> <span class='ocrx_word' id='word_1_929' title='bbox 2667 5573 2832 5630; x_wconf 64' lang='grc' dir='ltr'><strong>εαυὲσ·</strong></span> <span class='ocrx_word' id='word_1_930' title='bbox 2919 5619 2936 5630; x_wconf 88' lang='grc'>.</span> <span class='ocrx_word' id='word_1_931' title='bbox 3239 5617 3252 5630; x_wconf 95' lang='grc'><em>.</em></span> <span class='ocrx_word' id='word_1_932' title='bbox 3314 5616 3326 5630; x_wconf 89' lang='grc'><strong>.</strong></span> 
     </span>
    </p>
   </div>
   <div class='ocr_carea' id='block_1_118' title="bbox 1991 5612 3520 5692">
    <p class='ocr_par' dir='ltr' id='par_1_118' title="bbox 1991 5612 3520 5692">
     <span class='ocr_line' id='line_1_118' title="bbox 1991 5612 3520 5692; baseline -0.004 -18"><span class='ocrx_word' id='word_1_933' title='bbox 1991 5625 2023 5692; x_wconf 44' lang='grc'><strong>³,</strong></span> <span class='ocrx_word' id='word_1_934' title='bbox 2047 5612 2310 5692; x_wconf 48' lang='lat' dir='ltr'><strong>astringe;</strong></span> <span class='ocrx_word' id='word_1_935' title='bbox 2333 5612 2451 5692; x_wconf 60' lang='lat' dir='ltr'><strong>ven.</strong></span> <span class='ocrx_word' id='word_1_936' title='bbox 2475 5612 2546 5675; x_wconf 84' lang='lat' dir='ltr'><strong>sic</strong></span> <span class='ocrx_word' id='word_1_937' title='bbox 2559 5612 2741 5692; x_wconf 62' lang='lat' dir='ltr'><strong>legunt</strong></span> <span class='ocrx_word' id='word_1_938' title='bbox 2761 5612 2889 5692; x_wconf 76' lang='lat' dir='ltr'><strong>hunc</strong></span> <span class='ocrx_word' id='word_1_939' title='bbox 2919 5619 3080 5692; x_wconf 69' lang='lat' dir='ltr'><strong>locum</strong></span> <span class='ocrx_word' id='word_1_940' title='bbox 3103 5632 3116 5669; x_wconf 88' lang='lat'>:</span> <span class='ocrx_word' id='word_1_941' title='bbox 3160 5612 3520 5692; x_wconf 47' lang='grc' dir='ltr'><strong>νῇίίεήεέὶϋιιρ</strong></span> 
     </span>
    </p>
   </div>
   <div class='ocr_carea' id='block_1_119' title="bbox 1925 5678 3513 5800">
    <p class='ocr_par' dir='ltr' id='par_1_119' title="bbox 1925 5678 3513 5800">
     <span class='ocr_line' id='line_1_119' title="bbox 1925 5678 3513 5800; baseline -0.001 -64"><span class='ocrx_word' id='word_1_942' title='bbox 1925 5678 2302 5800; x_wconf 49' lang='grc' dir='ltr'><strong>ῧῗῗιερνϋξέαά</strong></span> <span class='ocrx_word' id='word_1_943' title='bbox 2327 5684 2415 5738; x_wconf 85' lang='lat' dir='ltr'><strong>hoc</strong></span> <span class='ocrx_word' id='word_1_944' title='bbox 2431 5693 2478 5740; x_wconf 86' lang='lat' dir='ltr'><strong>te</strong></span> <span class='ocrx_word' id='word_1_945' title='bbox 2500 5685 2585 5738; x_wconf 79' lang='lat' dir='ltr'><strong>uti.</strong></span> <span class='ocrx_word' id='word_1_946' title='bbox 2610 5678 2740 5736; x_wconf 59' lang='lat' dir='ltr'><strong>iam:</strong></span> <span class='ocrx_word' id='word_1_947' title='bbox 2771 5683 2958 5736; x_wconf 69' lang='lat' dir='ltr'><strong>Videris</strong></span> <span class='ocrx_word' id='word_1_948' title='bbox 2980 5680 3109 5734; x_wconf 75' lang='lat' dir='ltr'><strong>illius</strong></span> <span class='ocrx_word' id='word_1_949' title='bbox 3129 5681 3250 5734; x_wconf 77' lang='lat' dir='ltr'><strong>artis</strong></span> <span class='ocrx_word' id='word_1_950' title='bbox 3269 5679 3425 5734; x_wconf 65' lang='lat' dir='ltr'><strong>verbis</strong></span> <span class='ocrx_word' id='word_1_951' title='bbox 3447 5678 3513 5735; x_wconf 77' lang='lat' dir='ltr'><strong>ad</strong></span> 
     </span>
    </p>
   </div>
   <div class='ocr_carea' id='block_1_120' title="bbox 2031 5753 2241 5796">
    <p class='ocr_par' dir='ltr' id='par_1_120' title="bbox 2031 5753 2241 5796">
     <span class='ocr_line' id='line_1_120' title="bbox 2031 5753 2241 5796; baseline -0.024 0"><span class='ocrx_word' id='word_1_952' title='bbox 2031 5753 2118 5796; x_wconf 65' lang='lat' dir='ltr'><strong>MI-</strong></span> <span class='ocrx_word' id='word_1_953' title='bbox 2178 5753 2241 5783; x_wconf 57' lang='lat' dir='ltr'><strong>ﬂ.</strong></span> 
     </span>
    </p>
   </div>
  </div>
