3984 6516
510 325 610 384 τιι
1252 319 1524 379 CONTRA
1563 318 1904 377 IULIANUM
1941 314 2404 386 PBLAGIANUM,
2444 315 2503 372 S.
2537 317 2905 377 AUGUSTI.“

507 438 776 515 Quomodo
798 437 850 496 id
870 435 1068 492 dicis?‘
1091 433 1275 489 Melius
1294 435 1436 489 enim
1465 434 1606 503 loqui
1631 434 1778 487 novit
1798 433 1911 502 ipse
1931 444 2092 502 quam

512 545 604 600 tu,
632 533 722 604 qui
768 545 863 600 per
904 526 1217 598 prophetam
1261 524 1425 590 dicit,
1458 539 1642 579 creare
1671 539 1730 578 se
1754 523 1888 576 mala
1932 520 2090 591 (Isai.

511 642 638 689 ην,
664 624 754 692 7).
785 619 986 676 Deinde
1014 617 1414 689 quomodolibct
1447 631 1567 671 sese
1608 614 1802 669 habeat
1847 615 1959 667 lucc
1999 626 2092 665 su-

511 713 807 785 peradditio
838 721 925 765 tua
947 750 964 778 ,
1004 709 1133 780 quid
1161 709 1226 764 ad
1257 722 1340 764 me
1371 709 1601 778 pertinet
1624 745 1641 773 ,
1669 721 1790 760 cum
1835 703 1963 759 illud
2007 701 2092 758 cui

506 804 842 859 connectitur
864 816 973 857 non
1002 800 1398 866 concesserim;
1429 814 1495 854 eo
1520 797 1661 869 quod
1695 798 2090 865 inconsequens

506 910 627 950 esse
667 892 1109 957 monstraverim,
1143 901 1197 946 ut
1239 890 1498 947 deformis
1526 891 1596 944 sit
1632 887 1869 944 conditio
1895 900 2092 955 corpo-

505 1001 656 1053 rum,
687 982 897 1040 etiamsi
935 997 1149 1038 omnem
1197 981 1632 1036 commixtionem
1675 992 1960 1048 corporum
2008 976 2092 1030 vel

505 1081 782 1148 utriusque
822 1090 982 1132 sexus
1020 1075 1215 1129 malam
1249 1088 1369 1128 esse
1409 1069 1804 1128 concederent?
1843 1068 1913 1126 Ut
1947 1067 2091 1124 enim

504 1169 865 1226 concedamus
893 1169 1060 1223 Deum
1083 1165 1278 1230 nullius
1297 1181 1419 1221 esse
1440 1175 1712 1221 auctorem
1740 1163 1864 1218 mali
1891 1181 1904 1218 :
1938 1178 2093 1217 num-

505 1261 631 1331 quid
661 1262 778 1318 idco
806 1277 910 1316 non
938 1269 1022 1316 est
1048 1267 1234 1314 auctor
1255 1257 1576 1314 conditionis
1595 1271 1904 1327 corporum,
1929 1269 2089 1325 quam

506 1356 652 1411 nullo
681 1354 840 1410 modo
867 1355 1059 1408 malam
1087 1368 1205 1408 esse
1234 1351 1480 1408 concessi
1504 1368 1518 1416 ;
1549 1351 1673 1420 quia
1697 1349 1864 1405 "nulla
1901 1363 1986 1403 me
2022 1347 2088 1402 ad

505 1445 608 1501 hoc
636 1447 880 1516 superius
904 1458 1156 1499 concessa
1193 1443 1492 1514 cogebant?
1536 1442 1709 1496 Inanis
1748 1454 1876 1511 ergo
1923 1449 1978 1494 et
2016 1439 2093 1493 ri-

504 1537 676 1592 denda
709 1548 793 1592 tua
823 1536 1081 1591 remansit
1110 1536 1272 1590 illatio
1303 1574 1319 1601 ,
1358 1550 1462 1606 qua
1503 1533 1778 1590 concludis
1817 1541 1873 1587 et
1913 1531 2084 1596 dicis,

511 1649 530 1683 ι
560 1630 749 1684 Omnia
791 1630 948 1701 igitur
992 1643 1216 1698 corpora
1259 1628 1401 1683 malo
1442 1635 1756 1698 repulantur
1797 1623 2025 1680 auctori.
2062 1638 2083 1674 ι

502 1721 666 1776 Multo
705 1721 847 1780 enim
869 1721 1051 1777 verius
1095 1721 1165 1775 ita
1209 1721 1577 1786 concluditur,
1609 1728 1668 1774 ut
1703 1718 1946 1774 dicamus
1978 1732 1993 1770 :
2025 1713 2088 1770 Si

502 1827 604 1868 nec
641 1813 779 1881 mala
819 1811 1128 1896 commiptio
1168 1811 1531 1867 adulterorum
1563 1812 1686 1866 facit
1726 1825 1846 1866 esse
1891 1809 2088 1864 malam

501 1905 860 1959 conditionem
881 1918 1196 1972 corporum;
1224 1912 1317 1958 aut
1339 1903 1385 1958 si
1410 1903 1550 1959 bona
1567 1912 1649 1958 est
1669 1913 1725 1960 et
1754 1903 1805 1957 in
1829 1900 2089 1956 adulteris

503 1976 663 2050 sexus
683 1995 960 2064 utriusque
980 1994 1310 2060 commixtio,
1329 1994 1422 2050 sed
1444 2009 1507 2050 ea
1529 1995 1653 2049 tnali
1678 2003 1898 2048 utuntur
1923 1993 2084 2058 male,

501 2086 752 2157 quoniam
779 2086 946 2142 multo
979 2086 1147 2156 magis
1181 2101 1248 2140 ex
1294 2085 1398 2140 hoc
1436 2101 1542 2140 non
1583 2093 1761 2156 potest
1799 2098 2084 2154 corporum

503 2177 642 2232 mala
669 2192 788 2233 esse
813 2177 1077 2244 conditio;
1109 2185 1253 2233 recte
1295 2177 1454 2248 igitur
1496 2191 1726 2248 corpora
1766 2176 1878 2231 Deo
1920 2188 2084 2245 repu-

503 2278 683 2328 tantur
711 2269 935 2325 auctori.
967 2269 1121 2324 Nulla
1147 2279 1226 2325 est
1252 2270 1431 2340 itaque
1454 2269 1628 2336 fovea,
1652 2283 1811 2340 quam
1838 2277 2084 2324 metuens

500 2361 653 2431 quasi
696 2368 935 2416 revertar
972 2360 1026 2414 in
1063 2360 1238 2426 viam,
1267 2375 1373 2430 quo
1399 2360 1600 2417 videris
1639 2375 1727 2416 me
1754 2360 1890 2416 velle
1925 2373 2083 2415 revo-

501 2465 647 2507 care.
677 2452 771 2508 Dic
791 2462 968 2508 tamen
993 2467 1236 2522 quamam
1265 2453 1354 2508 illa
1378 2452 1464 2508 via
1487 2453 1577 2521 sit,
1605 2461 1661 2510 et
1683 2452 1893 2525 explica
1920 2452 2087 2509 ratio-

497 2543 818 2599 cinationem
847 2551 1014 2599 tuam.

568 2633 797 2691 CAPUT
835 2633 927 2690 ιχ.
951 2664 1025 2677 -
1051 2633 1140 2692 l8.
1169 2652 1189 2689 ι
1221 2635 1393 2703 Deus,
1429 2653 1451 2691 ι
1476 2635 1673 2708 inquis,
1702 2653 1723 2691 ι
1753 2635 1955 2705 bonus,
1985 2650 2086 2712 per

500 2738 660 2795 quem
687 2722 826 2780 facta
849 2733 974 2780 sunt
1000 2727 1178 2782 omnia
1197 2768 1212 2793 ,
1241 2727 1355 2798 ipse
1383 2730 1623 2799 corporis
1648 2730 1818 2787 nostri
1841 2731 2083 2788 membra

497 2816 763 2872 formavit.
789 2835 809 2870 ι
839 2817 950 2874 lloc
970 2819 1309 2909 verissigtm
1331 2833 1453 2877 esse
1471 2821 1728 2878 concedo.
1756 2822 2009 2894 Sequeris
2027 2833 2085 2880 et

496 2907 740 2979 adiungis
771 2926 786 2963 :
815 2927 835 2963 ι
872 2909 976 2977 Qui
1015 2907 1213 2967 autem
1241 2926 1468 2982 corpora
1513 2912 1750 2984 fecerat,
1798 2916 1979 2972 divisit
2028 2926 2083 2974 et

496 3015 684 3055 sexum
707 3017 720 3055 :
743 2999 921 3057 divisit
947 3002 1002 3056 in
1033 3003 1231 3073 Specie,
1261 3005 1406 3075 quod
1432 3004 1486 3060 in
1513 3008 1824 3076 operatione
1850 3007 2083 3079 conjun-

492 3099 676 3162 geret;
705 3091 936 3164 fecitque
974 3108 1188 3150 causam
1227 3095 1665 3167 conjunctionum
1700 3098 2080 3156 dissimilitudo

494 3183 880 3240 membrorum.
912 3203 932 3238 ι
963 3187 1030 3242 Ει
1053 3186 1158 3243 hoc
1181 3188 1464 3244 assentior.
1491 3188 1693 3245 Deinde
1721 3189 1887 3246 infers
1909 3206 1926 3246 :
1948 3207 1968 3242 ι
1997 3190 2081 3246 Ab

497 3276 616 3347 ipso
647 3277 806 3348 igitur
825 3279 1141 3335 commixtio
1169 3295 1474 3350 corporum,
1501 3297 1532 3337 a
1557 3297 1663 3353 quo
1682 3291 1767 3339 est
1791 3283 1940 3353 origo
1959 3297 2082 3338 cor-

493 3382 713 3439 porum,
741 3389 762 3424 ι
787 3371 916 3438 Quis
937 3371 1040 3426 hoc
1059 3373 1368 3443 negaverit?
1395 3391 1415 3426 ι
1444 3373 1598 3443 Quod
1623 3390 1745 3430 cum
1770 3375 2074 3446 ingratis‘,»

494 3457 672 3528 inquis
690 3500 708 3524 ,
737 3477 756 3510 ι
789 3463 1153 3529 concesseris,
1180 3464 1420 3535 sequitur
1445 3472 1524 3520 tot
1553 3481 1736 3522 rerum
1777 3467 2078 3538 bonarum,

489 3562 798 3619 corporum,
817 3565 1062 3621 sexuum,
1080 3554 1535 3624 conjunctionum,
1553 3556 1724 3614 malos
1742 3559 1946 3616 fructus
1959 3575 2080 3617 esse

493 3655 599 3696 non
625 3655 802 3712 posse.
833 3661 853 3696 ι
886 3643 954 3699 Ει
983 3644 1088 3703 hoc
1107 3661 1293 3702 verum
1320 3647 1454 3704 dacis
1477 3667 1492 3704 :
1517 3648 1707 3706 horum
1731 3653 1876 3708 enim
1904 3653 2078 3711 bono-

495 3749 616 3789 rum
642 3734 848 3791 fructus
874 3737 1036 3794 homo
1061 3747 1178 3808 est,
1206 3741 1348 3812 quod
1389 3745 1442 3797 in
1477 3753 1734 3814 quantum
1774 3747 1935 3803 homo
1961 3758 2074 3818 est,

495 3824 692 3880 bonum
721 3837 806 3904 est
829 3845 842 3882 :
866 3829 1006 3899 quod
1035 3841 1212 3886 autem
1239 3831 1292 3886 in
1324 3832 1417 3887 illo
1441 3835 1638 3890 malum
1665 3845 1766 3903 est,
1797 3852 1831 3893 a
1855 3853 1962 3909 quo
1983 3854 2073 3895 sa-

495 3917 703 3973 nandus
719 3927 804 3974 est
831 3935 928 3990 per
951 3921 1300 3992 Salvatorem,
1323 3934 1378 3980 et
1401 3925 1707 3984 liberandus
1726 3944 1824 3999 per
1844 3931 2077 3987 Redem-

495 4016 697 4079 ptorem
722 4009 765 4075 ³,
791 4019 844 4065 et
863 4011 1160 4069 abluendus
1179 4029 1273 4085 per
1292 4016 1585 4085 lavacrum,
1609 4030 1662 4075 et
1689 4022 1958 4079 eruendus
1981 4038 2078 4094 per

491 4101 868 4169 exorcismum,
890 4111 946 4158 et
964 4103 1318 4160 absolvendus
1342 4123 1437 4176 per
1462 4110 1776 4180 sanguinem
1795 4113 1889 4182 qui
1916 4113 1974 4169 in
2000 4127 2080 4169 re-

493 4192 798 4249 missionem
824 4195 972 4251 fusus
989 4205 1073 4251 est
1100 4207 1470 4267 peccatorum;
1495 4217 1598 4257 non
1621 4212 1705 4260 est
1728 4203 1932 4263 fructus
1955 4222 2077 4263 cor-

493 4299 679 4354 porum
695 4325 712 4352 ,
736 4299 989 4354 sexuum,
1011 4288 1445 4359 conjunctionum
1463 4333 1478 4360 ,
1505 4294 1602 4349 sed
1626 4295 1900 4364 originalis
1925 4306 2079 4354 vete-

490 4378 670 4446 risque
710 4379 934 4448 peccati.
982 4378 1130 4436 Sicut
1157 4381 1299 4437 enim
1328 4381 1398 4438 de
1426 4385 1578 4456 prole
1606 4387 1968 4445 adulterorum
1987 4430 2004 4458 ,
2028 4392 2074 4447 si

487 4483 589 4539 ego
611 4467 868 4536 dicerem,
896 4470 998 4526 Tot
1028 4472 1309 4540 malorum,
1343 4475 1392 4531 id
1421 4486 1522 4544 est,
1553 4477 1803 4546 lasciviae,
1841 4485 2073 4552 turpitu-

487 4560 644 4625 dinis,
677 4561 947 4628 criminis,
978 4562 1146 4619 bonus
1176 4563 1378 4621 fructus
1402 4581 1522 4624 esse
1549 4583 1654 4624 non
1693 4573 1894 4642 potuit;
1925 4585 2076 4633 recte

487 4650 617 4705 mihi
638 4652 1008 4722 responderes,
1029 4653 1298 4712 hominem
1319 4658 1406 4728 qui
1427 4659 1494 4715 de
1513 4660 1770 4720 adulteris
1795 4675 1949 4722 natus
1971 4679 2074 4737 est,

489 4757 595 4796 non
641 4756 762 4798 esse
807 4741 1037 4800 fructum
1085 4747 1350 4814 lascivize,
1395 4753 1765 4823 turpitudinis,
1797 4758 2069 4827 criminis,

485 4847 712 4902 quorum
736 4833 994 4890 malorum
1019 4848 1206 4895 auctor
1230 4850 1313 4896 est
1335 4841 1608 4911 diabolus;
1638 4846 1733 4901 sed
1754 4861 2064 4919 corporum,

487 4938 730 4988 sexuum,
752 4924 1210 4994 coniunctionum,
1233 4945 1457 5000 quorum
1489 4935 1746 4991 bonorum
1772 4949 1962 4997 auctor
1983 4953 2066 4999 est

487 5016 628 5070 Deus
652 5032 665 5068 :
689 5014 769 5070 sic
807 5031 907 5088 ego
954 5018 1050 5073 tibi
1088 5021 1383 5077 rectissime
1407 5021 1527 5078 dico
1547 5068 1560 5090 ,
1590 5028 1786 5082 malum
1813 5045 1935 5086 cum
1965 5049 2074 5104 quo

488 5108 724 5163 nascitur
745 5109 924 5176 homo,
951 5125 1052 5165 non
1079 5126 1202 5167 esse
1230 5111 1462 5169 fructum
1489 5132 1794 5188 corporum,
1819 5137 2069 5195 sexuum,

486 5199 955 5270 conjunctionum,
982 5217 1209 5271 quorum
1256 5203 1515 5260 bonorum
1555 5219 1740 5266 auctor
1767 5221 1852 5267 est
1893 5215 2068 5284 Deus;

485 5290 582 5346 sed
612 5293 793 5362 prima:
825 5295 1292 5361 praevaricationis,
1315 5297 1466 5366 cujus
1490 5308 1678 5355 auctor
1697 5311 1778 5356 est
1801 5304 2065 5364 diabolus.

563 5382 652 5439 l9.
697 5384 850 5439 Absit
887 5395 1066 5440 autem
1099 5395 1184 5454 ut,
1216 5389 1661 5458 quctnadmodum
1691 5396 2065 5470 calutnniaris,

554 5539 572 5571 ί
608 5538 687 5589 llic
710 5537 825 5589 editi
859 5539 1056 5600 addunt,
1085 5555 1196 5591 cmn
1214 5541 1312 5594 sint
1340 5547 1565 5656 ιίηωάωη
1594 5551 1742 5610 mala,
1766 5566 1970 5616 quorum
1988 5571 2074 5609 au-

554 5614 586 5649 ιι·
605 5605 675 5650 est
699 5609 825 5650 Deus
853 5614 870 5651 :
902 5605 1094 5654 tametsi
1117 5604 1209 5654 hoc
1230 5618 1328 5656 non
1369 5612 1537 5656 tabent
1567 5619 1890 5656 mannmrimi-

483 5607 586 5681 ao!
699 5609 882 5681 _:_
902 5604 1209 5681 tatnetsi‘hoc
1230 5618 1328 5656 non
1353 5604 1537 5660 habent
1567 5604 1890 5681 ntanuserijtth

547 5664 568 5728 ξ
603 5671 699 5710 am.
722 5669 775 5712 et
796 5671 928 5728 M_s§.,
951 5664 1186 5728 ingratus.

548 5724 571 5757 ⁸
599 5728 728 5787 ιω..
755 5731 801 5776 et
824 5723 1098 5780 liberandus
1121 5742 1208 5794 per
1231 5731 1620 5798 redemptionem.

3685 319 3794 382 ’1η

2205 427 2445 482 dicamus
2479 446 2496 478 ι
2533 426 2778 483 homines
2808 430 2874 483 ad
2915 429 3019 488 hoc
3044 445 3076 487 a
3104 431 3218 490 Deo
3243 431 3358 490 ﬁeri
3375 475 3389 498 ,
3419 440 3482 490 ut
3511 447 3546 488 a
3574 431 3792 489 diabolo

2207 516 2442 587 legitimo
2466 518 2586 588 jure
2613 527 2908 574 teneantur.
2945 539 2967 574 ι
3000 521 3254 590 Quamvis
3278 524 3423 579 enim
3448 534 3503 580 et
3530 523 3631 579 hoc
3658 526 3796 580 divi-

2206 623 2291 662 nae
2315 609 2384 662 sit
2408 610 2596 678 magis,
2620 625 2776 678 quam
2803 610 3082 666 diabolica:
3107 613 3405 683 potestatis,
3431 625 3487 668 ut
3511 614 3792 670 intmnndo

2205 698 2430 768 principi
2459 700 2731 770 generatio
2761 700 3034 760 immunda
3061 703 3334 769 subdatur,
3364 705 3464 760 nisi
3503 722 3794 778 regenera-

2206 788 2350 844 tione
2373 790 2661 846 mundetur
2685 808 2698 846 :
2723 801 2899 847 tamen
2931 809 3034 848 non
3065 794 3131 848 ad
3161 793 3261 850 hoc
3291 795 3432 850 Deus
3463 795 3587 851 facit
3617 797 3793 853 homi-

2203 896 2322 947 nes,
2351 891 2407 936 ut
2438 882 2688 951 familiam
2716 884 2944 954 quodam
2974 886 3134 942 modo
3162 886 3404 944 diabolus
3436 887 3659 957 habeat;
3690 891 3791 946 sed

2202 986 2267 1027 ea
2293 973 2548 1040 bonitate,
2576 989 2678 1044 qua
2707 975 2911 1030 naturis
2937 977 3182 1032 omnibus
3209 990 3426 1048 praestat
3458 990 3512 1034 ut
3539 983 3664 1045 sint,
3683 997 3793 1051 qua

2201 1063 2361 1118 etiam
2388 1064 2560 1134 ipsum
2589 1067 2715 1121 facit
2741 1066 3033 1123 subsistere
3057 1067 3350 1123 diabolum.
3379 1069 3550 1138 Quam
3577 1072 3791 1127 bonitan

2203 1164 2312 1212 tem
2337 1158 2384 1212 si
2409 1157 2570 1214 rebus
2598 1158 2954 1227 subtraheret,
2980 1160 3234 1215 continuo
3253 1160 3388 1216 nihil
3408 1172 3610 1218 essent.
3638 1162 3795 1219 Sicut

2200 1261 2308 1302 non
2339 1247 2459 1302 ideo
2483 1258 2629 1303 creat
2656 1263 2847 1318 pecora
2875 1250 2926 1303 in
2954 1250 3212 1305 armentis
3233 1259 3287 1306 et
3315 1253 3565 1323 gregibus
3591 1253 3794 1324 impio-

2200 1354 2352 1405 rum,
2385 1349 2444 1394 ut
2479 1340 2810 1396 daemonibus
2849 1342 3210 1408 immolentur,
3255 1345 3498 1414 quamvis
3544 1345 3648 1402 hoc
3689 1362 3792 1403 eos

2200 1432 2406 1486 noverit
2424 1446 2545 1487 esse
2573 1433 2834 1489 facturos:
2857 1435 2934 1488 sic
2955 1435 3112 1489 etiam
3132 1435 3218 1490 ubi
3237 1437 3638 1505 generationem
3661 1453 3794 1508 pee-

2198 1533 2319 1579 cato
2337 1526 2506 1579 cernit
2524 1525 2842 1592 obnoxiam;
2865 1527 3158 1583 secundum
3181 1528 3601 1599 pulcherrimum
3623 1547 3792 1602 quem

2197 1612 2458 1684 disposuit
2483 1615 2726 1672 ordinem
2753 1618 3069 1674 saaculorum
3089 1661 3104 1688 ,
3129 1634 3284 1675 suam
3320 1635 3426 1676 non
3451 1621 3688 1679 abstinet
3717 1623 3791 1677 ab

2196 1705 2314 1777 ejus
2339 1708 2644 1765 conditione
2671 1710 2985 1767 bonitatem.

2267 1798 2492 1858 CAPUT
2523 1800 2588 1856 Χ.
2605 1832 2678 1842 -
2695 1803 2786 1859 20.
2810 1803 2915 1860 Sed
2937 1815 3056 1875 post
3079 1804 3220 1862 hanc
3241 1809 3789 1880 argumentationem,

2195 1905 2298 1959 qua
2329 1899 2379 1945 te
2407 1891 2564 1957 fallis,
2592 1901 2647 1948 et
2669 1893 2967 1950 confecisse
2993 1904 3044 1951 te
3071 1897 3270 1967 aliquid
3303 1898 3600 1966 arbitraris,
3630 1901 3793 1972 inge-

2194 1980 2270 2035 ris
2299 1980 2512 2036 solitum
2544 1983 2904 2052 maledictum,
2927 2000 2992 2041 ac
3019 1985 3214 2043 deinde
3249 1989 3521 2045 subnectis
3539 2031 3554 2056 ,
3579 2010 3598 2044 ι
3623 1991 3792 2058 Quod

2194 2069 2418 2126 forsitan
2439 2073 2631 2140 dicam,
2658 2074 3072 2146 Scripturarum,
3100 2093 3206 2134 non
3235 2080 3662 2152 syllogismorum
3684 2083 3789 2139 de-

2193 2161 2324 2219 bere
2349 2165 2655 2221 testimonio
2679 2168 3038 2238 comprobari,
3063 2168 3202 2227 filios
3227 2171 3293 2228 de
3318 2187 3600 2243 corporum
3627 2191 3784 2231 com-

2192 2254 2450 2312 mixtione
2471 2265 2772 2327 nascentes,
2797 2262 3029 2330 reputari
3047 2260 3229 2318 divino
3248 2265 3435 2334 operi:
3466 2283 3488 2318 ι
3512 2266 3668 2337 quasi
3686 2268 3786 2339 qui

2191 2341 2297 2400 hoc
2325 2348 2626 2418 negaverit,
2655 2349 2823 2420 possit
2847 2365 2969 2406 esse
2993 2353 3334 2412 christianos.
3363 2356 3595 2414 Proinde
3624 2375 3742 2415 rem
3762 2397 3785 2427 ,

2190 2449 2350 2506 quam
2375 2438 2771 2508 promptissime
2788 2440 3109 2499 confitemur
3127 2454 3182 2500 et
3206 2444 3558 2504 libentissime
3579 2448 3784 2519 praedi-

2189 2539 2398 2597 camus,
2429 2529 2577 2586 velut
2603 2529 2796 2588 habeat
2823 2531 2963 2589 inter
2987 2549 3087 2590 nos
3114 2539 3558 2606 controversiam,
3582 2540 3654 2596 ita
3683 2555 3787 2612 per

2190 2615 2588 2688 Scripturarum
2622 2623 2929 2679 testimonia
2957 2626 3173 2683 conaris
3201 2629 3516 2697 ostendere;
3544 2641 3599 2686 et
3627 2631 3786 2689 labo-

2189 2722 2281 2766 ras
2307 2708 2557 2777 inaniter,
2584 2726 2690 2768 non
2719 2722 2778 2769 ut
2807 2715 3136 2786 respondere
3160 2719 3315 2774 nobis
3335 2761 3350 2788 ,
3383 2719 3479 2776 sed
3515 2729 3574 2776 ut
3609 2721 3783 2779 libros

2189 2797 2364 2870 possis
2389 2799 2634 2871 implere.
2664 2801 3043 2862 Verumtamen
3069 2807 3211 2879 quod
3236 2809 3440 2880 dixisti,
3469 2829 3490 2864 ι
3517 2811 3589 2869 Ut
3606 2815 3784 2884 expri-

2190 2899 2365 2948 meret
2387 2893 2548 2949 fidem
2578 2909 2802 2967 operum
2830 2897 3097 2970 Propheta
3117 2941 3134 2968 ,
3163 2917 3332 2974 prope-
3351 2905 3647 2976 periculum
3681 2923 3784 2979 pu-

2188 2980 2338 3039 doris
2360 2986 2620 3056 accessit,
2648 2988 2772 3058 quia
2809 2989 2978 3059 dixit,
3006 2991 3176 3048 Erunt
3217 2995 3321 3050 duo
3366 2997 3418 3052 in
3435 3014 3588 3053 carne
3616 3015 3721 3055 uita
3754 3017 3777 3054 ι

2195 3071 2348 3147 (Gen.
2389 3091 2457 3144 ιι,
2485 3076 2625 3152 24);
2657 3082 2787 3137 satis
2824 3090 2877 3139 te
2927 3083 3110 3141 debuit
3141 3086 3468 3156 admonere,
3509 3091 3646 3146 nihil
3680 3107 3784 3163 pu-

2187 3164 2421 3223 dendum
2450 3169 2687 3228 futurum
2714 3175 2881 3232 fuisse
2906 3175 2963 3232 in
2989 3177 3244 3248 operibus
3275 3180 3391 3249 Dei,
3419 3181 3525 3237 nisi
3555 3198 3782 3252 praeces-

2186 3256 2348 3313 sisset
2364 3273 2461 3314 cur
2486 3270 2673 3318 natura
2701 3262 2932 3321 humana
2955 3266 3178 3324 deberet
3197 3268 3266 3326 de
3290 3271 3372 3326 sui
3399 3272 3578 3329 meriti
3595 3272 3784 3332 defero

2185 3350 2372 3407 mitate
2400 3353 2672 3411 confundi.

2256 3442 2486 3500 CAPUT
2522 3443 2615 3500 XI.
2634 3476 2708 3488 —
2731 3446 2824 3504 21.
2853 3449 2994 3508 Dicis
3019 3451 3183 3510 etiam
3213 3454 3268 3512 in
3304 3455 3462 3515 laude
3499 3457 3775 3531 libidinis,

2193 3549 2214 3586 ι
2243 3531 2383 3590 hanc
2407 3531 2572 3591 fuisse
2609 3535 2870 3594 redditam
2901 3541 2997 3598 Dei
3039 3559 3265 3602 munere
3288 3547 3519 3604 Abrahze
3547 3561 3604 3606 et
3627 3550 3778 3608 Sara:

2187 3622 2341 3679 senio
2380 3624 2639 3682 confectis
2663 3631 3029 3703 emortuisque
3051 3637 3366 3707 corporibus
3399 3657 3420 3693 ι
3443 3639 3466 3714 (
3486 3639 3644 3697 Rom.
3681 3659 3737 3699 tv
3754 3685 3772 3713 ,

2187 3712 2278 3786 l9)
2304 3730 2318 3768 :
2343 3721 2398 3770 et
2425 3715 2687 3772 invidiosa
2737 3733 2868 3776 voce
2910 3723 3239 3792 proclamas,
3292 3745 3313 3781 ι
3339 3738 3400 3785 ιιι
3439 3712 3684 3788 asseram
3727 3712 3775 3790 si

2184 3819 2426 3876 possum,
2441 3806 2510 3863 ad
2529 3822 2664 3878 opus
2682 3808 2878 3866 diaboli
2899 3814 3190 3885 pertinere,
3209 3818 3350 3888 quod
3371 3819 3540 3877 Deum
3562 3822 3775 3880 videam

2185 3895 2452 3953 interdum
2479 3897 2725 3970 conferre
2753 3916 2854 3972 pro
2877 3917 3122 3962 munere.
3156 3925 3177 3961 ι
3201 3908 3366 3976 Quasi
3394 3926 3525 3967 vero
3554 3915 3598 3968 si
3625 3914 3778 3970 clau-

2184 3988 2314 4045 dum
2352 3989 2625 4048 hominem
2663 3996 2949 4052 resuscitet
2989 3997 3154 4067 Deus,
3181 4001 3594 4076 viventibusque
3616 4009 3780 4064 resti-

2186 4089 2317 4149 luat,
2342 4084 2433 4154 qui
2460 4085 2641 4156 utique
2670 4097 2913 4144 mortuus
2931 4089 3043 4160 jam
3071 4093 3372 4152 claudicare
3400 4112 3506 4153 non
3539 4109 3774 4171 poterat,

2183 4175 2344 4231 etiam
2374 4175 2814 4235 claudicationem
2842 4180 3004 4238 debet
3028 4183 3195 4240 videri
3235 4202 3333 4257 pro
3380 4204 3608 4248 munere
3644 4205 3778 4248 con-

2186 4268 2388 4323 tulisse.
2418 4268 2489 4322 Ita
2511 4285 2638 4341 ergo
2658 4271 2704 4325 si
2730 4273 3006 4329 restitutus
3025 4286 3129 4344 est,
3157 4279 3247 4348 qui
3273 4277 3447 4336 fuerat
3473 4282 3527 4336 in
3551 4283 3777 4341 viridio-

2184 4359 2352 4424 ribus,
2381 4373 2665 4430 corporum
2688 4363 2858 4433 vigor,
2888 4365 2966 4421 sic
2990 4368 3170 4438 utique
3193 4371 3470 4427 restitutus
3496 4383 3603 4441 est,
3628 4385 3692 4430 ut
3714 4392 3776 4432 se

2185 4447 2346 4504 habet
2370 4451 2604 4506 conditio
2627 4456 2873 4523 corporis
2904 4459 3093 4513 mortis
3123 4460 3301 4531 hujus.
3340 4463 3456 4518 Non
3491 4465 3638 4520 enim
3678 4482 3776 4523 eos

2183 4541 2250 4596 ad
2281 4542 2428 4598 illum
2459 4552 2652 4599 statum
2681 4549 2920 4602 revocari
2945 4552 3246 4620 oportebat,
3271 4554 3323 4608 in
3348 4570 3456 4626 quo
3477 4557 3651 4612 Adam
3675 4557 3780 4614 fuit

2183 4641 2316 4688 ante
2335 4646 2637 4704 peccatum,
2667 4646 2725 4691 ut
2752 4647 2967 4706 possent
2988 4641 3107 4697 sine
3137 4643 3253 4714 lege
3279 4644 3331 4700 in
3364 4648 3622 4705 membris
3651 4665 3778 4722 qua:

2184 4737 2444 4798 repugnat
2472 4727 2576 4799 legi
2608 4731 2820 4800 menb's,
2853 4731 2990 4787 ﬁlios
3016 4748 3323 4804 procreare.

2253 4818 2344 4873 22.
2364 4818 2618 4888 Quamvis
2633 4829 2687 4876 et
2701 4821 2765 4876 ad
2781 4821 2886 4878 hoc
2913 4822 3314 4896 intelligendum
3330 4828 3400 4883 sit
3418 4839 3725 4888 emortuum
3756 4835 3777 4867 ‘

2183 4907 2348 4964 fuisse
2375 4923 2570 4982 corpus
2601 4910 2852 4979 Abrahzn,
2901 4923 2962 4969 ut
3022 4931 3129 4970 non
3170 4918 3372 4974 valeret
3404 4917 3473 4976 de
3509 4922 3657 4976 omni
3697 4922 3783 4979 fe-

2183 4999 2326 5055 mina
2356 4999 2496 5056 filios
2521 5000 2761 5073 gignere,
2792 5021 2911 5075 quae
2941 5022 3132 5077 parere
3161 5019 3360 5080 posset.
3392 5011 3597 5069 Dicitur
3624 5017 3780 5072 enim

2179 5088 2360 5146 facere
2399 5091 2500 5146 hoc
2543 5095 2715 5150 aetatis
2758 5110 3038 5164 accessus,
3079 5107 3141 5155 ut
3164 5115 3228 5157 ex
3275 5101 3469 5159 femina
3507 5121 3782 5176 generare

2180 5195 2342 5238 senex
2367 5183 2537 5253 possit
2554 5182 2974 5256 adolescentula,
2993 5205 3116 5245 cum
3132 5191 3244 5263 jam
3266 5193 3334 5250 de
3350 5197 3640 5266 grandiore
3662 5215 3779 5255 non

2182 5273 2380 5342 possit,
2409 5276 2650 5343 quamvis
2679 5277 2766 5332 illa
2791 5277 2859 5334 de
2877 5279 3080 5350 juvene
3104 5285 3292 5352 possit.
3323 5287 3421 5356 Qui
3465 5290 3612 5346 enim
3664 5303 3781 5348 lam

2181 5363 2392 5434 prolixo
2420 5375 2658 5436 tempore
2687 5377 2811 5425 tunc
2835 5372 3114 5442 vivebant,
3158 5379 3345 5446 procul
3382 5379 3548 5437 dubio
3595 5389 3785 5443 serius

2180 5455 2382 5511 fiebant
2412 5459 2482 5512 ita
2511 5459 2790 5530 decrepiti,
2814 5471 2872 5517 ιιι
2895 5464 2962 5520 ad
2987 5469 3331 5524 concubitum
3362 5475 3571 5530 moveri
3595 5481 3785 5534 omni-

2179 5564 2250 5604 no
2275 5566 2380 5605 non
2411 5564 2659 5622 possent:
2684 5555 2727 5610 si
2755 5566 2929 5614 tamen
2950 5561 3195 5632 cuiquam
3222 5564 3334 5619 viro
3357 5580 3488 5622 sano
3517 5580 3702 5639 potest
3726 5573 3785 5625 id

2180 5687 2603 5812 ωὲηῗιᾟωνη
2628 5695 2845 5757 cumvir
2877 5697 2946 5748 ad
2979 5695 3069 5750 hoc
3099 5695 3476 5769 ῠιιεηὲῃεηιιωιι,
3513 5703 3588 5758 dc
3610 5719 3790 5762 m-
