3984 6510
231 384 326 442 713

232 506 464 564 accidere
491 515 587 574 per
608 510 842 558 mtatem.
873 499 1002 555 Nam
1034 512 1152 553 cum
1183 495 1285 553 hoc
1313 508 1446 567 opus
1472 493 1525 549 in
1557 493 1801 548 manibus

232 599 494 659 haberem,
520 594 798 648 nuntiatus
826 602 906 646 est
934 589 1086 645 nobis
1110 605 1276 645 senex
1301 588 1568 659 octoginta
1597 595 1648 640 et
1671 599 1805 655 qua-

231 700 341 746 tuor
363 703 528 758 agens
555 699 747 749 annos,
771 686 859 756 qui
887 684 1133 754 religiose
1153 698 1274 738 cum
1301 681 1527 752 conjuge
1555 677 1799 750 religiosa

224 784 328 855 jam
347 780 530 851 viginti
556 779 789 850 quinque
809 792 976 833 annos
993 777 1198 832 vixerat
1217 775 1572 837 continenter,
1596 771 1663 827 ad
1687 771 1804 825 libi-

227 875 400 930 dinem
428 872 531 928 sibi
559 871 758 927 emisse
787 869 1123 942 Lyristriam;
1144 869 1234 939 qui
1253 868 1432 939 utique
1455 881 1550 936 pro
1569 863 1803 928 modulo,

227 983 326 1039 quo
356 966 462 1020 isto
483 975 728 1036 tempore
749 964 931 1019 vivunt
950 963 1215 1030 homines,
1237 961 1499 1032 gravioris
1519 957 1810 1014 senectutis

225 1067 305 1114 est
323 1073 491 1129 quam
517 1057 694 1112 fuerat
720 1056 986 1112 Abraham
1014 1055 1066 1110 in
1092 1055 1246 1110 annis
1269 1062 1504 1118 centum,
1534 1051 1707 1106 adhuc
1733 1051 1806 1104 vi-

229 1159 406 1207 cturus
442 1150 582 1205 alios
623 1149 974 1219 septuaginta.
1015 1146 1168 1203 Unde
1212 1146 1522 1216 prudentius
1547 1143 1806 1211 creditur,

229 1242 606 1300 fecunditatem
634 1258 754 1314 quae
779 1241 978 1307 defuit,
1006 1241 1117 1296 suis
1148 1240 1316 1295 Deum
1352 1238 1567 1294 famulis
1607 1237 1808 1308 praesti-

230 1335 374 1391 tisse.
391 1335 520 1389 Duae
534 1335 732 1406 quippe
750 1347 923 1389 causae
939 1332 1210 1398 dicuntur,
1229 1337 1446 1403 prepter
1465 1343 1600 1400 quas
1621 1343 1806 1400 parere

233 1426 388 1482 Sarra
425 1442 538 1481 non
587 1433 825 1497 poterat.
854 1433 908 1481 et
934 1434 1049 1481 erat
1078 1425 1230 1479 vulva
1257 1423 1373 1493 ejus
1397 1431 1640 1477 emortua
1666 1439 1680 1477 :
1710 1435 1808 1476 una

231 1517 551 1583 sterilitatis,
579 1531 698 1588 quae
720 1515 790 1572 ab
812 1515 925 1586 ipsa
954 1515 1126 1571 inerat
1150 1516 1462 1585 juventute;
1491 1513 1654 1568 altera
1685 1520 1808 1567 :eta-

233 1609 326 1672 tis,
349 1622 458 1663 non
494 1608 619 1680 quia
661 1608 945 1678 nonaginta
974 1622 1142 1662 annos
1175 1605 1396 1676 agebat,
1425 1605 1518 1660 sed
1548 1605 1669 1675 quia
1701 1604 1808 1674 jam

231 1699 548 1754 destiterant
572 1698 622 1754 ei
649 1697 765 1753 fieri
794 1697 1093 1753 muliebria.
1126 1695 1348 1750 Constat
1373 1695 1515 1750 enim
1545 1695 1589 1749 si
1620 1693 1808 1748 mulie-

231 1809 346 1850 rum
372 1801 649 1848 menstrua
673 1800 881 1848 secreta
905 1789 1232 1844 cessaverint
1259 1789 1275 1820 ⁸
1317 1803 1411 1860 per
1429 1795 1640 1842 aetatem
1661 1827 1674 1854 ,
1706 1803 1809 1841 non

231 1904 318 1944 eas
338 1887 450 1959 jam
482 1901 642 1958 posse
665 1886 970 1954 concipere,
997 1883 1097 1939 etsi
1123 1880 1365 1938 fecunda:
1392 1882 1607 1936 fuerunt
1623 1923 1637 1947 ,
1662 1890 1812 1935 ante-

231 1995 383 2050 quam
423 1978 516 2033 illa
549 1983 870 2032 cessassent.
920 1974 990 2029 Et
1032 1973 1153 2029 ideo
1194 1972 1465 2043 Scriptura
1505 1972 1674 2027 noluit
1711 1971 1813 2026 hoc

232 2079 432 2135 tacere,
465 2079 526 2124 ut
552 2077 836 2139 augeretur
859 2065 1099 2121 miraculi
1129 2063 1332 2136 gloria,
1364 2062 1505 2135 quod
1532 2073 1646 2118 erat
1670 2063 1814 2117 Deus

231 2163 286 2218 in
311 2176 497 2217 eorum
535 2160 686 2230 prole
709 2159 962 2214 facturus.
990 2157 1215 2224 Quando
1249 2166 1426 2211 autem
1460 2171 1557 2209 suo
1580 2155 1697 2210 viro
1721 2169 1816 2208 an—

234 2253 403 2308 cillam
429 2249 616 2316 dedit,
648 2249 716 2306 de
741 2263 844 2320 qua
867 2249 1066 2314 voluit,
1091 2248 1212 2318 quia
1236 2246 1306 2303 de
1340 2262 1398 2302 se
1427 2261 1533 2301 non
1571 2253 1812 2318 poterat,

233 2344 504 2413 suscipere
535 2341 708 2407 filios;
741 2356 847 2396 non
872 2350 1031 2396 aetate
1059 2339 1250 2405 fuerat,
1283 2338 1378 2395 sed
1410 2354 1504 2394 sua
1535 2338 1817 2394 sterilitate

233 2443 492 2505 permota.
532 2430 625 2489 Sic
661 2432 805 2489 enim
843 2431 1118 2503 Scriptura
1159 2431 1432 2502 loquitur:
1457 2428 1620 2485 Sarra
1648 2438 1818 2483 autem

233 2545 360 2582 uxor
376 2527 642 2581 Abraham
659 2543 761 2581 non
781 2525 1006 2596 pariebat
1025 2525 1121 2580 illi.
1147 2524 1214 2578 Et
1234 2523 1398 2579 verba
1419 2521 1534 2594 ejus
1557 2521 1623 2577 ad
1645 2522 1815 2576 virum

233 2622 333 2675 ista
367 2630 534 2676 sunt:
559 2618 694 2674 Ecce
737 2618 985 2673 conclusit
1031 2633 1108 2671 me
1143 2615 1314 2681 Deus,
1353 2625 1410 2670 ut
1455 2632 1557 2670 non
1597 2614 1814 2686 pariam.

234 2713 379 2771 Tunc
402 2721 586 2767 autem
614 2711 660 2766 si
686 2718 897 2766 aetatem
935 2707 1338 2764 consideremus
1378 2705 1661 2761 amborum
1682 2747 1696 2772 ,
1723 2704 1819 2760 de-

230 2803 414 2876 crepiti
437 2811 646 2869 essent,
667 2801 712 2856 si
735 2800 902 2856 nostri
929 2800 1185 2870 temporis
1206 2798 1448 2854 homines
1467 2808 1668 2854 essent.
1689 2796 1820 2852 Erat

231 2915 370 2955 enim
398 2894 675 2955 Abraham
721 2909 984 2949 annorum
1015 2892 1228 2948 circiter
1251 2891 1520 2962 octoginta
1549 2890 1813 2962 quinque,

229 2991 384 3047 Sarra
409 3000 591 3047 autem
617 3001 884 3046 annorum
905 2986 1240 3056 septuaginta
1265 2984 1519 3055 quinque.
1546 2982 1815 3052 Scriptum

231 3093 312 3140 est
333 3087 477 3140 enim
505 3103 518 3140 :
545 3085 804 3140 Abraham
831 3089 999 3137 autem
1026 3089 1132 3134 erat
1158 3093 1406 3132 annorum
1431 3077 1683 3146 octoginta
1707 3090 1817 3143 sex,

230 3193 343 3230 cum
372 3177 567 3248 peperit
594 3178 737 3247 Agar
765 3174 956 3231 Ismuc!
987 3172 1204 3226 Abraha
1230 3169 1379 3242 (Gen.
1408 3186 1520 3236 xvr,
1545 3169 1598 3236 1,
1619 3168 1675 3236 2,
1700 3166 1815 3239 l6).

230 3269 461 3324 Proinde
489 3279 616 3326 ante
645 3284 847 3324 annum
874 3268 1045 3324 ferme
1071 3264 1268 3330 mixtus
1291 3261 1558 3317 invenitur
1585 3259 1818 3325 ancillae,

229 3363 440 3432 quando
466 3373 759 3433 conceptus
780 3371 864 3418 est
884 3358 1087 3417 lsmael.
1123 3356 1222 3429 Qui
1248 3354 1461 3410 tandem
1487 3353 1745 3423 conjuges
1764 3351 1819 3407 in

233 3453 337 3510 hac
362 3464 516 3509 actate
538 3462 799 3525 generant
825 3452 1157 3524 temporibus
1187 3447 1407 3511 nostris,
1437 3445 1539 3500 nisi
1563 3442 1819 3499 divinitus

233 3547 338 3602 fiat
361 3548 465 3601 tale
490 3547 833 3603 miraculum?
860 3546 929 3601 Et
959 3555 1135 3602 tamen
1168 3544 1248 3599 illi
1279 3546 1526 3615 poterant
1544 3579 1561 3605 ,
1587 3536 1635 3591 Si
1658 3536 1817 3592 Sam

235 3642 442 3696 sterilis
469 3655 570 3695 non
592 3641 800 3706 fuisset;
825 3641 948 3712 quia
970 3648 1024 3696 et
1054 3639 1144 3694 ille
1176 3638 1348 3708 potuit
1371 3636 1438 3692 de
1459 3637 1619 3707 Agar,
1644 3639 1699 3691 et
1724 3630 1816 3690 illa

231 3735 478 3790 nondum
507 3745 616 3791 erat
638 3736 713 3790 sic
737 3742 896 3790 aetate
922 3745 1225 3804 progressa,
1245 3739 1304 3787 ut
1325 3729 1374 3786 ei
1394 3737 1669 3786 cessarent
1695 3728 1813 3784 fieri

226 3828 537 3883 muliebria.
571 3827 652 3882 Ad
695 3826 798 3882 hoc
837 3840 966 3898 ergo
1005 3831 1120 3880 erat
1155 3823 1385 3879 Abrahae
1414 3837 1607 3893 corpus
1632 3834 1814 3876 emor-

229 3928 406 3985 tuum,
434 3928 496 3974 ut
518 3919 586 3974 de
612 3918 772 3974 Sarra
795 3919 906 3989 jam
925 3932 1190 3989 generare
1219 3932 1323 3972 non
1356 3923 1570 3987 posset,
1605 3914 1815 3971 etiamsi

228 4022 376 4068 esset
415 4012 507 4067 illa
557 4012 630 4067 ita
671 4010 931 4080 fecunda,
962 4021 1022 4065 ut
1068 4019 1241 4065 tamen
1281 4008 1391 4079 jam
1433 4009 1816 4079 prepinquaret

226 4106 394 4171 aetati,
425 4121 530 4176 qua
556 4120 720 4160 cruor
744 4104 833 4161 ille
853 4103 1141 4159 menstruis
1180 4101 1475 4158 intervallis
1510 4101 1693 4156 venire
1721 4099 1820 4155 de-

226 4197 460 4251 sisteret.
487 4196 692 4263 Quibus
721 4196 864 4251 enim
889 4195 1000 4266 jam
1040 4194 1258 4250 omnino
1297 4209 1402 4249 non
1446 4193 1597 4261 fluit,
1629 4209 1720 4249 eas
1748 4191 1816 4249 ab

225 4289 538 4344 auctoribus
565 4288 850 4345 medicinae
872 4286 1148 4344 denitum
1173 4295 1256 4343 est
1295 4301 1401 4341 nou
1432 4299 1589 4357 posse
1627 4285 1814 4341 conci-

231 4397 379 4450 pere.
419 4381 573 4450 Quod
603 4382 649 4436 si
680 4380 871 4435 falsum
902 4388 1065 4444 esset,
1094 4379 1237 4433 nullo
1272 4376 1432 4433 modo
1460 4376 1640 4432 dicere
1665 4375 1814 4432 Scri-

231 4483 385 4541 ptura
404 4482 643 4538 curaret,
668 4470 976 4544 Defecerant
1002 4479 1171 4524 autem
1191 4470 1369 4526 Sarra:
1394 4469 1508 4539 ﬁeri
1528 4469 1815 4523 muliebria:

230 4577 356 4616 cum
392 4565 638 4632 superius
662 4563 773 4632 jam
807 4562 1063 4629 dixisset,
1094 4561 1352 4615 Abraham
1380 4570 1547 4615 autem
1577 4569 1622 4615 et
1652 4560 1817 4616 Sarra

230 4653 454 4708 seniores
493 4655 745 4725 progressi
769 4654 824 4708 in
849 4653 1022 4709 diebus
1049 4653 1153 4708 suis
1183 4651 1306 4724 (Id.
1331 4657 1463 4709 XVIII
1481 4694 1498 4720 ,
1532 4653 1595 4708 ll
1621 4651 1663 4714 l.
1710 4653 1816 4708 Pro

231 4745 397 4800 modo
423 4760 553 4816 ergo
583 4746 605 4777 ²
636 4745 891 4816 temporis
913 4787 928 4812 ,
955 4744 1106 4816 cujus
1140 4745 1310 4815 longe
1327 4743 1614 4815 prolixiore
1642 4744 1817 4815 spatio

233 4847 364 4892 tunc
388 4837 658 4904 vivebant,
688 4852 948 4907 generare
972 4837 1080 4907 jam
1110 4835 1199 4892 illa
1231 4844 1388 4892 aetate
1413 4851 1518 4892 non
1545 4845 1812 4907 poterant,

231 4942 356 4982 cum
379 4938 520 4984 esset
548 4928 816 4985 Abraham
847 4929 1202 4995 centenarias,
1231 4927 1390 4984 Sarra
1421 4929 1814 4999 nonagenaria;

231 5023 445 5078 etiamsi
473 5023 673 5080 sterilis
697 5038 805 5078 non
832 5022 1052 5090 fuisset,
1082 5030 1136 5078 et
1171 5031 1295 5077 ante
1332 5037 1530 5077 annum
1559 5036 1816 5077 coneum«

228 5111 443 5181 herent,
469 5113 684 5185 quando
711 5113 887 5170 adhuc
910 5113 959 5170 ei
988 5113 1221 5170 fluebant
1248 5112 1477 5169 fortasse
1504 5113 1814 5180 muliebria;

231 5212 288 5257 et
316 5205 441 5261 ideo
460 5206 634 5262 adhuc
652 5207 936 5277 concipere
963 5215 1164 5278 posset,
1187 5207 1232 5262 si
1256 5207 1470 5277 juvenis
1489 5214 1634 5262 esset
1655 5207 1819 5261 mari-

234 5304 352 5359 lus:
387 5307 506 5354 tunc
530 5310 708 5356 autem
738 5315 843 5355 non
873 5309 1086 5371 posset,
1119 5307 1335 5371 propter
1362 5315 1556 5370 corpus
1581 5299 1818 5354 Abrahae

232 5387 313 5440 sic
354 5396 648 5447 emortuam
694 5402 990 5458 senectute,
1033 5401 1090 5448 ut
1125 5409 1192 5448 ex
1221 5393 1361 5448 illius
1404 5394 1578 5448 aetatis
1620 5393 1817 5448 femina

231 5479 452 5547 gignere
471 5492 576 5533 non
605 5479 832 5549 valeret;
865 5485 954 5556 qui
979 5494 1154 5540 tamen
1185 5494 1235 5541 et
1263 5485 1378 5555 ipse
1403 5485 1470 5540 de
1499 5486 1820 5541 adolescen—

232 5569 346 5624 tula
376 5570 594 5636 valeret,
622 5571 758 5626 sicut
791 5587 972 5641 pcatea
1002 5577 1069 5632 de
1100 5575 1330 5633 Cethura
1354 5578 1518 5632 valuit
1548 5575 1661 5650 (Id.
1686 5593 1811 5643 xxv,

293 5756 312 5789 ί
348 5761 401 5804 lu
418 5762 547 5816 Mss,
569 5757 866 5809 siccaverint.

292 5819 316 5852 ν
353 5819 484 5883 Apud
516 5827 644 5880 Iov.,
685 5821 840 5870 addita
866 5822 943 5870 hic
967 5823 1212 5884 particula,
1234 5837 1360 5876 nunc
1385 5841 1400 5876 :
1424 5828 1514 5878 sed
1531 5828 1676 5880 male.

497 5904 739 5967 'Smu'r.
789 5909 1059 5970 Auensr.
1108 5910 1189 5970 Χ.

1563 371 1767 432 LIBER
1802 372 2119 431 TERTIUS.

3393 390 3497 448 ἰιι

1917 493 1969 556 l,
1998 491 2053 558 οὶ)
2084 511 2096 547 :
2123 494 2364 563 quamvis
2385 504 2437 550 et
2466 495 2571 551 illic
2591 496 2694 552 dici
2726 501 2912 570 possit,
2940 499 3274 560 fecunditatis
3305 525 3498 570 namus

1912 586 1964 640 in
1992 585 2179 641 eodem
2211 603 2601 656 perseverasse,
2627 593 2766 662 quod
2791 606 3068 666 acceperat
3101 608 3155 652 ut
3183 615 3495 657 nasceretur

1912 677 2074 733 Isaac.
2122 679 2229 736 Pro
2271 682 2429 737 modo
2461 693 2636 740 autem
2679 702 2818 742 nunc
2858 693 3144 761 temporis,
3191 710 3297 763 quo
3341 696 3496 766 iunge

1911 768 2158 825 breviore
2185 772 2357 841 spatio
2381 773 2564 829 vivunt
2602 774 2880 846 homines,
2915 780 3050 836 intra
3082 793 3294 839 centum
3325 802 3496 842 annos

1911 863 2187 919 amborum
2207 867 2489 937 conjugum
2515 883 2774 938 generare
2805 888 2962 942 posse
2983 875 3250 933 dicuntur.
3281 875 3339 935 Si
3366 896 3494 936 vero

1913 956 1966 1010 in
1994 971 2256 1012 summam
2281 959 2425 1015 ducti
2456 962 2734 1017 amborum
2760 967 2886 1021 anni
2912 972 3275 1027 centenarium
3305 990 3498 1030 nume-

1911 1063 2028 1102 rum
2075 1051 2434 1120 excesserint,
2467 1053 2547 1108 sic
2587 1067 2960 1113 asseverantur
3002 1075 3109 1116 non
3153 1078 3311 1133 posse
3355 1065 3496 1120 filios

1913 1158 2229 1212 procreare,
2257 1145 2466 1202 etiamsi
2511 1147 2732 1204 fecunda
2775 1151 2843 1206 sit
2877 1153 3087 1220 mulier,
3121 1165 3175 1210 et
3203 1155 3494 1214 fluentibus

1910 1235 2085 1291 adhuc
2124 1237 2470 1293 muliebribus
2516 1243 2682 1310 possit
2723 1258 2786 1297 ex
2826 1243 3057 1313 juvene;
3086 1256 3143 1302 ut
3184 1247 3307 1317 jure
3336 1249 3498 1304 fuerit

1913 1326 2074 1381 etiam
2101 1327 2477 1396 constitutum,
2507 1346 2574 1386 ne
2601 1333 2879 1403 quisquam
2901 1335 2990 1405 jus
3015 1335 3307 1393 liberorum
3336 1339 3500 1396 habe-

1913 1429 2017 1487 ret,
2044 1421 2144 1475 nisi
2170 1435 2288 1475 cum
2317 1422 2597 1477 amborum
2617 1424 2740 1479 anni
2769 1428 3060 1498 computati
3087 1438 3141 1484 et
3165 1429 3324 1485 simul
3351 1429 3495 1486 ducti

1911 1523 2126 1569 centum
2157 1515 2412 1570 transisse
2434 1517 2450 1548 ³
2483 1516 2824 1576 docerentur.

1983 1603 2075 1659 25.
2116 1604 2422 1660 Miraculum
2450 1622 2578 1677 ergo
2604 1609 2696 1664 Dei
2728 1609 2924 1668 factum
2955 1622 3058 1680 est,
3089 1622 3147 1669 ut
3171 1615 3490 1688 concipere-

1916 1708 2002 1752 tur
2028 1697 2206 1765 Isaac,
2244 1715 2347 1754 non
2379 1703 2684 1772 parentibus
2714 1704 2828 1774 ejus
2859 1706 3074 1764 libidine
3100 1709 3306 1766 reddita
3331 1753 3348 1778 ,
3394 1713 3493 1770 sed

1863 1869 1868 1872 _
1913 1787 2239 1844 fecunditate
2279 1791 2472 1848 donata
2499 1812 2513 1849 :
2538 1809 2659 1850 nam
2693 1795 2781 1852 illa
2821 1814 2941 1856 esse
2983 1811 3191 1870 poterat
3229 1805 3389 1862 etiam
3434 1807 3494 1861 in

1916 1884 2020 1938 illis
2045 1885 2228 1951 annis;
2263 1886 2376 1942 haec
2401 1904 2526 1943 vero
2553 1905 2673 1947 esse
2699 1907 2806 1948 non
2836 1903 3062 1965 poterat,
3095 1907 3172 1952 tot
3203 1899 3498 1970 impedien-

1919 1973 2058 2028 tibus
2084 1975 2283 2032 causis.
2314 1978 2624 2050 Quanquam
2657 1994 2710 2038 et
2735 1985 2920 2052 libido,
2953 1988 3090 2043 sicut
3119 1991 3368 2060 superius
3386 1993 3498 2050 dis-

1917 2066 2200 2132 seruimus,
2227 2071 2271 2124 si
2301 2073 2556 2126 emortuis
2583 2075 2834 2130 membris
2860 2078 3118 2134 senilibus
3147 2097 3369 2138 munere
3395 2083 3494 2142 Dei

1918 2157 2142 2227 quodam
2175 2161 2333 2215 modo
2364 2162 2799 2222 reviviscentibus
2835 2169 2995 2223 etiam
3042 2173 3153 2240 ipsa
3197 2173 3492 2230 revivisce-

1918 2257 2001 2303 ret
2020 2249 2041 2280 '
2060 2266 2073 2315 ;
2094 2251 2450 2308 conditionem
2475 2255 2714 2326 profecto
2728 2260 2901 2314 carnis
2917 2263 3282 2332 corruptibilis
3305 2281 3498 2336 seque-

1919 2349 2082 2408 retur,
2113 2353 2170 2398 ut
2197 2355 2340 2402 esset
2369 2347 2422 2401 in
2449 2363 2678 2421 corpore
2704 2353 2888 2406 mortis
2919 2354 3094 2424 hujus,
3120 2372 3238 2426 qua;
3261 2357 3314 2411 in
3343 2373 3500 2428 para-

1920 2433 2036 2490 diso
2065 2451 2180 2492 esse
2206 2454 2311 2494 nou
2338 2448 2514 2510 potest
2541 2450 2665 2497 ante
2696 2455 2972 2513 peccatum
3017 2447 3070 2500 in
3109 2462 3335 2518 corpore
3363 2449 3489 2505 vitae

1920 2523 2076 2581 illius.
2117 2527 2419 2586 Secundum
2460 2533 2823 2590 conditionem
2866 2545 3044 2592 autem
3085 2540 3312 2607 pmnalis
3338 2539 3498 2611 hujus

1919 2621 2192 2690 corporis,
2230 2639 2422 2678 munus
2465 2623 2804 2681 fecunditatis
2849 2643 2990 2684 nunc
3036 2629 3176 2686 Deus
3212 2633 3498 2703 unicuique

1921 2709 2166 2781 largitur,
2196 2729 2302 2768 non
2346 2716 2639 2772 secundum
2684 2718 2828 2774 illam
2867 2719 3171 2777 felicitatem
3193 2765 3208 2789 ,
3241 2722 3332 2778 ubi
3363 2725 3500 2780 nihil

1923 2810 2034 2856 erat
2062 2802 2114 2857 in
2143 2818 2325 2872 carne,
2353 2806 2492 2876 quod
2519 2807 2777 2864 adversus
2803 2809 3046 2880 spiritum
3075 2814 3499 2884 concupisceret,

1922 2901 1978 2948 et
1998 2897 2409 2966 concupiscente
2438 2899 2694 2956 adversus
2722 2917 2782 2956 se
2810 2903 2998 2971 spiritu
3020 2904 3354 2960 frenaretur:
3376 2907 3504 2975 quia

1921 2983 1975 3040 in
1992 2995 2179 3043 natura
2204 2988 2432 3045 hominis
2453 3001 2576 3046 ante
2603 3001 2878 3063 peccatum
2906 3009 3090 3064 pacem
3111 2995 3336 3052 decebat
3354 3008 3498 3066 esse,

1921 3093 2024 3132 non
2054 3079 2272 3135 bellum.
2302 3079 2358 3136 in
2385 3097 2445 3138 ea
2471 3099 2600 3139 vero
2628 3093 2780 3155 parte
2807 3087 3228 3143 ratiocinationis
3251 3097 3355 3143 tuae
3377 3089 3496 3144 fru-

1922 3181 2027 3227 stra
2057 3172 2328 3238 laberasti,
2351 3183 2600 3244 tanquam
2623 3177 2804 3232 dicere
2829 3189 3123 3248 possemus,
3163 3199 3183 3232 ι
3217 3179 3363 3236 lsaac
3383 3181 3504 3238 sine

1921 3267 2349 3337 concupiscentia
2375 3271 2554 3324 carnis
2579 3270 2662 3325 vel
2687 3271 2892 3326 semine
2916 3274 3018 3327 viri
3045 3273 3210 3331 fuisse
3246 3290 3501 3344 procrea-

1923 3366 2053 3413 tum.
2084 3377 2103 3411 ι
2131 3358 2244 3415 Hoc
2269 3361 2410 3418 enim
2441 3377 2546 3416 non
2572 3361 2798 3418 dicimus
2823 3380 2836 3416 :
2859 3373 2914 3420 et
2943 3363 3064 3420 ideo
3088 3364 3346 3436 quidquid
3375 3366 3502 3424 inde

1921 3449 2219 3527 disputasti,
2250 3453 2619 3521 praetereundo
2646 3455 3059 3511 contemnimus.

1987 3541 2214 3599 CAPUT
2253 3543 2368 3599 XII.
2391 3544 2562 3600 ——24.
2586 3546 2738 3612 Quod
2769 3556 2946 3602 autem
2979 3547 3071 3603 tibi
3101 3548 3358 3620 praeclaro
3373 3565 3503 3607 acu-

1920 3634 2065 3689 mine
2091 3635 2237 3690 visus
2259 3652 2318 3691 es
2348 3637 2637 3704 invenisse,
2667 3645 2726 3692 ut
2749 3637 2980 3706 diceres,
3009 3658 3029 3692 ε
3058 3640 3282 3696 Etiamsi
3310 3641 3501 3698 diabo-

1919 3725 2004 3786 lus
2031 3735 2240 3782 crearet
2281 3727 2543 3792 homines,
2576 3727 2720 3782 nulla
2750 3729 2902 3798 culpa
2932 3745 3025 3786 sua
3053 3731 3178 3785 mali
3209 3741 3416 3799 essent;
3448 3741 3504 3788 et

1918 3821 2040 3878 ideo
2073 3817 2184 3892 jam
2229 3831 2329 3872 nec
2369 3817 2495 3873 mali
2537 3828 2749 3887 essent,
2781 3819 2902 3890 quia
2931 3835 3052 3876 esse
3079 3821 3358 3892 quisquam
3399 3823 3504 3878 nisi

1918 3919 2059 3984 quod
2090 3923 2244 3970 natus
2272 3918 2376 3977 est,
2406 3924 2510 3964 non
2540 3919 2734 3980 potest,
2763 3926 2863 3966 nec
2891 3911 2958 3967 ab
2988 3928 3054 3968 eo
3081 3913 3280 3985 justum
3302 3924 3382 3970 est
3402 3916 3503 3970 ali-

1918 4005 2043 4076 quid
2068 4006 2296 4077 amplius
2322 4001 2563 4078 ﬂagitare
2585 4017 2744 4073 quam
2773 4013 2948 4074 potest
2973 4022 2986 4060 :
3017 4024 3036 4057 ι
3066 4006 3300 4060 solemus
3324 4015 3380 4062 et
3405 4022 3504 4063 nos

1918 4099 2173 4157 adversus
2202 4101 2522 4157 Maniclueos
2541 4102 2642 4157 ista
2669 4096 2870 4165 dicere,
2897 4099 2987 4169 qui
3012 4114 3117 4155 non
3148 4100 3382 4160 vitiatam
3408 4101 3505 4157 bo-

1918 4208 2042 4248 nam
2070 4193 2254 4249 dicunt
2285 4208 2404 4252 esse
2431 4204 2696 4262 naturam,
2727 4189 2820 4250 sed
2847 4190 2962 4246 Sine
2991 4190 3143 4246 initio
3167 4199 3222 4246 et
3249 4192 3504 4248 immuta-

1920 4285 2098 4341 biliter
2125 4286 2316 4340 malam
2336 4327 2352 4354 ,
2381 4302 2540 4356 quam
2569 4284 2863 4343 secundum
2891 4297 3018 4341 suas
3043 4282 3245 4339 fabulas
3271 4285 3503 4354 epinan-

1922 4386 2009 4434 1111⁵
2026 4378 2243 4436 malam.
2262 4359 2460 4434 Νᾶιιινξι
2476 4394 2604 4434 vero
2621 4381 2849 4433 humana
2871 4378 3164 4435 secundum
3183 4376 3503 4434 catholicam

1919 4470 2080 4526 fidem
2123 4471 2262 4528 bona
2309 4471 2546 4526 instituta
2568 4513 2582 4538 ,
2615 4471 2708 4528 sed
2741 4473 2920 4527 vitiata
2957 4481 3179 4542 peccato
3204 4469 3507 4543 meritoque

1919 4560 2166 4616 damnata
2198 4571 2301 4616 est.
2346 4561 2456 4616 Nec
2498 4563 2689 4617 mirum
2732 4571 2910 4618 autem
2954 4578 3053 4619 nec
3090 4563 3342 4632 injustam
3383 4576 3501 4632 est,

1921 4651 2060 4722 quod
2082 4652 2227 4706 radix
2249 4651 2269 4683 ³
2291 4650 2492 4721 profert
2508 4651 2754 4707 damnata
2776 4652 3076 4720 damnatos,
3097 4653 3197 4708 nisi
3217 4653 3369 4723 cujus
3387 4669 3502 4710 ma-

1921 4760 2022 4800 nus
2069 4761 2175 4800 non
2217 4745 2385 4800 defuit
2411 4746 2642 4800 creantis
2665 4788 2680 4814 ,
2713 4761 2818 4801 non
2863 4747 3001 4801 desit
3039 4757 3094 4802 et
3133 4748 3506 4805 misericordia

1987 4903 2005 4936 ι
2038 4901 2195 4962 Εάἱιίς
2239 4905 2427 4951 centum
2454 4913 2552 4964 non
2596 4899 3119 4964 transisse._Particula
3149 4915 3338 4964 negans
3363 4903 3507 4955 abest

1921 4977 1950 5014 a
1996 4971 2110 5028 uss.
2139 4979 2177 5028 ;_
2203 4976 2301 5026 quo
2346 4962 2674 5025 intelligamus
2723 4964 2805 5026 jus
2851 4963 3120 5028 liberorum
3168 4962 3254 5013 eos
3271 4969 3506 5028 oonjuges

1958 5027 2005 5076 ui
2039 5024 2524 5083 liberis—carerent,
2549 5038 2644 5073 non
2691 5024 2805 5075 ante
2850 5024 3093 5084 habuisse,
3167 5039 3274 5074 nam
3309 5024 3505 5076 aetatem

1922 5041 2051 5135 alam
2069 5088 2412 5135 excessissent.
2426 5093 2520 5135 ltoc
2534 5087 2621 5135 icsi
2637 5087 2741 5135 iure
2755 5088 2906 5135 omnis
2915 5039 3502 5135 orborunﬁiherabantur.

1923 5087 2051 5136 illam
2069 5088 2412 5136 excessissent.
2426 5093 2520 5135 ltoc
2534 5087 2741 5148 ipsijure
2755 5087 3138 5148 pmnisorborum
3153 5087 3502 5148 liberabantur,

1921 5161 1979 5198 ac
2000 5155 2222 5211 poterant
2247 5160 2343 5195 non
2359 5160 2505 5196 secus
2525 5155 2671 5209 atque
2695 5148 2764 5197 illi
2786 5148 2964 5210 quibus
2987 5156 3124 5196 erant
3145 5162 3426 5199 communes
3442 5149 3503 5198 li-

1920 5209 2048 5281 beri,
2068 5209 2268 5281 solidum
2291 5221 2556 5281 cape-redeat
2576 5211 2677 5258 suis
2699 5209 2904 5281 invicem
2929 5211 3245 5281 testamentis.
3273 5212 3388 5281 Hine
3426 5213 3506 5281 tsi-

1921 5269 2085 5326 dortis,
2099 5271 2289 5333 50143.,
2309 5288 2330 5314 ι
2347 5269 2427 5331 jus
2450 5269 2730 5333 liberorum,
2749 5288 2771 5316 ι
2802 5272 2886 5333 ait,
2912 5288 2935 5316 ι
2956 5276 3032 5333 est
3053 5272 3308 5333 conjugum
3325 5273 3432 5320 sine
3448 5271 3505 5321 li-

1921 5334 2056 5384 beris
2076 5330 2283 5394 invicem
2312 5350 2334 5378 α
2351 5330 2442 5394 pro
2463 5330 2566 5380 loco
2586 5334 2839 5394 pignorum
2855 5332 3149 5394 hmreditatis
3177 5330 3364 5381 alterna
3386 5345 3502 5381 con-

1922 5395 2179 5468 scriptio.»
2214 5393 2452 5468 Ul‘pi‘anus,
2490 5393 2690 5468 magno.
2717 5395 2790 5444 tit.
2820 5393 2896 5468 l_6,
3156 5400 3255 5468 ἕψῃ
3279 5393 3408 5468 inter
3445 5407 3503 5468 se

1922 5452 2160 5519 coniuges
2202 5452 2634 5519 solidumcepisse,
2675 5454 2943 5519 cumilege
2995 5454 3130 5514 Papia
3162 5452 3318 5519 finitos
3354 5466 3506 5519 annos

1923 5515 2227 5574 transissent,
2269 5519 2339 5565 vir
2378 5517 2601 5578 nimirum
2644 5515 2929 5578 sexaginta,
2967 5525 3089 5561 uxor
3126 5515 3500 5578 quinquaginta.

1923 5586 2065 5628 Porro
2095 5580 2385 5638 Augustinus
2405 5577 2613 5625 habitam
2649 5575 2884 5625 rationem
2924 5581 3060 5638 putat
3093 5575 3200 5636 ejus
3234 5575 3405 5636 aetatis,
3438 5589 3504 5626 cx

1922 5654 2018 5704 qua
2058 5633 2240 5704 liberos
2276 5650 2531 5704 procreare
2550 5638 2785 5704 deinceps
2799 5649 2895 5704 non
2924 5633 3164 5704 valerent.

1986 5704 2005 5734 ³
2039 5695 2348 5750 Flor‘iacensis
2369 5707 2472 5760 Ms,
2511 5695 2902 5750 revirescéntibus
2935 5695 3082 5746 etiam
3107 5695 3215 5761 ipsa
3244 5709 3501 5750 reviresce-

1989 5827 2009 5858 ³
2033 5833 2128 5875 Am.
2157 5833 2208 5876 et
2231 5831 2324 5886 Er.,
2351 5823 2477 5889 quod
2498 5820 2798 5874 admit-abitis
2815 5820 2978 5870 radix.

2714 5907 3197 5994 {Viam-troia.)
