3984 6494
250 322 337 385 717

247 418 292 495 ei
314 406 541 508 propter
554 429 908 487 immoderata
932 428 983 483 in
1010 427 1127 497 ipso
1146 439 1358 496 quoque
1378 424 1650 480 connubio
1667 425 1823 479 volu-

248 532 387 584 tabra
432 524 705 590 libidinis,
744 532 799 577 et
834 528 1054 591 propter
1079 518 1415 584 damnabiles
1440 517 1837 586 concupiscena

253 621 377 683 tias,
409 632 478 672 ne
520 625 720 687 praeter
761 612 1002 683 conjugis
1040 612 1057 661 ι
1096 611 1394 667 naturalem
1432 624 1586 677 usum
1627 606 1825 678 aliquid

246 717 592 782 perpetretur,
617 706 790 775 frenat
813 705 949 760 hanc
973 711 1181 774 pestem
1211 720 1224 758 :
1246 701 1374 773 quid
1400 711 1487 758 est
1509 700 1649 771 quod
1671 698 1822 766 dicis,

250 823 266 855 ι
295 802 346 858 in
372 798 690 871 coniugibus
709 813 830 857 cum
854 797 1137 853 honestate
1157 801 1472 860 exercetur;
1503 812 1524 847 ι
1548 792 1701 864 quasi
1728 791 1826 847 ho-

246 902 420 953 nestus
444 891 516 946 sit
543 890 814 961 appetitus
838 888 942 945 iste
970 901 1188 955 semper
1217 886 1271 943 in
1294 885 1522 955 conjuge
1543 925 1562 952 ,
1606 892 1661 941 et
1697 883 1827 940 nihil

245 988 295 1042 ei
330 987 523 1041 saltem
549 983 867 1039 ‘secundum
905 979 1149 1046 veniam,
1196 979 1335 1036 sicut
1372 976 1504 1033 dicit
1541 977 1827 1049 Apostolus

246 1081 295 1150 (.l
320 1082 434 1136 Cor.
462 1095 534 1135 vn
559 1119 576 1145 ,
604 1076 710 1149 6),
738 1074 1101 1132 concedatur?
1124 1072 1341 1143 Quanto
1366 1072 1561 1129 melius
1585 1071 1823 1138 diceres,

248 1174 295 1231 in
319 1173 609 1240 coniugum
648 1166 1031 1227 moderatione
1048 1180 1172 1224 cum
1192 1164 1486 1221 honestate
1514 1162 1826 1220 exercetur!

250 1267 318 1318 An
347 1262 570 1325 timuisti
595 1278 666 1323 ne
704 1260 812 1319 illic
850 1273 1069 1330 quoque
1107 1256 1438 1328 intelligatur
1465 1255 1663 1315 malum
1691 1294 1707 1320 ,
1747 1254 1827 1311 uti

249 1356 394 1411 etiam
418 1353 679 1424 conjuges
706 1351 919 1415 frenum
943 1366 1069 1411 cura
1095 1348 1482 1409 moderationis
1517 1347 1826 1417 imponunt?

251 1445 520 1500 Postremo
540 1459 686 1499 nunc
702 1442 888 1500 saltem
907 1443 1017 1512 jam
1038 1440 1377 1503 continenter
1396 1440 1581 1499 vivens
1601 1452 1828 1510 agnosco

254 1538 301 1593 in
327 1536 599 1609 quadrigis
627 1537 734 1593 illis
756 1534 1123 1601 Ambrosianis
1148 1548 1341 1604 equum
1368 1532 1566 1591 malum
1586 1531 1744 1601 (Loco
1757 1532 1830 1586 ci-

253 1639 345 1685 tato
380 1645 574 1700 supra,
604 1645 659 1693 η.
695 1613 917 1698 12);et
961 1626 1072 1687 noli
1118 1624 1280 1687 corde
1320 1624 1409 1685 vel
1445 1639 1541 1687 ore
1584 1625 1827 1693 laudare,

250 1737 396 1797 quem
418 1724 440 1753 ³
471 1721 688 1792 cogeris
718 1722 914 1787 virtute
949 1718 1181 1781 frenare.
1210 1735 1229 1769 ι
1266 1716 1547 1787 Quartum,
1580 1732 1601 1770 ι
1634 1717 1827 1788 inquis,

258 1837 275 1870 ι
298 1834 328 1879 a
353 1817 761 1882 lascivientium
786 1821 1147 1893 perpetretur,
1170 1812 1225 1873 id
1246 1822 1349 1878 est,
1378 1812 1522 1873 illius
1546 1810 1830 1882 voluptatis

255 1924 519 1977 excessus,
544 1917 599 1973 et
623 1908 746 1979 quia
770 1906 837 1969 de
860 1905 1169 1981 insolentia,
1193 1919 1301 1964 non
1325 1903 1395 1965 de
1412 1914 1602 1967 natura
1626 1901 1832 1979 contin-

252 2003 370 2073 riat
395 2001 595 2071 inquis,
628 2017 649 2052 ι
677 1999 800 2069 iure
817 1997 1153 2063 damnatur.»
1172 1996 1247 2057 De
1264 1996 1439 2067 cujus,
1465 2012 1666 2067 quaeso,
1689 1996 1834 2058 ἣμερα

251 2094 404 2149 lentia
447 2092 759 2163 contingit?
806 2091 1038 2154 lascivire
1062 2130 1079 2157 ,
1120 2104 1187 2151 an
1235 2090 1719 2169 concupiscentia)?
1756 2088 1835 2149 Ne

248 2182 480 2241 oﬂ'eudas
495 2191 823 2253 susceptam,
845 2180 1212 2255 respondebis,
1236 2180 1509 2243 Lasciviac.
1525 2181 1631 2241 Sed
1647 2196 1835 2243 omnes

251 2275 485 2332 homines
526 2276 776 2361 iudicant
816 2275 1051 2335 lascivia:
1095 2289 1202 2337 non
1233 2289 1355 2335 esse
1385 2283 1692 2345 peccatum,
1732 2275 1836 2331 nisi

248 2371 363 2441 quia
388 2369 848 2440 consopiscentiae
870 2368 1222 2445 consentitur.
1248 2366 1536 2424 Nullumne
1564 2381 1695 2439 ergo
1722 2382 1838 2437 ma-

248 2463 348 2525 lum
388 2471 475 2520 est
496 2505 512 2528 ,
552 2462 643 2523 cui
668 2459 1054 2526 censentieudo
1084 2458 1373 2530 peccatur?
1402 2459 1472 2515 At
1508 2458 1612 2517 hoc
1637 2458 1837 2520 malum

248 2556 379 2623 inest
400 2558 457 2611 in
481 2570 647 2621 carne
678 2563 867 2627 contra
891 2552 1135 2621 spiritum
1157 2550 1596 2623 concupiscente.
1625 2549 1837 2612 etiamsi

250 2662 349 2717 non
374 2648 445 2709 sit
480 2646 535 2711 in
577 2645 772 2718 Spiritu
804 2660 910 2715 non
939 2643 1310 2725 consentiente
1328 2678 1346 2711 ,
1377 2650 1433 2708 et
1459 2651 1648 2721 contra
1674 2642 1836 2704 etiam

249 2740 683 2809 concupiscentc.
726 2737 979 2805 Exclamo
1015 2750 1165 2807 ergo,
1191 2734 1375 2803 Libera
1405 2750 1497 2801 nos
1521 2751 1556 2795 α
1578 2732 1719 2799 male
1740 2751 1760 2790 :
1782 2742 1841 2791 et

250 2832 353 2888 noli
378 2832 582 2888 malum
616 2830 766 2897 falsis
793 2828 963 2893 laudis
984 2828 1115 2893 huic
1136 2828 1338 2889 addere
1358 2828 1521 2885 malo.

314 2924 540 2992 CAPUT
578 2923 701 2983 XV.
724 2953 798 2963 —
829 2923 921 2987 29.
949 2923 1157 2987 Diserte
1180 2937 1309 2993 sane
1335 2921 1477 2987 inter
1500 2920 1841 2985 lascivieutes

248 3020 649 3079 etcontinentes
671 3027 922 3088 tanquam
943 3017 997 3095 in
1021 3016 1203 3081 medio
1225 3015 1531 3086 pudicitiam
1549 3014 1838 3075 constituis

250 3112 612 3183 coniugalem,
641 3127 660 3173 ς
690 3125 811 3182 qua:
846 3110 968 3167 illos
995 3109 1177 3171 illicita
1218 3107 1553 3169 commisisse
1590 3106 1843 3179 indigna-

252 3214 352 3273 tur,
384 3206 486 3261 bos
522 3206 689 3263 etiam
732 3204 873 3261 licita
920 3202 1310 3273 contempsisse
1342 3201 1567 3263 miratur
1585 3199 1640 3266 ⁸·;
1670 3200 1842 3263 ultimi

251 3297 429 3354 limitis
454 3297 647 3357 sortita
680 3296 957 3371 regionem
976 3334 995 3362 ,
1023 3294 1163 3371 ultra
1191 3308 1252 3353 se
1289 3292 1659 3363 promentiqu
1686 3305 1845 3369 exse-

255 3399 397 3446 crata
423 3388 751 3453 barbariem,
781 3400 941 3458 supra
970 3401 1025 3447 se
1053 3386 1365 3449 micantium
1392 3394 1642 3447 venerata
1668 3384 1841 3456 fulgo-

257 3496 394 3547 rem,
420 3497 537 3560 quae
560 3478 883 3545 verecundis
911 3478 1159 3545 manilius
1181 3487 1237 3555 et
1262 3478 1511 3560 confovet
1532 3472 1839 3544 aestuantes.

262 3581 319 3626 et
341 3556 519 3626 laudat
539 3572 622 3626 tali
646 3570 888 3641 remedio
908 3587 1014 3655 non
1042 3580 1280 3657 egentes.
1312 3589 1332 3637 ρ
1358 3556 1577 3639 Multum
1603 3568 1844 3645 delector

263 3662 688 3736 eloquentissima
716 3663 946 3719 veritate
966 3644 990 3720 ⁷ξ
1017 3662 1111 3753 sed
1136 3644 1362 3737 obsecro
1387 3672 1459 3731 to,
1488 3678 1682 3735 nempe
1706 3666 1844 3739 sicut

257 3748 391 3808 dicis
411 3797 425 3821 ,
454 3763 508 3810 et
563 3754 913 3811 disertissime
951 3769 1014 3809 ac
1046 3748 1323 3831 verissime
1360 3750 1526 3818 dicis,
1558 3763 1842 3831 propterea

250 3848 587 3904 continentes
612 3844 794 3925 laudat
815 3846 1069 3925 pudicitia
1097 3824 1417 3919 coniugalis,
1461 3824 1604 3919 quod
1633 3846 1725 3901 tali
1760 3824 1844 3902 rei

247 3939 426 4009 medio
449 3956 556 3996 non
583 3948 797 4013 egeant,
830 3924 935 4013 quo
959 3955 1017 3995 se
1045 3924 1219 4012 ipsam'
1245 3936 1502 4022 perspicit
1529 3940 1763 4021 eguisse,
1791 3928 1843 3995 id

248 4040 364 4099 est,
399 4042 459 4088 ut
505 4031 801 4089 secundum
844 4030 1157 4109 Apostolum
1180 4073 1195 4097 ,
1238 4032 1326 4105 qui
1355 4028 1414 4087 sc
1445 4046 1550 4089 non
1582 4033 1840 4107 continet,

247 4123 414 4179 nubat
440 4122 490 4197 (l
516 4121 636 4179 Cor.
659 4140 754 4190 vn,
780 4118 838 4195 9)
871 4142 885 4178 :
908 4140 1008 4180 cur
1030 4139 1159 4196 ergo
1181 4123 1394 4203 quando
1415 4139 1516 4195 ego
1542 4123 1698 4178 istam
1719 4138 1848 4179 con-

245 4218 640 4291 cupiscentiam
673 4216 917 4273 morbum
939 4232 1059 4273 esse
1079 4216 1230 4284 dico,
1262 4202 1320 4273 ω’
1342 4233 1522 4290 negas,
1550 4218 1639 4289 qui
1669 4228 1847 4301 tamen

246 4308 294 4363 ei
328 4306 699 4364 necessarium
733 4309 1029 4364 remedium
1058 4307 1370 4364 confiteris?
1394 4306 1450 4365 Si
1482 4306 1729 4380 agnoseis
1755 4325 1845 4364 re-

245 4395 487 4457 medium
506 4444 521 4470 ,
554 4416 788 4473 agnosce
818 4400 1062 4457 morbum
1087 4418 1101 4455 :
1125 4401 1171 4456 si
1190 4404 1360 4471 negas
1389 4399 1672 4479 morbum,
1712 4402 1849 4471 nega

248 4497 576 4550 remedium.
610 4480 766 4568 Rege
785 4537 800 4563 ,
825 4495 959 4552 cede
982 4492 1273 4571 aliquando
1295 4494 1455 4571 etiam
1488 4509 1584 4564 per
1610 4510 1673 4549 os
1700 4504 1848 4550 tuum

246 4585 340 4677 tibi
382 4587 631 4660 loquenti
659 4587 871 4644 veritati
896 4574 917 4644 τ’
936 4602 1094 4644 nemo
1142 4584 1386 4683 providet
1428 4584 1725 4661 remedium
1760 4600 1848 4640 sa-

246 4681 431 4736 uitali.

227 4803 231 4808 ~
316 4773 555 4849 CAPUT
582 4772 726 4861 ξνι.
754 4805 824 4816 -
846 4774 936 4831 50.
965 4774 1100 4831 Illud
1130 4766 1289 4832 etiam
1317 4781 1463 4831 recte
1487 4772 1643 4841 dicis,
1672 4790 1692 4825 ι
1722 4786 1853 4828 exa—

243 4866 459 4923 minate
481 4864 501 4898 δ
530 4884 639 4942 non
657 4863 827 5013 (resse
856 4867 1068 4947 placere
1096 4867 1450 4945 connubium,
1477 4868 1522 4921 si
1552 4864 1675 4921 mali
1702 4881 1854 4921 com-

244 4948 536 5013 paratione
563 4946 654 5013 lau
694 4969 829 5013 atur.
871 4978 890 5013 ι
932 4952 1043 5013 [ioc
1075 4975 1260 5013 verum
1303 4966 1403 5013 est.
1444 4956 1674 5013 Omnino
1713 4957 1854 5011 enim

244 4948 536 5029 paratione
563 4946 829 5013 laudatur.
862 4946 890 5013 ν»
932 4952 1043 5014 [ioc
1075 4975 1260 5014 verum
1303 4966 1403 5029 est.
1444 4956 1674 5014 Omnino
1713 4957 1854 5011 enim

244 5037 297 5102 in
332 5065 547 5121 genere
578 5063 677 5103 suo
710 5050 906 5120 nuptiae
944 5049 1140 5104 bonum
1180 5058 1336 5129 sunt;
1370 5028 1465 5129 sed
1504 5036 1626 5120 ideo
1658 5048 1855 5122 bonum

244 5132 373 5217 quia
398 5142 567 5198 fidem
591 5141 731 5199 thori
753 5151 986 5208 servant,
1005 5143 1125 5214 quia
1148 5124 1313 5215 proiis
1329 5124 1678 5212 suscipiendae
1698 5154 1860 5211 causa

249 5226 445 5293 scutum
474 5252 762 5309 utrumque
792 5237 1168 5313 commiscent,
1198 5236 1319 5308 quia
1350 5234 1676 5313 impietatem
1708 5248 1860 5303 sepa-

250 5312 487 5409 rationis
514 5332 825 5388 cxborrent.
864 5331 990 5388 Haec
1023 5339 1147 5403 sunt
1186 5330 1321 5419 bona
1359 5312 1638 5405 nuptialia,
1671 5326 1863 5399 quibus

322 5508 341 5575 ξ
366 5498 585 5570 Ἀιίειυοι
606 5514 736 5563 Mss...
762 5506 989 5575 conjugh‘.

321 5634 344 5666 ³
726 5636 830 5701 ᾍδου
845 5633 1054 5705 inlusisse
1070 5633 1294 5686 miratur.
1312 5638 1368 5687 Et
1389 5634 1441 5682 in
1462 5631 1682 5699 margine
1697 5628 1864 5701 habet,

254 5694 675 5747 mediilimiiis.“
746 5694 783 5701 ”
1572 5694 1589 5699 “
1702 5700 1753 5713 ⁷·
1856 5698 1859 5701 ’

262 5792 263 5799 η
320 5760 349 5791 δ
380 5760 607 5817 (illam
646 5767 678 5805 Θ
714 5755 951 5806 Vaticanis
983 5761 1109 5816 ωδε..
1137 5756 1259 5805 Illud
1281 5757 1427 5823 etiam
1452 5763 1581 5809 recte
1603 5755 1725 5811 dicis
1748 5766 1867 5806 exa-

257 5832 393 5873 inuis

1529 384 1541 391 ,
1580 304 1780 367 unus
1817 302 2129 407 maritis.

3421 313 3523 382 718

1933 424 2130 494 nuptim
2156 423 2352 478 bonum
2379 432 2537 481 sunt:
2567 441 2685 497 quae
2710 426 3005 498 saepissime
3025 429 3256 491 diximus
3281 449 3401 493 esse
3426 452 3523 509 po:

1933 516 2115 585 tuisse,
2145 517 2353 572 etiamsi
2380 530 2541 573 nemo
2571 530 2859 588 peccasset.
2888 521 3017 577 Post
3040 518 3319 593 peccatum
3340 528 3516 587 autem

1929 608 2158 666 accessit
2179 610 2277 676 eis,
2308 626 2416 667 non
2441 610 2509 667 de
2534 611 2806 682 felicitate,
2835 616 2928 672 sed
2956 617 3026 673 de
3053 616 3370 678 necessitate
3400 616 3521 680 cer-

1932 710 2129 768 tamen,
2150 711 2210 757 ut
2228 716 2326 757 suo
2348 703 2489 759 bono
2513 715 2747 776 pugnent
2772 708 2932 764 etiam
2960 710 3093 781 ipsae
3108 722 3292 767 contra
3318 725 3522 777 mneo-

1930 795 2203 867 piscentiae
2229 795 2447 863 malum,
2479 797 2546 852 ad
2568 797 2703 853 nihil
2729 813 2845 854 eam
2868 801 3104 858 sinentes
3132 803 3377 861 illicitum
3402 821 3526 877 pcr-

1929 887 2139 953 venire;
2159 888 2401 957 quamvis
2420 889 2534 959 ipsa
2554 892 2610 944 in
2631 889 2764 956 haec,
2785 907 2928 948 nunc
2944 895 3358 963 remissioribus,
3380 913 3527 956 nunc

1928 980 2361 1039 concitatiorihns
2389 981 2641 1050 motibus,
2670 983 2925 1056 instigare
2966 1002 3070 1043 non
3100 1002 3295 1058 cesset,
3324 1002 3380 1049 et
3408 993 3524 1063 ejus

1930 1070 2073 1127 male
2090 1070 2229 1127 bene
2249 1079 2457 1128 utentes
2478 1073 2528 1126 in
2552 1075 2936 1145 propagatione
2963 1077 3212 1134 filiorum.
3239 1081 3373 1138 Illud
3395 1098 3525 1139 vero

1929 1163 2231 1234 quisneget
2257 1165 2474 1231 malum,
2505 1165 2607 1222 nisi
2633 1167 2723 1238 qui
2751 1183 2855 1227 non
2882 1169 3031 1226 audit
3060 1172 3372 1243 Apostolum
3402 1192 3520 1232 mo-

1930 1265 2163 1321 nentem,
2200 1256 2311 1311 Hoc
2336 1266 2507 1312 autem
2532 1258 2649 1314 dico
2672 1262 2947 1316 secundum
2971 1263 3187 1333 veniam,
3216 1281 3319 1321 non
3344 1282 3526 1327 secun-

1931 1348 2053 1404 dum
2066 1350 2330 1419 imperium
2349 1349 2519 1425 (lCor.
2548 1368 2642 1421 vn,
2659 1352 2743 1423 6)?
2755 1355 2968 1424 quando
2995 1357 3252 1428 oonjuges
3268 1373 3373 1415 non
3402 1375 3526 1430 pro-

1932 1440 1997 1496 lis
2013 1441 2383 1511 suscipiendm,
2402 1442 2493 1498 sed
2531 1444 2761 1499 carnalis
2780 1445 3067 1517 voluptatis
3081 1448 3361 1519 explenda;
3397 1451 3527 1509 victi

1931 1532 2216 1604 cupiditate
2245 1536 2636 1602 concumbunt;
2671 1536 2774 1593 hoc
2806 1553 2911 1593 non
2943 1538 3209 1610 laudatur,
3240 1542 3337 1599 sed
3370 1543 3526 1615 igno-

1931 1624 2099 1685 scitur
2134 1623 2188 1679 in
2225 1626 2624 1696 comparatione
2663 1628 2859 1700 pejoris
2877 1630 2919 1699 ⁸,
2958 1631 3437 1693 intervenientibus
3469 1643 3529 1695 et

1932 1715 2339 1785 deprecantibus
2374 1719 2591 1788 nuptiis.
2873 1742 2877 1746 ”
3318 1724 3321 1727 λ

2002 1807 2228 1893 CAP_UT
2258 1808 2595 1867 XVll.—-3l.
2624 1811 2754 1869 Post
2780 1812 2895 1870 haec
2917 1823 3095 1873 autem
3123 1817 3192 1875 ad
3219 1821 3527 1893 exemplum

1935 1886 2165 1971 Abrahae
2190 1911 2245 1957 et
2270 1900 2447 1959 Sarra:
2467 1944 2481 1971 ,
2514 1904 2696 1961 nescio
2720 1921 2826 1977 qua
2863 1910 3072 1966 ratione
3107 1886 3429 1980 reverteris,
3454 1913 3528 1971 de

1937 2006 2044 2064 quo
2069 1994 2179 2065 jam
2215 1995 2343 2059 satis
2382 1996 2722 2068 respondisse
2762 2014 2848 2054 me
2887 2001 3161 2057 existimo.
3199 2000 3308 2060 Sed
3341 2005 3528 2063 nescio

1937 2085 2063 2156 quid
2088 2095 2139 2143 te
2165 2086 2390 2158 fugerat,
2417 2089 2560 2159 quod
2588 2090 2784 2147 addere
2810 2092 3042 2157 voluisti,
3064 2108 3186 2151 cum
3218 2105 3401 2166 postea
3428 2108 3526 2154 ve-

1940 2180 2103 2241 nisset
2125 2182 2177 2236 in
2205 2191 2457 2239 mentem.
2491 2183 2792 2240 Humanum
2819 2196 2920 2251 est,
2946 2188 3083 2245 solet
3109 2190 3324 2247 evenire
3351 2208 3366 2247 :
3396 2188 3527 2264 quid

1939 2287 2062 2344 ergo
2097 2273 2226 2330 illud
2255 2286 2336 2331 est
2365 2276 2663 2333 audiamus.
2706 2278 2876 2346 Dicis,
2905 2298 2930 2333 ‹
2964 2279 3159 2336 factum
3198 2280 3364 2340 fuisse
3396 2294 3524 2354 pro-

1940 2366 2206 2438 pheticum
2225 2410 2240 2435 ,
2267 2368 2409 2439 quod
2434 2382 2576 2424 nunc
2595 2371 2618 2405 ⁸
2641 2379 2912 2431 ostensam
2943 2380 3023 2427 est
3048 2373 3103 2428 in
3133 2374 3351 2444 regione
3380 2374 3528 2429 Afri-

1941 2472 2044 2523 cc;
2068 2459 2300 2529 pulchra:
2320 2469 2374 2516 et
2392 2468 2589 2519 sanctre
2606 2460 2868 2531 mulieris,
2886 2478 3005 2533 quia
3023 2460 3277 2521 Ecclesiae
3296 2462 3525 2521 formam

1942 2550 2173 2619 tenebat,
2204 2558 2375 2609 tutum
2404 2568 2509 2607 non
2542 2567 2665 2610 esse
2690 2553 2774 2608 vel
2803 2554 3105 2626 conjugem,
3136 2557 3217 2611 vel
3245 2556 3523 2627 pudorem,

1942 2652 1995 2700 et
2020 2644 2140 2715 quia
2167 2643 2242 2701 ibi
2265 2644 2519 2700 divinitus
2541 2645 2738 2701 intacta
2765 2654 2975 2701 servata
2999 2655 3103 2703 est.
3136 2665 3156 2700 ι
3180 2646 3259 2704 Ne
3282 2646 3337 2703 in
3356 2649 3529 2704 omni-

1942 2736 2042 2793 bus
2073 2738 2180 2792 tuis
2208 2738 2389 2793 verbis
2416 2738 2613 2794 frustra
2640 2739 2917 2808 immorer,
2946 2740 3014 2796 ad
3038 2751 3160 2797 eum
3190 2742 3275 2798 cui
3305 2742 3527 2812 scribis,

1944 2836 1995 2884 te
2018 2832 2283 2887 convertis
2307 2838 2363 2886 et
2389 2830 2525 2886 dicis
2552 2849 2565 2886 :
2598 2849 2619 2884 ι
2652 2828 2898 2889 Orandus
2925 2840 3008 2889 est
3046 2833 3133 2889 hic
3163 2834 3334 2898 Deus,
3366 2832 3533 2891 frater

1943 2921 2246 2979 beatissime
2273 2922 2305 2979 Ἰ
2322 2923 2553 2991 urbanti,
2585 2925 2942 2980 consacerdos
2963 2925 3331 2992 dilectissime,
3355 2935 3414 2981 ut
3436 2938 3533 2997 pa-

1945 3014 2089 3072 ribus
2115 3018 2277 3073 etiam
2311 3018 2412 3073 hac
2442 3026 2757 3088 tempestate
2794 3018 3076 3074 virtutibus
3117 3018 3408 3074 Ecclesium
3437 3033 3532 3074 ca~

1943 3106 2225 3176 tholicam,
2266 3108 2387 3164 Filii
2429 3111 2511 3167 sui
2551 3118 2837 3180 sponsam,
2876 3120 3172 3174 maturam,
3216 3109 3531 3178 fecundam,

1940 3190 2162 3284 nactam,
2188 3203 2459 3271 decoram,
2490 3219 2520 3259 a
2549 3204 2964 3260 Manichaeorum
2993 3204 3448 3274 censtupratione,
3479 3203 3537 3259 in

1941 3295 2120 3354 Africa
2154 3299 2238 3354 vel
2267 3314 2332 3354 ex
2362 3297 2538 3354 Africa
2576 3298 3003 3355 latrocinantium
3024 3339 3040 3365 ,
3068 3308 3258 3353 eruere
3283 3310 3389 3354 non
3417 3310 3536 3352 mo-

1940 3401 2109 3449 retur.
2143 3410 2163 3445 i
2198 3392 2325 3448 Hinc
2362 3402 2543 3451 nostra
2569 3393 2747 3464 potius
2775 3392 2946 3448 oratio
2973 3399 3055 3447 est
3083 3388 3343 3446 adversus
3367 3380 3537 3444 Mani-

1943 3486 2144 3552 eltmos‘,
2170 3494 2225 3542 et
2249 3487 2567 3552 Donatistas,
2596 3493 2654 3542 et
2679 3487 2812 3542 alios
2839 3486 3141 3550 brereticos,
3167 3484 3250 3540 vel
3273 3483 3541 3555 quoslibet

1944 3579 2220 3637 christiani
2247 3588 2299 3636 et
2323 3579 2572 3635 catholici
2600 3578 2832 3635 nominis
2857 3572 3100 3634 inimicos
3127 3577 3179 3632 in
3210 3575 3385 3631 Africa
3411 3590 3542 3630 con-

1947 3674 2180 3728 stitutos.
2208 3670 2406 3728 Contra
2432 3687 2529 3727 vos
2556 3678 2759 3739 autem,
2786 3673 2908 3743 quia
2940 3669 3093 3725 nobis
3120 3668 3251 3724 estis
3279 3667 3538 3739 pestilen-

1948 3765 2019 3820 tia
2059 3764 2445 3831 transmarina,
2477 3762 2691 3819 Christo
2726 3762 2993 3818 salvatore
3019 3758 3313 3825 vincenda,
3348 3757 3541 3814 ideone

1947 3857 2326 3913 latrocinamur
2364 3871 2431 3913 ex
2470 3856 2678 3923 Africa,
2718 3855 2839 3927 quia
2883 3868 3046 3909 unum
3087 3862 3375 3925 martyrem
3416 3849 3543 3907 hinc

1948 3950 2263 4021 opponimus
2287 3948 2629 4021 Cyprianum,
2659 3960 2755 4018 per
2774 3961 2931 4018 quem
2957 3945 3243 4016 probemus
3268 3942 3542 4014 antiquam

1950 4052 2049 4097 nos
2077 4039 2362 4096 defendere
2390 4039 2550 4095 fidem
2579 4038 2916 4103 catholicam,
2943 4045 3137 4093 contra
3154 4035 3317 4091 vestri
3344 4032 3544 4089 erroris

1950 4149 2140 4189 vanam
2182 4133 2567 4205 profanamque
2595 4130 2922 4187 novitatem?
2948 4130 2995 4186 0
3030 4129 3211 4186 nefas!
3249 4128 3547 4184 Defuerunt

1953 4226 2207 4283 Ecclesiae
2235 4226 2332 4285 Dei
2360 4240 2479 4298 quas
2507 4226 2562 4281 in
2594 4219 2773 4280 Africa
2805 4221 3092 4280 constituta
3124 4228 3227 4285 e'st,
3260 4219 3548 4276 defuerunt

1952 4318 2224 4375 orationes
2249 4326 2375 4385 tuae,
2402 4315 2616 4388 quando
2642 4316 2742 4371 ista
2769 4328 2890 4385 qua!
2919 4324 3215 4384 oppugnas,
3245 4310 3545 4383 Cyprianus

1954 4411 2291 4468 beatissimus
2319 4407 2681 4482 praedicabat?
2699 4405 2930 4477 Quando
2955 4406 3045 4461 ille
3068 4405 3298 4468 dicebat,
3327 4420 3347 4456 ι
3380 4402 3546 4458 Multo

1955 4504 2125 4575 magis
2154 4518 2183 4557 a
2215 4502 2543 4574 Baptismate
2581 4499 2855 4572 prohiberi
2884 4512 2989 4553 non
3023 4496 3183 4553 debet
3222 4496 3424 4561 infans,
3457 4494 3551 4566 qui

1956 4609 2145 4652 recens
2166 4601 2321 4649 natus
2342 4592 2474 4647 nihil
2495 4588 2754 4662 peccavit,
2777 4589 2878 4644 nisi
2898 4587 3041 4660 quod
3063 4586 3355 4643 secundum
3378 4586 3552 4642 Adam

1957 4686 2243 4745 carnaliter
2269 4684 2446 4750 natus,
2468 4683 2772 4753 contagium
2797 4680 2984 4736 mortis
3002 4679 3233 4751 antiquae
3259 4678 3429 4749 prima
3452 4686 3556 4731 nua

1961 4779 2166 4835 tivitate
2189 4777 2484 4843 contraxit,
2515 4782 2574 4832 ut
2601 4774 2651 4830 ei
2678 4774 3018 4829 remittantur
3041 4784 3148 4833 non
3182 4770 3424 4841 propria,
3460 4766 3559 4828 sed

1961 4873 2135 4928 aliena
2170 4878 2386 4942 peccata
2421 4888 2441 4922 ι
2473 4865 2679 4942 (Epist.
2708 4866 2778 4922 64
2800 4865 2869 4919 ad
2898 4862 3125 4935 Fidum)
3155 4880 3170 4918 :
3198 4862 3414 4934 Quando
3440 4852 3557 4917 haud

1963 4963 2260 5037 Cyprianus
2286 4962 2545 5018 didicerat
2569 4969 2625 5015 et
2652 4956 2910 5024 docebat,
2941 4952 3108 5013 defuit
3145 4954 3400 5010 auxilium
3428 4958 3556 5025 pre-

1964 5072 2085 5117 cum
2113 5068 2351 5123 tuarum,
2379 5070 2485 5129 quo
2511 5055 2669 5111 Sarra
2699 5054 2753 5113 in
2782 5052 3000 5123 regione
3028 5050 3222 5109 Africa:
3251 5057 3561 5106 servaretur

1967 5154 2185 5220 intacta,
2207 5161 2262 5209 et
2284 5166 2315 5206 a
2340 5148 2752 5205 Manichaeorum
2775 5143 3228 5213 constupratione,
3251 5142 3340 5212 qui
3367 5154 3559 5196 secun-

1967 5245 2093 5302 dum
2136 5242 2459 5301 intellectum
2499 5250 2679 5307 tuum,
2723 5247 3008 5308 antequam
3050 5232 3325 5289 Manichaai
3361 5244 3560 5287 nomen

1969 5336 2226 5395 Romanis
2252 5334 2520 5391 sonuisset
2547 5331 2601 5387 in
2637 5328 2823 5393 terris,
2849 5328 3013 5384 etiam
3043 5327 3214 5396 ipsum
3241 5322 3563 5392 deceperant

1970 5430 2327 5502 Cyprianum,
2368 5426 2682 5482 liberaretur
2721 5419 2977 5476 Ecclesiae
3019 5412 3394 5486 pulchritudo?
3425 5410 3561 5466 Vide

1970 5537 2089 5601 quin
2113 5528 2451 5595 monstruosa
2469 5525 2522 5597 et
2542 5514 2738 5601 furiosa
2758 5511 2906 5587 dicas
2925 5514 3111 5590 centra
3137 5504 3560 5587 antiquissimam

1997 5749 2023 5760 ..
2038 5686 2055 5718 ³
2072 5690 2224 5758 ,ωνον
2246 5680 2299 5753 in.
2322 5674 2672 5742 εοηφαναιίοηε
2694 5669 2811 5726 mali
2833 5668 3027 5735 Mais-
3047 5664 3436 5729 sbestmtatmh
3457 5662 3560 5716 alii:

1974 5747 2128 5809 libris.
2294 5750 2299 5753 ⁷

2041 5814 2061 5843 ³
2080 5819 2191 5903 fni.
2220 5815 2293 5865 Et.
2322 5813 2372 5859 et
2396 5811 2523 5863 MSS-0
2547 5806 2674 5859 iunco
