3984 6526
379 425 487 500 719

386 560 704 622 catholicam
731 555 914 619 fidem,
940 563 1047 606 nou
1076 544 1320 602 habendo
1345 540 1472 612 quid
1501 539 1669 595 dicas.

460 658 554 716 32.
587 655 695 714 Sed
724 643 1111 722 quantumlibet
1134 635 1498 710 tergiverseris
1516 676 1533 702 ,
1564 649 1597 689 o
1626 629 1845 688 haeresis
1873 627 1978 684 Pe-

383 749 619 824 lagiana,
645 760 764 818 quae
791 747 976 798 contra
1004 748 1186 792 muros
1213 728 1595 801 antiquissimae
1621 723 1858 781 veritatis
1887 735 1984 776 no-

390 819 484 904 vas
508 840 776 903 construis
795 833 1090 898 machinas,
1117 843 1286 885 novas
1307 825 1512 882 moliris
1533 821 1754 878 insidias
1779 839 1793 876 :
1819 839 1838 872 ι
1863 819 1985 874 Ρω-

389 954 494 998 nns
516 937 836 1006 disputator,
867 947 888 983 ι
915 925 1056 998 quod
1081 937 1168 979 me
1191 918 1574 978 contumeliose
1594 924 1716 970 tuus
1735 911 1985 968 defensor

392 1001 660 1102 appellat;
693 1025 892 1080 Paulus
913 1062 928 1088 ,
963 1019 1179 1088 inquam
1200 1056 1216 1081 ,
1247 1013 1567 1082 disputator,
1595 1021 1702 1062 non
1729 1019 1828 1076 ego
1847 1045 1862 1070 ,
1891 1001 1986 1058 sed

392 1098 690 1192 Cyprianus
717 1117 934 1180 Poenus,
969 1119 1021 1166 te
1045 1109 1149 1163 hoc
1173 1106 1394 1163 vulnere
1425 1104 1620 1159 Poenus
1651 1098 1908 1162 immolat,
1935 1105 1991 1151 et

395 1189 610 1283 prauam
641 1209 904 1265 scelerato
933 1219 998 1258 ex
1032 1201 1280 1272 dogmate
1314 1196 1477 1252 sumit
1509 1191 1608 1267 (a).
1639 1189 1809 1259 Quid,
1843 1191 1888 1245 si
1913 1196 1993 1244 tot

397 1310 678 1378 episcopos
707 1318 776 1358 ex
801 1299 977 1356 Africa
1008 1294 1368 1351 nominassem
1388 1331 1403 1356 ,
1432 1296 1563 1359 quot
1595 1302 1662 1341 ex
1701 1284 1819 1340 aliis
1847 1282 1993 1338 orbis

403 1372 642 1468 partibus
662 1387 968 1449 nominavi?
994 1395 1086 1442 aut
1105 1383 1252 1456 quid,
1281 1383 1327 1436 si
1353 1381 1404 1436 in
1425 1382 1504 1435 eis
1527 1378 1656 1448 ipsis
1679 1376 1856 1446 plures
1878 1372 1994 1428 Afri

398 1465 623 1548 essent?
661 1485 812 1542 Unus
854 1482 980 1536 hinc
1016 1486 1129 1543 est,
1163 1475 1346 1531 caeteri
1383 1470 1630 1535 aliunde,
1673 1481 1898 1539 quorum
1927 1465 1995 1521 ab

400 1583 622 1640 Oriente
649 1587 704 1636 et
735 1574 1023 1632 Occidente
1060 1567 1416 1625 consensione
1451 1560 1755 1619 confoderis
1784 1578 1798 1614 :
1831 1569 1886 1615 et
1913 1568 1996 1614 ta-

401 1691 528 1732 men
555 1679 700 1728 tanta
727 1664 1082 1724 obstinatione
1103 1659 1342 1726 emcaris,
1371 1664 1429 1712 ut
1453 1670 1559 1711 non
1585 1653 1790 1718 videas,
1817 1661 1868 1707 te
1895 1665 1995 1723 po—

405 1767 515 1822 tius
535 1763 674 1820 vellc
698 1770 1044 1827 corrumpere
1069 1753 1344 1822 antiquum
1371 1746 1626 1803 Ecclesiae
1650 1744 1916 1806 decorem,
1945 1741 1999 1797 id

404 1865 510 1924 est,
533 1853 804 1924 antiquam
825 1849 1006 1914 fidem,
1031 1855 1226 1915 tanqua
1239 1858 1290 1896 m
1318 1842 1493 1896 Sarrae
1513 1836 1736 1892 aniculae
1754 1833 2000 1924 pulcher-

407 1909 562 2008 rima:
589 1909 911 2002 castitatem.
937 1939 998 1996 .Si
1026 1909 1173 1994 enim
1211 1951 1308 2006 per
1335 1941 1550 1989 sanctos
1582 1909 1848 1985 antistittis
1873 1926 1996 1996 Dei,

407 2036 890 2105 memorabilesque
915 2031 1187 2096 doctores,
1219 2028 1500 2092 Irenaeum,
1527 2023 1874 2094 Cyprianum,
1897 2019 2000 2075 lie-
2025 2077 2028 2080 _

411 2131 622 2197 licium,
639 2127 964 2199 Olympium,
985 2123 1264 2188 Hilarium,
1287 2118 1646 2182 Ambrosium,
1665 2115 1997 2186 Gregorium,

411 2221 669 2277 Basilium
689 2261 706 2286 ,
736 2217 996 2274 Joannem
1017 2256 1033 2282 ,
1065 2213 1432 2270 Innocentium
1454 2252 1468 2274 ,
1501 2217 1555 2264 et
1587 2207 1964 2279 Hieronymum
1983 2246 2000 2273 ,

410 2318 893 2385 constupraverunt
930 2306 1223 2365 Ecclesiam
1253 2302 1562 2368 Manichaei;
1593 2300 1680 2356 dic
1708 2300 1840 2355 mihi
1860 2341 1875 2366 ,
1902 2297 2003 2354 .Iu-

411 2407 577 2473 liane,
608 2419 732 2475 quae
757 2410 810 2456 te
835 2398 1081 2472 peperit?
1107 2396 1296 2453 Utrum
1325 2403 1380 2449 te
1404 2400 1550 2449 casta
1574 2393 1614 2460 ι,
1642 2407 1710 2447 an
1741 2405 1872 2447 vero
1895 2405 2007 2446 me-

413 2499 584 2556 retrix
605 2539 620 2565 ,
653 2497 707 2551 in
737 2496 908 2551 lucem
937 2507 1096 2563 quam
1125 2487 1439 2552 deseruisti,
1471 2501 1567 2556 per
1590 2494 1797 2540 uterum
1825 2481 2008 2553 gratiae

415 2589 708 2665 spiritualis
735 2587 892 2644 enixa
921 2583 1043 2641 est?
1063 2599 1130 2638 an
1157 2588 1216 2636 ut
1239 2580 1490 2651 dogmata
1517 2576 1798 2647 Pelagiana
1827 2574 2008 2630 defen-

416 2682 540 2749 das,
563 2676 807 2748 conjugis
833 2673 1034 2732 Christi
1059 2681 1114 2728 et
1142 2671 1329 2726 matris
1363 2677 1466 2724 tua:
1491 2667 1696 2722 viscera
1716 2705 1733 2734 ,
1761 2666 2010 2720 instinctu

417 2769 632 2842 nefarii,
654 2783 762 2829 non
792 2764 1017 2838 erroris,
1045 2762 1142 2824 sed
1167 2760 1362 2822 furoris
1387 2754 1648 2819 infamas?
1675 2753 1855 2831 Usque
1875 2753 2011 2816 adeo

419 2866 564 2924 enim
591 2873 780 2922 contra
806 2871 1070 2920 vetustam
1108 2855 1558 2930 pulchritudinem
1585 2851 1760 2910 Sarrae
1789 2866 1894 2907 non
1925 2851 2008 2906 in—

419 2962 566 3019 venit
602 2960 728 3032 quid
767 2957 964 3014 novitia
1003 2953 1312 3011 deformitas
1350 2959 1670 3015 mentiatur,
1699 2953 1764 3002 ut
1793 2953 1874 3003 tot
1904 2945 2018 3016 epi-

420 3067 703 3124 scoporum
739 3049 1095 3121 gloriosorum
1125 3043 1510 3101 catholicorum
1541 3041 1593 3095 in
1623 3047 1769 3094 tanta
1803 3052 2016 3093 suarum

422 3143 810 3199 sententiarum
852 3137 1281 3194 manifestatione
1325 3147 1680 3196 consensum,
1725 3130 1779 3184 in
1827 3129 2021 3200 quibus

422 3243 547 3290 sunt
569 3234 660 3305 qui
685 3231 959 3288 Manichaei
992 3245 1094 3286 nec
1127 3243 1324 3284 nomen
1357 3227 1667 3293 audierunt,
1696 3223 2022 3280 Manichaeo-

423 3342 542 3381 rum
567 3323 896 3395 blasphemia
925 3321 1258 3378 criminetur.

496 3419 586 3476 55.
616 3437 636 3470 ι
665 3417 770 3473 Sed
797 3416 864 3472 ab
887 3415 991 3473 hoc
1011 3414 1276 3487 digressu,
1303 3429 1408 3485 quo
1432 3421 1482 3470 te
1506 3414 1759 3484 impetus,
1787 3430 1806 3465 ι
1834 3426 1942 3468 non
1961 3416 2024 3468 ut

425 3513 578 3579 dicis,
610 3529 631 3564 ‹
663 3509 883 3576 doloris,
921 3529 942 3563 ›
970 3509 1064 3564 sed
1093 3508 1285 3579 perditi
1313 3507 1530 3578 pudoris
1562 3525 1582 3559 ι
1617 3507 1929 3572 abstulerat,
1953 3503 2024 3562 ad

424 3619 487 3660 ea
511 3620 630 3675 quae
655 3604 964 3660 institueras
991 3621 1010 3656 ι
1035 3601 1202 3658 delira
1224 3603 1246 3634 ³
1272 3601 1595 3656 reverteris:
1620 3609 1673 3656 et
1691 3600 1932 3656 adhibito
1955 3615 2024 3656 ex

424 3697 682 3766 Apostolo
705 3695 1012 3752 teStimonio
1034 3693 1209 3770 (Rom.
1235 3711 1309 3760 tv,
1330 3694 1443 3764 l9),
1469 3693 1594 3750 illud
1611 3693 1752 3765 quod
1767 3693 1837 3749 de
1853 3693 2024 3748 Abra-

427 3787 512 3842 ha:
543 3795 598 3842 et
633 3787 808 3842 Sarra:
839 3786 1098 3842 emortuis
1134 3785 1390 3840 membris
1422 3785 1664 3853 dixeras,
1705 3784 2024 3841 confirmare

343 3951 366 3968 κ
425 3879 656 3936 conaris.
680 3878 836 3936 Unde
855 3879 964 3949 jam
993 3877 1261 3948 superius,
1285 3887 1538 3949 quantum
1567 3878 1700 3932 satis
1719 3879 1892 3934 visum
1918 3887 2021 3945 est,

427 3988 516 4028 me
533 3972 848 4029 disseruisse
868 3971 1157 4028 suffecerit.
1176 3971 1306 4038 Quis
1325 3978 1502 4026 autem
1523 3969 1857 4027 Christianus
1877 3972 2028 4042 igno-

427 4073 539 4131 ret,
567 4064 710 4135 quod
742 4083 762 4116 ι
799 4063 918 4129 ille,
950 4063 1040 4133 qui
1077 4063 1306 4132 primum
1335 4063 1605 4118 hominem
1647 4062 1772 4120 fecit
1804 4077 1872 4118 ex
1905 4063 2027 4134 pul-

431 4171 588 4222 vere,
619 4169 807 4212 omnes
839 4155 1126 4210 fabricetur
1151 4171 1218 4210 ex
1245 4153 1488 4209 semine?
1521 4171 1542 4206 ι
1579 4153 1686 4209 Sed
1719 4168 1786 4210 ex
1823 4153 2028 4210 semine

427 4245 536 4318 jam
563 4247 748 4302 vitiato
768 4246 789 4278 ³
817 4253 977 4316 atque
1003 4245 1274 4312 damnato,
1301 4243 1443 4315 quod
1478 4244 1670 4313 partim
1710 4259 1807 4314 per
1829 4246 2028 4299 verita-

431 4349 540 4394 tem
569 4347 844 4394 remaneat
869 4337 923 4394 in
949 4336 1233 4408 supplicio,
1261 4337 1454 4406 partim
1485 4351 1581 4406 per
1607 4335 2024 4391 misericordiam

430 4431 687 4486 liberetur
711 4446 740 4483 a
766 4430 926 4484 malo.
953 4428 1066 4484 Non
1093 4429 1272 4499 igitur,
1297 4437 1354 4482 ut
1375 4435 1527 4498 putas
1551 4437 1714 4498 atque
1731 4426 2026 4496 concludis,

439 4541 460 4578 ι
496 4523 620 4578 ullis
647 4523 852 4594 laqueis
885 4523 991 4578 tuis
1021 4521 1220 4591 peccati
1251 4520 1509 4576 naturalis
1535 4519 1824 4576 suffocatur
1850 4535 2030 4576 asser-

433 4619 530 4674 tio.
567 4637 588 4670 ι
623 4618 972 4689 Depravatam
998 4617 1194 4687 quippe
1219 4614 1375 4684 primi
1407 4613 1814 4685 transgressoris
1837 4613 2030 4668 volun-

435 4719 546 4766 tate
570 4720 836 4776 naturam,
861 4725 968 4766 non
997 4719 1084 4764 tua
1105 4707 1346 4764 defensio
1371 4707 1548 4762 verbis
1574 4705 1820 4764 inanibus
1845 4713 2034 4776 purgat

435 4817 536 4876 per
554 4804 808 4860 novitium
825 4803 1018 4874 dogma
1037 4811 1295 4867 vestrum,
1313 4801 1408 4857 sed
1428 4800 1596 4871 gratia
1617 4799 1712 4856 Dei
1732 4813 1828 4870 per
1845 4797 2032 4855 Iesum

437 4895 708 4952 Christum
741 4894 1024 4950 Dominum
1054 4901 1316 4950 nostrum.

511 4988 736 5046 CAPUT
777 4985 960 5042 XVIII.
985 5015 1059 5026 -—
1083 4986 1173 5040 54.
1201 4983 1560 5052 Quamobrem
1588 4995 1689 5039 nec
1717 4989 1865 5053 puto,
1896 4981 2035 5036 sicut

439 5082 816 5148 calumniaris,
848 5078 990 5150 quod
1027 5096 1046 5131 ‹
1085 5077 1340 5150 conjuges
1381 5077 1497 5131 sine
1537 5089 1820 5145 corporum
1857 5074 2035 5130 calore

438 5174 812 5248 generaverint
840 5190 853 5226 :
889 5191 910 5225 ι
945 5187 1045 5228 nec
1073 5178 1200 5241 puto
1225 5168 1366 5240 quod
1399 5187 1418 5221 ι
1461 5168 1730 5223 hominem
1759 5167 1900 5222 Deus
1923 5180 2036 5222 non

437 5271 644 5336 fecerit,
664 5267 980 5323 autdiabolo
1005 5264 1212 5329 fecerit,
1231 5270 1324 5318 aut
1353 5261 1599 5318 diabolus
1619 5259 1838 5326 fecerit;
1869 5279 1888 5312 ι
1910 5259 2036 5331 quia

439 5377 540 5420 nec
561 5361 660 5432 ipsi
688 5367 938 5430 parentes
961 5363 1184 5428 possunt
1203 5353 1477 5410 hominem
1503 5352 1702 5420 facere,
1725 5351 1822 5408 sed
1843 5365 1910 5409 ex
1935 5365 2035 5422 pa-

507 5540 525 5601 ?
562 5537 694 5601 Apud
727 5543 866 5601 πλον.ι
895 5541 1123 5587 utrumne
1143 5540 1296 5601 casto.
1636 5595 1647 5601 _
1677 5589 1682 5592 _

473 5664 482 5674 ,
504 5574 1596 5674 ³έέἷξγξῖιίὲιυῖἕεᾝὲἶ,ξὲἆᾞὶνωξεί-ιρν.,
1613 5589 1845 5674 delirare.
1860 5600 2037 5646 Atcon-

441 5664 630 5734 cingitis
649 5655 1097 5734 victoribuscodea
1111 5655 1172 5734 let
1189 5661 1407 5724 quinque
1428 5655 1658 5720 Vaticani,
1684 5655 1858 5710 delira.

507 5723 532 5756 ³
561 5723 873 5774 Floriacensis
893 5729 995 5778 Ms.,
1031 5719 1217 5772 violato:

507 5783 581 5847 (α)
615 5786 828 5836 Imitatur
847 5783 1116 5847 virgilium,
1149 5783 1336 5847 diueid.
1369 5782 1460 5847 lib.
1483 5783 1558 5842 i2,
1584 5783 1854 5847 νει-32946,
1879 5781 1972 5832 947
1999 5793 2012 5832 :

999 5845 1150 5896 Pallas
1185 5854 1233 5896 te
1269 5845 1361 5895 hoc
1383 5845 1608 5904 vulnere,
1643 5844 1792 5895 Pallas

630 5904 860 5970 unntolat,
883 5915 936 5958 et
951 5921 1142 5972 mnam
1160 5905 1402 5959 scelerato
1426 5919 1490 5958 ex
1511 5910 1751 5972 sanguine
1768 5911 1928 5960 sumit.

1179 422 1456 482 CONTRA
1503 413 1843 477 JULIANUM
1879 407 2351 478 PELAGIANUM,
2389 407 2448 466 S.
2489 404 2858 468 AUGUSTINI

3565 395 3678 456 ’120

2087 531 2328 587 rentibus
2353 530 2491 586 Deus
2519 547 2532 584 :
2561 528 2712 598 cujus
2739 522 2987 598 potestati
3016 535 3118 578 nec
3142 535 3200 577 se
3229 518 3404 593 ipsum
3431 515 3680 574 diabolus

2085 625 2376 691 subtrahit;
2397 631 2595 696 quanto
2611 623 2784 677 minus
2807 627 3048 674 naturam
3067 617 3375 682 humanam,
3395 628 3553 684 quam
3575 613 3682 668 sibi

2090 735 2182 792 per
2205 719 2406 790 peccati
2433 717 2682 774 meritum
2706 715 2796 770 illo
2815 713 3102 769 damnante
3124 709 3384 782 subjecit?
3403 708 3532 778 Quae
3553 723 3682 764 cum

2089 813 2159 868 ita
2184 813 2309 878 sint,
2339 821 2394 866 tu
2417 811 2612 882 potius,
2639 809 2740 864 etsi
2767 821 2871 862 non
2889 805 3083 872 cultor,
3105 804 3244 874 quod
3265 818 3386 858 esse
3410 817 3498 858 me
3520 801 3679 866 dicis,

2093 914 2266 962 tamen
2307 903 2699 976 quantumlibet
2733 916 2855 956 eum
2897 913 3148 954 accusare
3187 896 3450 963 videaris,
3482 895 3684 952 diaboli

2092 997 2298 1070 adjutor
2333 1012 2452 1054 esse
2489 995 2824 1052 convinceris
2854 1011 2868 1048 :
2897 993 2987 1064 qui
3019 1005 3208 1047 omnes
3247 989 3494 1060 parvulos
3521 988 3590 1044 ab
3615 1002 3684 1044 eo

2094 1095 2262 1161 malo,
2295 1108 2390 1163 per
2415 1091 2558 1162 quod
2585 1097 2834 1146 tenentur
2861 1103 2891 1142 a
2917 1085 3131 1143 diabolo
3149 1126 3165 1154 ,
3195 1083 3376 1140 sanari
3405 1097 3500 1154 per
3522 1080 3684 1138 Chri-

2097 1194 2232 1242 stum
2275 1201 2382 1240 non
2419 1183 2616 1239 debere
2651 1179 2964 1247 contendis,
2995 1194 3116 1235 cum
3147 1178 3388 1233 doctrina
3417 1191 3523 1232 non
3551 1190 3687 1232 sana

2098 1295 2252 1336 sanos
2279 1293 2396 1334 esse
2423 1276 2688 1334 defendis.
2719 1275 2835 1346 Ego
2869 1277 3047 1329 autem
3081 1269 3378 1328 secundum
3403 1283 3590 1326 sanam
3617 1269 3688 1324 fi-

2099 1374 2246 1442 dem,
2280 1391 2299 1424 ι
2336 1387 2402 1428 ex
2439 1370 2625 1426 eadem
2665 1366 3109 1439 concupiscentize
3145 1365 3417 1436 voluptate
3453 1377 3688 1420 concrea-

2102 1476 2206 1522 tum
2227 1465 2386 1522 etiam
2411 1463 2558 1518 Isaac
2586 1481 2606 1515 ι
2627 1461 2766 1525 dico,
2789 1475 2858 1516 ex
2876 1475 2978 1531 qua
3003 1467 3057 1515 et
3083 1459 3326 1514 homines
3350 1457 3552 1524 caeteri,
3573 1471 3689 1512 uno

2100 1559 2211 1614 solo
2231 1566 2454 1628 excepto
2473 1556 2541 1611 ab
2559 1556 2662 1610 hoc
2681 1554 2840 1621 malo,
2863 1569 2960 1624 per
2977 1567 3134 1624 quem
3159 1551 3450 1608 liberamur
3468 1567 3500 1606 a
3519 1551 3688 1606 malo.

2109 1669 2128 1704 ‹
2163 1651 2504 1706 Peccatorum
2527 1661 2740 1719 quoque
2767 1645 3082 1716 genitalibus
3107 1661 3324 1700 manum
3343 1643 3536 1699 divine
3563 1657 3696 1714 pro-

2102 1746 2345 1802 videntia:
2379 1744 2637 1800 interesse
2681 1759 2700 1793 ι
2745 1754 2856 1795 ιιοη
2891 1753 3046 1808 nego.
3081 1737 3307 1808 Attingit
3339 1737 3482 1793 enim
3515 1751 3547 1791 a
3581 1735 3696 1793 ﬁne

2103 1853 2271 1910 usque
2307 1837 2376 1892 ad
2415 1836 2574 1891 finem
2613 1833 2852 1900 fortiter,
2885 1839 2940 1886 et
2967 1830 3204 1900 disponit
3241 1831 3418 1885 omnia
3457 1829 3698 1886 suaviter

2105 1930 2261 2002 (Sap.
2279 1945 2393 1998 vnt,
2419 1929 2474 2000 I)
2496 1945 2508 1994 ;
2531 1935 2588 1982 et
2607 1925 2736 1980 nihil
2762 1923 3093 1994 inquinatum
3115 1921 3167 1976 in
3188 1935 3307 1976 eam
3333 1919 3556 1976 incurrit
3577 1917 3695 1984 (Id.

2105 2041 2198 2092 vn,
2224 2023 2318 2096 25)
2347 2040 2360 2076 :
2387 2031 2442 2078 et
2469 2021 2590 2076 ideo
2613 2020 2773 2075 etiam
2801 2016 2870 2072 de
2899 2013 3192 2072 immundis
3215 2022 3269 2069 et
3295 2012 3697 2080 contaminatis,

2106 2133 2224 2188 quae
2248 2115 2477 2172 voluerit
2501 2120 2770 2184 Operatnr,
2801 2108 2998 2165 munda
3025 2117 3202 2164 tamen
3231 2105 3345 2176 ipsa
3371 2112 3425 2160 et
3453 2106 3702 2160 inconta-

2107 2211 2305 2265 minata
2333 2207 2643 2278 persistens.
2669 2202 2780 2259 Nec
2808 2216 2944 2273 opus
2967 2208 3052 2256 est
3075 2209 3132 2255 ut
3152 2197 3478 2253 anfractibus
3499 2196 3701 2266 longis,

2108 2318 2170 2358 ea
2199 2316 2318 2372 qua:
2345 2298 2617 2366 concedo,
2648 2295 2778 2351 mihi
2815 2294 3044 2366 probare
3072 2291 3282 2348 coneris
3313 2307 3329 2346 :
3359 2290 3454 2346 sed
3489 2290 3556 2345 ad
3593 2289 3706 2345 hoc

2109 2393 2408 2465 responde,
2445 2392 2491 2447 si
2531 2399 2710 2462 potes,
2750 2403 2847 2444 cur
2885 2387 2998 2457 ipse
3034 2384 3181 2441 Isaac
3221 2384 3322 2439 nisi
3359 2381 3706 2454 Baptismatis

2109 2484 2307 2542 Christi
2337 2484 2487 2554 signo
2515 2479 2861 2538 circumcisus
2889 2477 2978 2533 die
3005 2485 3192 2532 octavo
3225 2474 3441 2542 fuisset,
3473 2474 3709 2545 perisset

2112 2581 2289 2636 anima
2307 2576 2434 2648 ejus
2455 2575 2524 2631 de
2553 2574 2750 2646 populo
2773 2587 2871 2628 suo
2899 2569 3054 2642 (Gen.
3084 2583 3216 2636 xvn,
3244 2568 3358 2640 14).
3389 2565 3628 2637 Explica,
3657 2565 3710 2624 si

2113 2681 2287 2744 potes,
2315 2677 2460 2724 tanta
2483 2681 2641 2738 poena
2663 2680 2770 2742 quo
2793 2665 2987 2723 merito
3011 2661 3357 2736 plecteretur,
3385 2657 3486 2718 nisi
3513 2657 3581 2714 ab
3603 2657 3714 2714 hac

2115 2761 2210 2824 illo
2232 2761 2580 2824 Sacramenta
2599 2762 2933 2818 liberaretur.
2949 2758 3260 2814 Emortuam
3285 2753 3496 2808 vulvam
3524 2751 3714 2808 Sarra

2116 2858 2183 2914 ad
2208 2857 2549 2914 emissionem
2579 2851 2820 2918 seminis,
2846 2857 2902 2905 et
2928 2858 3228 2904 emortuum
3255 2859 3448 2915 corpus
3477 2841 3714 2898 Abraha

2118 2951 2185 3006 ad
2217 2949 2576 3022 generandum
2607 2945 2744 3002 sicut
2771 2944 2992 3014 juvenes
3013 2946 3305 3012 generant,
3339 2938 3506 2994 Deum
3531 2935 3716 2990 viviﬁ-

2119 3058 2303 3110 casse,
2333 3039 2518 3112 negari
2545 3052 2651 3093 non
2683 3043 2893 3108 potest,
2921 3041 2983 3090 ut
3009 3032 3186 3104 proles
3213 3031 3282 3086 de
3312 3029 3398 3084 illa
3427 3034 3718 3099 parentum

2121 3141 2429 3190 nasceretur
2453 3139 2609 3187 aetate
2636 3145 2650 3184 :
2681 3127 2776 3184 sed
2802 3127 2948 3182 Isaac
2971 3131 3226 3197 quantum
3255 3121 3322 3178 ad
3347 3121 3558 3192 prepria
3583 3133 3718 3189 pec-

2121 3235 2260 3294 cata,
2287 3225 2492 3281 etiamsi
2523 3239 2590 3280 ex
2619 3219 2874 3276 adulteris
2900 3224 3228 3282 nasceretur,
3255 3215 3510 3269 innocens
3533 3221 3719 3279 natus,

2122 3320 2249 3394 quid
2275 3325 2570 3382 meruerat,
2597 3323 2654 3371 ut
2682 3313 2859 3369 anima
2885 3310 3003 3381 ejus
3025 3308 3093 3365 de
3127 3305 3326 3380 populo
3355 3319 3452 3360 suo
3479 3303 3720 3374 periret,

2123 3415 2228 3472 nisi
2265 3411 2600 3470 circumcisio
2637 3403 2982 3464 subveniret?
3019 3402 3140 3458 Noli
3175 3399 3388 3470 evagari
3425 3413 3521 3469 per
3551 3397 3724 3452 multa

2125 3510 2372 3575 obscura,
2401 3503 2676 3577 perplexa,
2700 3497 2968 3570 superﬂua
2995 3514 3010 3552 :
3035 3495 3103 3551 ad
3127 3494 3233 3551 hoc
3261 3509 3423 3550 unum
3449 3499 3723 3563 apertum,

2125 3605 2372 3677 simplex,
2403 3598 2868 3668 necessariumque
2895 3590 3182 3664 responde.

2199 3721 2288 3778 35.
2319 3715 2617 3789 Interponis
2647 3710 2890 3786 Apostoli
2919 3705 3280 3766 testimonium
3299 3746 3314 3769 ,
3345 3707 3452 3758 nbn
3481 3699 3548 3756 ad
3578 3698 3728 3770 quod

2128 3817 2197 3875 ab
2225 3816 2317 3872 illo
2341 3814 2571 3886 positum
2597 3817 2700 3878 est,
2727 3807 2822 3864 sed
2846 3805 2914 3861 ad
2937 3803 3080 3876 quod
3107 3803 3222 3872 ipse
3243 3797 3540 3854 arbitraris.
3567 3793 3732 3852 Unde

2130 3927 2294 3982 nunc,
2321 3907 2572 3982 queniam
2597 3918 2704 3960 non
2733 3900 2858 3958 inde
2884 3898 3110 3970 agimus,
3133 3904 3187 3950 et
3208 3893 3426 3963 longum
3449 3899 3505 3946 et
3531 3903 3732 3958 super-

2129 3977 2422 4063 vacaneum
2450 4009 2534 4056 est
2555 3998 2828 4069 disputare
2851 4010 2865 4048 :
2891 4000 3069 4047 tamen
3095 3984 3393 4058 interponis
3417 3983 3510 4040 ubi
3535 3982 3632 4048 ait,
3655 3977 3732 4038 Et

2132 4096 2383 4172 quomodo
2399 4091 2652 4168 judicabit
2680 4087 2818 4144 Deus
2851 4081 3137 4140 mundum?
3165 4080 3228 4136 Si
3254 4077 3388 4134 enim
3419 4075 3602 4131 veritas
3633 4071 3734 4128 Dei

2132 4166 2187 4248 in
2211 4207 2322 4246 meo
2347 4166 2608 4242 mendacio
2635 4179 2907 4237 abundavit
2935 4177 2989 4232 in
3013 4175 3232 4248 gloriam
3254 4171 3414 4242 ipsius
3433 4211 3448 4237 ,
3475 4167 3600 4240 quid
3627 4166 3732 4219 σάω

2135 4287 2232 4342 huc
2261 4298 2308 4340 et
2336 4297 2426 4355 ego
2455 4291 2696 4350 tanquam
2725 4279 2954 4347 peccator
2973 4268 3183 4343 judicor
3212 4263 3400 4337 (Rom.
3433 4277 3512 4328 tu,
3542 4261 3598 4326 6,
3617 4257 3734 4355 _7)?

2135 4380 2214 4434 Ac
2237 4351 2433 4434 deinde
2451 4369 2748 4442 subjungis,
2781 4384 2801 4418 ‹
2829 4365 2933 4420 Per
2957 4361 3073 4417 haec
3095 4373 3191 4415 sua
3218 4355 3383 4413 verba
3411 4351 3733 4442 Apostolum

2137 4467 2441 4533 ostendere,
2470 4441 2714 4519 amisisse
2741 4459 2908 4513 Deum
2933 4452 3304 4510 auctoritatem
3343 4443 3651 4520 judicandi,
3681 4441 3733 4500 si

2136 4560 2355 4619 modum
2380 4573 2487 4614 non
2515 4553 2685 4611 tenuit
2711 4547 3030 4622 imperandi.
3071 4565 3090 4600 ι
3125 4545 3180 4602 Si
3211 4557 3342 4614 ergo
3369 4541 3510 4597 sicut
3537 4545 3731 4608 putas,

2143 4674 2164 4709 ι
2199 4652 2267 4710 ad
2292 4651 2396 4708 hoc
2419 4651 2519 4705 ista
2543 4645 2679 4703 dixit
2703 4641 3012 4715 Apostolus,
3047 4647 3106 4693 ut
3129 4651 3252 4694 sese
3277 4633 3614 4698 cohiberent,
3637 4625 3734 4700 qui

2137 4745 2451 4804 asserebant
2493 4737 2636 4795 laudi
2681 4735 2778 4792 Dei
2823 4731 3086 4805 proficere
3131 4734 3349 4800 peccata
3387 4719 3738 4786 mortalium;

2139 4856 2369 4913 eumque
2405 4835 2527 4894 ideo
2564 4830 2914 4904 impossibilia
2951 4824 3308 4900 praecepisse,
3346 4829 3406 4876 ut
3443 4811 3736 4913 miserandi

2139 4935 2244 4992 sibi
2281 4909 2558 4990 materiam
2599 4931 2922 4998 praepararet
2951 4939 2965 4976 :
2993 4929 3050 4978 et
3078 4934 3173 4992 per
3206 4917 3346 4972 hanc
3381 4909 3734 4984 apostolicam

2141 5028 2494 5093 sententiam,
2532 5042 2553 5078 ι
2587 5021 2727 5080 sicut
2759 5019 3034 5076 existimas
3049 5021 3074 5082 ,‘
3099 5032 3120 5066 ‹
3157 5011 3576 5071 demonstratur,
3605 5015 3738 5071 pro-

2141 5131 2325 5194 pterea
2353 5126 2502 5176 recte
2529 5113 2760 5188 judicari
2789 5109 3067 5174 homines,
3099 5105 3220 5176 quia
3261 5107 3530 5173 praecepta
3559 5093 3740 5194 possi-

2142 5187 2266 5270 bilia
2305 5227 2412 5268 non
2445 5187 2719 5271 fecerunt;
2749 5203 2945 5274 injuste
2973 5207 3152 5254 autem
3179 5195 3566 5267 iudicarentur,
3597 5187 3642 5244 si
3672 5201 3738 5242 ea

2141 5321 2250 5364 non
2278 5303 2545 5366 fecissent,
2573 5315 2694 5370 qua:
2718 5291 3062 5366 impossibilia
3087 5287 3438 5361 iuberentur:
3467 5302 3488 5337 ι
3519 5279 3647 5370 quid
3663 5274 3740 5332 de

2144 5401 2291 5458 Isaac
2309 5395 2548 5455 dicturus
2565 5369 2648 5460 es,
2671 5389 2758 5448 cui
2781 5387 3068 5461 quidquam
3091 5397 3190 5439 nec
3215 5377 3486 5453 possibile,
3509 5369 3740 5461 necim-

2143 5490 2396 5565 possibile
2419 5496 2503 5544 est
2526 5486 2880 5557 imperatum;
2912 5489 2967 5536 et
2996 5487 3172 5534 tamen
3203 5463 3516 5565 perditionis
3540 5460 3740 5565 anima

2145 5603 2256 5643 suae
2282 5598 2437 5656 paena
2467 5579 2738 5646 feriretur,
2765 5577 2812 5633 si
2837 5583 3024 5630 octavo
3053 5570 3142 5625 die
3178 5575 3284 5616 non
3322 5553 3742 5656 CircumCidtrl’e-

2145 5645 2380 5738 tur?-An
2407 5691 2534 5733 vero
2561 5689 2663 5730 nec
2699 5645 2776 5727 sic
2804 5667 3016 5724 tandem
3043 5654 3298 5727 respicis,
3329 5648 3458 5706 illud
3487 5645 3744 5720 primitus

2147 5778 2200 5831 in
2223 5773 2465 5846 paradiso
2482 5771 2664 5826 datum
2683 5755 2933 5837 possibile
2951 5767 3016 5808 ac
3031 5749 3188 5807 facile
3207 5747 3369 5804 fuisse
3383 5751 3744 5816 praeceptum,

2147 5837 2255 5949 quo
2278 5875 2582 5936 contempto
2608 5869 2768 5930 atque
2801 5850 3019 5918 violato,
3048 5860 3238 5904 omnes
3264 5859 3336 5902 ex
3361 5855 3468 5898 uno
3493 5837 3746 5914 homine,
