3984 6490
246 371 336 433 τίει
646 364 657 384 '
694 338 696 341 ’
840 375 849 395 ·-
922 401 924 403 ›
1595 367 1803 430 LIBER

1945 369 2160 432 RTIUS.

245 503 491 563 tanquam
514 488 571 546 iu
596 503 772 545 massa
796 489 1014 561 originis
1033 501 1318 546 commune
1338 485 1468 542 illud
1489 484 1687 543 habere
1707 502 1833 558 pec-

240 595 443 648 eatum;
473 592 529 638 et
555 583 680 638 hinc
705 598 824 639 esse
841 585 1025 655 jugum
1055 597 1204 653 grave
1231 597 1384 652 super
1412 580 1548 650 ﬁlios
1573 580 1768 643 Adam,
1800 593 1832 631 ιι

241 678 319 732 die
341 677 502 731 exitus
532 676 596 729 de
622 685 795 730 ventre
822 675 996 728 matris
1020 690 1211 740 eorum,
1239 689 1396 746 usque
1421 673 1474 726 in
1503 671 1635 724 diem
1661 668 1830 741 sepul-

241 780 364 823 tura:
386 769 441 822 in
466 778 683 822 matrem
709 767 930 821 omnium
953 763 1138 835 (Eccli.
1165 781 1257 830 XL,
1282 761 1374 836 i)?
1399 763 1466 819 Et
1494 762 1748 834 quoniam
1767 775 1834 815 ex

240 862 331 918 ista
354 861 408 916 in
429 861 602 916 Adam
625 860 968 933 generatione
989 859 1237 914 damnata
1259 873 1418 914 nemo
1440 857 1716 924 liberatur,
1736 855 1834 911 nisi

237 965 585 1024 regeneretur
606 955 658 1010 in
681 954 922 1019 Christo;
949 965 1228 1025 propterea
1255 954 1465 1024 signum
1488 952 1728 1023 ejusdem
1755 966 1834 1008 re-

237 1046 598 1116 generationis
617 1046 762 1102 lsaac
783 1045 882 1101 nisi
901 1047 1216 1115 accepisset,
1239 1045 1500 1116 perisset:
1526 1059 1624 1100 nec
1645 1044 1832 1100 imme-

239 1142 335 1194 rito
361 1139 622 1209 perisset,
649 1140 772 1211 quia
799 1155 863 1194 ex
892 1139 992 1194 hac
1016 1139 1122 1193 vita
1140 1180 1156 1206 ,
1185 1153 1290 1209 quo
1317 1153 1414 1209 per
1436 1137 1830 1208 generationem

236 1231 542 1286 damnatam
574 1232 859 1287 damnatus
886 1233 1194 1296 intraverat,
1227 1230 1344 1285 sine
1373 1229 1523 1301 signo
1554 1243 1832 1301 regenera-

235 1324 394 1377 tionis
422 1325 647 1380 exisset.
680 1325 784 1380 Aut
813 1325 857 1380 si
886 1341 991 1379 non
1019 1331 1101 1380 est
1130 1324 1229 1378 ista
1255 1336 1414 1377 causa
1436 1364 1451 1389 ,
1480 1321 1566 1377 dic
1591 1321 1827 1377 alteram.

238 1415 414 1470 Bonus
443 1427 529 1472 est
560 1417 726 1485 Deus,
753 1418 930 1488 justus
957 1426 1038 1473 est
1063 1418 1205 1473 Dens
1235 1434 1248 1469 :
1281 1424 1455 1487 potest
1484 1416 1691 1487 aliquos
1719 1415 1830 1472 sine

239 1507 389 1563 bonis
428 1510 640 1565 meritis
680 1511 940 1578 liberare,
978 1513 1099 1581 quia
1141 1509 1311 1564 bonus
1348 1518 1465 1574 est;
1512 1524 1618 1564 non
1662 1516 1830 1580 potest

239 1614 560 1671 quemquam
591 1602 708 1657 sine
739 1603 894 1657 malis
919 1603 935 1633 ⁸
967 1601 1172 1657 meritis
1197 1599 1484 1666 damnare,
1515 1599 1638 1672 quia
1662 1600 1832 1670 justus

238 1702 336 1747 est.
367 1693 586 1750 Nullum
625 1695 874 1750 meritum
913 1695 1110 1749 malum
1150 1705 1270 1748 octo
1307 1692 1513 1748 dierum
1557 1692 1730 1748 infans
1764 1691 1831 1748 de

240 1785 468 1855 propriis
516 1787 751 1856 peccatis
797 1786 1056 1850 habebat;
1105 1799 1269 1855 quare
1315 1783 1690 1850 damnaretur,
1729 1783 1830 1838 nisi

240 1877 735 1944 circumcideretur,
768 1879 812 1934 si
842 1893 908 1933 ex
938 1877 1143 1948 origine
1171 1892 1274 1933 non
1306 1875 1584 1931 trahebat?

238 1995 243 2004 ι
305 1969 534 2026 CAPUT
575 1969 717 2024 XIX.
741 1999 809 2010 —
831 1969 919 2025 56.
948 1969 1118 2040 Perge
1142 1967 1208 2023 ad
1235 1977 1451 2033 cretera,
1477 1975 1530 2022 et
1555 1966 1707 2022 vanis
1736 1981 1830 2021 va-

242 2063 388 2117 niora
417 2071 651 2117 conlexe
684 2079 698 2116 :
732 2077 836 2116 non
873 2061 1265 2131 Scripturarum
1295 2067 1596 2114 sanctarum
1623 2057 1830 2127 eloquia

241 2170 352 2224 qua:
382 2169 799 2221 commemoras,
826 2153 964 2218 dico,
995 2152 1089 2208 sed
1117 2167 1183 2208 ex
1212 2151 1294 2206 his
1319 2166 1437 2222 qua:
1461 2151 1726 2206 conficere
1753 2149 1832 2204 ni-

240 2248 384 2302 teris.
414 2247 862 2320 Quandoquidem
891 2246 1046 2313 dicis,
1083 2265 1103 2298 (
1134 2245 1210 2300 Ex
1244 2245 1345 2300 hoc
1387 2244 1607 2315 intelligi
1636 2243 1831 2299 debere

238 2337 528 2406 perfectam
561 2339 914 2409 ignorantiam
940 2337 1196 2408 justitiam
1229 2336 1513 2403 nominari,
1540 2335 1661 2406 quia
1699 2333 1833 2412 dixit

241 2429 378 2485 Deus
398 2429 466 2484 ad
493 2429 830 2496 Abimelech,
857 2430 947 2500 qui
987 2444 1107 2484 cum
1134 2426 1293 2483 Sarra
1323 2427 1496 2482 fuerat
1515 2425 1830 2482 concubitu-

235 2536 324 2576 rus
347 2564 362 2589 ,
391 2522 650 2594 ignorans
681 2522 823 2594 quod
850 2537 985 2576 uxor
1013 2531 1157 2577 esset
1183 2521 1376 2588 aliena,
1408 2517 1477 2573 Et
1503 2536 1592 2590 ego
1617 2518 1834 2572 sciebam

235 2615 346 2683 quia
374 2615 427 2668 in
457 2615 615 2669 corde
640 2615 830 2669 mundo
859 2615 1021 2687 fecisti
1045 2613 1140 2668 hoc
1168 2612 1189 2686 (
1213 2610 1344 2668 Gen.
1379 2627 1471 2680 xx,
1502 2611 1589 2681 6).
1619 2611 1685 2666 Et
1713 2610 1832 2666 ideo

239 2711 570 2764 nascentium
601 2717 822 2775 statum,
850 2707 1216 2779 generantium
1239 2706 1508 2762 voluntate
1529 2719 1635 2760 non
1664 2704 1784 2760 lardi
1812 2720 1828 2761 :

235 2801 349 2872 quia
380 2801 484 2856 etsi
533 2800 674 2855 mala
705 2809 850 2856 esset
872 2843 886 2863 .
920 2819 940 2853 ι
976 2800 1185 2870 inquis,
1236 2816 1256 2852 ι
1286 2809 1463 2854 tamen
1506 2797 1573 2852 ad
1619 2797 1831 2851 illorum

234 2893 373 2947 nullo
400 2908 605 2963 genere
630 2892 908 2948 scientiam
936 2892 1256 2964 perveniret.
1289 2909 1309 2945 ι
1335 2889 1443 2946 Cur
1462 2903 1590 2961 ergo
1608 2903 1704 2945 eos
1724 2903 1831 2944 non

233 2986 475 3040 nominas
496 2986 697 3056 justos,
728 2987 773 3042 si
797 2986 1030 3058 perfecta
1059 2986 1357 3058 ignorantia
1376 2985 1597 3056 justitize
1618 2985 1832 3041 nomine

233 3078 586 3148 nuncupanda
609 3087 694 3135 est
709 3079 734 3131 ?
753 3079 894 3134 Nihil
921 3089 1003 3134 est
1025 3093 1256 3149 namque
1279 3077 1563 3149 perfectius
1583 3078 1832 3149 ignoran-

232 3170 298 3223 tia
325 3170 676 3240 parvulorum
711 3188 727 3227 :
755 3171 887 3226 nihil
908 3186 1038 3242 ergo
1065 3179 1286 3226 vocetur
1308 3178 1362 3225 et
1380 3169 1596 3240 justius.
1629 3168 1724 3224 Ubi
1749 3179 1833 3225 est

231 3263 367 3332 quod
396 3265 652 3334 superius
675 3264 1024 3320 asserendum
1050 3263 1271 3336 putasti,
1304 3282 1323 3316 ι
1351 3263 1461 3318 Nec
1482 3262 1657 3333 justos
1684 3262 1832 3318 nasci

228 3356 503 3424 parvulos,
534 3371 636 3412 nec
666 3357 918 3427 injustos,
943 3356 1086 3428 quod
1116 3355 1279 3411 futuri
1306 3363 1431 3411 sunt
1454 3355 1659 3411 actibus
1686 3355 1829 3423 suis;

230 3445 329 3504 seu
357 3447 734 3502 tantummodo
760 3447 1035 3502 infantiam
1067 3447 1392 3503 innocentia:
1422 3446 1549 3502 dote
1589 3446 1832 3518 locuple-

235 3538 387 3591 teni?
417 3557 436 3590 ι
463 3540 543 3593 An
567 3556 670 3594 non
700 3541 861 3596 verba
889 3549 974 3596 tua
999 3549 1143 3608 sunt,
1172 3541 1261 3596 ubi
1283 3540 1418 3596 dicis
1443 3558 1460 3596 :
1492 3559 1512 3593 ι
1539 3539 1711 3596 Homo
1737 3540 1834 3611 igi-

239 3639 333 3686 tur
360 3632 656 3689 innocentia
686 3634 903 3705 quidem
931 3635 1142 3705 plenus,
1175 3634 1271 3690 sed
1300 3635 1512 3690 virtutis
1540 3649 1707 3706 capax
1732 3650 1830 3690 ua-

234 3727 428 3791 scitur,
458 3734 550 3781 aut
572 3725 780 3782 laudem
799 3769 814 3795 ,
843 3735 936 3781 aut
963 3725 1438 3796 reprehensionem
1466 3741 1532 3781 ex
1556 3725 1832 3797 proposito

230 3817 527 3874 accedente
551 3861 566 3885 ,
599 3823 924 3876 meriturus?
959 3839 978 3873 ›
1013 3819 1282 3891 Numquid
1309 3820 1564 3875 virtutem
1593 3819 1832 3876 dicturus

230 3924 287 3965 es
309 3925 414 3966 non
445 3925 568 3967 esse
589 3913 890 3982 justitiam?
911 3913 1190 3983 Quomodo
1218 3914 1378 3986 igitur
1401 3914 1574 3969 infans
1598 3912 1832 3969 nondum

234 4003 424 4072 plenus
457 4014 544 4060 est
584 4005 821 4074 virtute,
843 4005 947 4070 sed
982 4022 1147 4077 capax
1173 4047 1187 4072 ,
1219 4021 1339 4062 cum
1369 4007 1557 4076 plenus
1582 4006 1652 4060 sit
1677 4008 1831 4077 igno-

231 4095 423 4162 rantia,
457 4110 623 4166 quam
649 4095 782 4152 dicis
806 4113 926 4153 esse
950 4097 1246 4167 justitiam;
1273 4097 1376 4153 nisi
1405 4097 1650 4152 virtutem
1671 4111 1833 4168 neges

235 4201 354 4243 esse
379 4187 692 4258 justitiam?
717 4187 866 4244 Itane
892 4188 1127 4244 nondum
1155 4189 1430 4259 evigilabis
1459 4187 1559 4244 hac
1584 4188 1832 4244 absurdi-

233 4281 338 4332 tate
363 4293 676 4348 percussus.
709 4287 766 4335 et
785 4288 840 4334 te
869 4278 972 4335 hoc
995 4280 1194 4336 dixisse
1222 4280 1540 4349 paenitebit?
1568 4279 1698 4334 Nam
1731 4280 1836 4336 Do-

238 4367 364 4422 mini
408 4368 577 4424 verba
608 4369 863 4440 vigilant,
901 4370 994 4426 sed
1027 4379 1083 4426 tu
1128 4370 1352 4425 dormis.
1379 4370 1562 4441 Neque
1589 4370 1730 4426 enim
1761 4372 1836 4427 ait

239 4460 368 4528 regi,
401 4458 656 4515 Sciebam
701 4461 824 4531 quia
851 4477 946 4516 cor
973 4461 1140 4517 habes
1169 4463 1370 4532 justum
1398 4477 1416 4529 ;
1449 4473 1561 4528 aut,
1592 4464 1713 4534 quia
1740 4478 1835 4518 cor

242 4549 400 4607 habes
425 4553 687 4608 mundum
721 4573 735 4610 :
771 4569 890 4610 cum
923 4555 1178 4625 scriptum
1206 4555 1309 4622 sit,
1346 4553 1492 4609 Beati
1530 4557 1614 4625 qui
1644 4555 1834 4610 mundo

241 4654 352 4697 sunt
379 4646 556 4711 corde,
589 4649 830 4716 quoniam
855 4647 955 4716 ipsi
975 4645 1143 4702 Deum
1169 4647 1404 4702 videbunt
1433 4647 1643 4718 (Matth.
1673 4663 1726 4715 v,
1753 4646 1832 4718 8).

242 4731 317 4788 'l‘u
342 4743 524 4790 autem
565 4736 726 4792 istum
756 4737 1064 4794 Abimelech
1100 4738 1168 4794 ad
1198 4739 1490 4809 peccatoris
1523 4741 1544 4770 ²
1583 4739 1835 4809 proponis

245 4827 569 4897 exemplum.
597 4827 726 4892 Sed,
773 4829 1022 4896 sciebam,
1065 4830 1239 4901 inquit
1264 4830 1405 4887 Dens
1423 4871 1438 4898 ,
1467 4832 1588 4902 quia
1612 4831 1665 4884 in
1686 4831 1838 4885 corde

243 4918 424 4972 mundo
455 4918 623 4989 fecisti
663 4919 778 4973 hoc.
809 4918 924 4975 Non
957 4921 1167 4989 omnia,
1205 4921 1288 4976 vel
1317 4936 1666 4993 qurecumque
1695 4921 1830 4987 alia;

245 5010 334 5065 sed
380 5010 510 5078 hoc,
555 5010 612 5067 in
657 5025 763 5083 quo
798 5010 1047 5068 adulterii
1093 5013 1476 5069 conscientiam
1519 5028 1627 5069 non
1672 5012 1838 5068 hahe-

245 5097 350 5155 bat.
1675 5125 1680 5130 ’

313 5193 402 5248 57.
429 5192 596 5250 Miror
621 5203 800 5251 tamen
825 5195 967 5267 quod
993 5195 1096 5252 isto
1118 5196 1365 5268 exemplo
1383 5213 1412 5252 a
1441 5205 1494 5253 te
1513 5212 1839 5254 commemo-

250 5291 360 5337 rato
381 5327 396 5350 ,
427 5287 573 5358 quod
604 5304 711 5344 non
755 5299 910 5360 potes
934 5333 951 5358 ,
977 5291 1193 5347 conaris
1233 5289 1482 5357 efficere;
1526 5300 1582 5348 et
1620 5307 1726 5346 non
1766 5292 1840 5348 ibi

252 5373 392 5430 vides
420 5379 562 5446 quod
591 5396 698 5436 non
723 5382 806 5437 vis
831 5381 1018 5438 audire
1046 5382 1089 5437 ⁸.
1121 5383 1348 5438 Conaris
1381 5384 1524 5440 enim
1567 5393 1626 5438 ut
1650 5383 1840 5438 creda-

260 5471 357 5532 tur,
386 5475 576 5523 orante
605 5471 894 5540 Abraham,
922 5475 1088 5530 libido
1113 5476 1320 5532 reddita
1346 5492 1468 5533 esse
1504 5477 1838 5548 mulieribus,

258 5559 371 5629 quia
394 5561 652 5633 scriptum
679 5572 781 5633 est,
814 5567 1138 5626 Gentiuserat
1162 5568 1303 5626 Deus
1326 5569 1488 5645 aforis
1506 5587 1705 5628 omnem
1726 5571 1842 5628 vul-

315 5737 337 5807 ξ
367 5739 449 5807 ζιῇο
469 5740 596 5807 apud
613 5746 723 5807 nov.
748 5744 979 5795 omissum
1005 5752 1098 5807 est,
1124 5749 1282 5803 "nalis.

316 5800 342 5869 ξ
368 5799 682 5869 ξιοι-ὶὲοθηείε
703 5813 804 5869 ius,
829 5799 1118 5869 peceatores.

319 5859 343 5894 ³
371 5866 423 5912 In
441 5869 574 5926 ω,
593 5867 721 5928 quod
741 5859 842 5919 non
856 5867 998 5920 vultis
1014 5869 1206 5922 audire.

3423 372 3532 438 ⁸121

1947 503 2060 542 vam
2083 488 2137 542 in
2163 489 2314 543 domo
2335 488 2644 556 Abimetech,
2671 497 2877 562 propter
2896 489 3111 549 Sarram
3129 509 3340 550 uxorem
3367 496 3534 553 Abra-

1941 581 2022 636 Iue
2047 579 2219 652 (Gen.
2247 597 2339 646 xx,
2371 581 2484 651 i8).
2527 581 2676 638 Hanc
2717 585 2858 640 enim
2899 586 3294 644 conclusionem
3331 589 3410 646 sic
3449 591 3533 646 vis

1942 674 2188 744 intelligi,
2227 683 2478 744 tanquam
2508 675 2671 732 libido
2695 677 2856 734 fuerit
2884 679 2989 735 illis
3014 680 3224 736 feminis
3254 682 3364 738 Deo
3394 682 3534 738 indi-

1939 775 2134 836 gnante
2159 765 2394 820 detracta
2425 785 2439 821 :
2466 783 2584 822 cum
2621 770 2788 839 magis
2816 770 3076 827 indicetur
3100 773 3182 828 his
3209 774 3404 842 verbis,
3431 774 3532 830 ali-

1939 873 2044 928 qua
2068 858 2372 914 valetudine
2399 859 2553 913 vulva
2589 863 2841 916 conclusa
2865 903 2878 926 ,
2919 873 2980 918 ut
3019 873 3110 919 aut
3148 866 3534 938 impregnanda

1937 949 2297 1005 concumbere
2322 948 2538 1017 femina,
2569 961 2659 1006 aut
2688 968 2878 1024 parere
2907 953 3249 1026 imprregnata
3279 973 3384 1012 non
3407 967 3530 1030 pos.

1940 1051 2023 1097 set
2053 1061 2066 1097 :
2099 1052 2154 1097 et
2179 1057 2286 1098 non
2313 1043 2589 1098 attendisti
2613 1085 2629 1109 ,
2672 1045 2833 1100 homo
2864 1047 2952 1116 qui
2980 1061 3086 1101 non
3113 1049 3190 1102 vis
3215 1049 3416 1119 judicio
3437 1051 3533 1104 'di~

1937 1133 2062 1188 vino
2100 1148 2418 1205 quemquam
2444 1177 2460 1202 ,
2491 1150 2599 1190 non
2639 1137 2780 1202 suis,
2818 1137 2912 1191 sed
2951 1138 3140 1194 alienis
3178 1141 3333 1210 plecti
3373 1157 3534 1212 posse

1939 1225 2196 1295 peccatis,
2223 1226 2491 1296 quomodo
2518 1227 2633 1282 ﬁeri
2656 1228 2891 1298 potuerit
2918 1238 2973 1282 ut
3000 1229 3311 1285 Abimelech
3341 1248 3532 1301 pecca-

1937 1325 2042 1384 ret,
2074 1318 2318 1388 quamvis
2345 1334 2444 1374 nec
2471 1320 2586 1391 ipse
2612 1320 2914 1376 adulterino
2938 1322 3101 1377 corde
3127 1325 3446 1395 peccaverit,
3476 1335 3534 1382 et

1939 1412 2080 1468 Deus
2109 1413 2654 1486 quantulumcumque
2682 1424 2957 1486 peccatum
2991 1417 3106 1485 ejus
3140 1417 3193 1472 in
3220 1418 3531 1474 mulieribus

1936 1505 2004 1560 ad
2030 1521 2152 1560 eum
2188 1505 2578 1576 pertinentibus
2608 1507 2921 1564 vindicaret.
2963 1507 3128 1564 Vides
3153 1511 3530 1582 contagionem

1939 1599 2166 1655 transire
2193 1600 2398 1670 peccati
2423 1599 2493 1656 de
2518 1602 2635 1656 viro
2677 1601 2730 1656 in
2764 1599 3010 1670 feminas,
3040 1603 3232 1673 quibus
3259 1605 3529 1660 misceba-

1938 1701 2044 1760 tur,
2076 1693 2164 1748 vel
2186 1694 2378 1765 quibus
2407 1694 2817 1762 dominabatur;
2848 1697 2981 1752 etin
3010 1697 3216 1768 prolem
3241 1698 3308 1754 de
3333 1715 3530 1770 paren-

1935 1783 2076 1840 tibus
2099 1801 2204 1840 non
2236 1785 2335 1854 vis,
2365 1802 2432 1842 ex
2451 1803 2677 1858 quorum
2702 1788 2994 1844 seminibus
3020 1799 3360 1861 propagatur.
3388 1790 3530 1846 Cou-

1938 1877 2110 1934 sidera
2139 1879 2299 1950 igitur
2322 1923 2336 1948 ,
2365 1896 2523 1952 quam
2550 1882 2622 1936 sit
2646 1882 3006 1938 inscrutabilis
3042 1883 3268 1940 altitudo
3297 1885 3531 1955 judicio-

1937 1988 2053 2029 rum
2097 1974 2372 2044 sapientiae
2412 1983 2467 2030 et
2509 1975 2747 2031 scientiae
2789 1976 2884 2032 Dei
2919 1977 3108 2050 (Rom.
3151 1995 3238 2046 χι,
3280 1979 3427 2051 55);
3471 1991 3531 2036 et

1939 2067 2142 2138 garrire
2169 2067 2356 2122 desine
2385 2077 2572 2124 contra
2597 2069 2874 2140 originalis
2900 2081 3107 2126 secreta
3133 2073 3359 2142 peccati.

2008 2155 2234 2214 CAPUT
2272 2159 2390 2214 XX.
2430 2190 2502 2200 —
2529 2161 2619 2216 38.
2670 2161 2874 2216 Deinde
2914 2162 3103 2231 incipis
3145 2163 3417 2234 disputare
3459 2165 3531 2220 de

1937 2265 2156 2306 excessu
2180 2253 2648 2324 concupiscentize,
2671 2269 2828 2325 quem
2852 2255 3326 2325 reprehensihilem
3350 2257 3526 2313 dicis:

1937 2344 2082 2412 quasi
2109 2345 2160 2399 in
2192 2344 2308 2414 ejus
2335 2345 2721 2412 moderatione,
2751 2361 2871 2401 cum
2901 2362 2963 2402 ea
2984 2348 3122 2402 bene
3148 2349 3312 2402 utitur
3339 2350 3529 2418 conju-

1937 2444 2110 2506 galus,
2155 2453 2325 2509 equus
2368 2438 2482 2508 ipse
2511 2439 2598 2508 qui
2645 2439 2818 2494 malus
2860 2450 2981 2507 est,
3027 2449 3082 2496 et
3111 2457 3216 2497 non
3250 2443 3424 2511 potius
3459 2444 3530 2498 sit

1939 2530 2054 2599 ejus
2081 2533 2260 2604 auriga
2292 2532 2592 2588 laudandus
2620 2532 2717 2605 (a).
2751 2533 2888 2600 Quid
2927 2549 3054 2605 ergo
3082 2543 3134 2590 te
3170 2535 3423 2606 adjuvant
3450 2547 3528 2593 te-

1938 2621 2183 2678 stimonia
2211 2623 2280 2681 de
2317 2624 2640 2696 Scripturis,
2684 2627 2877 2695 quibus
2916 2627 3238 2693 ostenditur,
3270 2628 3528 2698 quemad-

1937 2714 2150 2770 modum
2180 2717 2320 2771 Deus
2349 2717 2433 2771 vel
2480 2715 2762 2787 prohibeat
2798 2715 3032 2772 libidinis
3071 2718 3153 2772 vel
3184 2717 3402 2772 damnet
3429 2733 3527 2773 ex-

1937 2821 2164 2862 cessum.
2197 2806 2330 2862 lllud
2357 2808 2532 2878 potius
2558 2809 2785 2872 intuere,
2814 2808 3070 2879 quidquid
3098 2809 3148 2863 in
3171 2809 3530 2879 quorumlibet

1937 2890 2254 2970 ﬂagitiorum
2304 2901 2674 2971 turpitudine,
2725 2917 2846 2972 qua:
2891 2901 3214 2971 genitalibus
3270 2899 3530 2956 membris

1937 3005 2294 3066 perpetratur,
2326 2993 2613 3050 horremus
2638 3036 2652 3060 ,
2681 2994 3168 3063 concupiscentiam
3199 2994 3395 3058 carnis,
3424 2993 3530 3050 nisi

1937 3095 2199 3152 teneatur,
2231 3085 2448 3140 efﬁcere
2478 3085 2609 3156 ipsis
2637 3084 2870 3140 motibus
2893 3085 3024 3149 suis,
3057 3099 3191 3155 quos
3217 3085 3266 3140 in
3289 3086 3532 3154 corpori-

1933 3177 2033 3233 bus
2052 3179 2210 3233 etiam
2235 3185 2502 3232 castorum
2524 3191 2692 3248 usque
2712 3176 2777 3232 ad
2803 3177 3254 3248 ingemiscendum
3281 3175 3528 3232 effectum

1935 3269 2181 3340 perducit
2205 3270 2258 3324 in
2287 3274 2513 3325 somnis.
3089 3255 3094 3260 ’

2005 3359 2095 3416 59.
2128 3360 2219 3415 Sic
2245 3369 2422 3416 autem
2446 3361 2604 3428 dicis,
2640 3379 2659 3413 ι
2690 3363 2805 3430 Qua
2829 3361 3037 3417 ratione
3064 3371 3332 3433 qumreret
3355 3361 3529 3432 justos

1934 3455 1990 3512 in
2018 3455 2266 3511 Sodomis
2297 3456 2442 3513 Deus
2468 3455 2632 3528 (Gen.
2658 3473 2805 3522 xvm,
2847 3456 2968 3528 26),
2997 3457 3042 3510 si
3070 3456 3192 3511 illos
3221 3457 3356 3512 tales
3379 3458 3395 3488 ¹
3428 3471 3532 3511 na-

1933 3553 2054 3603 tura
2084 3546 2346 3604 faciebat?
2375 3567 2393 3601 ι
2425 3555 2677 3617 tanquam
2702 3563 2800 3602 nos
2829 3547 3101 3613 dicamus,
3123 3549 3317 3603 mentis
3347 3547 3532 3602 excel-

1934 3641 2165 3697 lentiore
2211 3650 2398 3696 natura
2449 3641 2940 3711 concupiscentiam
2994 3641 3171 3695 carnis
3219 3654 3326 3694 non
3371 3655 3532 3710 posse

1936 3731 2158 3787 frenari.
2184 3730 2290 3787 Sed
2320 3729 2570 3797 dicimus,
2596 3744 2767 3801 usque
2791 3729 2928 3785 adeo
2961 3731 3161 3786 malum
3189 3744 3329 3795 esse,
3358 3737 3415 3783 ut
3441 3745 3531 3784 re—

1935 3837 2182 3894 pugnans
2210 3820 2567 3892 expugnando
2595 3821 2860 3889 vincatur,
2892 3821 3064 3877 donec
3091 3821 3230 3877 sicut
3259 3821 3448 3877 vulnus
3477 3821 3534 3878 iu

1936 3928 2181 3984 corpore,
2214 3913 2287 3969 ita
2313 3912 2548 3984 perfecta
2575 3913 2850 3968 curatione
2882 3923 3120 3969 sanetur.

2007 4004 2099 4059 40.
2132 4003 2188 4059 Si
2233 4013 2414 4060 autem
2446 4013 2621 4074 putas,
2659 4023 2679 4056 ι
2702 4004 3020 4074 Apostolum
3044 4020 3111 4060 ex
3148 4003 3252 4059 hoc
3288 4002 3535 4062 laudasse

1937 4095 2248 4162 libidinem,
2281 4096 2404 4166 quia
2440 4110 2593 4151 usum
2630 4094 2846 4150 femina:
2875 4095 3009 4150 dixit
3046 4110 3167 4152 esse
3202 4095 3532 4162 naturalem,

1939 4189 2028 4243 ubi
2056 4189 2150 4255 ait,
2177 4188 2449 4259 {quosdam
2478 4187 2666 4243 relicto
2693 4187 2918 4244 naturali
2966 4204 3065 4244 usu
3109 4187 3340 4254 feminae,
3367 4203 3534 4244 exar-

1938 4281 2075 4335 sisse
2103 4281 2158 4334 in
2185 4281 2478 4351 appetitum
2506 4295 2662 4336 suum
2694 4281 2746 4334 in
2779 4281 3005 4335 invicem
3043 4299 3063 4332 ι
3091 4279 3274 4351 (Rom.
3308 4295 3348 4348 ι,
3377 4278 3482 4350 27)
3517 4295 3531 4336 :

1938 4387 2154 4427 omnem
2198 4372 2441 4443 profecto
2470 4386 2625 4426 usum
2661 4371 2875 4427 femina:
2910 4369 3128 4426 laudare
3155 4369 3533 4442 compelleris;

1939 4480 2004 4520 ac
2027 4480 2126 4537 per
2150 4464 2254 4520 hoc
2275 4473 2330 4521 et
2355 4480 2416 4520 ea
2446 4481 2564 4535 quae
2593 4480 2713 4519 cum
2742 4463 2955 4519 feminis
2990 4464 3397 4518 committuntur
3419 4471 3536 4517 stu-

1941 4573 2036 4627 pra
2066 4556 2326 4623 laudabis,
2357 4557 2480 4626 quia
2511 4564 2565 4610 et
2607 4555 2714 4610 illic
2754 4570 2880 4610 usus
2907 4555 3092 4624 utique
3117 4553 3376 4612 naturalis
3414 4564 3534 4610 est:

1940 4649 2183 4719 quamvis
2209 4646 2566 4714 damnandus,
2595 4646 2719 4717 quia
2744 4645 3010 4716 legitimus
3034 4660 3143 4701 non
3172 4654 3290 4711 est;
3319 4644 3459 4701 unde
3483 4654 3540 4703 et

1941 4739 2038 4794 filii
2076 4754 2184 4794 non
2230 4739 2485 4810 legitimi,
2525 4737 2620 4792 sed
2649 4738 2920 4792 naturales
2949 4745 3240 4803 vocantur,
3283 4737 3373 4807 qui
3413 4736 3541 4796 inde

1943 4840 2259 4888 nascuntur.
2301 4829 2419 4886 Non
2463 4831 2642 4901 itaque
2679 4830 3167 4901 concupiscentiam
3226 4831 3406 4886 carnis
3447 4829 3540 4887 illo

1941 4925 2108 4982 verbo
2148 4923 2384 4980 laudavit
2429 4924 2718 4994 Apostolus
2751 4941 2764 4977 :
2799 4922 2894 4978 sed
2923 4923 3222 4979 naturalem
3251 4922 3542 4996 appellavit

1942 5033 2098 5074 usum
2121 5059 2136 5086 ,
2173 5015 2316 5072 unde
2346 5023 2536 5072 natura
2577 5013 2809 5070 humana
2845 5022 3023 5086 potest
3062 5014 3335 5072 nascendo
3359 5014 3542 5072 subsi-

1941 5119 2104 5168 stere.

2014 5203 2104 5258 41.
2152 5201 2295 5257 Dicis
2318 5243 2335 5270 ,
2387 5218 2407 5253 ι
2436 5200 2600 5257 etiam
2629 5198 2940 5256 Sodomitas
2966 5207 3021 5256 et
3047 5199 3103 5256 in
3143 5202 3297 5272 panis
3324 5214 3390 5256 ac
3425 5197 3541 5254 vini

1945 5308 2200 5366 peccasse
2225 5302 2470 5349 creatura
2500 5310 2516 5347 :
2554 5309 2576 5345 ι
2610 5300 2770 5363 atque
2796 5291 2869 5346 ita
2914 5292 2994 5346 vis
3033 5290 3390 5362 intelligamus
3414 5290 3545 5346 libi-—

1944 5386 2124 5442 dinem
2151 5387 2369 5453 bonam,
2393 5385 2488 5441 sed
2515 5383 2762 5440 homines
2786 5383 2877 5455 qui
2897 5399 2960 5438 ea
2985 5384 3126 5440 male
3151 5392 3390 5449 utuntur,
3419 5397 3542 5439 esse

1946 5477 2268 5548 culpabiles;
2316 5477 2456 5531 sicut
2495 5474 2638 5530 bona
2683 5484 2768 5530 est
2809 5482 3053 5529 creatura
3097 5473 3250 5542 panis
3294 5481 3348 5527 et
3389 5471 3538 5539 viui,

1947 5570 2190 5648 quamvis
2217 5583 2282 5625 ea
2323 5567 2462 5624 male
2502 5567 2700 5623 utendo
2730 5575 2998 5638 peccetur.
3029 5565 3106 5621 Ita
3133 5565 3276 5620 enim
3316 5579 3422 5621 non
3452 5565 3541 5648 in-

2011 5749 2032 5782 ί
2065 5755 2212 5808 ων..
2235 5753 2384 5808 Deus,
2423 5744 2518 5796 nisi
2562 5741 2713 5806 tales;
2755 5741 3112 5806 refragantibus
3149 5740 3295 5792 editis
3336 5737 3445 5791 aliis
3469 5747 3519 5791 et

1949 5817 2087 5938 IISgit)
2121 5871 2295 5922 Alludit
2311 5871 2372 5921 ad
2398 5869 2547 5922 verba
2566 5869 2798 5922 Ambrosii
2819 5879 2965 5932 supra
2983 5867 3144 5929 citata,
3169 5878 3220 5916 ιι.
3247 5865 3322 5917 12.
