3984 6520
430 402 544 503 ἷξε

436 530 634 639 teiligis
655 534 783 637 quid
807 530 1061 629 loquaris,
1094 560 1279 609 utnon
1310 544 1509 619 videas,
1541 536 1839 606 creaturam
1866 548 2016 620 panis

437 656 493 712 et
544 648 655 708 vini
704 665 807 706 non
861 646 1242 719 concupiscere
1283 644 1544 701 adversus
1591 644 1835 715 spiritum
1862 684 1875 708 ,
1924 641 2019 698 sed

439 746 609 821 ipsam
636 742 812 814 potius
856 739 1136 794 inhoneste
1163 754 1195 793 a
1225 734 1362 810 male
1386 735 1655 792 utentibus
1680 734 1981 806 concupisci
2003 776 2016 799 ,

437 842 494 896 et
509 852 627 893 eam
649 834 943 891 forinsecus
964 832 1019 888 in
1041 841 1281 888 nostrum
1303 845 1501 902 corpus
1522 829 1741 885 intrare.
1766 827 1878 896 Qua
1900 827 2021 882 ideo

436 926 648 1009 parcius
683 937 741 1013 et
762 916 1062 985 restrictius
1088 936 1173 983 est
1215 925 1503 995 utendum,
1541 938 1610 981 ne
1652 922 1766 1003 ipsa
1811 938 2021 1001 quoque

434 1014 901 1091 concupiscentia,
941 1016 1084 1090 quod
1123 1016 1321 1073 malum
1365 1017 1508 1072 intus
1546 1029 1608 1071 ac
1634 1023 1874 1069 nostrum
1901 1021 2018 1080 est,

436 1123 673 1168 mentem
703 1110 1034 1181 corruptibili
1062 1124 1289 1180 corpore
1326 1124 1395 1164 ex
1428 1105 1815 1162 abundantiore
1851 1113 2022 1169 mate-

433 1203 513 1266 ria
534 1202 705 1259 multo
726 1201 954 1281 amplius
973 1209 1312 1273 aggravante,
1340 1197 1597 1254 adversus
1619 1212 1716 1281 nos
1737 1186 2024 1269 vehemen-

435 1296 539 1351 tius
567 1304 623 1352 et
645 1286 894 1350 invictius
922 1294 1234 1349 concitetur.
1263 1291 1377 1346 Hoc
1399 1290 1558 1362 igitur
1586 1284 1747 1355 malo,
1777 1288 1915 1365 quod
1944 1291 2023 1351 in-

431 1372 579 1444 dicat
616 1372 811 1442 malum
857 1400 974 1441 esse
997 1425 1013 1453 ,
1055 1385 1168 1439 sive
1209 1383 1298 1454 qui
1328 1381 1583 1437 adversus
1610 1380 1739 1435 illud
1767 1378 2020 1465 dimicat,

432 1472 549 1539 eive
578 1497 733 1557 quem
763 1468 1040 1550 subjugat;
1071 1486 1124 1533 et
1152 1490 1348 1551 parens
1380 1472 1516 1530 bene
1546 1468 1743 1538 utitur,
1772 1487 1894 1527 cum
1924 1489 2024 1542 pu-

433 1572 555 1630 dice
599 1556 767 1629 ﬁlium
794 1564 996 1644 gignit;
1029 1579 1083 1627 et
1122 1568 1284 1634 Deus,
1324 1582 1445 1624 cum
1488 1564 1708 1639 provide
1750 1564 2021 1622 hominem

432 1652 636 1721 condit.
1180 1706 1185 1711 .

507 1736 735 1813 CAPUT
761 1732 982 1810 XXi.—
999 1734 1089 1809 η.
1118 1750 1267 1807 Nunc
1296 1765 1424 1823 ergo
1454 1740 1754 1817 considera,
1777 1752 1906 1821 rogo
1934 1758 2019 1818 te;

434 1831 600 1915 hunc,
623 1832 859 1916 inquam,
881 1828 942 1899 tit
966 1851 1019 1900 te
1044 1840 1330 1898 salubriter
1351 1840 1547 1897 veritas
1566 1839 1758 1907 vincat,
1783 1839 2023 1910 deposita

433 1928 683 1994 vincendi
713 1926 1000 2008 cupiditate
1028 1933 1340 2015 considera,
1372 1920 1549 1988 utrum
1579 1942 1795 2015 nostrae,
1823 1948 1888 1987 an
1920 1942 2022 1988 ture

432 2020 718 2089 sententiae
760 2026 960 2086 debeas
983 2014 1344 2100 acquiescere.
1373 2024 1539 2098 Bene,
1568 2029 1711 2101 quod
1742 2046 1762 2081 ι
1789 2016 2021 2086 breviter

431 2122 725 2178 admonere
764 2118 819 2177 'te
845 2138 867 2175 ι
901 2120 1072 2188 'dieis,
1122 2137 1142 2173 ι
1170 2127 1227 2175 ut
1274 2120 1491 2177 lectoris
1535 2121 1739 2192 pectori
1785 2121 2016 2191 haereat,

430 2206 576 2288 quas)
606 2224 714 2271 toto
744 2210 879 2270 libro
908 2216 1005 2271 abs
1033 2224 1085 2270 te
1123 2223 1331 2297 gestum
1362 2222 1461 2271 est.
1493 2233 1513 2268 ι
1545 2212 1614 2271 Ει
1641 2232 1759 2289 qua:
1802 2217 1873 2273 sit
1909 2217 2017 2291 ipsa

418 2308 611 2365 ‘hrevis
638 2307 952 2375 admonitio,
980 2296 1325 2362 subinferens
1353 2325 1367 2361 :
1402 2325 1421 2359 ι
1445 2304 1899 2379 Concupiscentite
1924 2325 2018 2367 m-

428 2390 614 2458 tnralis
650 2402 742 2472 qui
770 2400 989 2457 modum
1021 2382 1199 2466 tenet,
1234 2417 1253 2452 ι
1290 2399 1484 2472 inquis,
1522 2419 1542 2453 ι
1568 2401 1711 2457 bono
1741 2402 1875 2459 bene
1916 2402 2018 2458 uti-

427 2486 551 2560 tur;
582 2492 672 2564 qui
716 2492 934 2549 modum
977 2507 1082 2549 non
1116 2500 1283 2560 tenet,
1317 2493 1460 2548 bono
1505 2495 1647 2551 male
1677 2496 1841 2552 utitur
1871 2514 1885 2550 :
1925 2486 2015 2567 qui

428 2590 606 2639 autem
628 2584 788 2641 etiam
811 2585 983 2658 ipsum
1006 2584 1248 2653 modum,
1276 2596 1476 2642 sanctae
1494 2584 1809 2658 virginitatis
1838 2605 2017 2647 amore

431 2660 865 2757 contempserit,
899 2676 1042 2733 bono
1084 2676 1277 2732 melius
1314 2692 1422 2732 non
1460 2677 1655 2757 utitur;
1700 2674 2015 2737 confidentia

428 2770 627 2843 quippe
652 2785 762 2825 suae
792 2754 1000 2839 salutis,
1036 2774 1056 2824 ι
1088 2769 1282 2841 inquis,
1318 2789 1336 2822 ι
1361 2779 1415 2826 et
1442 2754 1670 2837 roboris,
1702 2774 2017 2842 contempsit

430 2861 692 2930 remedia,
715 2870 771 2917 ut
795 2862 1026 2934 gloriosa
1054 2870 1234 2933 posset
1253 2878 1501 2943 exercere
1521 2865 1832 2920 certamina.
1861 2884 1879 2918 ι
1904 2847 2015 2939 Ego

432 2968 563 3011 vero
592 2953 670 3010 sic
694 2948 761 3010 ad
788 2963 877 3010 tua
907 2955 1007 3010 ista
1033 2954 1332 3026 respondeo
1366 2973 1381 3011 :
1418 2952 1873 3028 Concupiscentiac
1897 2973 2014 3013 car-

433 3045 573 3101 nalis
595 3047 685 3117 qui
707 3030 922 3101 modum
949 3055 1113 3112 tenet,
1138 3047 1278 3101 malo
1297 3047 1435 3102 bene
1464 3042 1652 3117 utitur;
1680 3049 1772 3123 qui
1802 3049 2015 3107 modum

429 3152 539 3194 non
572 3146 737 3206 tenet,
766 3138 907 3195 malo
935 3139 1075 3195 male
1101 3140 1268 3195 utitur
1296 3158 1309 3194 :
1336 3139 1425 3212 qui
1455 3151 1630 3197 autem
1656 3143 1813 3197 etiam
1843 3144 2013 3215 ipsum

423 3219 673 3296 inodum,
697 3240 896 3286 sanctae
917 3228 1235 3302 virginitatis
1256 3247 1438 3288 amore
1457 3234 1855 3306 contempserit,
1874 3236 2017 3293 malo

428 3322 625 3401 melius
670 3338 775 3377 non
807 3321 1006 3401 utitur;
1039 3322 1358 3379 conﬁdentia
1386 3312 1580 3397 quippe
1621 3325 1814 3382 divina:
1839 3328 2018 3401 opitu-

424 3400 645 3468 lationis
675 3419 731 3468 et
759 3398 998 3469 muneris
1041 3404 1362 3485 contempsit
1402 3414 1582 3473 inﬁma
1612 3417 1629 3450 ³
1658 3398 1929 3495 remedia,
1960 3430 2018 3477 ut

424 3502 739 3576 glorioSiora
778 3496 964 3577 posset
1001 3520 1255 3562 exercere
1295 3502 1606 3564 certamina.
1657 3511 1712 3565 in
1743 3510 1843 3566 hac
1888 3494 2016 3568 cori-

426 3584 693 3652 troversia
723 3595 791 3653 de
815 3596 955 3653 bene
982 3597 1181 3653 utendo
1210 3597 1335 3666 isto,
1366 3600 1545 3656 utrum
1574 3592 1716 3656 bono
1742 3618 1807 3656 an
1833 3592 2012 3675 malo,

422 3684 541 3769 tota
585 3687 726 3743 inter
752 3704 851 3743 nos
890 3702 1050 3745 causa
1075 3694 1336 3769 versatur.
1368 3676 1425 3747 in
1449 3707 1551 3763 qua
1576 3684 1769 3769 vellem
1799 3686 2014 3767 quidem

427 3765 670 3867 egregios
691 3778 898 3861 judices
926 3794 1035 3835 non
1059 3780 1388 3867 repudiares,
1404 3782 1548 3867 quos
1575 3766 1668 3839 tibi
1697 3765 1831 3840 meis
1856 3772 2015 3857 supe-

423 3862 660 3929 rioribus
685 3858 836 3929 libris
864 3886 993 3929 sana
1018 3858 1260 3931 doctrina
1284 3858 1543 3945 eruditos,
1570 3878 1685 3933 sine
1705 3872 1815 3933 ullo
1836 3876 2013 3936 studio

422 3966 656 4051 partium
684 3967 749 4051 de
772 3966 877 4049 hac
920 3970 1079 4023 causa
1111 3969 1405 4051 sententias
1440 3962 1723 4041 protulisse
1749 3981 2013 4030 monstra-

423 4046 499 4112 vi.
528 4046 636 4115 Sed
662 4046 936 4129 quoniam,
968 4058 1014 4115 si
1041 4066 1094 4116 te
1119 4076 1224 4115 non
1253 4048 1575 4135 correxeris,
1619 4052 1854 4135 ipsorum
1881 4081 2015 4137 quo-

423 4158 530 4223 que
555 4138 971 4231 accusationem,
1002 4150 1108 4222 vel,
1139 4148 1200 4208 ut
1227 4153 1406 4235 mitius
1434 4152 1686 4224 dixerim,
1714 4157 2011 4227 reprehen-

420 4236 632 4323 sionem
661 4244 777 4298 sine
794 4236 968 4323 [dubio
998 4240 1356 4319 prmparabis;
1387 4253 1437 4301 te
1461 4246 1639 4318 potius
1665 4256 1784 4303 utar
1806 4248 2009 4321 judice,

419 4320 522 4411 pro
547 4340 665 4391 mea
693 4320 953 4411 sententia
977 4345 1163 4391 contra
1186 4346 1328 4393 tuam
1354 4355 1369 4393 :
1392 4330 1503 4392 non'
1525 4338 1717 4394 alicubi
1747 4341 1895 4409 alibi,
1918 4320 2012 4399 sed

419 4408 476 4483 in
504 4424 693 4485 eodem
729 4408 867 4513 iibro
893 4420 1012 4513 tuo;
1045 4445 1145 4513 nec
1170 4416 1287 4502 ejus
1320 4430 1446 4499 alio,
1474 4422 1567 4487 sed
1595 4433 1710 4504 ipso
1737 4415 1877 4491 ioco.
1917 4435 2010 4503 Di-

420 4513 546 4600 xisti
586 4520 750 4589 enim,
805 4512 1097 4576 (sanctam
1141 4521 1498 4592 virginitatem
1539 4512 1855 4581 conﬁdentia
1899 4516 2011 4584 suae

420 4598 609 4693 salutis
638 4623 691 4669 et
717 4598 929 4669 roboris
967 4604 1357 4687 contempsisse
1402 4616 1669 4686 remedia,
1700 4608 1756 4673 ut
1779 4619 2011 4693 gloriosa

418 4684 602 4789 posset
624 4698 877 4787 exercere
896 4694 1208 4761 certamina.
1236 4725 1254 4758 ι
1277 4694 1470 4775 Quaero
1489 4723 1607 4778 quae
1628 4709 1860 4764 remedia
1883 4724 2012 4765 con-

420 4782 726 4869 tempSerit.
755 4782 1148 4867 Respondebis,
1177 4790 1420 4869 Nuptias.
1450 4794 1663 4868 Qumro,
1696 4800 1801 4856 Ista
1830 4786 2011 4859 reme-

420 4864 505 4941 iiia
532 4895 717 4941 contra
743 4901 901 4958 quem
924 4870 1168 4943 morbum
1190 4874 1313 4944 sunt
1334 4882 1672 4945 necessaria?
1692 4874 2010 4951 Remedium

420 4962 620 5059 quippe
638 4960 677 5029 vi
698 4960 993 5059 medendo,
1021 4974 1075 5033 id
1104 4986 1189 5034 est
1215 4994 1246 5033 a
1272 4974 1608 5059 medicande,
1639 4997 1834 5037 nomen
1859 4986 2013 5039 acce-

420 5058 519 5143 pit.
540 5050 712 5127 Simui
730 5062 908 5143 itaque
929 5060 1171 5127 videmus
1185 5054 1344 5127 ambo
1364 5054 1655 5129 remedium
1677 5068 2008 5144 nuptiarum:

418 5164 814 5253 currtulaudas
845 5163 1079 5253 libidinis
1102 5164 1371 5234 morbum,
1398 5180 1517 5253 quo
1543 5167 1807 5239 perveniri
1835 5162 2011 5224 cernis

419 5240 497 5335 iad‘
516 5236 771 5325 inertem,
798 5236 987 5335 Sinon
1004 5256 1056 5313 ei
1083 5258 1299 5315 resistat
1323 5244 1412 5335 aut
1439 5240 1781 5327 continentiae
1809 5262 2010 5329 retina-

417 5330 621 5429 euium,
645 5357 734 5407 aut
755 5330 1035 5425 coniugale
1056 5340 1351 5407 remedium
1372 5330 1532 5409 iIam
1561 5348 1664 5410 hoc
1689 5362 1742 5411 et
1766 5338 2012 5425 superius

544 5428 892 5519 teenmgubi
939 5428 1291 5502 disertissime
1330 5436 1639 5519 pudicitiam
1679 5447 2010 5521 conjugalem

418 5524 563 5623 inter
606 5528 947 5623 lascivientes
985 5526 1041 5594 et
1081 5526 1417 5623 continentes
1461 5540 1534 5595 ita
1564 5540 1806 5611 posuisti,
1845 5560 1865 5594 ι
1893 5526 2010 5623 qua;

421 5618 740 5689 verecundis
767 5610 1014 5685 manibus
1041 5638 1096 5686 et
1119 5618 1368 5687 confovet
1391 5610 1681 5687 aestuantes
1704 5672 1719 5693 .
1752 5640 1805 5687 et
1831 5610 2012 5687 laudat

420 5723 519 5799 tali
559 5723 799 5780 remedio
843 5738 950 5787 non
994 5734 1234 5795 egentes.
1266 5745 1285 5778 ι
1314 5724 1518 5783 Eadem
1565 5726 2006 5805 itaquerepeto:

423 5814 615 5871 lterum
659 5813 791 5899 audi.
811 5815 952 5884 quod
984 5815 1089 5869 illic
1133 5816 1223 5871 tibi
1270 5815 1504 5872 breviter
1545 5815 1883 5888 dilucideque
1918 5826 2008 5873 rei

491 5946 509 5979 ι
545 5942 712 5995 Plu-es
733 5950 861 6007 ιω,

1216 434 1488 493 CONTRA
1524 386 1863 491 JULlANiiM
1901 382 2382 503 minimas;
2412 434 2470 489 s.
2512 434 2883 492 AUGUSTINI

3604 440 3713 508 πει

2128 538 2340 618 Spondi.
2391 570 2409 603 ι
2436 550 2659 618 Quando
2699 568 2798 624 ego
2836 554 2990 610 istam
3034 556 3522 628 concupiscentiam
3564 575 3711 617 mor-

2127 640 2251 696 bum
2276 657 2396 698 esse
2422 642 2561 713 dico,
2595 659 2758 716 quare
2802 655 2857 701 tu
2897 662 3081 717 negas,
3113 649 3201 717 qui
3234 660 3407 706 tamen
3439 650 3489 706 ei
3513 667 3708 710 neces-

2130 734 2321 818 sarium
2353 737 2649 793 remedium
2678 739 2987 796 conﬁteris?
3022 741 3076 796 Si
3102 745 3346 814 agnoscis
3372 745 3705 813 remedium,

2128 842 2351 913 agnosce
2368 830 2649 913 morbum:
2674 832 2717 886 si
2742 847 2903 904 negas
2929 835 3194 902 morbum,
3226 852 3359 908 nega
3385 839 3707 896 remedium.

2126 918 2312 1009 Rogo,
2352 923 2484 981 cede
2529 924 2816 996 aliquando
2858 926 3022 983 etiam
3051 943 3148 999 per
3193 945 3255 987 os
3297 939 3447 987 tuum
3479 933 3573 989 tibi
3618 935 3704 990 lo-

2127 1015 2322 1084 quenti‘
2353 1016 2596 1072 veritati:
2622 1031 2781 1074 nemo
2829 1017 3073 1089 providet
3112 1021 3643 1081 remediumsanitati
3676 1046 3697 1080 ι

2131 1102 2347 1177 (Supra,
2376 1124 2430 1161 η.
2459 1107 2580 1179 29).

2191 1197 2280 1253 45.
2321 1197 2450 1269 Qua:
2486 1190 2613 1256 sunt
2656 1209 2834 1258 autem
2875 1211 3178 1263 sanctarum
3221 1206 3484 1279 virginum
3509 1251 3526 1276 ,
3570 1210 3711 1268 sicut

2128 1289 2387 1365 appellas,
2422 1308 2442 1343 ι
2474 1291 2704 1363 glorioSa
2730 1295 3021 1352 certamina
3049 1313 3065 1363 ;
3099 1315 3119 1350 ι
3154 1298 3258 1357 nisi
3300 1300 3422 1371 quia
3454 1316 3559 1356 non
3592 1303 3709 1357 vin-

2129 1374 2315 1437 CInlUl‘
2355 1398 2385 1437 a
2416 1384 2589 1451 malo,
2634 1385 2728 1441 sed
2770 1386 2991 1443 vincunt
3032 1388 3085 1444 in
3112 1388 3254 1445 bono
3291 1391 3541 1449 malum?
3579 1393 3714 1462 Qua:

2129 1487 2229 1529 non
2273 1464 2502 1544 gloriosa
2520 1490 2637 1546 ego,
2661 1475 2756 1532 sed
2781 1476 3095 1553 gloriosiora
3120 1478 3299 1537 dicere
3320 1482 3501 1538 malui.
3531 1483 3705 1539 Habet

2128 1565 2266 1620 enim
2318 1560 2549 1636 palmam
2591 1567 2659 1622 de
2704 1566 2859 1641 hujus
2896 1570 3022 1629 mali
3060 1571 3422 1643 subjectione,
3465 1576 3711 1646 quamvis

2127 1655 2405 1723 minorem,
2438 1656 2689 1728 pudicitia
2719 1660 2878 1716 etiam
2908 1661 3224 1747 conjugalis.
3254 1664 3537 1736 Belligerat
3563 1667 3713 1721 enim

2126 1749 2281 1804 etiam
2326 1746 2439 1820 ipsa
2467 1758 2652 1805 contra
2681 1752 2949 1808 carnalem
2975 1755 3495 1826 concupiscentiam,
3527 1773 3596 1815 ne
3639 1758 3712 1815 liv

2126 1845 2282 1900 mites
2306 1834 2442 1899 thori
2472 1828 2722 1916 nuptialis
2763 1845 2985 1901 excedat
3021 1864 3036 1901 :
3070 1846 3376 1919 belligerat,
3421 1865 3487 1906 ne
3516 1850 3715 1907 deﬁni-

2126 1944 2237 1992 tum
2260 1952 2325 1997 ex
2349 1950 2614 1995 consensu
2641 1936 2920 2009 conjugum
2947 1939 3133 1995 orandi
3176 1949 3381 2012 tempus
3424 1942 3712 2017 irrumpat.

2126 2029 2195 2111 Et
2238 2030 2283 2086 si
2322 2036 2498 2086 tantas
2548 2030 2688 2091 vires
2732 2030 2901 2111 habet
2944 2032 3044 2091 ista
3088 2032 3336 2104 pudicitia
3375 2036 3712 2109 conjugalis,

2124 2130 2437 2192 tantumque
2463 2120 2556 2178 Dei
2582 2120 2778 2177 donum
2801 2130 2903 2190 est,
2932 2114 2990 2178 ut
3009 2123 3166 2180 faciat
3192 2125 3335 2201 quod
3358 2128 3715 2201 prrescribunt

2124 2211 2316 2267 tabulae
2358 2212 2777 2269 matrimoniales
2799 2254 2815 2280 ,
2842 2214 2911 2293 'in
2944 2215 3062 2286 ipso
3088 2231 3300 2288 quoque
3336 2217 3491 2274 thoro
3524 2220 3716 2294 conju-

2122 2304 2228 2376 gali
2255 2304 2504 2362 conﬂictu
2530 2305 2751 2363 fortiore
2772 2306 3051 2380 belligerat
3067 2348 3084 2379 ,
3112 2324 3179 2364 ne
3202 2310 3336 2365 ultra
3361 2325 3520 2380 quam
3544 2327 3717 2383 gene-

2122 2395 2304 2451 randis
2330 2395 2452 2452 ﬁliis
2476 2405 2561 2452 sat
2584 2406 2666 2457 est
2688 2438 2704 2469 ν
2733 2397 2894 2454 etiam
2925 2398 3097 2473 ipsum
3124 2400 3369 2473 conjugis
3404 2416 3600 2474 corpus
3629 2413 3719 2459 at-

2124 2495 2332 2545 trectet.
2370 2487 2514 2551 Talis
2540 2487 2794 2560 pudicitia
2833 2504 2934 2546 nec
2962 2492 3327 2560 menstruatis,
3357 2507 3456 2549 nec
3477 2494 3718 2564 gravidis

2122 2580 2288 2637 utitur
2328 2579 2544 2636 feminis
2568 2597 2725 2663 ,nec
2760 2582 2886 2663 ‘ejus
2927 2584 3101 2639 anatis
3129 2600 3233 2656 qua
3262 2592 3470 2642 certum
3504 2595 3590 2643 est
3617 2603 3717 2646 eas

2117 2670 2228 2742 jam
2253 2671 2537 2743 concipere
2566 2658 2672 2729 non
2693 2658 2872 2730 valere
2898 2691 2911 2728 :
2942 2690 3044 2735 nec
3059 2689 3178 2731 eam
3210 2692 3430 2747 prorsus
3449 2692 3715 2734 concum-

2118 2750 2285 2821 bendi
2319 2763 2482 2821 vincit
2510 2750 2766 2833 allectus,
2805 2764 2901 2822 sed
2932 2774 3058 2845 tunc
3094 2768 3403 2838 relaxatur,
3438 2785 3559 2826 cum
3590 2786 3717 2845 spe-

2121 2865 2271 2912 ratur
2289 2846 2647 2943 generationis
2666 2856 2908 2913 ell‘ectus.
2932 2858 2988 2914 Si
3008 2848 3135 2939 quid
3157 2875 3284 2919 vero
3304 2859 3365 2917 ﬁt
3386 2862 3440 2916 in
3461 2863 3711 2935 conjuge,

2121 2963 2230 3003 non
2256 2949 2469 3020 quidem
2499 2936 2687 3015 contra
2713 2960 2985 3019 naturam,
3016 2936 3109 3028 sed
3141 2962 3318 3010 tamen
3344 2955 3486 3028 quod
3518 2956 3719 3014 tabula-

2121 3054 2239 3094 rum
2284 3039 2753 3119 matrimonialium
2781 3041 3003 3098 limitem
3033 3026 3306 3116 transeat,
3337 3026 3543 3103 veniale
3570 3050 3718 3119 apud

2120 3128 2436 3205 Apostolum
2466 3118 2765 3205 reperitur(
2786 3131 2807 3188 l
2830 3132 2948 3189 Cor.
2974 3151 3067 3203 vn,
3091 3134 3165 3208 6)
3190 3153 3206 3203 ;
3229 3126 3349 3206 quia
3371 3153 3716 3211 nequaquam

2119 3212 2277 3299 limes
2296 3220 2587 3295 coniugalis
2608 3226 2781 3280 carnis
2803 3222 3082 3282 exceditur
3107 3247 3122 3284 :
3151 3228 3248 3284 sed
3271 3238 3449 3287 tamen
3475 3240 3533 3286 ut
3550 3232 3716 3299 etiam

2119 3292 2236 3385 ipse
2274 3331 2381 3371 non
2425 3302 2714 3373 excedatur
2737 3359 2752 3387 ,
2789 3327 2973 3374 contra
3028 3319 3226 3375 malum
3264 3322 3717 3392 concupiscentiae

2119 3406 2420 3462 dimicatur.
2449 3406 2601 3476 Quod
2648 3423 2817 3480 usque
2843 3425 2873 3462 a
2897 3406 2999 3465 deo
3028 3410 3224 3465 malum
3269 3422 3393 3482 est,
3427 3424 3484 3469 ut
3517 3415 3566 3470 ei
3590 3456 3608 3481 ,
3638 3431 3713 3473 ne

2118 3486 2339 3564 noceat,
2371 3499 2638 3570 pudicitia:
2667 3501 2962 3573 certamine
2992 3502 3288 3558 resistatur.
3452 3566 3459 3583 λ
3706 3552 3711 3559 ,

2114 3582 2123 3586 ’
2190 3588 2279 3648 ﬂ.
2321 3582 2388 3647 Et
2427 3601 2516 3659 tu,
2567 3590 2667 3646 nisi
2709 3591 2890 3661 fallor,
2935 3590 2988 3646 in
3018 3592 3121 3648 isto
3161 3608 3220 3648 es
3244 3581 3540 3652 certamine
3583 3611 3718 3665 con?

2120 3676 2336 3758 stitutus
2369 3702 2382 3740 :
2420 3666 2474 3741 et
2497 3685 2617 3758 quia
2650 3695 2701 3741 te
2729 3674 2958 3741 ﬁdeliter
2988 3702 3221 3758 pugnare
3247 3688 3545 3757 existimas,
3573 3692 3719 3753 vinci

2120 3754 2296 3834 times.
2328 3778 2374 3834 A
2417 3776 2554 3848 quo,
2611 3792 2792 3851 quaeso
2838 3786 2922 3845 te,
2962 3776 3101 3835 vinci
3149 3777 3350 3834 times?
3379 3795 3410 3833 a
3458 3781 3604 3861 bono
3644 3797 3718 3840 an

2119 3868 2261 3928 malo
2290 3871 2313 3925 Ὺ
2343 3871 2425 3926 An
2455 3866 2591 3926 forte
2619 3871 2698 3926 sic
2723 3864 2751 3925 a
2782 3886 2867 3926 me
2892 3871 3032 3928 vinci
3066 3868 3221 3941 times
3245 3913 3260 3939 ,
3294 3880 3351 3928 ut
3386 3872 3564 3929 adhuc
3596 3890 3716 3929 ma-

2118 3942 2227 4019 iutn
2256 3979 2419 4035 neges
2439 4006 2454 4034 ,
2477 3972 2531 4018 et
2559 3972 2804 4035 tanquam
2841 3962 3037 4019 bonum
3066 3956 3251 4023 laudes
3289 3980 3317 4018 a
3344 3981 3450 4036 quo
3478 3967 3621 4025 vinci
3649 3967 3717 4023 ti-

2118 4044 2281 4114 mes?
2319 4044 2463 4114 inter
2497 4056 2630 4112 duos
2667 4052 3004 4113 adversarios
3039 4057 3361 4113 constitutus
3398 4058 3453 4114 in
3490 4058 3717 4132 magnas

2117 4136 2407 4207 coarctaris
2428 4149 2732 4221 angustias,
2760 4160 2816 4206 et
2844 4166 2931 4207 me
2959 4152 3040 4206 vis
3078 4150 3295 4207 vincere
3325 4167 3421 4223 per
3451 4152 3717 4223 eloquen-

2119 4226 2244 4323 tiam
2265 4284 2281 4311 ,
2308 4253 2362 4299 et
2387 4243 2659 4300 libidinem
2690 4260 2786 4313 per
2822 4244 3207 4301 continentiam
3237 4263 3250 4300 :
3288 4246 3381 4315 sed
3424 4247 3715 4323 pugnando

2116 4320 2372 4392 adversus
2394 4350 2511 4391 eam
2531 4336 2802 4392 conﬁteris
2831 4336 3051 4406 malum,
3076 4337 3339 4393 laudando
3365 4354 3482 4395 eam
3504 4320 3715 4395 deseris

2116 4428 2355 4484 veritatis
2380 4427 2597 4482 bonum.
2630 4427 2736 4485 Sed
2763 4444 2862 4500 ego
2898 4437 2950 4484 te
2979 4429 3135 4484 vinco
3161 4462 3176 4497 ,
3209 4437 3263 4485 et
3288 4441 3714 4502 expugnatorem

2116 4529 2170 4576 et
2188 4517 2517 4575 laudatorem
2546 4508 2699 4587 mali,
2733 4521 3066 4579 constituens
3094 4528 3147 4575 te
3168 4529 3293 4577 ante
3313 4520 3577 4599 judicent,
3602 4538 3714 4578 non

2116 4612 2277 4668 alium
2300 4655 2316 4681 ,
2347 4612 2443 4670 sed
2471 4623 2522 4669 te
2559 4604 2755 4683 ipsum.
2783 4613 2876 4669 Vis
2912 4615 3055 4671 enim
3081 4615 3298 4672 vincere
3325 4617 3714 4689 concupiscet):

2115 4698 2245 4765 tiam
2285 4707 2678 4778 expugnatione
2722 4707 2878 4778 ejus,
2934 4724 3019 4763 me
3065 4724 3195 4764 vero
3225 4709 3381 4764 laude
3420 4708 3582 4781 ejus:
3612 4709 3719 4768 sed

2115 4813 2215 4879 ego
2256 4794 2558 4879 respondeo
2582 4840 2596 4864 ,
2648 4785 2714 4855 Ut
2743 4799 2984 4880 vincatur
3025 4799 3114 4885 qui
3145 4799 3357 4867 laudat,
3385 4799 3591 4873 judicet
3619 4802 3715 4871 qui

2116 4876 2318 4964 pugnat
2345 4892 2385 4945 ί.
2416 4876 2470 4948 Si
2497 4890 2638 4957 enim
2670 4892 2870 4953 malum
2898 4876 2982 4948 est
3002 4934 3017 4958 ,
3038 4876 3145 4949 cur
3176 4893 3399 4948 laudat?
3428 4895 3471 4955 si
3504 4893 3713 4951 bonum

2116 4966 2219 5057 est,
2250 4999 2346 5041 cur
2370 4992 2636 5056 expugnat
2654 4983 2689 5049 ?.
2706 4984 2763 5057 Si
2796 4970 2978 5059 autem
3007 4999 3110 5042 nec
3142 4986 3341 5059 bonum
3365 4989 3711 5059 peematum

2115 5084 2230 5142 est,
2264 5076 2446 5146 utquid
2477 5076 2699 5131 laudat?
2721 5077 2903 5147 utquid
2926 5087 3192 5147 expugnat
3215 5078 3238 5131 'I
3264 5064 3526 5145 Quamdiu
3549 5078 3718 5148 igitur

2115 5174 2445 5241 expugnator
2500 5165 2735 5247 libidinis
2792 5167 2938 5241 eris,
2990 5167 3192 5229 tamdiu
3236 5183 3334 5239 pro
3374 5184 3475 5243 nte
3508 5181 3717 5243 contra

2116 5270 2171 5317 te
2222 5246 2392 5330 ipsum
2421 5246 2587 5328 judex
2634 5258 2771 5341 eris.
2809 5259 2893 5315 An
2946 5257 3086 5319 forte
3132 5260 3390 5317 adversus
3430 5260 3711 5339 libidinem

2115 5367 2221 5429 non
2252 5350 2503 5418 certabis,
2536 5336 2714 5429 neiin
2766 5336 2868 5407 isto
2895 5349 3036 5421 quod
3083 5367 3291 5429 mecum
3337 5351 3501 5409 habes
3526 5336 3710 5417 certa-

2114 5430 2259 5519 mine
2292 5428 2564 5512 supereri's
2586 5483 2601 5508 ,
2640 5440 2824 5519 dicens
2852 5443 2944 5499 tibi
2973 5444 3109 5514 ipsi,
3135 5428 3323 5499 Melius
3352 5456 3457 5496 non
3483 5432 3667 5512 pugno
3691 5482 3708 5504 ,

2115 5517 2272 5625 quam
2314 5520 2538 5609 ostendo
2566 5517 2864 5619 pugnando
2902 5537 3112 5625 Rullum
3160 5547 3276 5592 esse
3314 5532 3455 5604 quod
3496 5534 3711 5595 laudo?

2114 5602 2254 5694 ﬁcii,
2298 5602 2522 5681 obsecro
2564 5602 2633 5681 te.
2658 5602 2820 5695 'Quid
2848 5602 2991 5683 enim
3035 5639 3153 5677 sum
3199 5640 3299 5695 ego
3322 5602 3349 5691 ξ
3388 5640 3550 5695 quem
3604 5641 3711 5695 pro

2115 5732 2308 5788 magno
2335 5717 2608 5773 desideras
2636 5717 2848 5775 vincere
2870 5719 2893 5768 ?
2912 5713 3091 5770 vincat
3117 5723 3167 5771 te
3195 5716 3368 5786 potius
3394 5715 3615 5781 veritas,
3642 5727 3714 5774 ut

2112 5815 2171 5864 tu
2220 5807 2495 5864 libidinem
2536 5810 2738 5863 vincas.
2767 5803 2899 5860 Nam
2932 5806 2980 5860 si
3016 5806 3273 5863 adversus
3310 5818 3431 5863 eam
3460 5806 3716 5886 pugnare

2181 5945 2199 5976 ι
2232 5950 2333 5994 Duo
2355 5955 2387 5992 e
2407 5940 2642 5992 Vaticanis
2662 5944 2790 6001 mss,
2811 5946 3073 6004 expugnat.
