3984 6496
275 517 534 577 destiteris
554 560 569 584 ,
600 516 830 572 vinceris
850 558 865 585 ,
904 514 1151 569 vincieris
1178 522 1233 569 et
1259 513 1326 581 ad
1357 512 1632 568 immunda
1671 513 1850 569 omnia

274 609 612 687 pertraheris.
641 608 796 679 Quod
817 600 938 664 cum
959 596 1027 661 sit
1054 603 1379 662 horrendum
1408 594 1629 672 malum,
1659 619 1761 660 nec
1786 602 1853 658 ad

273 707 370 762 hoc
393 701 536 775 quod
565 699 839 757 desideras
867 698 955 754 tibi
977 694 1214 770 proderit
1243 713 1257 764 ;
1287 697 1447 753 etiam
1474 696 1551 754 sic
1572 697 1715 753 enim
1735 696 1852 753 vin-

273 796 405 853 ceris
431 810 461 848 a
492 810 610 860 me,
641 790 751 848 imo
780 780 847 847 ab
875 791 986 863 ipsa
1021 805 1177 862 quam
1216 788 1449 860 prmdico
1476 789 1721 845 veritate.
1751 785 1854 843 Sed

272 884 716 956 concupiscentia:
746 880 986 938 laudator
1011 891 1066 936 et
1150 880 1595 952 concupiscentia:
1624 877 1855 934 debella-

274 990 352 1035 tor
378 980 541 1033 etiam
572 987 664 1032 tuo
682 974 885 1053 judicio
916 972 1161 1042 vinceris,
1192 989 1311 1029 cum
1339 971 1392 1028 id
1421 968 1619 1027 malum
1646 971 1849 1037 laudas,

275 1075 335 1129 de
356 1070 509 1143 cujus
530 1068 892 1127 debellatione
911 1054 1174 1145 gloriaris.
1201 1068 1258 1125 Si
1280 1078 1461 1125 autem
1484 1082 1551 1124 ne
1568 1067 1855 1123 certamine

275 1162 575 1219 dimicantis
621 1146 863 1216 vincatur
905 1158 1079 1231 lingua
1123 1159 1386 1215 laudantis
1412 1200 1427 1226 ,
1473 1173 1711 1235 pugnare
1748 1157 1855 1231 jam

271 1253 468 1310 desinis
500 1270 517 1319 ;
556 1253 821 1324 captivum
861 1251 1302 1322 concupiscentiae
1322 1290 1336 1316 ,
1360 1249 1693 1306 desertorem
1724 1263 1854 1305 con-

276 1346 507 1402 tiucntim
530 1338 762 1414 vincam,
793 1361 895 1399 non
917 1342 1028 1415 jam
1058 1360 1175 1409 suo,
1202 1343 1294 1398 sed
1312 1342 1513 1413 judicio
1539 1342 1826 1412 sapientiae.

341 1439 429 1493 .55.
471 1436 644 1493 Causa
690 1434 869 1506 itaque
912 1446 1093 1491 nostra
1136 1434 1280 1489 linita
1325 1443 1428 1490 est.
1462 1432 1858 1505 Quantumlibet

276 1526 413 1584 enim
444 1528 636 1607 laudes
662 1528 1147 1601 concupiscentiam
1173 1527 1366 1591 carnis,
1390 1525 1639 1595 quamdiu
1663 1520 1858 1599 pugnas

277 1614 528 1674 adversus
556 1635 674 1674 eam
709 1635 723 1685 ;
757 1616 933 1673 cernis
964 1614 1121 1689 Quam
1152 1632 1335 1671 verum
1367 1616 1436 1673 de
1465 1617 1585 1685 illa,
1630 1632 1728 1672 nec
1758 1617 1859 1671 nisi

278 1712 337 1765 de
366 1708 453 1767 illa
476 1711 689 1791 .dixerit
716 1706 1300 1791 ApostolusJoannes,
1323 1707 1465 1779 quod
1492 1726 1590 1763 non
1608 1719 1680 1763 est
1706 1726 1736 1762 α
1758 1706 1862 1762 Ρα-

280 1815 349 1857 (re
376 1800 431 1877 (l
460 1780 620 1858 ioan.
660 1821 719 1868 tt,
755 1780 875 1874 i6).
914 1784 1045 1858 Nam
1078 1780 1143 1868 si,
1184 1812 1243 1858 ut
1267 1803 1432 1870 dicis,
1473 1822 1492 1856 ι
1528 1804 1617 1877 qui
1647 1803 1860 1875 modum

280 1898 390 1967 ejus
420 1890 528 1953 non
562 1886 745 1965 tenet,
787 1895 928 1952 bono
956 1896 1093 1951 male
1132 1897 1295 1951 utitur
1324 1912 1339 1962 ;
1377 1915 1394 1948 ι
1444 1897 1601 1973 etiam
1631 1897 1687 1951 in
1727 1895 1865 1952 male

282 1992 549 2047 utentibus
588 1988 787 2046 bonum
831 2000 913 2046 est
942 1990 1074 2063 ipsa.
1105 1984 1235 2058 Quae
1271 1990 1429 2062 igitur
1457 2000 1539 2045 est
1576 1990 1662 2045 illa
1687 2033 1702 2058 ,
1746 2005 1865 2061 quae

282 2101 380 2140 non
408 2094 495 2139 est
519 2099 548 2137 a
574 2082 731 2159 Patre
759 2081 782 2136 ?
812 2083 892 2137 An
921 2076 1081 2137 etiam
1114 2083 1312 2152 ipsam,
1340 2082 1606 2155 quomodo
1632 2082 1763 2138 libet
1786 2082 1867 2137 in-

284 2168 486 2247 telligas
513 2217 528 2239 ,
556 2170 780 2248 laudare
807 2170 1046 2244 disponis
1074 2172 1097 2228 ?
1122 2173 1293 2229 Porro
1327 2174 1369 2229 si
1397 2175 1593 2230 malum
1617 2183 1697 2230 est
1730 2175 1865 2246 ipsa,

281 2269 371 2345 ubi
407 2260 560 2322 erit?
590 2260 803 2338 quando
836 2256 938 2323 erit
961 2268 985 2321 ?
1008 2248 1449 2339 Quandoquidem
1500 2268 1600 2323 ista
1619 2309 1633 2333 ,
1662 2267 1870 2323 etiamsi

281 2352 669 2435 malequisquc
697 2344 876 2413 uiatur
899 2401 914 2426 ,
948 2358 1144 2413 bonum
1195 2359 1298 2414 erit
1343 2375 1356 2411 :
1404 2374 1501 2414 nec
1527 2358 1674 2431 ipsa,
1704 2366 1763 2412 ut
1786 2357 1868 2415 di-

280 2448 353 2507 cis
378 2495 392 2519 ,
421 2446 518 2507 Sed
546 2451 635 2506 ille
661 2451 763 2507 erit
785 2450 975 2522 malus,
1006 2450 1096 2521 qui
1120 2451 1261 2519 bono
1288 2451 1453 2506 utitur
1482 2436 1642 2507 male.
1672 2452 1750 2507 Ac
1778 2462 1872 2521 per

282 2526 379 2598 huc
431 2530 639 2621 frustra.
674 2540 807 2597 dixit
853 2536 1084 2598 Joannes
1109 2585 1122 2608 ,
1169 2543 1665 2621 concupiscentiam
1695 2543 1872 2599 carnis

283 2650 382 2688 non
412 2649 534 2689 esse
573 2649 604 2687 a
630 2618 788 2689 Patre
820 2651 834 2715 ς
876 2632 1012 2688 hanc
1038 2634 1178 2690 enim
1210 2626 1265 2689 tu
1292 2632 1511 2703 bonam,
1542 2644 1607 2709 et.
1624 2618 1693 2690 ob
1718 2635 1821 2692 hoc
1841 2650 1873 2690 a

281 2715 434 2782 Patre
457 2742 579 2782 esse
607 2718 907 2792 contendis,
933 2729 1091 2782 etiam
1117 2743 1236 2783 cum
1264 2744 1326 2783 ea
1349 2730 1573 2801 quisque
1602 2730 1739 2784 male
1768 2731 1871 2784 uti-

282 2818 417 2885 tur';
466 2820 592 2890 quia
639 2800 786 2875 bono
836 2818 973 2877 male
1023 2808 1204 2876 utitur.
1255 2821 1363 2878 Nec
1414 2814 1594 2878 dicere
1643 2823 1869 2893 poteris,

281 2908 502 2977 Quando
534 2896 813 2968 moderata
842 2921 953 2977 est,
988 2929 1018 2967 a
1046 2910 1202 2968 Patre
1230 2923 1311 2969 est
1336 2931 1350 2981 ;
1381 2913 1594 2986 quando
1617 2900 1873 2972 iminode-

280 3013 390 3058 rata
414 3013 500 3060 est
525 3048 541 3073 ,
562 3021 673 3077 non
702 3015 787 3061 est
808 3021 835 3059 a
863 3005 1022 3061 Patre
1048 3023 1062 3061 :
1091 3000 1213 3077 quia
1243 3016 1297 3062 et
1321 3016 1445 3063 tunc
1465 3049 1481 3074 ,
1506 3017 1565 3063 ut
1592 3004 1750 3075 dicis,
1780 3000 1874 3064 bo-

280 3110 404 3151 num
424 3105 541 3175 est,
558 3113 666 3168 quo
692 3084 835 3153 bono
859 3095 1007 3154 male
1020 3100 1185 3153 utitur
1213 3099 1419 3171 malus.
1441 3096 1547 3155 Sed
1573 3082 1642 3155 ab
1670 3100 1753 3156 his
1779 3116 1874 3157 an-

282 3190 469 3259 gustiis
493 3189 840 3257 liberaberis,
873 3188 916 3247 si
944 3190 1258 3260 credideris,
1281 3208 1385 3247 non
1414 3184 1605 3263 lingua:
1629 3204 1752 3262 tuae,
1780 3195 1876 3252 sed

280 3272 471 3351 pugna:
508 3290 632 3336 tute.
672 3270 1014 3337 Contineniia
1045 3280 1126 3338 est
1153 3284 1295 3339 enim
1323 3300 1351 3338 a
1383 3284 1577 3355 Patre,
1621 3301 1722 3357 qua
1766 3302 1873 3342 non

284 3382 680 3445 expugnaretur
714 3368 1145 3447 concupiscentia
1167 3417 1183 3444 ,
1214 3366 1315 3431 nisi
1340 3392 1443 3431 non
1471 3386 1613 3433 esset
1642 3393 1670 3432 a
1695 3377 1872 3435 Patre.

285 3448 417 3522 “me
456 3468 564 3536 ipsa
597 3484 749 3539 ergo,
776 3478 962 3525 contra
1006 3484 1164 3541 quam
1189 3510 1205 3538 ,
1243 3470 1288 3524 si
1331 3472 1669 3527 continenter
1701 3471 1835 3529 vivis
1856 3512 1873 3540 ,

296 3560 491 3613 acriter
511 3564 727 3641 pugnas,
753 3576 858 3615 non
884 3571 965 3617 est
985 3577 1015 3616 a
1037 3561 1213 3618 Patre.
1244 3561 1356 3617 Non
1379 3562 1521 3618 enim
1548 3571 1733 3619 contra
1755 3578 1875 3641 earn

272 3650 588 3721 pugnares,
626 3652 723 3706 nisi
754 3648 1074 3724 repugnaret
1099 3672 1110 3708 :
1143 3670 1243 3711 nec
1270 3669 1402 3711 vero
1426 3664 1745 3731 repugnaret
1780 3656 1875 3713 tibi

294 3738 468 3812 agenti
508 3736 641 3815 quod
670 3746 900 3802 donatur
932 3756 988 3803 et
1024 3757 1236 3803 amatur
1275 3763 1306 3803 a
1352 3749 1511 3805 Patre
1535 3791 1551 3819 ,
1581 3750 1628 3807 si
1655 3760 1802 3809 esset
1843 3766 1875 3809 a

286 3830 464 3890 Patre.

351 3924 440 3982 ιϐ.
471 3922 553 3984 Ex
583 3929 684 3983 ista
715 3932 913 4013 etcum
944 3928 1042 3985 ista
1071 3914 1310 4013 nascitur
1338 3931 1521 4000 homo,
1552 3932 1750 3991 bonum
1783 3935 1875 3992 Dei

284 4024 437 4104 opus,
465 4034 575 4104 non
602 4018 719 4077 sine
740 4009 885 4077 malo
902 4064 917 4090 ,
951 4018 1091 4104 quod
1118 4009 1282 4080 trahit
1310 4025 1875 4104 origogenerationis,

284 4102 337 4165 et
364 4098 520 4198 sanai
541 4112 716 4198 gratia
741 4100 1185 4198 regenerationis.
1208 4119 1284 4173 Ac
1310 4135 1405 4190 per
1432 4098 1534 4176 hoc
1560 4130 1706 4178 recte
1734 4138 1763 4175 a
1791 4138 1879 4179 me

283 4194 481 4257 dictum
497 4196 604 4271 est,
630 4224 649 4258 ι
670 4204 744 4261 lla
768 4200 1071 4287 nuptiarum
1096 4192 1294 4264 bonum
1320 4211 1462 4266 malo
1482 4212 1876 4287 originaliquod

283 4290 405 4348 inde
431 4294 666 4373 trahitur
690 4288 795 4352 non
829 4282 1003 4369 potesi
1029 4288 1302 4370 accusari,
1332 4299 1468 4379 sicut
1496 4282 1876 4363 adulteriorum

287 4382 339 4439 et
361 4382 775 4444 fornicationum
807 4388 1001 4445 malum
1029 4391 1170 4447 bono
1196 4394 1421 4450 naturali
1441 4394 1592 4464 quod
1625 4396 1746 4454 inde
1779 4413 1877 4454 na-

287 4478 448 4533 scitur
469 4474 579 4535 non
607 4489 784 4551 potest
822 4483 1064 4563 excusari
1111 4480 1130 4537 ὀ
1169 4468 1277 4551 (De
1323 4480 1536 4558 Nuptiis
1560 4498 1603 4563 et
1630 4486 1881 4559 Concupi-

286 4569 497 4637 scentia,
522 4569 611 4624 lib.
644 4587 682 4637 ι,
711 4590 752 4626 c.
783 4572 858 4643 1).
892 4560 1098 4631 Bonum
1115 4575 1258 4631 enim
1290 4578 1532 4635 naturale
1565 4560 1708 4648 dixi,
1738 4580 1879 4655 quod

288 4670 494 4716 mecum
525 4660 645 4741 ipse
675 4660 947 4721 collaudas
977 4684 991 4733 ;
1021 4667 1215 4722 malum
1242 4676 1417 4724 autem
1450 4670 1710 4741 originale
1735 4672 1875 4739 dixi,

286 4751 435 4823 cujus
464 4740 702 4809 riioilbus
743 4771 952 4813 mecum
993 4775 1287 4831 repugnas,
1320 4770 1372 4816 et
1397 4740 1551 4832 cujus
1573 4771 1759 4823 contra
1795 4747 1881 4821 me

284 4840 537 4899 laudibus
564 4860 787 4917 pugnas.
819 4844 934 4903 Non
961 4859 1044 4905 est
1071 4851 1270 4907 malum
1297 4853 1437 4925 quod
1466 4862 1624 4913 natus
1654 4870 1744 4923 es,
1786 4858 1879 4912 sed

286 4948 406 4989 cum
432 4934 541 5006 quo
563 4947 721 4993 natus
759 4955 818 4995 es
839 4982 853 5006 ,
885 4944 938 4996 et
964 4952 1146 4997 contra
1176 4944 1316 5015 quod
1345 4945 1695 5016 spiritualiter
1720 4930 1880 5004 dimi-

287 5036 378 5080 cas
412 5028 540 5103 quia
568 5024 788 5085 renatus
813 5046 890 5086 es.
915 5031 1067 5101 Quod
1094 5045 1249 5089 natus
1269 5050 1327 5090 es
1356 5076 1371 5102 ,
1412 5038 1645 5108 pertinet
1679 5038 1746 5094 ad
1785 5039 1880 5096 Dei

288 5110 674 5205 conditionem,
698 5128 753 5205 et
773 5116 1051 5191 parentum
1077 5118 1456 5182 fecunditatem
1487 5145 1500 5182 :
1531 5139 1717 5197 contra
1740 5130 1882 5205 quod

286 5206 464 5263 autem
496 5200 721 5267 dimicas
746 5214 865 5284 quia
892 5206 1109 5271 renatus
1136 5230 1195 5271 es
1214 5259 1229 5286 ,
1276 5220 1507 5288 pertinet
1538 5219 1605 5275 ad
1633 5200 1885 5290 praevari-

290 5297 572 5389 rationem,
601 5317 761 5372 quam
781 5298 977 5360 diaboli
995 5307 1188 5362 astutia
1211 5309 1512 5378 seminavit,
1537 5311 1677 5367 unde
1698 5321 1750 5367 te
1774 5329 1886 5389 gra-

284 5387 361 5443 tia
381 5388 581 5448 Christi
619 5392 899 5463 liberavit;
932 5408 987 5453 ut
1015 5396 1160 5469 prius
1178 5397 1282 5456 hoc
1321 5401 1461 5458 malo
1484 5401 1618 5458 bene
1655 5387 1883 5463 utere-ris

290 5481 346 5537 in
376 5478 636 5555 conjuge,
665 5490 809 5545 nunc
832 5486 907 5545 illi
930 5491 1231 5567 adverseris
1254 5494 1304 5548 in
1330 5505 1424 5561 te;
1469 5510 1575 5551 non
1603 5497 1715 5567 jam
1755 5514 1881 5555 reus

286 5572 355 5627 ξι
386 5572 517 5645 illo,
560 5572 698 5632 sicut
735 5590 854 5634 eras
897 5566 1083 5651 ualui,
1121 5585 1212 5641 sed
1260 5582 1326 5641 ab
1352 5589 1541 5643 eodem
1583 5566 1733 5655 reatu
1773 5568 1878 5648 non

288 5676 508 5735 brutus,
540 5660 646 5725 nisi
683 5666 809 5742 'quia
839 5666 1053 5733 renatus
1077 5717 1093 5743 ,
1135 5674 1191 5733 ut
1232 5680 1403 5749 possis
1451 5682 1759 5754 redemptus
1797 5701 1878 5741 re-

356 5796 587 5918 :dt‘tuigre;
645 5807 934 5860 Furiacensi
970 5818 1051 5860 trs.
1090 5814 1392 5866 restituimus
1411 5849 1430 5878 ,
1491 5816 1887 5883 concupiscentia:

1614 392 1817 449 LIBER
1854 392 2167 449 TERTIUS.

3446 402 3550 458 726

1957 528 2123 587 gnare
2149 528 2272 571 cum
2311 513 2561 583 Christo:
2590 517 2635 574 si
2662 526 2842 579 tamen
2867 519 2968 576 ista
2995 516 3219 576 bmresis
3253 533 3358 576 non
3394 528 3443 574 te
3467 496 3546 574 fa-

1957 607 2065 665 eiat
2100 609 2277 679 perire
2307 624 2428 664 cum
2448 610 2685 679 diabolo,
2713 611 2809 681 sed
2832 652 2849 683 ,
2888 612 3029 685 quod
3056 613 3235 689 potius
3268 611 3511 682 cupimus
3529 654 3544 679 ,

1958 698 2260 765 conﬁtearis
2273 700 2490 767 malum,
2508 711 2694 759 contra
2709 702 2851 774 quod
2872 702 3069 761 bellum
3084 704 3246 776 geris.
3268 712 3325 758 ut
3344 718 3409 759 eo
3431 718 3535 757 non

1918 840 1919 843 η
1960 787 2035 843 ita
2060 797 2305 861 separato
2334 788 2411 864 (a)
2457 792 2606 861 quasi
2640 792 2740 847 alia
2782 802 2969 849 natura
2994 794 3095 861 sit,
3120 793 3216 850 sed
3242 794 3295 849 in
3326 803 3378 849 te
3397 808 3540 849 ounn

1960 893 2028 935 ex
2058 890 2209 951 parte
2235 889 2423 936 sanato
2441 921 2458 948 ,
2487 880 2539 937 in
2571 892 2832 955 perpetua
2860 898 2990 954 pace
3009 884 3229 941 laeteris.

2033 971 2123 1027 47.
2151 970 2266 1027 Non
2296 973 2458 1043 igitur
2485 991 2504 1024 ι
2551 989 2668 1029 sum
2710 973 3135 1047 pharmacopolae
3171 975 3391 1042 similis,
3429 995 3447 1028 ο
3496 985 3547 1029 ut

1968 1063 2172 1136 dicis”
2201 1066 2288 1137 qui
2306 1066 2648 1140 promittebat
2674 1066 2899 1123 bestiam
2920 1109 2937 1133 ,
2963 1082 3084 1139 qua:
3121 1083 3179 1122 se
3206 1068 3372 1139 ipsam
3402 1085 3546 1137 enni-

1962 1167 2108 1215 esset
2153 1159 2192 1213 ¹.
2244 1177 2264 1211 s
2300 1158 2405 1215 Sed
2442 1160 2690 1228 observa,
2722 1168 2791 1217 ne
2811 1159 3050 1217 bestialis
3075 1163 3175 1218 iste
3200 1171 3395 1224 motus,
3420 1178 3546 1217 con-

1963 1256 2047 1311 tra
2092 1267 2250 1323 quem
2296 1252 2492 1311 videris
2530 1253 2585 1309 in
2627 1262 2716 1309 tua
2753 1269 2917 1310 carne
2957 1253 3280 1325 conﬂigere,
3325 1257 3462 1310 sicut
3505 1264 3553 1308 to

1964 1344 2218 1421 pervertit
2236 1344 2481 1401 laudatus
2504 1388 2518 1411 ,
2551 1345 2627 1401 sic
2651 1356 2701 1403 te
2727 1355 3009 1403 consumat
3038 1355 3221 1417 postea
3253 1347 3544 1402 relaxatus.

1963 1436 2079 1492 Non
2104 1438 2246 1495 enim
2269 1479 2286 1506 ,
2309 1447 2367 1495 ut
2390 1439 2733 1497 calumniaris
2761 1481 2776 1509 ,
2805 1456 2907 1511 ego
2931 1440 3041 1497 dixi
3073 1458 3094 1494 ι
3132 1441 3344 1510 nuptias
3370 1449 3423 1494 et
3442 1456 3557 1503 nta-

1964 1543 2127 1603 gnum
2145 1529 2345 1587 bonum
2373 1541 2426 1589 et
2452 1546 2704 1602 magnum
2729 1532 2950 1599 malum,
2980 1549 3001 1585 ι
3034 1540 3281 1603 tanquam
3305 1548 3369 1588 eo
3392 1531 3548 1595 modo

1964 1618 2082 1689 ipsa
2126 1635 2188 1677 se
2230 1620 2477 1676 comedat
2502 1621 2605 1676 ista
2629 1622 2893 1679 sententia
2922 1639 2938 1691 ;
2968 1622 3063 1679 sed
3094 1622 3202 1677 dixi
3232 1622 3284 1677 in
3322 1639 3427 1681 uno
3460 1612 3555 1675 ho-

1967 1708 2111 1767 mine
2139 1719 2382 1767 naturam
2408 1711 2634 1781 bonam,
2672 1713 2856 1769 vitium
2900 1714 3097 1769 malum
3126 1730 3141 1768 ε
3170 1713 3311 1784 quod
3327 1728 3460 1789 esse
3490 1723 3558 1767 .tu

1968 1800 2084 1873 ipse
2116 1810 2260 1875 certe
2294 1801 2348 1857 in
2390 1802 2646 1860 adulteris
2674 1804 2976 1872 conﬁteris,
3009 1820 3110 1862 nec
3134 1816 3351 1877 propter
3374 1819 3558 1863 eorum

1971 1892 2153 1948 vitium
2180 1894 2485 1964 improbans
2504 1905 2745 1953 naturam
2764 1937 2780 1962 ,
2814 1911 2915 1953 nec
2941 1906 3159 1968 propter
3182 1912 3367 1953 eorum
3399 1905 3557 1962 natu-

1972 1993 2084 2057 ram
2112 1979 2413 2053 approbans
2451 1981 2657 2036 vitituu.
2696 1981 2900 2037 Bonum
2927 1980 3035 2037 dixi
3065 1981 3278 2052 nuptias
3298 2022 3315 2048 ,
3346 1995 3409 2036 ex
3440 1980 3558 2052 qui-

1973 2068 2074 2133 bus
2101 2086 2159 2126 es
2187 2081 2344 2126 natus
2376 2088 2391 2140 ;
2422 2072 2619 2128 malum
2644 2082 2823 2128 autem
2862 2088 2970 2129 non
3009 2071 3077 2129 de
3105 2073 3304 2145 nuptiis
3327 2114 3344 2141 ,
3373 2073 3466 2129 sed
3496 2072 3564 2129 de

1974 2161 2151 2220 vitiata
2179 2165 2381 2241 origine
2417 2175 2701 2223 attractum
2722 2207 2739 2234 ,
2783 2175 2968 2225 contra
2993 2164 3136 2238 quod
3172 2164 3320 2239 geris
3360 2164 3559 2241 bellum

1975 2266 2209 2314 renatus.
3062 2328 3066 2333 ,
3504 2324 3507 2327 .

2045 2349 2131 2405 48.
2172 2346 2475 2405 Ridiculum
2513 2356 2597 2405 est
2628 2356 2805 2404 autem
2826 2390 2840 2415 ,
2880 2348 3022 2422 quod
3051 2356 3138 2405 me
3162 2347 3298 2404 dicis
3320 2389 3335 2417 ,
3373 2366 3392 2400 ι
3429 2346 3561 2421 Ε.ρί-

1977 2441 2088 2495 curi
2115 2440 2229 2497 vias
2254 2439 2584 2512 gradientem
2614 2438 2850 2497 habenas
2886 2454 3111 2513 omnes,
3141 2434 3331 2512 Quibus
3356 2439 3566 2511 cupidi-

1980 2539 2111 2588 tates
2155 2532 2428 2589 frenantur
2450 2574 2467 2602 ,
2512 2531 2767 2588 incidere.
2802 2551 2822 2586 s
2873 2532 3044 2601 Quid,
3080 2534 3127 2605 si
3163 2548 3261 2604 ego
3295 2532 3564 2589 laudarem

1978 2625 2213 2696 corporis
2239 2625 2559 2696 voluptatem
2581 2624 2605 2679 ‘i
2631 2625 2742 2680 Hoc
2762 2625 2905 2681 enim
2928 2634 2983 2679 tu
3003 2624 3135 2680 satis
3152 2625 3465 2696 eloquenter
3484 2623 3567 2678 fa-

1979 2718 2074 2785 cis,
2090 2715 2238 2791 quod
2266 2704 2717 2790 ineruditei'atque
2738 2717 2977 2789 impolite
3002 2716 3232 2773 faciebat
3258 2717 3517 2786 Epicurus
3549 2734 3562 2768 :

1980 2809 2126 2883 quasi
2144 2818 2427 2882 propterea
2443 2809 2517 2865 sis
2529 2808 2574 2881 ej
2584 2824 2643 2864 us
2656 2805 3013 2875 adversarius,
3031 2807 3152 2879 quia
3168 2807 3370 2865 diserte
3384 2806 3565 2871 dicere

1980 2917 2082 2957 nou
2103 2910 2325 2959 noverat
2349 2901 2436 2958 ille
2459 2938 2477 2970 ,
2502 2917 2619 2972 qua:
2641 2899 2795 2961 dicis.
2818 2900 3022 2956 Rursus
3044 2940 3061 2966 ,
3086 2908 3143 2954 ut
3169 2898 3343 2955 sentio
3361 2938 3377 2964 ,
3418 2897 3567 2967 labp-

1978 3003 2189 3063 raturus
2214 3007 2294 3058 es,
2321 2991 2588 3064 quomodo
2615 3001 2668 3049 te
2694 2990 2948 3048 ostendas
2974 2998 3030 3045 et
3059 2988 3385 3061 laudatorem
3416 2988 3572 3059 volti-

1978 3087 2139 3157 ptatis
2164 3099 2285 3141 esse
2305 3124 2325 3153 ,
2366 3096 2421 3140 et
2454 3084 2782 3157 Epicureum
2822 3099 2928 3153 non
2970 3097 3112 3138 esse.
3145 3081 3250 3137 Sed
3278 3081 3386 3139 noli
3416 3080 3571 3147 labp-

1978 3194 2129 3247 rare,
2169 3193 2270 3249 ego
2308 3186 2361 3233 te
2404 3178 2505 3234 ista
2545 3194 2673 3234 cura
2706 3175 2969 3257 liberabo.
3010 3174 3125 3230 Non
3154 3188 3215 3231 es
3243 3174 3572 3251 Epicureus.

1978 3272 2101 3347 quia
2134 3272 2220 3326 ille
2250 3279 2420 3329 totum
2450 3270 2683 3327 hominis
2703 3269 2900 3342 bonum
2928 3269 2980 3325 iu
3007 3268 3252 3339 corporis
3280 3266 3455 3337 posuit
3475 3281 3572 3321 vo-

1981 3362 2223 3434 luptate,
2291 3373 2346 3418 tu
2393 3371 2574 3419 autem
2625 3376 2871 3432 magnam
2924 3367 3131 3431 partem
3183 3357 3401 3425 humani
3447 3357 3576 3413 boui

1981 3471 2182 3528 ponere
2208 3457 2261 3519 in
2285 3456 2482 3531 virtute
2510 3455 2745 3521 conaris,
2772 3469 2934 3523 quam
2971 3467 3176 3523 veram,
3209 3450 3261 3505 id
3291 3460 3392 3516 est,
3434 3463 3577 3517 vera:

1982 3544 2196 3619 pietatis
2224 3546 2459 3617 ignoras.
2493 3545 2633 3601 Dixit
2660 3543 2804 3599 enim
2831 3542 3037 3598 homini
3067 3541 3209 3597 Deus
3232 3541 3274 3606 ³,
3306 3539 3441 3595 Ecce
3467 3540 3574 3609 pie-

1988 3648 2062 3695 tas
2087 3648 2162 3699 est
2197 3639 2446 3709 sapientia
2474 3635 2604 3707 (Job
2659 3650 2823 3692 xxvtu
2842 3677 2858 3702 ,
2886 3634 2958 3691 28
2987 3632 3029 3705 ).
3057 3634 3125 3691 Et
3166 3632 3282 3689 haec
3313 3631 3454 3688 unde
3480 3631 3578 3707 hoc

1985 3731 2114 3788 mini
2136 3731 2281 3799 rnisi
2308 3730 2398 3786 ille
2423 3729 2512 3785 det
2535 3728 2606 3786 de
2633 3744 2743 3800 quo
2769 3727 3028 3799 scriptum
3051 3735 3175 3794 est,
3204 3725 3454 3781 Dominus
3485 3741 3577 3785 δα·-

1984 3824 2174 3896 pientes
2216 3823 2338 3893 facit
2365 3837 2526 3878 cacas
2567 3821 2586 3894 (
2614 3820 2761 3877 Psat.
2788 3835 2944 3882 θην,
2969 3818 3042 3890 8)
3072 3834 3090 3887 ;
3132 3827 3188 3874 et
3212 3818 3282 3875 de
3308 3832 3417 3889 quo
3442 3818 3573 3875 item

1985 3917 2182 3989 legitur
2203 3958 2218 3984 ,
2248 3916 2310 3972 Si
2347 3916 2460 3987 quis
2496 3916 2687 3985 indiget
2716 3914 2990 3986 sapientia,
3010 3912 3227 3985 postulet
3252 3928 3285 3967 α
3309 3910 3420 3967 Deo
3440 3909 3576 3982 (Ja-

1984 4012 2095 4073 cobi
2137 4026 2173 4075 ι,
2202 4009 2259 4083 Β)
2287 4009 2312 4065 l
2338 4010 2534 4066 Verum
2556 4009 2602 4066 si
2633 4017 2686 4062 tu
2716 4022 2826 4065 non
2855 4021 2916 4063 es
2941 4006 3255 4077 Epicureus,
3282 4003 3374 4074 qui
3398 4018 3462 4059 ex
3484 4002 3579 4065 illo

1984 4104 2217 4177 aliquam
2244 4111 2448 4175 partem
2474 4101 2527 4157 in
2546 4100 2833 4171 voluptatis
2853 4098 3013 4155 laude
3037 4097 3315 4169 sumpsisti
3339 4114 3355 4153 :
3378 4104 3579 4167 quanto

1987 4193 2164 4251 minus
2188 4207 2289 4264 ego
2308 4234 2323 4258 ,
2355 4192 2442 4263 qui
2473 4191 2542 4249 de
2571 4191 2841 4261 voluptate
2868 4189 3046 4246 carnis
3074 4188 3180 4246 hoc
3205 4189 3402 4255 sentio,
3433 4187 3579 4258 quod

1985 4288 2146 4347 sentit
2174 4286 2487 4347 Ambrosius
2515 4282 2711 4359 (Libro
2735 4283 2799 4339 de
2819 4281 3075 4339 Paradiso
3108 4314 3125 4349 δ
3160 4298 3278 4354 cap.
3304 4279 3375 4338 l2
3392 4322 3408 4348 ,
3431 4289 3478 4337 at
3510 4279 3580 4339 ιε-

1987 4380 2075 4434 bro
2098 4380 2161 4435 de
2192 4362 2529 4449 Philosophia
2548 4419 2562 4445 ,
2586 4379 2739 4432 citato
2760 4391 2922 4447 supra
2940 4412 2957 4444 ,
2979 4375 3067 4433 ιξι.
3091 4374 3129 4430 2
3145 4417 3160 4441 ,
3184 4391 3275 4430 na.
3301 4375 3399 4441 15,
3424 4373 3493 4432 16
3514 4377 3579 4447 l;

1988 4470 2257 4528 inimicam
2278 4469 2486 4529 scilicet
2508 4483 2628 4527 esse
2649 4467 2901 4538 iustitiae,
2931 4475 2988 4524 et
3013 4465 3158 4538 quod
3187 4464 3349 4520 homo
3375 4477 3580 4521 concu-

1986 4563 2261 4636 piscentiae
2297 4562 2570 4633 voluptate
2609 4569 2893 4617 concretus
2919 4602 2937 4627 ,
2980 4560 3290 4630 priusquam
3339 4558 3580 4617 nascitur

1987 4654 2176 4712 subeat
2222 4652 2467 4724 contagia
2496 4651 2837 4711 delictorum.
2879 4649 3032 4719 Quod
3074 4659 3252 4707 autem
3291 4648 3359 4705 ad
3402 4663 3583 4706 mores

1986 4748 2217 4820 pertinet
2251 4754 2498 4814 nostros,
2527 4743 2972 4825 quemadmodum
3002 4743 3279 4809 vivamus.
3309 4741 3363 4797 in
3400 4754 3583 4811 prom-

1986 4851 2082 4914 ptu
2120 4850 2206 4898 est
2231 4841 2312 4898 eis
2340 4854 2462 4896 cum
2489 4839 2682 4910 quibus
2723 4837 2970 4895 vivimus.
3015 4834 3170 4893 Nunc
3206 4834 3274 4895 de
3315 4834 3583 4891 catholico

1988 4936 2163 5007 agitur
2199 4936 2448 5006 dogmate
2487 4949 2551 4990 ac
2579 4933 2685 4989 ﬁde
2714 4950 2729 4988 :
2760 4931 2980 5003 perﬁdia
3026 4946 3131 4986 non
3179 4929 3249 4986 sit
3291 4928 3584 4986 desertoris

1990 5031 2043 5086 in
2074 5038 2145 5085 te.
2173 5029 2307 5085 Nam
2334 5038 2421 5084 tua
2452 5034 2539 5084 me
2567 5040 2672 5082 non
2704 5034 2870 5082 terret
2889 5062 2904 5090 ς
2934 5025 3081 5081 velut
3111 5023 3290 5095 lingua
3314 5022 3580 5079 censoris.

1990 5125 2183 5180 Fateor
2222 5139 2310 5179 me
2340 5121 2539 5178 decere
2566 5121 2814 5176 homines
2836 5160 2853 5188 ,
2879 5117 3022 5190 quod
3049 5118 3103 5173 in
3131 5115 3453 5188 Apostolicis
3473 5113 3586 5170 Lit-

1991 5217 2122 5272 teris
2143 5214 2338 5280 didici,
2378 5213 2501 5285 quia
2527 5214 2575 5268 si
2608 5211 2882 5268 sum:
2904 5208 3043 5282 quod
3068 5217 3331 5280 peccatum
3361 5222 3464 5262 non
3492 5206 3586 5261 Ita-

1990 5311 2183 5376 bamis,
2210 5322 2305 5364 nos
2324 5308 2467 5380 ipsos
2490 5306 2802 5378 decipimus,
2846 5311 2892 5359 et
2927 5303 3112 5359 veritas
3137 5300 3192 5355 in
3210 5298 3361 5354 nobis
3384 5312 3487 5352 non
3509 5305 3587 5352 est

1993 5402 2011 5471 (
2043 5401 2240 5456 lJoan.
2287 5416 2326 5467 ι,
2353 5397 2447 5470 8).
2472 5398 2774 5467 Fateorme
2821 5397 2874 5455 in
2910 5392 3121 5465 populo
3148 5399 3205 5448 et
3236 5404 3357 5463 cum
3385 5386 3586 5461 papula

1992 5491 2086 5549 Dei
2114 5492 2302 5562 pectus
2328 5484 2600 5553 tonderet
2639 5492 2697 5543 'et
2724 5481 2992 5541 veraciter
3010 5483 3193 5538 dicere
3212 5522 3227 5549 ,
3257 5477 3471 5564 Dimitte
3491 5493 3587 5532 no-

1992 5586 2066 5640 bis
2092 5560 2259 5639 debita
2295 5591 2470 5638 nostra
2495 5580 2515 5653 (
2536 5579 2725 5636 Matth.
2748 5593 2838 5646 v1,
2866 5575 2991 5649 12).
3018 5574 3130 5631 Nec
3161 5560 3428 5630 insultetis
3454 5560 3583 5627 hinc

2056 5699 2074 5729 ι
2108 5690 2319 5745 Vaticani
2342 5686 2562 5759 quinque
2596 5682 2648 5741 et
2675 5690 2772 5759 aug
2793 5674 3503 5759 δεῃίρθιξίιωεεη-ςοηκάξεῳιε

1992 5740 2559 5883 δεῖ,ερὲὲᾗῇὲέἓῦἆῶ
2582 5740 2636 5805 et
2655 5748 2877 5805 Gallicani
2901 5746 3004 5802 tres
3017 5740 3145 5814 ius,
3164 5740 3304 5802 bima
3322 5742 3582 5819 hamati.

2055 5880 2137 5945 (α)
2162 5887 2317 5944 Forte,
2337 5892 2432 5932 non
2452 5893 2484 5931 a
2500 5884 2547 5930 te
2566 5880 2802 5941 separato.
