3984 6482
467 349 568 402 ’127

467 463 624 520 nobis
649 481 661 517 :
693 462 813 517 inde
839 460 1031 530 quippe
1052 456 1179 510 estis
1207 454 1462 519 barretici,
1488 454 1608 522 quia
1632 453 1746 507 banc
1767 453 2046 524 displicent

465 556 636 610 vobis.
678 554 786 608 Nos
836 553 886 604 in
917 549 1010 602 Dei
1055 560 1177 600 vera
1218 543 1576 599 misericordia
1603 585 1617 611 ,
1661 559 1756 598 vos
1795 545 1846 598 in
1875 555 2047 600 vestra

465 649 597 704 falsa
644 649 836 701 virtute
877 641 1161 698 confiditis.
1204 639 1312 696 Vos
1355 639 1577 709 gratiam
1624 639 1716 693 Dei
1755 639 2046 694 secundum

471 739 658 793 merita
702 745 880 790 nostra
911 735 928 766 ⁸
961 733 1075 788 dari
1126 733 1348 798 dicitis;
1405 731 1544 801 quod
1591 739 1767 785 tamen
1811 731 1911 786 nisi
1953 730 2049 786 da-

473 837 712 884 mnasset
737 826 979 895 Pelagius
1002 866 1018 892 ,
1041 840 1071 878 a
1115 822 1391 882 catholicis
1421 822 1686 893 episcopis
1708 822 2049 878 damnaretur

472 917 549 987 (a)
575 935 587 971 :
618 931 715 971 nos
745 931 873 972 vero
901 931 1018 970 eam
1049 915 1214 986 gratis
1241 913 1356 969 dari
1381 954 1396 979 ,
1433 921 1490 968 et
1515 920 1795 984 propterea
1823 914 2047 984 gratiam

465 1008 794 1077 nuncupari,
829 1016 884 1062 et
913 1023 978 1062 ex
1019 1007 1109 1062 illa
1137 1020 1257 1062 esse
1297 1005 1474 1059 omnia
1517 1015 1820 1059 sanctorum
1861 1005 2046 1060 merita

462 1101 780 1157 confitemur
799 1143 813 1168 ,
843 1101 1054 1156 dicente
1087 1097 1346 1170 Apostolo
1365 1140 1380 1164 ,
1423 1097 1602 1152 Gratia
1641 1096 1738 1152 Dei
1775 1114 1889 1151 sum
1913 1098 2048 1168 quod

463 1197 625 1249 sunt.”
653 1194 708 1264 (Ι
729 1193 847 1250 Cor.
875 1209 971 1261 xv,
1007 1193 1073 1250 10
1093 1194 1131 1264 ).
1161 1193 1284 1248 Ideo
1303 1207 1403 1248 nos
1429 1192 1662 1247 irridetis
1687 1233 1703 1258 ,
1736 1201 1790 1248 et
1815 1209 1927 1263 pra“:
1954 1209 2049 1248 vo-

463 1286 548 1342 bis
589 1287 693 1342 alta
739 1287 948 1342 cervice
995 1287 1355 1342 contemnitis.
1396 1285 1542 1341 Facti
1571 1285 1711 1340 enim
1741 1299 1922 1342 sumus
1947 1302 2047 1357 op-

464 1377 744 1448 probrium
791 1377 856 1432 iis
898 1376 987 1448 qui
1031 1376 1330 1444 abundant,
1379 1384 1435 1431 et
1477 1375 1752 1445 despectio
1802 1377 2049 1448 superbis

463 1466 635 1536 (Psal.
664 1484 829 1535 cxxu,
859 1468 935 1538 4).
953 1467 1242 1522 Consilium
1269 1466 1647 1537 quippeinOpis
1671 1466 1981 1524 confudistis
2001 1467 2045 1536 ³,

461 1560 713 1632 quoniam
752 1561 1004 1616 Dominus
1035 1575 1158 1631 spes
1185 1560 1300 1630 ejus
1338 1567 1422 1615 est
1448 1557 1634 1631 (Psat.
1663 1575 1778 1625 xm,
1809 1559 1902 1629 6).

458 1671 465 1701 l
531 1651 622 1707 49.
662 1651 720 1706 in
765 1651 863 1706 hac
903 1661 1078 1706 tamen
1125 1667 1224 1717 re,
1275 1650 1416 1705 unde
1463 1651 1604 1704 nunc
1647 1650 1883 1722 agimus,
1936 1665 2044 1706 non

463 1745 642 1811 video,
673 1759 769 1799 cur
797 1743 964 1812 dicas,
1003 1753 1139 1799 c'me
1165 1743 1399 1798 habenas
1426 1757 1612 1798 omnes
1634 1785 1648 1810 ,
1677 1743 1869 1814 quibus
1891 1744 2044 1813 cupi-

459 1835 654 1890 ditates
678 1836 966 1900 frenantur,
993 1834 1260 1900 incidere;
1293 1853 1311 1886 ι
1337 1835 1428 1904 qui
1456 1835 1604 1889 omni
1627 1835 1821 1890 virtute
1850 1849 2043 1890 secun—

433 1925 587 1980 dum
641 1926 863 1996 gratiam
913 1924 1043 1991 Dei,
1093 1939 1212 1995 quae
1257 1925 1414 1980 datur
1466 1925 1807 1991 hominibus,
1856 1940 2041 1981 omnes

458 2019 776 2088 cupiditates
795 2017 1080 2072 frenandas
1105 2032 1224 2073 esse
1244 2017 1496 2073 decerno.
1524 2017 1628 2074 Sed
1647 2018 1743 2074 abs
1763 2011 2035 2090 tequazro,

456 2117 634 2161 utrum
659 2107 812 2162 bonae
839 2121 905 2160 an
933 2106 1086 2161 malze
1109 2106 1214 2161 sint
1241 2107 1354 2162 ista:
1379 2107 1716 2178 cupiditates,
1746 2123 1878 2180 quas
1900 2123 2039 2180 prat-

456 2198 604 2254 dicas
631 2214 752 2255 esse
781 2199 1086 2268 frenandas,
1115 2209 1169 2255 et
1193 2199 1338 2256 velut
1365 2215 1396 2254 a
1425 2215 1510 2255 me
1536 2200 1860 2268 relaxentur,
1892 2214 2040 2256 accu-

454 2304 565 2344 sas.
606 2289 740 2344 Puto
768 2291 910 2345 enim
953 2306 1058 2346 non
1095 2305 1187 2346 eas
1233 2306 1493 2362 equorum
1524 2292 1608 2348 vel
1650 2307 1978 2365 quorumque
2011 2291 2035 2324 ‘

453 2381 758 2434 animalium
796 2389 991 2450 printer
1031 2396 1130 2437 nos
1159 2396 1314 2450 esse,
1360 2382 1455 2438 sed
1503 2391 1732 2440 nostras.
1785 2385 1841 2439 In
1881 2383 2033 2440 nobis

452 2480 576 2526 sunt
601 2487 729 2542 ergo
767 2473 920 2527 mala:
960 2473 1303 2541 cupiditates,
1331 2489 1464 2545 quas
1501 2475 1636 2532 bene
1659 2477 1889 2533 vivendo
1923 2476 2033 2532 fre-

454 2577 660 2616 namus.
716 2563 962 2618 Habenas
1009 2564 1196 2635 igitur,
1246 2563 1436 2635 quibus
1483 2582 1590 2622 non
1639 2567 1828 2636 bonat,
1883 2568 1975 2624 sed
2009 2569 2030 2601 '

451 2654 607 2708 malae
633 2652 908 2708 frenantur
929 2654 1266 2724 cupiditates,
1291 2671 1376 2711 me
1399 2656 1686 2736 “recidere
1711 2659 2026 2715 criminaris.

453 2742 651 2796 Harum
680 2751 759 2798 est
791 2759 896 2798 una
921 2745 1352 2814 concupiscentia
1381 2745 1578 2813 carnis,
1606 2762 1670 2800 ex
1699 2763 1802 2818 qua
1831 2757 1885 2803 et
1909 2762 2029 2804 cum

450 2849 554 2904 qua
583 2843 909 2903 nascuntur,
941 2843 996 2890 et
1025 2845 1244 2907 pr0pter
1269 2851 1428 2906 quam
1459 2848 1812 2894 renascuntur
1855 2838 2028 2894 infan-

450 2935 554 2982 tes.
583 2925 662 2981 Eo
685 2927 826 2982 malo
849 2926 1102 2998 conjuges
1123 2935 1300 2983 castos
1325 2926 1450 2983 dico
1476 2929 1550 2984 uti
1577 2929 1732 2998 bene,
1763 2930 2028 2987 adulteros

448 3018 622 3085 male;
663 3027 722 3074 tu
760 3028 946 3074 contra
983 3033 1050 3075 eo
1089 3019 1230 3075 bono
1271 3019 1546 3076 adulteros
1582 3021 1716 3078 dicis
1757 3022 1832 3078 uti
1867 3023 2024 3091 male,

446 3117 626 3164 castos
653 3110 908 3181 conjuges
947 3111 1086 3166 bene
1117 3128 1131 3164 :
1174 3111 1556 3167 continentiam
1599 3113 1793 3170 melius
1819 3128 1887 3170 eo
1921 3129 2025 3169 non

445 3199 560 3266 uti,
599 3199 756 3254 ambo
783 3199 1050 3268 dicimus;
1096 3199 1191 3256 sed
1220 3215 1324 3272 ego
1364 3215 1430 3256 eo
1469 3202 1642 3270 maio,
1676 3212 1732 3258 tu
1771 3219 1838 3261 eo
1865 3203 2024 3261 bono.

444 3292 524 3347 Ac
549 3307 648 3363 per
671 3291 808 3361 hoc,
853 3293 1095 3364 quamvis
1127 3293 1237 3349 Deo
1266 3302 1445 3350 nostra
1487 3298 1811 3352 conscientia
1831 3339 1848 3365 ,
1893 3313 2028 3355 cou-

443 3383 676 3438 versatio
703 3399 830 3439 vero
865 3385 1026 3440 etiam
1065 3383 1404 3452 hominibus,
1449 3386 1592 3442 inter
1615 3403 1749 3458 quos
1778 3388 2026 3455 vivimus,

442 3483 570 3531 nota
611 3477 718 3541 sit;
761 3487 938 3532 tamen
969 3477 1127 3533 ambo
1161 3478 1544 3534 continentiam
1576 3479 1888 3549 profitemur
1918 3498 1931 3535 :
1973 3491 2028 3538 et

439 3567 658 3638 siquod
701 3569 1012 3638 profitemur
1051 3569 1288 3640 agimus,
1335 3570 1490 3625 istam
1537 3571 2025 3642 concupiscentiam

438 3655 682 3728 profecto
710 3658 870 3714 ambo
895 3657 1199 3726 frenamus,
1224 3659 1478 3716 adversus
1515 3661 1632 3730 ejus
1669 3671 2026 3733 repugnantes

438 3759 618 3806 motus
661 3751 820 3806 ambo
861 3751 1158 3818 bellamus;
1209 3752 1367 3808 ambo
1411 3769 1563 3820 eam,
1605 3756 1651 3810 si
1693 3755 2022 3826 proﬁcimus,

439 3840 795 3898 debellamus.
825 3843 1024 3899 Verum
1055 3843 1158 3900 hoc
1183 3845 1427 3910 interest,
1459 3845 1602 3916 quod
1639 3863 1739 3918 ego
1774 3847 1896 3904 dico
1935 3865 2024 3906 me

437 3936 638 3990 malum
669 3935 880 3991 frenare
899 3952 922 4002 ,·
943 3943 1204 3992 tu-autem
1243 3943 1298 3992 te
1328 3937 1526 3992 bonum
1555 3954 1570 3991 :
1599 3953 1700 4008 ego
1735 3938 1856 3994 dico
1893 3940 2023 3995 mihi

439 4025 642 4080 malum
674 4041 970 4098 repugnare
1004 4045 1019 4084 :
1060 4035 1116 4082 tu
1143 4027 1235 4082 tibi
1267 4028 1462 4083 bonum
1491 4045 1506 4084 :
1535 4043 1634 4099 ego
1660 4029 1802 4086 bello
1835 4031 2024 4086 adver-

438 4131 530 4173 sus
559 4117 756 4173 malum
776 4157 794 4184 ,
839 4125 896 4172 tu
937 4118 1194 4173 adversus
1233 4118 1430 4174 bonum
1459 4136 1473 4172 :
1506 4135 1605 4190 ego
1639 4122 1796 4191 cupio
1825 4122 2022 4177 malum

435 4207 728 4272 debellare,
763 4217 819 4262 tu
846 4209 1066 4264 bonum.
1097 4207 1252 4266 Unde
1281 4210 1453 4280 putari
1479 4218 1659 4281 potest
1683 4211 1824 4282 quod
1865 4213 2020 4268 istam

435 4301 926 4371 concupiscentiam
965 4303 1132 4373 magis
1166 4303 1388 4358 incitare
1411 4303 1705 4373 laudando,
1734 4321 1893 4378 quam
1931 4322 2020 4364 re-

435 4389 648 4447 frenare
676 4391 893 4448 studeas
930 4392 1273 4450 continendo.

506 4486 595 4542 50.
638 4484 880 4542 Gloriosa
921 4496 974 4542 te
1011 4503 1108 4557 per
1141 4489 1524 4544 continentiam
1565 4491 1832 4560 profiteris
1859 4507 2018 4548 exer-

433 4593 559 4633 cere
600 4579 892 4634 certamina
923 4597 937 4633 :
979 4588 1164 4634 contra
1205 4579 1366 4650 quid,
1395 4582 1566 4650 rogo?
1603 4581 1739 4649 Quid
1778 4581 2019 4639 dicturus

433 4685 515 4738 cs,
555 4671 658 4725 nisi
695 4679 882 4727 contra
919 4673 1096 4726 carnis
1131 4672 1665 4742 concupiscentiam?
1709 4673 1814 4729 Sed
1841 4683 2017 4729 utrum

433 4761 679 4826 amicam,
705 4777 774 4816 an
799 4762 1203 4818 adversariam?
1237 4763 1502 4834 Numquid
1529 4764 1631 4818 nisi
1655 4765 2014 4820 adversariam

431 4855 820 4924 reSpondebis?
847 4855 976 4910 Caro
1002 4856 1134 4909 enim
1159 4857 1466 4925 concupiscit
1492 4858 1732 4912 adversus
1755 4858 2012 4926 spiritum,

433 4957 478 5001 et
506 4947 712 5013 spiritus
751 4945 988 5000 adversus
1015 4962 1218 4999 carnem
1247 4961 1266 4998 :
1295 4947 1402 4999 hac
1428 4948 1563 5000 enim
1591 4947 1802 5000 inuicem
1830 4949 2012 5002 adver-

431 5045 630 5100 santur,
659 5035 796 5090 sicut
821 5037 1101 5106 Apostolus
1130 5035 1280 5090 testis
1305 5045 1390 5090 est
1419 5035 1612 5106 (Galat.
1642 5053 1696 5103 ν,
1727 5039 1837 5108 i7).
1877 5037 2010 5094 For-

431 5129 588 5182 tassis
629 5143 756 5198 ergo
800 5143 917 5182 eam
957 5127 1172 5184 laudare
1218 5137 1270 5182 te
1313 5127 1488 5197 fingis,
1535 5129 1580 5182 si
1626 5143 1860 5199 pugnare
1903 5145 2008 5186 non

429 5221 606 5288 fingis.
649 5219 780 5274 Nam
817 5218 1084 5289 quomodo
1123 5219 1348 5275 ﬁdeliter
1387 5221 1542 5274 simul
1581 5236 1707 5291 agas
1744 5221 1851 5277 duo
1887 5225 2006 5291 ista,

423 5327 534 5366 non
561 5312 734 5375 video,
773 5319 830 5366 ut
865 5321 920 5367 et
959 5311 1140 5367 laudes
1178 5312 1323 5366 velut
1359 5314 1608 5380 amicam,
1645 5322 1702 5368 et
1735 5329 2008 5387 expugnes

487 5427 506 5458 ί
541 5425 678 5485 Editi,
697 5431 870 5475 uestra.
896 5431 951 5476 At
973 5433 1096 5486 Mss.,
1119 5431 1300 5486 nostra.

485 5489 510 5520 ί
543 5495 616 5536 ar.
643 5489 786 5552 ilugd.
815 5496 932 5538 Ven.
956 5493 1046 5537 Lov
1069 5485 1089 5548 ,'
1109 5485 1274 5538 Gratia
1307 5485 1400 5538 Dei
1428 5499 1538 5538 sum
1555 5487 1612 5539 id
1633 5489 1762 5552 quod
1783 5503 1908 5542 sum.
1933 5493 2007 5546 sic

423 5551 570 5620 eti_am
597 5549 808 5620 \ulgata.
835 5557 929 5620 LM.
1086 5611 1105 5620 _
1151 5609 1184 5620 η
1214 5608 1246 5620 Α,

485 5611 508 5672 ἒ
541 5623 638 5658 Am.
661 5609 735 5659 Er.
763 5619 814 5662 et
835 5615 961 5668 Ms”
986 5609 1261 5672 confudisti.

483 5671 722 5744 fatuam.
750 5681 802 5744 et
821 5683 926 5744 MSS.
947 5671 1189 5744 Edititines
1207 5679 1506 5744 Er.‘ett.ov.,
1530 5687 1948 5740 quartana-umque
2045 5739 2060 5744 _

485 5731 508 5794 ξ
534 5737 582 5794 in
607 5739 711 5782 MSS.
745 5735 906 5794 deest,
927 5747 1020 5784 non
1045 5735 1193 5793 homo,
1219 5734 1320 5785 sed.

484 5792 558 5854 (a)
589 5794 705 5843 Vide
729 5792 902 5846 librum
915 5795 979 5846 de
996 5799 1152 5848 Gestis
1167 5792 1362 5860 Pelagii,
1385 5809 1468 5846 nn.
1493 5796 1572 5860 50,
1593 5798 1668 5847 15.

1272 339 1544 393 CONTRA
1584 336 1918 393 JULHNUH
1963 338 2424 414 PELAGIANUM,
2463 348 2518 403 S.
2563 347 2926 407 AUGUSTINI

3629 355 3740 418 728

2157 461 2300 514 velut
2337 462 2622 519 inimicam.
2677 463 2846 521 [litium
2888 483 3075 525 eorum
3121 472 3430 531 credimus:
3461 479 3555 532 sed
3595 481 3742 552 elige

2155 550 2281 620 quid
2321 552 2619 609 credamus.
2665 556 2720 612 Si
2757 572 2824 612 ex
2849 561 3028 614 animo
3069 577 3302 634 pugnas,
3330 581 3436 621 non
3463 583 3526 622 ex
3555 550 3740 626 animo

2154 641 2356 698 laudas.
2395 644 2450 699 Si
2483 655 2658 702 autem
2687 648 2996 720 simpliciter
3019 652 3134 722 agis
3163 657 3216 709 in
3241 659 3532 725 praeconio,
3563 661 3742 718 collu-

2157 733 2235 788 dis
2255 734 2307 789 in
2333 736 2518 805 praelia
2543 738 2584 792 ‘.
2618 739 2732 811 Ego
2757 755 2886 797 sane
2910 744 3032 812 quia
3059 745 3304 803 inimicus
3337 749 3428 805 tibi
3455 767 3561 807 non
3587 769 3734 822 sum,

2153 824 2288 881 sicut
2327 827 2596 885 inimicum
2625 831 2720 887 tibi
2762 841 2844 888 est
2884 834 3014 890 illud
3055 838 3196 908 quod
3235 839 3438 898 habitat
3481 844 3535 900 in
3571 861 3742 902 carne

2153 926 2241 974 tua
2288 922 2521 991 malum,
2571 925 2812 994 quamvis
2857 928 3190 998 potissimum
3235 933 3479 1004 cupiam,
3525 943 3584 992 ut
3629 937 3742 994 hoc

2155 1011 2350 1066 malum
2389 1022 2444 1068 et
2483 1013 2742 1072 doctrinae
2778 1019 3006 1076 sanitate
3031 1021 3315 1093 vituperes,
3356 1035 3412 1081 et
3445 1028 3568 1084 vita:
3607 1043 3740 1086 san-

2156 1103 2335 1158 ctitate
2362 1103 2595 1162 debelles
2628 1125 2642 1162 :
2675 1115 2850 1165 tamen
2879 1125 2945 1166 ex
2988 1111 3070 1168 bis
3097 1113 3326 1184 duobus,
3357 1131 3584 1186 quorum
3629 1137 3736 1192 pu-

2157 1192 2250 1248 tari
2289 1203 2442 1266 potes
2475 1212 2640 1253 unum
2682 1215 2748 1256 ex
2773 1203 2952 1259 animo
2992 1203 3189 1274 facere,
3223 1207 3448 1265 alterum
3490 1210 3737 1283 ﬁngere;

2156 1285 2331 1341 malim
2379 1296 2430 1343 te
2469 1287 2732 1348 fallaciter
2758 1294 2977 1351 laudare
3017 1300 3504 1370 concupiscentiam
3527 1344 3542 1368 ,
3571 1320 3740 1374 quam

2153 1375 2408 1436 fallaciter
2452 1397 2778 1455 expugnare.
2825 1388 3177 1448 Tolerabilius
3211 1393 3353 1450 enim
3398 1396 3574 1468 lingua
3619 1407 3736 1462 tua,

2152 1484 2304 1540 quam
2349 1474 2454 1528 vita
2498 1477 2750 1532 mentitur
2798 1497 2812 1534 :
2861 1481 3186 1539 tolerabilius
3230 1487 3517 1555 sententia,
3569 1504 3740 1560 quam

2152 1566 2470 1621 continentia
2517 1567 2815 1626 simulatur.
2871 1572 3052 1646 Fingis
3095 1577 3291 1648 quippe
3335 1579 3578 1648 laudem,
3627 1596 3740 1652 qua

2151 1655 2221 1710 sis
2245 1655 2581 1714 adVersarius
2621 1663 2900 1720 sententiae
2929 1681 3100 1734 meat;
3153 1669 3198 1723 si
3243 1685 3348 1724 non
3375 1670 3532 1743 ﬁngis
3569 1675 3740 1728 casti-

2151 1754 2332 1814 tatem,
2376 1765 2478 1819 qua
2517 1765 2575 1806 es
2613 1751 2950 1810 adversarius
2988 1761 3431 1830 concupiscentia:
3472 1771 3599 1820 tute.
3654 1764 3736 1821 ita

2148 1839 2241 1895 ﬁet
2273 1849 2332 1896 ut
2367 1856 2468 1898 nec
2493 1853 2678 1900 contra
2705 1861 2792 1902 me
2817 1847 3015 1904 diutius
3055 1851 3294 1920 proferas
3335 1854 3592 1910 fallaciter
3607 1872 3738 1912 ver-

2147 1934 2304 2003 bum,
2349 1937 2394 1994 si
2437 1939 2698 1995 veraciter
2745 1943 2886 2012 geris
2940 1951 3128 1999 contra
3179 1945 3452 2004 libidinem
3501 1949 3732 2006 bellum.

2144 2027 2250 2084 Sed
2296 2030 2407 2084 sive
2434 2046 2598 2085 unum
2632 2031 2822 2089 horum
2854 2035 3041 2107 fingas,
3081 2037 3195 2094 sive
3234 2046 3516 2112 utrumque
3553 2041 3736 2114 (quod

2143 2121 2326 2175 nescio
2353 2123 2797 2193 quemadmodum
2835 2141 2903 2182 ex
2938 2129 3118 2184 animo
3154 2130 3352 2198 facias,
3397 2133 3452 2189 id
3487 2145 3570 2190 est
3609 2137 3736 2192 sine

2142 2209 2249 2265 ulla
2285 2212 2652 2282 simulatione,
2678 2223 2735 2271 et
2771 2231 2977 2288 pugnes
3015 2227 3200 2278 contra
3239 2223 3380 2294 quod
3422 2225 3643 2294 laudas,
3671 2237 3735 2283 et

2140 2301 2326 2360 laudes
2351 2316 2532 2362 contra
2560 2309 2700 2378 quod
2739 2308 2963 2384 pugnas)
2993 2330 3006 2367 :
3035 2328 3134 2385 ego
3168 2324 3346 2372 tamen
3381 2317 3435 2373 id
3473 2320 3616 2391 quod
3643 2331 3733 2378 est

2139 2395 2321 2452 mitius
2359 2396 2428 2453 de
2462 2407 2512 2454 te
2537 2400 2783 2469 credens,
2813 2403 2959 2460 velut
2977 2421 3100 2461 cum
3127 2406 3456 2467 debellatore
3485 2411 3732 2470 libidinis

2138 2501 2278 2558 ago;
2321 2498 2376 2545 et
2402 2493 2612 2562 nuptias
2649 2509 2758 2560 non
2781 2497 2904 2552 dico
2937 2499 3138 2569 malas,
3169 2501 3262 2557 sed
3289 2501 3427 2560 bene
3453 2505 3528 2560 uti
3558 2507 3730 2577 malo,

2137 2594 2270 2650 quas
2296 2589 2355 2637 tu
2381 2581 2513 2638 dicis
2541 2583 2680 2642 bene
2706 2589 2780 2642 uti
2805 2586 2948 2644 bono
2966 2631 2982 2656 ,
3011 2590 3208 2648 bonum
3232 2608 3352 2650 esse
3379 2595 3563 2654 dicens
3587 2613 3730 2654 con-

2137 2674 2516 2743 cupiscentiam
2559 2679 2756 2747 carnis,
2798 2695 2958 2752 quam
3005 2691 3182 2740 tamen
3224 2686 3280 2740 in
3323 2695 3378 2742 te
3403 2687 3730 2746 debellanda

2135 2767 2334 2823 malum
2381 2785 2501 2827 esse
2543 2773 2843 2830 convincis.
2895 2774 3176 2843 Quomodo
3219 2789 3400 2837 autem
3440 2797 3562 2839 cum
3607 2785 3726 2852 illa,

2135 2858 2298 2913 etiam
2343 2861 2435 2931 qui
2481 2877 2544 2916 ea
2586 2863 2723 2920 bene
2765 2874 3020 2940 utuntur,
3061 2869 3379 2943 belligerent
3429 2876 3726 2949 conjugati,

2127 2951 2239 3021 jam
2271 2955 2513 3022 superius
2555 2955 2842 3028 disputavi.

2204 3042 2432 3102 CAPUT
2469 3047 2636 3120 XXII.
2663 3082 2736 3093 —
2763 3053 2853 3108 5i.
2880 3053 3010 3124 Qua:
3047 3072 3166 3113 cum
3199 3058 3270 3115 ita
3295 3061 3423 3131 sint,
3453 3069 3508 3118 et
3533 3064 3726 3135 conju-

2133 3133 2277 3207 gium
2303 3137 2501 3194 bonum
2525 3149 2613 3198 est
2637 3143 2689 3197 in
2717 3154 2973 3215 quantum
3003 3151 3308 3222 conjugium
3347 3161 3449 3220 est,
3477 3162 3535 3210 et
3556 3133 3726 3212 homo

2133 3227 2247 3283 sive
2273 3228 2340 3284 de
2362 3231 2627 3302 conjugio,
2657 3235 2772 3291 sive
2795 3235 2863 3293 de
2887 3238 3149 3295 adulterio
3171 3253 3440 3310 nascatur,
3465 3245 3518 3300 in
3547 3262 3725 3318 quan-

2133 3325 2246 3373 tum
2284 3318 2448 3376 homo
2485 3331 2595 3392 est,
2629 3325 2826 3381 bonum
2857 3337 2978 3396 est;
3015 3332 3140 3402 quia
3166 3333 3218 3388 in
3255 3345 3509 3404 quantum
3553 3338 3723 3397 homo

2132 3419 2242 3477 est,
2270 3425 2404 3480 opus
2432 3413 2524 3470 Dei
2559 3425 2642 3470 est
2669 3434 2682 3469 :
2711 3427 2766 3474 et
2791 3427 2968 3476 tamen
2998 3422 3122 3493 quia
3149 3439 3270 3479 cum
3311 3426 3405 3482 illo
3442 3437 3498 3484 et
3531 3444 3598 3485 ex
3627 3431 3722 3488 illo

2132 3501 2274 3557 malo
2295 3514 2602 3574 generatur,
2631 3523 2740 3579 quo
2762 3510 2901 3568 bene
2928 3513 3178 3583 pudicitia
3204 3517 3497 3589 conjugalis
3523 3521 3718 3592 utitur,

2131 3597 2492 3652 necessarium
2519 3599 2597 3654 illi
2623 3611 2722 3668 est,
2756 3611 2813 3658 ut
2848 3605 2918 3660 ab
2943 3606 3058 3676 ejus
3083 3608 3209 3664 mali
3245 3625 3388 3666 nexu
3425 3629 3720 3685 regenera-

2131 3688 2277 3744 tione
2318 3691 2570 3748 solvatur.
2617 3694 2756 3762 Quid
2799 3713 2928 3769 ergo
2969 3714 3002 3754 a
3046 3715 3132 3756 me
3167 3704 3382 3772 quatris,
3437 3724 3458 3759 ι
3508 3707 3600 3762 ubi
3649 3709 3722 3766 sit

2131 3782 2390 3854 originale
2418 3787 2653 3854 malum;
2692 3808 2711 3842 ι
2742 3804 2864 3846 cum
2891 3791 2948 3847 in
2973 3801 3025 3848 te
3051 3794 3166 3864 ipso
3186 3797 3365 3854 verius
3401 3799 3495 3854 tibi
3530 3801 3721 3873 loqua-

2131 3881 2218 3930 tur
2241 3874 2408 3932 libido
2427 3919 2442 3943 ,
2467 3888 2654 3936 contra
2679 3897 2836 3953 quam
2863 3899 3094 3956 pugnas,
3119 3903 3279 3959 quam
3306 3899 3362 3946 tu
3387 3892 3522 3963 ipse,
3545 3910 3720 3966 quan-

2129 3965 2200 4021 do
2240 3982 2358 4024 eam
2395 3970 2624 4027 laudas?
2661 3974 2798 4043 Quid
2836 3979 3049 4048 quaeris,
3079 3999 3100 4034 ‹
3133 3983 3274 4040 unde
3308 3985 3378 4040 sit
3413 3965 3577 4044 homo
3611 3991 3720 4046 sub

2128 4059 2359 4129 diabolo,
2388 4078 2544 4134 quem
2568 4065 2707 4122 Deus
2737 4067 2903 4124 fecit?
2929 4089 2950 4124 ι
2975 4071 3131 4130 Unde
3156 4076 3296 4131 enim
3323 4087 3408 4134 est
3433 4079 3488 4134 in
3513 4091 3716 4150 morte,

2127 4165 2285 4244 quam
2315 4153 2453 4209 Deus
2477 4171 2587 4212 non
2625 4159 2790 4214 fecit?
2823 4180 2842 4214 ι
2874 4161 3011 4229 Quid
3040 4163 3114 4220 ibi
3139 4169 3432 4238 cognoscit,
3461 4187 3482 4224 ι
3513 4172 3716 4244 inquis,

2133 4259 2154 4294 ι
2187 4231 2431 4302 diabolus
2476 4263 2667 4316 suum,
2717 4253 2763 4308 si
2811 4271 2912 4310 nec
2956 4258 3098 4328 quod
3144 4231 3378 4327 factum,
3417 4231 3530 4320 inec
3571 4231 3718 4322 tinde

2125 4331 2321 4390 factum
2355 4345 2472 4404 est,
2499 4339 2615 4412 ipse
2639 4344 2924 4401 condidit?
2955 4366 2975 4400 ι
3005 4349 3169 4406 Plane
3193 4352 3334 4422 quod
3365 4353 3566 4412 factum
3605 4367 3714 4425 est,

2125 4425 2286 4483 homo
2330 4437 2448 4496 est;
2493 4433 2636 4490 unde
2683 4435 2878 4492 factum
2925 4448 3026 4507 est,
3073 4457 3256 4500 semen
3299 4455 3381 4502 est
3431 4447 3712 4518 hominis;

2125 4529 2408 4592 utrumque
2433 4523 2630 4580 bonum
2655 4537 2738 4582 est
2765 4545 2779 4582 :
2808 4529 2939 4584 nihil
2965 4531 3154 4589 borum
3182 4535 3422 4594 diabolus
3447 4542 3710 4610 condidit,

2124 4609 2219 4664 sed
2244 4612 2430 4668 vitium
2460 4617 2678 4673 seminis
2705 4620 2817 4688 ipsc
2845 4624 3145 4680 seminavit.
3189 4627 3304 4683 Non
3337 4631 3408 4686 ibi
3433 4609 3716 4704 cognoscit

2123 4713 2277 4756 suum
2315 4703 2533 4775 bonum,
2573 4711 2694 4778 quia
2723 4726 2827 4766 non
2863 4725 2946 4770 est
2983 4717 3119 4787 ejus,
3151 4721 3293 4792 quod
3325 4723 3484 4780 ambo
3511 4703 3714 4784 lauda-

2121 4807 2274 4859 mus;
2316 4797 2408 4850 sed
2434 4802 2708 4870 cognoscit
2735 4819 2889 4860 suum
2915 4809 3134 4880 malum,
3160 4823 3342 4869 contra
3367 4815 3510 4887 quod
3547 4819 3714 4876 atnbo

2121 4899 2458 4954 pugnamus:
2493 4905 2590 4946 nec
2634 4903 2779 4950 recte
2823 4897 3082 4966 laudatur,
3117 4903 3186 4957 ab
3226 4905 3394 4962 altero
3434 4917 3706 4974 nostrum,

2120 4986 2305 5074 contra
2331 4981 2470 5050 quod
2500 4982 2568 5036 ab
2593 4994 2818 5058 utroque
2856 5003 3136 5061 pugnatur.
3163 4995 3296 5052 Vide
3327 5013 3476 5068 sane,
3509 5016 3710 5074 quem-

2118 5066 2404 5124 admodum
2445 5089 2652 5143 qumras
2686 5093 2716 5132 a
2753 5094 2872 5147 me,
2907 5099 2926 5132 ι
2969 5082 3107 5139 inter
3143 5094 3221 5141 tot
3257 5087 3425 5156 bona,
3453 5066 3594 5148 unde
3635 5095 3709 5150 sit

2117 5157 2170 5212 in
2207 5163 2438 5228 parvulis
2481 5167 2718 5234 malum;
2757 5189 2776 5222 ι
2811 5181 2866 5226 ει
2910 5182 3086 5230 taceas
3129 5179 3270 5248 quod
3309 5195 3408 5252 ego
3448 5186 3601 5254 posui
3647 5187 3706 5240 in

2116 5251 2306 5308 eodem
2336 5255 2470 5312 libro
2495 5259 2579 5312 cui
2619 5263 2931 5332 respondes,
2959 5275 3014 5320 ct
3053 5267 3190 5324 inter
3223 5271 3338 5341 ipsa
3351 5251 3360 5252 ἡ
3375 5251 3536 5332 verba
3575 5279 3702 5344 qui-

2115 5343 2215 5401 bus
2241 5364 2382 5404 nunc
2421 5353 2714 5422 respondes
2733 5396 2747 5419 ,
2776 5357 2917 5427 quod
2943 5359 3016 5414 ait
3037 5363 3324 5431 Apostolus
3353 5383 3367 5422 :
3397 5365 3503 5422 Per
3537 5343 3702 5424 κιιιιιιι

2114 5440 2364 5497 hominem
2389 5456 2646 5514 peccatum
2675 5450 2879 5506 intravit
2913 5455 2964 5506 in
2996 5457 3241 5512 mundum
3259 5499 3274 5524 ,
3305 5469 3352 5513 et
3381 5473 3471 5528 per
3509 5476 3698 5530 pecca-

2113 5539 2222 5587 tum
2247 5551 2423 5602 mors;
2461 5547 2507 5592 et
2531 5540 2602 5592 ita
2633 5541 2686 5595 in
2720 5557 2890 5597 omnes
2913 5545 3140 5601 homines
3165 5549 3471 5616 pertransiit,
3503 5551 3558 5604 in
3589 5569 3698 5621 quo

2109 5641 2282 5681 omnes
2320 5641 2646 5698 peccauerunt
2681 5633 2855 5706 (Rom.
2881 5651 2935 5704 v,
2988 5636 3099 5706 19).
3127 5635 3240 5692 Hoc
3277 5639 3419 5695 enim
3459 5656 3566 5696 non
3607 5644 3698 5704 vis

2144 5800 2154 5809 .
2173 5741 2186 5770 ι
2206 5739 2407 5856 ,1³1111⁸οῖ
2413 5750 2518 5794 Mss.
2525 5779 2540 5806 ,
2558 5745 2801 5798 concludis
2821 5748 2872 5797 in
2893 5747 3078 5818 partio.
3095 5749 3700 5816 Floriacensis,wldudo-

2144 5813 2178 5852 Is
2197 5815 2246 5852 ιιι
2269 5815 2372 5856 m'a'
2407 5816 2453 5854 ο.

2105 5813 2178 5852 ras
2197 5815 2246 5852 ιιι
2267 5813 2453 5867 ριηίιο.
