3984 6548
261 365 355 421 729

1617 357 1818 416 LIBER
1856 360 2172 422 TERTIUS.

260 489 308 535 ut
338 475 555 532 audiant
579 475 665 532 vel
695 475 876 548 legant
903 475 1146 534 homines
1177 475 1284 532 isto
1312 474 1451 545 loco,
1481 473 1572 531 ubi
1600 475 1834 532 maxime

3427 383 3531 440 730

1944 492 2128 534 earum
2154 486 2236 535 est
2258 480 2421 536 etiam
2448 496 2578 539 usus
2602 484 2749 540 mali.
2779 486 2896 545 Non
2925 489 3068 546 enim
3095 491 3284 565 copula
3314 499 3524 568 nuptia-

256 587 380 644 opus
408 582 552 636 erat,
580 586 650 626 ne
675 579 970 642 agnoscant
995 569 1154 626 ﬁdem
1184 584 1360 637 suam,
1402 577 1458 626 et
1489 576 1836 625 contemnant
1940 568 2026 635 lis,
2056 571 2193 626 sicut
2223 579 2374 641 putas
2393 614 2410 641 ,
2440 584 2661 645 propter
2685 580 2863 636 carnis
2888 583 3389 656 concupiscentiam,
3423 594 3520 646 sed

254 666 766 736 argumentationem
807 675 972 720 tuam.

313 757 541 814 CAPUT
577 756 770 812 XXIII.
792 787 863 798 ——
890 757 980 814 52.
1009 757 1269 813 Deﬁnisse
1299 771 1387 813 me
1421 757 1574 824 dicis,
1603 774 1624 810 1
1646 754 1834 813 Homi-

251 865 386 915 nem,
427 849 474 904 si
518 850 588 905 de
632 849 981 905 fornicatione
1019 859 1286 916 nascatur,
1328 866 1481 906 reum
1523 864 1632 906 non
1671 864 1829 916 esse;

1939 669 2157 730 propter
2180 661 2377 718 bonum
2406 665 2549 734 quod
2588 667 2654 722 de
2696 669 2801 724 isto
2847 673 2986 728 malo
3029 673 3105 741 ﬁt,
3153 677 3389 735 instituta
3416 691 3520 737 est.

1936 750 2088 820 Quod
2125 753 2340 823 quidem
2371 755 2568 812 bonum
2606 760 2724 816 sine
2753 760 2854 818 isto
2883 765 3022 820 malo
3052 766 3237 838 ﬁeret,
3271 770 3317 824 si
3357 787 3522 829 nemo
3561 755 3568 762 ’

1937 853 2229 915 peccasset.
2245 845 2399 902 Nunc
2423 862 2553 919 ergo
2577 851 2695 907 sine
2735 852 2839 909 isto
2866 857 3005 911 malo
3037 873 3158 915 esse
3184 876 3290 916 non
3319 874 3518 936 potest,

249 940 286 994 εξ
329 938 398 995 de
437 939 712 1012 coniugio,
762 941 1101 997 innocentem
1139 955 1246 996 ιιοη
1288 955 1428 997 esse.
1474 959 1494 994 ι
1537 941 1663 997 Haec
1705 955 1831 997 vero
1935 934 2029 990 sed
2055 949 2161 990 non
2203 935 2324 993 ideo
2359 939 2559 994 malum
2588 951 2690 997 est.
2733 943 2882 1001 Sicut
2909 962 2941 1001 e
2979 952 3282 1019 contrario,
3313 934 3516 1012 nullum

248 1032 404 1088 nimia
443 1043 530 1088 est
565 1042 621 1088 et
658 1043 840 1105 aperta
892 1033 1175 1089 calumnia.
1231 1032 1344 1088 Imo
1395 1032 1610 1088 deﬁnivi
1649 1033 1828 1088 homi-

247 1138 363 1176 nem
411 1123 785 1192 undecumque
841 1132 1120 1190 nascatur,
1170 1122 1464 1179 secundum
1510 1123 1828 1179 catholicam

244 1213 399 1269 ﬁdem
441 1229 603 1284 quam
651 1225 828 1284 patres
865 1224 1050 1270 contra
1093 1229 1208 1281 vos,
1249 1223 1530 1286 antequam
1575 1229 1828 1271 nascere-

243 1306 391 1373 mini,
422 1304 1225 1373 evidentissime'defenderunt,
1254 1315 1309 1361 et
1343 1306 1680 1361 innocentem
1707 1321 1827 1362 esse

240 1414 335 1470 per
371 1397 578 1452 nullum
616 1399 886 1468 proprium
917 1399 957 1464 ⁸,
982 1407 1038 1453 et
1078 1413 1229 1454 reum
1275 1414 1368 1468 per
1405 1393 1674 1469 originale~
1696 1414 1820 1469 pec-

237 1496 415 1544 catum
446 1506 461 1541 :
491 1497 699 1543 natura:
731 1484 907 1545 autem
941 1489 1315 1554 substantiam,
1349 1489 1498 1558 cujus
1531 1500 1717 1546 auctor
1741 1499 1822 1547 est

235 1577 377 1636 Deus
395 1620 408 1642 ,
437 1579 601 1634 etiam
630 1581 681 1634 in
709 1580 996 1651 grandibus
1025 1595 1144 1637 esse
1179 1581 1546 1652 peccatoribus
1581 1581 1775 1637 bonam
1799 1597 1816 1648 ;

232 1673 326 1742 qui
373 1672 561 1742 utique
600 1683 822 1742 prepter
861 1683 1074 1744 peccata
1107 1674 1267 1728 etiam
1305 1688 1398 1728 sua
1440 1675 1652 1746 propria
1695 1675 1817 1731 mali

231 1776 380 1830 sunt,
413 1781 534 1836 quae
570 1766 645 1820 illi
674 1767 816 1822 malo
852 1782 974 1822 eum
1012 1782 1119 1838 quo
1163 1767 1270 1821 nati
1317 1775 1443 1822 sunt
1478 1767 1813 1826 addiderunt.

228 1855 339 1912 Cur
369 1866 556 1913 autem
597 1859 862 1926 timerem,
902 1874 968 1914 ue
1004 1858 1138 1913 mihi
1178 1859 1528 1928 objiceretur,
1569 1870 1629 1916 ut
1661 1861 1813 1930 dicis,

235 1968 256 2001 1
297 1951 414 2020 quia
445 1959 664 2020 peccata
697 1951 935 2006 omnium
973 1964 1252 2023 parentum
1289 1953 1534 2010 omnibus
1573 1955 1693 2010 ﬁliis
1718 1955 1818 2011 im-

226 2051 508 2111 putarent;
544 2061 562 2093 1
592 2056 714 2096 cum
757 2041 964 2097 etiamsi
1005 2042 1108 2098 hoc
1130 2059 1314 2099 verum
1357 2046 1426 2100 sit
1459 2043 1602 2118 (11011
1644 2062 1816 2118 quan-

225 2139 341 2186 tum
368 2132 562 2186 attinet
595 2131 664 2186 ad
707 2141 919 2188 utentes
945 2135 964 2165 ³
989 2133 1100 2204 jam
1129 2149 1240 2190 sua:
1266 2135 1550 2192 voluntatis
1573 2138 1812 2207 arbitrio,

223 2222 325 2278 sed
347 2231 604 2292 quantum
631 2225 825 2279 attinet
859 2225 926 2279 ad
952 2228 1280 2298 nascentes),
1311 2227 1455 2284 nullo
1480 2229 1640 2285 modo
1663 2239 1816 2286 natu-

220 2331 305 2371 rae
344 2316 639 2372 substantia
678 2320 875 2374 malum
917 2329 1094 2388 esset,
1123 2320 1274 2391 cujus
1302 2332 1490 2377 auctor
1526 2335 1609 2379 est
1649 2325 1811 2393 Deus,

218 2406 321 2461 sed
361 2421 425 2462 ea
463 2422 584 2477 qua:
628 2408 808 2464 insunt
841 2410 892 2466 ei
927 2410 1076 2478 vitia,
1115 2419 1300 2467 contra
1329 2429 1445 2484 qua:
1484 2422 1538 2470 tu
1579 2430 1808 2486 quoque,

217 2508 284 2554 ut
317 2501 496 2556 verbis
533 2501 638 2556 tuis
671 2509 812 2568 utar,
845 2519 864 2554 1
895 2517 1112 2558 exerces
1153 2503 1383 2575 gloriosa
1421 2507 1754 2562 certamina?
1786 2526 1808 2562 1

297 2593 382 2648 53.
422 2593 572 2650 Sicut
612 2603 814 2660 autem,
855 2593 1308 2665 quemadmodum
1348 2596 1517 2664 dicis,
1549 2616 1570 2651 1
1600 2599 1814 2670 quando

215 2685 449 2741 adulteri
478 2687 735 2758 gignunt,
765 2689 999 2744 nascitur
1020 2690 1180 2746 homo
1205 2689 1273 2747 de
1298 2691 1494 2748 virtute
1525 2693 1809 2764 seminum,

215 2792 330 2831 non
354 2778 422 2833 de
444 2779 771 2849 turpitudine
793 2779 1110 2851 ﬂagitiorum
1137 2801 1149 2836 :
1180 2802 1199 2836 1
1230 2783 1299 2838 ita
1325 2784 1538 2856 quando
1559 2785 1812 2858 conjuges

213 2869 464 2940 gignunt,
491 2871 734 2925 nascitur
770 2870 931 2927 homo
955 2871 1023 2928 de
1049 2873 1242 2930 virtute
1279 2875 1565 2944 seminum,
1596 2893 1703 2932 non
1741 2877 1810 2934 de

214 2959 504 3018 honestate
546 2963 873 3033 nuptiarum.
910 2964 1019 3020 Aut
1047 2965 1091 3021 si
1134 2965 1221 3023 hic
1259 2965 1327 3022 de
1366 2977 1611 3038 utroque,
1647 2977 1703 3024 et
1736 2969 1808 3026 ibi

215 3053 288 3109 de
313 3062 580 3126 utroque:
606 3053 810 3111 fructus
843 3065 1020 3112 autem
1060 3058 1366 3128 nuptiarum
1403 3067 1518 3127 est,
1551 3068 1808 3131 quantum

215 3146 289 3201 ad
317 3147 462 3218 ipsas
489 3163 714 3219 prorsus
738 3149 928 3206 attinet
951 3152 1182 3222 nuptias,
1212 3167 1318 3208 non
1343 3152 1615 3209 hominum
1644 3171 1808 3227 gene-

218 3237 380 3306 ratio,
408 3239 500 3309 qui
530 3247 754 3309 possunt
781 3240 940 3295 etiam
969 3241 1036 3296 de
1059 3241 1314 3300 adulteris
1340 3244 1516 3312 nasci;
1549 3245 1642 3300 sed
1663 3245 1809 3301 ordi-

214 3337 344 3383 nata
383 3332 658 3401 susceptio
703 3331 953 3389 ﬁliorum.
997 3331 1104 3388 Cur
1140 3349 1268 3404 ergo
1300 3352 1320 3387 1
1355 3337 1630 3392 sententiae
1672 3353 1806 3394 mete

216 3433 348 3490 pars
373 3419 654 3477 talsissima
681 3431 784 3489 est,
814 3439 916 3495 qua
946 3424 1076 3494 dixi,
1101 3425 1413 3496 Nuptiarum
1440 3429 1638 3484 bonum
1665 3430 1805 3486 malo

213 3509 495 3580 originali,
525 3513 658 3582 quod
690 3513 816 3570 inde
845 3515 1103 3584 trahitur,
1135 3531 1240 3572 non
1270 3527 1445 3588 potest
1471 3521 1743 3588 accusari;
1778 3541 1799 3576 1

218 3614 351 3656 cum
373 3617 442 3657 eo
466 3604 623 3672 malo,
643 3615 823 3661 contra
846 3607 988 3677 quod
1014 3623 1234 3680 pugnas,
1257 3620 1312 3666 et
1333 3611 1469 3667 bene
1495 3614 1574 3668 usi
1602 3613 1802 3671 fuerint

219 3693 497 3764 eonjugati
537 3705 594 3750 ut
619 3699 943 3765 nascereris,
974 3709 1030 3755 et
1071 3700 1173 3756 hoc
1201 3702 1324 3758 inde
1353 3703 1448 3759 abs
1492 3713 1545 3760 te
1574 3714 1799 3762 tractum

215 3798 374 3839 reum
405 3792 457 3841 te
485 3793 685 3843 teneret
727 3789 830 3845 nisi
859 3791 1260 3848 renascereris?
1306 3793 1487 3866 Itaque
1515 3811 1615 3852 nec
1642 3812 1802 3853 accu-

213 3876 371 3931 sandi
400 3886 528 3933 sunt
559 3880 814 3952 conjuges
841 3881 929 3953 qui
958 3883 1096 3939 bene
1123 3892 1346 3940 utuntur
1373 3887 1542 3953 malo,
1571 3897 1626 3944 et
1653 3904 1805 3961 rege-

213 3969 438 4024 nerandi
489 3979 616 4025 sunt
662 3970 756 4027 ﬁlii
803 3981 863 4028 ut
915 3973 1211 4031 liberentur
1258 3991 1288 4031 a
1342 3978 1506 4033 male.
1559 3978 1615 4035 Si
1659 3981 1802 4036 enim

211 4059 519 4129 nuptiarum
563 4060 759 4118 bonum
808 4078 915 4119 non
957 4075 1099 4121 esset
1140 4067 1242 4121 nisi
1285 4066 1458 4123 bonus
1486 4082 1615 4124 usus
1651 4069 1798 4140 boni,

209 4160 336 4208 tunc
365 4154 670 4210 mirandum
697 4164 871 4223 esset,
903 4157 1169 4228 quomodo
1194 4159 1316 4215 inde
1355 4159 1655 4218 traheretur
1679 4177 1798 4218 ma-

213 4242 322 4299 lum
365 4261 380 4298 :
426 4259 553 4301 cum
593 4261 722 4302 vero
762 4247 833 4302 sit
871 4247 1068 4303 bonum
1113 4250 1414 4320 nuptiarum
1460 4250 1631 4308 bonus
1671 4267 1801 4308 usus

214 4337 373 4404 mali,
404 4337 535 4410 quid
574 4339 770 4394 mirum
798 4340 842 4395 si
883 4340 949 4397 de
989 4341 1107 4413 ipso
1137 4342 1278 4396 malo
1297 4383 1311 4409 ,
1343 4357 1448 4413 quo
1477 4341 1613 4399 bene
1637 4343 1802 4401 utitur

215 4427 426 4484 bonitas
453 4430 782 4499 nuptiarum,
805 4431 1029 4487 trahitur
1054 4432 1252 4486 malum
1276 4433 1418 4503 quod
1438 4442 1520 4490 est
1544 4435 1800 4506 originale

215 4523 537 4590 peccatum?
567 4522 705 4578 Illud
731 4523 971 4580 mirabile
999 4533 1102 4593 cst,
1131 4525 1270 4595 quod
1299 4541 1418 4580 cum
1447 4537 1628 4582 essent
1655 4529 1802 4598 Apo-

215 4613 334 4667 stoli
377 4613 554 4668 bonus
597 4612 733 4670 odor
777 4613 1010 4680 Christi,
1055 4614 1364 4671 trahebatur
1409 4616 1533 4672 inde
1577 4618 1797 4686 bonum,

215 4707 525 4763 trahebatur
558 4715 616 4763 et
655 4709 874 4763 malum.
906 4709 1040 4764 Aliis
1068 4709 1208 4764 enim
1243 4719 1396 4766 erant
1437 4710 1571 4766 odor
1593 4711 1715 4767 vita:
1744 4713 1800 4767 in

214 4798 398 4866 vitam,
427 4799 547 4854 aliis
573 4798 707 4854 odor
737 4799 924 4856 mortis
963 4799 1016 4854 in
1034 4809 1258 4855 mortem
1294 4800 1360 4874 (II
1387 4800 1505 4857 Cor.
1529 4817 1598 4870 11,
1633 4803 1720 4867 15,
1752 4811 1800 4857 et

217 4888 358 4958 16);
403 4905 526 4944 cum
563 4889 698 4944 odor
738 4889 828 4945 ille
857 4907 962 4945 non
991 4899 1133 4946 esset
1177 4904 1304 4946 usus
1332 4891 1494 4960 mali,
1527 4891 1620 4948 sed
1649 4892 1794 4948 boni.

218 4976 341 5032 Ideo
369 4979 565 5050 quippe
590 4979 762 5035 bonus
792 4979 926 5034 odor
950 4989 1103 5035 erant
1126 4979 1340 5049 Christi,
1369 4982 1491 5052 quia
1522 4983 1656 5038 bene
1683 4992 1800 5040 ute-

221 5066 412 5125 bantur
440 5073 609 5142 gratia
635 5071 852 5127 Christi.
882 5071 1097 5127 Falsum
1125 5081 1207 5128 est
1233 5074 1392 5144 igitur
1424 5075 1566 5144 quod
1595 5074 1796 5145 dixisti,

225 5178 242 5209 1
277 5159 331 5214 Si
363 5161 560 5216 malum
605 5161 726 5217 inde
756 5161 1018 5228 trahitur,
1056 5165 1293 5217 accusari
1323 5172 1530 5234 potest,
1559 5166 1799 5222 excusari

225 5267 323 5306 non
373 5261 549 5323 potest
581 5273 596 5309 :
633 5275 651 5308 1
686 5256 807 5325 quia
845 5255 1072 5310 trahitur
1114 5256 1237 5312 inde
1278 5257 1535 5327 originale
1576 5258 1796 5328 malum,

224 5356 338 5395 cum
384 5345 626 5400 trahatur
669 5347 792 5402 inde
831 5348 989 5402 etiam
1037 5347 1257 5412 bonum,
1306 5347 1546 5404 ordinata
1597 5351 1800 5407 scilicet

225 5437 527 5504 propagatio
555 5437 806 5492 ﬁliorum.
855 5437 964 5494 Nec
990 5438 1186 5493 malum
1213 5439 1342 5493 illud
1370 5439 1494 5494 inde
1537 5440 1657 5496 ideo
1686 5449 1798 5496 tra-

226 5527 386 5598 hitur,
431 5529 554 5601 quia
598 5530 751 5586 11011111
791 5540 916 5587 sunt
960 5533 1196 5604 nuptiae;
1242 5531 1338 5588 sed
1373 5533 1496 5604 quia
1543 5533 1598 5590 in
1643 5533 1802 5590 bonis

286 5709 304 5780 ξ
340 5716 520 5780 mmet
561 5715 665 5780 Er,
702 5714 748 5761 et
798 5709 1093 5780 itmocemem
1135 5725 1236 5780 esse
1277 5711 1529 5780 parvulum
1566 5726 1655 5776 per
1689 5726 1801 5778 pro-

425 5773 668 5844 Emendati
690 5780 852 5844 strata
864 5775 1244 5844 _tovaniensibus
1263 5773 1547 5827 auctoritate
1569 5773 1677 5827 Ilss.

287 5835 308 5866 ³
339 5835 412 5886 Sic
429 5834 610 5898 aliquot
630 5841 735 5885 uss.
760 5835 876 5884 sum
901 5849 1036 5896 vero,
1061 5834 1280 5886 viventes.

1932 1027 2130 1082 malum
2161 1029 2278 1085 sine
2305 1030 2485 1102 aliquo
2509 1032 2650 1088 bono
2675 1049 2797 1091 esse
2823 1046 3017 1106 potest,
3049 1055 3148 1095 nec
3173 1042 3293 1100 ideo
3317 1045 3515 1104 bonum

1931 1127 2032 1174 est.
2077 1119 2224 1191 Opus
2253 1122 2395 1178 enim
2427 1124 2521 1180 Dei
2547 1125 2746 1181 bonum
2789 1136 2873 1183 est
2911 1129 2964 1184 in
3007 1141 3230 1200 natura,
3257 1137 3373 1192 sine
3410 1157 3517 1210 quo

1931 1220 2108 1268 tamen
2151 1229 2270 1270 esse
2311 1231 2418 1271 non
2455 1225 2628 1288 potest
2655 1219 2902 1275 voluntas
2945 1222 3108 1277 mala.
3154 1227 3232 1281 Ac
3275 1242 3370 1297 per
3413 1230 3518 1288 hoc

1927 1305 2065 1360 sicut
2091 1305 2408 1362 adulterium
2438 1323 2546 1364 non
2577 1317 2754 1380 potest
2794 1326 2914 1368 esse
2943 1312 3060 1369 sine
3101 1314 3244 1370 bono
3285 1327 3510 1388 natura,

1927 1411 2026 1450 nec
2051 1395 2172 1451 ideo
2199 1397 2396 1454 bonum
2423 1409 2508 1456 est
2535 1418 2550 1456 :
2579 1404 2652 1456 ita
2687 1404 3012 1464 connubium
3046 1420 3152 1460 non
3195 1417 3367 1477 potest
3391 1425 3517 1466 esse

1924 1487 2040 1542 sine
2067 1489 2208 1543 malo
2233 1489 2700 1561 concupiscentiae,
2727 1509 2828 1549 nec
2855 1495 2975 1550 ideo
3006 1496 3208 1552 malum
3237 1510 3339 1555 est.
3371 1500 3514 1568 Qua-

1924 1589 2143 1652 pr0pter
2188 1582 2396 1638 etiamsi
2441 1584 2535 1638 tibi
2580 1587 2942 1656 concedatur,
2979 1609 2999 1643 1
3036 1587 3251 1647 Omnem
3294 1608 3506 1651 causam

1923 1672 2049 1727 mali
2089 1688 2208 1729 esse
2249 1684 2523 1745 expertem
2565 1677 2729 1746 boni;
2767 1699 2786 1732 1
2820 1681 2951 1736 nihil
3001 1682 3126 1738 hinc
3166 1685 3398 1741 refertur
3439 1685 3506 1743 ad

1923 1765 2155 1834 nuptias,
2187 1780 2306 1835 qua:
2330 1782 2436 1821 non
2475 1776 2600 1823 sunt
2626 1785 2786 1826 causa
2813 1773 2958 1827 mali.
2989 1773 3173 1844 Neque
3209 1775 3352 1830 enim
3379 1792 3514 1832 con-

1921 1856 2261 1926 cupiscentiae
2303 1859 2498 1914 malum
2539 1863 2735 1931 nuptiae
2781 1863 3058 1934 fecerunt;
3107 1867 3204 1924 sed
3232 1884 3338 1939 quo
3365 1869 3511 1926 bene

1920 1957 2216 2015 uterentur,
2248 1960 2490 2020 paratum
2524 1954 2860 2012 invenerunt.

1989 2038 2214 2096 CAPUT
2250 2041 2516 2099 XXIV.—
2531 2045 2620 2100 54.
2655 2065 2675 2098 1
2710 2047 2826 2103 Non
2855 2049 3050 2125 evadit,
3080 2068 3101 2104 1
3127 2051 3323 2122 inquis,
3356 2071 3376 2106 1
3406 2069 3496 2111 res

1921 2133 2010 2188 illa
2046 2134 2380 2204 supplicium,
2406 2137 2562 2207 cujus
2599 2140 3007 2210 participatione
3043 2143 3202 2199 etiam
3243 2144 3344 2198 alia
3388 2155 3498 2200 tra-

1921 2225 2056 2280 hunt
2079 2235 2304 2281 reatum.
2350 2246 2371 2280 1
2408 2228 2520 2283 Hoc
2551 2229 2596 2283 si
2625 2229 2695 2285 de
2719 2231 3149 2303 concupiscentia
3175 2235 3352 2290 carnis
3375 2250 3502 2292 sen-

1922 2316 2013 2382 tis,
2040 2331 2142 2372 non
2171 2317 2402 2374 absurde
2430 2321 2616 2376 sentis.
2641 2321 2756 2377 Hoc
2779 2323 2920 2378 enim
2949 2324 3092 2380 malo
3117 2325 3254 2381 bene
3283 2334 3506 2382 utuntur

1920 2407 2100 2464 ﬁdeles
2126 2410 2414 2481 conjugati,
2466 2421 2520 2468 et
2563 2427 2634 2469 ex
2668 2412 2771 2469 hoc
2797 2415 2888 2485 qui
2936 2424 3259 2485 generantur
3294 2427 3498 2473 reatum

1919 2499 2150 2568 tralumt,
2189 2501 2418 2574 ideoque
2440 2511 2496 2558 et
2520 2503 2620 2575 ipsi
2651 2505 2998 2575 regenerandi
3045 2516 3188 2562 sunt.
3227 2507 3282 2562 Id
3319 2519 3497 2565 autem

1917 2591 2114 2646 malum
2153 2608 2260 2648 non
2300 2593 2476 2648 evadit
2512 2594 2868 2665 supplicium:
2919 2595 3022 2652 hoc
3071 2606 3154 2654 est
3195 2599 3336 2654 enim
3383 2599 3500 2669 ejus

1923 2684 2261 2755 supplicium,
2288 2693 2351 2741 ut
2373 2701 2494 2741 cum
2519 2688 2808 2766 generatis,
2837 2688 2884 2743 si
2913 2691 3210 2761 regenerati
3241 2707 3347 2746 non
3378 2691 3497 2748 fue-

1918 2775 2046 2842 rint,
2092 2777 2376 2846 puniatur;
2425 2778 2477 2832 in
2507 2780 2836 2850 regeneratis
2863 2791 3063 2848 autem,
3091 2796 3213 2837 cum
3241 2798 3311 2838 ex
3350 2785 3498 2840 omni

1922 2878 2070 2938 parte
2096 2869 2264 2923 sanati
2292 2869 2508 2935 fuerint,
2539 2881 2904 2926 consumatur.
2942 2891 2962 2924 1
2993 2871 3051 2928 Si
3081 2871 3326 2940 trahitur,
3362 2890 3384 2926 1
3414 2874 3497 2928 in-

1914 2959 2049 3029 quis,
2113 2976 2133 3010 1
2166 2966 2219 3014 et
2247 2958 2314 3014 de
2357 2960 2557 3032 nuptiis
2601 2961 2860 3032 originale
2901 2961 3122 3030 malum,
3153 2977 3314 3017 causa
3357 2962 3486 3018 mali

1912 3057 1996 3104 est
2015 3050 2294 3104 conventio
2324 3051 2648 3120 nuptiarum.
2681 3070 2701 3104 1
2723 3050 2860 3120 Quid
2882 3052 2928 3106 si
2946 3051 3083 3106 alius
3109 3051 3270 3121 dicat,
3295 3053 3350 3110 Si
3375 3063 3487 3108 tra-

1913 3139 2052 3196 hitur
2078 3141 2145 3197 de
2167 3149 2357 3198 natura
2385 3143 2629 3197 voluntas
2657 3142 2815 3210 mala,
2839 3159 2998 3198 causa
3025 3145 3149 3199 mali
3175 3154 3260 3200 est
3285 3146 3488 3200 consti-

1909 3235 2041 3289 tutio
2065 3234 2413 3290 naturarum?
2442 3249 2620 3290 nonne
2647 3235 2988 3290 falsissimum
3014 3235 3136 3291 est?
3172 3235 3262 3292 Sic
3281 3251 3411 3307 ergo
3435 3245 3488 3292 et

1908 3327 2050 3398 quod
2101 3327 2217 3397 ipse
2265 3327 2479 3394 dixisti;
2532 3327 2776 3398 quamvis
2829 3327 3087 3398 originale
3133 3329 3334 3383 malum
3382 3344 3488 3384 non

1908 3417 1976 3474 de
1999 3418 2197 3488 nuptiis
2223 3418 2498 3488 trahatur,
2544 3418 2639 3474 sed
2683 3417 2750 3474 de
2788 3421 2988 3474 carnali
3023 3419 3487 3490 concupiscentia;

1907 3517 2091 3564 contra
2145 3507 2288 3579 quod
2341 3509 2540 3565 malum
2591 3516 2646 3566 et
2687 3509 2803 3580 ipse
2853 3509 3095 3582 conﬁigis
3131 3529 3144 3565 :
3187 3526 3296 3582 quo
3347 3513 3492 3568 malo

1909 3603 2176 3676 coniugati
2231 3604 2371 3660 bene
2417 3611 2638 3658 utuntur
2663 3645 2679 3671 ,
2727 3604 2771 3658 si
2826 3604 2939 3659 sola
2992 3605 3245 3675 conjuges
3302 3620 3491 3675 propa-

1907 3695 2133 3765 gationis
2161 3694 2333 3766 gratia
2362 3694 2718 3759 misceantur;
2747 3703 2802 3749 et
2825 3694 2872 3748 si
2902 3703 3180 3764 peccatum
3209 3709 3317 3750 non
3345 3709 3488 3766 prae-

1906 3788 2158 3844 cessisset
2199 3785 2342 3858 quod
2389 3787 2443 3841 in
2485 3801 2671 3842 omnes
2715 3786 2962 3841 homines
3006 3791 3333 3857 pertransiit,
3386 3801 3488 3844 nec

1905 3878 2093 3934 fuisset
2115 3877 2354 3950 profecto
2379 3879 2575 3933 malum
2597 3892 2706 3949 quo
2732 3877 2869 3934 bene
2892 3886 3186 3947 uterentur,
3215 3888 3271 3934 et
3303 3887 3480 3934 tamen

1905 3980 1966 4026 ut
1986 3977 2334 4042 procrearent
2360 3969 2499 4024 ﬁlios
2521 3969 2896 4025 miscerentur.

1977 4062 2068 4118 55.
2108 4061 2187 4118 De
2233 4061 2514 4117 arboribus
2557 4069 2737 4116 autem
2777 4061 2916 4117 bona
2941 4069 2998 4117 et
3023 4061 3183 4129 mala,
3227 4069 3485 4133 quantum

1905 4152 2194 4220 erraveris,
2225 4161 2356 4223 puto
2381 4167 2469 4207 me
2506 4151 2635 4206 satis
2662 4151 3058 4208 demonstrasse
3080 4152 3145 4207 Iin
3191 4153 3360 4223 primo
3389 4155 3488 4208 1111-

1900 4247 1990 4318 jus
2015 4246 2194 4317 operis
2218 4245 2356 4301 libro
2378 4241 2529 4317 (Cap.
2553 4244 2608 4309 8,
2637 4260 2691 4298 11.
2721 4243 2886 4300 58-41
2922 4245 2950 4315 )
2984 4262 2998 4299 :
3029 4253 3084 4300 et
3110 4259 3231 4299 cum
3270 4244 3486 4301 eosdem

1904 4338 2076 4394 nodos
2100 4345 2332 4408 repetas,
2372 4337 2464 4407 qui
2505 4336 2618 4406 jam
2659 4336 2818 4392 soluti
2861 4344 3006 4401 sunt,
3047 4351 3154 4392 non
3183 4346 3266 4392 est
3293 4350 3484 4407 super-

1904 4427 2024 4483 lIuis
2053 4427 2464 4484 immorandum.
2509 4425 2714 4495 Quaeris
2758 4445 2778 4479 1
2809 4441 2907 4497 per
2934 4427 3060 4498 quid
3091 4435 3369 4497 peccatum
3401 4428 3486 4483 in-

1904 4519 2150 4575 veniatur
2171 4517 2226 4573 in
2257 4517 2531 4588 parvulis;
2567 4535 2588 4569 1
2618 4525 2674 4572 et
2698 4531 2981 4572 enumeras
3010 4517 3174 4572 multa
3203 4518 3364 4584 bona,
3406 4526 3484 4573 ta-

1904 4625 2032 4668 cens
2063 4609 2132 4666 de
2158 4609 2323 4677 malo,
2368 4616 2551 4664 contra
2591 4607 2734 4680 quod
2763 4623 2963 4679 pugnas
2991 4624 3006 4662 :
3038 4607 3133 4664 sed
3162 4623 3283 4664 cum
3315 4616 3482 4676 taces,

1904 4702 2124 4759 clamas.
2179 4719 2198 4753 1
2244 4701 2537 4765 Parentes,
2562 4717 2582 4752 1
2627 4699 2838 4769 inquis,
2893 4717 2914 4752 1
2955 4699 3046 4770 qui
3082 4709 3348 4755 conventu
3387 4715 3487 4754 suo

1903 4807 2119 4850 causam
2145 4790 2322 4847 fecere
2341 4800 2580 4861 peccato,
2607 4790 2730 4861 jure
2749 4789 3114 4855 damnabiles;
3147 4805 3377 4860 quorum
3406 4791 3486 4845 la-

1903 4884 2034 4940 bore
2048 4891 2228 4938 actum
2247 4889 2330 4937 est
2349 4889 2408 4936 ut
2426 4880 2493 4937 ad
2508 4880 2840 4936 dominatum
2855 4881 3214 4936 exercendum
3233 4881 3283 4935 in
3302 4880 3480 4936 homi-

1903 4990 1999 5030 nes
2028 4974 2272 5029 diabolus
2298 4973 2624 5044 perveniret.
2667 4991 2687 5026 1
2729 4973 2890 5029 Potes
2917 4973 3018 5029 hoc
3041 4981 3097 5029 et
3133 4973 3234 5044 ipsi
3255 4974 3365 5030 Deo
3395 4973 3484 5029 di-

1902 5081 2048 5133 cere,
2074 5079 2185 5121 non
2209 5064 2330 5120 dico
2349 5064 2472 5135 quia
2490 5072 2637 5119 creat
2659 5063 2904 5118 homines
2935 5064 3207 5120 trahentes
3226 5064 3485 5137 originale

1903 5164 2201 5229 peccatum,
2217 5157 2340 5228 quia
2355 5155 2408 5211 id
2430 5165 2488 5211 tu
2505 5169 2698 5226 negas;
2725 5155 2822 5212 sed
2838 5156 2960 5226 quia
2977 5152 3146 5213 nutrit
3158 5166 3214 5214 et
3228 5158 3388 5214 vestit
3404 5157 3484 5212 in-

1903 5249 2262 5306 numerabiles
2280 5249 2494 5321 impios,
2512 5250 2673 5306 etiam
2689 5264 2825 5322 quos
2847 5251 2993 5307 novit
3009 5252 3061 5307 in
3077 5251 3191 5322 ipsa
3213 5251 3483 5323 impietate

1904 5356 2182 5399 mansuros
2200 5358 2215 5396 :
2233 5341 2375 5412 quod
2400 5341 2638 5412 profecto
2661 5342 2709 5397 si
2733 5358 2840 5398 non
2857 5342 3092 5411 fecisset,
3109 5358 3294 5400 servos
3313 5343 3487 5398 homi-

1903 5451 2002 5492 nes
2020 5435 2261 5491 diabolus
2283 5449 2392 5490 non
2413 5434 2656 5491 haberet.
2691 5434 2799 5492 Sed
2823 5436 3044 5491 forsitan
3067 5435 3235 5504 dicas,
3270 5437 3410 5492 Deus
3428 5434 3486 5492 in

1905 5530 1986 5587 eis
2007 5528 2286 5600 pascendis
2311 5543 2418 5585 non
2443 5528 2669 5585 attendit
2697 5529 2800 5585 nisi
2830 5529 3050 5593 bonum,
3078 5530 3229 5600 cujus
3254 5530 3368 5600 ipse
3392 5546 3488 5585 au-

1905 5633 2023 5680 ctor
2047 5633 2150 5691 est,
2181 5622 2323 5694 quod
2356 5621 2601 5678 homines
2629 5631 2776 5678 sunt.
2803 5622 2892 5678 Sic
2918 5637 3047 5694 ergo
3075 5630 3131 5678 et
3166 5631 3414 5693 parentes
3432 5623 3487 5679 in

1907 5717 2030 5772 ﬁliis
2043 5714 2320 5787 gignendis
2337 5729 2445 5770 non
2473 5714 2753 5770 attendunt
2782 5713 2882 5768 nisi
2910 5712 3129 5779 bonum,
3157 5713 3299 5784 quod
3317 5712 3488 5771 homi-

1908 5821 2005 5864 nes
2019 5814 2161 5873 sunt,
2177 5805 2410 5862 maxime
2425 5806 2724 5863 nescientes
2735 5804 2922 5876 quales
2933 5803 3093 5860 futuri
3105 5815 3248 5864 sunt.
3260 5805 3487 5880 Nempe,
