3984 6502
466 422 567 482 7'51

467 539 611 615 quod
639 537 799 595 etiam
826 540 881 588 tu
909 524 1179 585 conﬁteris
1200 564 1218 595 ,
1248 530 1525 615 peccatum
1551 515 1754 615 nullum
1794 522 1937 615 esset
1958 554 1973 579 ,
1999 510 2049 615 si

470 602 611 692 nulla
638 625 1001 702 praecessisset
1042 618 1288 673 voluntas
1311 613 1452 669 mala
1493 628 1507 665 :
1559 611 1682 680 quia
1711 616 1764 663 et
1790 602 2049 702 originale

473 699 749 800 peccatum
783 712 944 788 (quod
971 727 1069 769 nos
1088 709 1317 765 dicimus
1334 748 1349 773 ,
1373 720 1469 761 vos
1489 702 1715 800 negatis)
1741 699 1950 800 nullum.
1969 712 2055 752 es-

475 791 558 877 set
588 816 770 885 utique
794 850 810 876 ,
838 807 941 864 nisi
965 815 1151 863 natura
1180 818 1245 858 ex
1274 799 1432 871 primi
1453 795 1686 893 hominis
1708 793 1844 849 mala
1869 791 2057 893 volun:

478 918 588 967 tate
615 906 818 963 vitiata.
860 898 965 956 Sed
995 897 1141 955 nulla
1178 901 1319 951 esset
1352 890 1512 947 etiam
1534 888 1782 961 voluntas
1820 884 1981 948 mala,
2009 884 2055 937 si

476 1000 619 1056 nulla
664 991 1027 1067 prazcessisset
1063 994 1271 1051 natura,
1308 982 1392 1048 vel
1428 980 1665 1050 angelica
1695 978 1777 1033 vel
1803 976 2054 1031 humana.

476 1087 741 1161 Numquid
768 1091 981 1156 propter
1010 1079 1111 1135 hoc
1138 1079 1301 1133 Deum
1330 1087 1547 1130 causam
1571 1068 1819 1161 dicturus?
1835 1083 1895 1124 es
1926 1080 2058 1143 pec-

478 1160 740 1242 catorum,
765 1177 886 1247 quia
910 1173 1155 1229 voluntas
1179 1169 1294 1241 eius
1312 1179 1472 1222 causa
1497 1173 1579 1219 est
1602 1160 1938 1217 mutabilium
1961 1174 2085 1237 na-l

482 1269 756 1330 turarum?
783 1268 929 1323 Sicut
956 1278 1085 1334 ergo
1112 1259 1314 1317 creanti
1343 1258 1454 1313 Deo
1478 1270 1585 1310 non
1606 1254 1893 1323 imputatur
1918 1249 2062 1321 quod

482 1363 773 1422 rationales
799 1368 1001 1415 naturai
1024 1371 1053 1419 a
1081 1354 1223 1410 bono
1249 1350 1536 1414 deﬁciunt,
1567 1345 1662 1403 sed
1692 1345 1833 1419 quod
1864 1344 2062 1400 bonum

484 1467 654 1516 sunt:
701 1457 780 1512 sic
822 1453 1135 1526 parentibus
1163 1447 1498 1521 gignentibus
1529 1451 1585 1499 et
1624 1442 1764 1499 malo
1806 1440 2063 1511 concupi—

485 1550 704 1606 scentia:
740 1548 878 1607 bene
920 1543 1187 1605 utentibus
1234 1554 1342 1594 non
1382 1534 1751 1606 imputandum
1794 1541 1877 1588 est
1923 1530 2067 1603 quod

485 1657 606 1697 cum
632 1654 700 1696 eo
727 1638 867 1697 malo
894 1636 988 1693 ﬁlii
1013 1641 1323 1699 nascuntur,
1363 1628 1459 1685 sed
1496 1625 1638 1700 quod
1677 1626 1874 1680 bonum
1917 1631 2063 1700 sunt.

484 1734 605 1790 Non
632 1742 807 1790 autem
846 1729 986 1793 ideo,
1004 1727 1142 1785 sicut
1164 1733 1337 1794 putas,
1359 1739 1380 1775 ς
1402 1735 1433 1775 a
1449 1718 1660 1775 diabolo
1692 1716 1901 1771 ducitur
1917 1713 2068 1787 origo

488 1826 824 1883 nascentium
847 1864 862 1889 ,
893 1842 914 1876 ι
948 1822 1001 1887 in
1027 1827 1281 1891 quantum
1326 1814 1570 1870 homines
1596 1821 1740 1877 sunt,
1774 1829 1796 1863 ι
1838 1808 1961 1880 quia
1986 1808 2068 1864 di-

490 1920 626 1975 citur
659 1933 690 1972 a
719 1914 939 1978 diabolo
968 1927 1087 1969 esse
1129 1909 1283 1980 origo
1311 1904 1541 1978 peccati.
1583 1905 1698 1963 sine
1740 1916 1851 1987 quo
1894 1898 2070 1963 nullus

492 2009 733 2066 nascitur
757 2005 1052 2063 hominum.
1089 2021 1109 2058 ι
1143 2000 1328 2070 Neque
1355 1997 1498 2053 enim
1540 1995 1663 2068 quia
1703 1994 1854 2067 origo
1882 1990 2069 2051 mortis

490 2117 523 2157 a
545 2099 759 2157 diabolo
784 2106 883 2161 est,
916 2095 1037 2152 ideo
1062 2090 1130 2153 ab
1158 2092 1250 2147 illo
1275 2098 1357 2151 est
1383 2088 1533 2160 origo
1558 2086 1880 2142 mortalium.

559 2194 650 2249 56.
696 2209 717 2244 ι
746 2190 951 2246 [limam
975 2189 992 2220 ί
1023 2207 1043 2242 ι
1070 2185 1264 2259 quaeris
1290 2201 1309 2235 ι
1341 2184 1478 2238 inter
1494 2190 1573 2235 tot
1596 2179 1912 2235 innocentia:
1933 2191 2072 2246 prte-

491 2283 652 2352 sidia,‘
699 2297 802 2353 qua
857 2278 1088 2351 potuerit
1127 2276 1327 2333 intrare
1371 2280 1696 2345 peccatum:
1736 2288 1756 2323 ι
1811 2283 1930 2324 cum
1974 2266 2071 2323 tibi

490 2375 736 2433 ostendat
763 2371 1035 2443 apostolus
1055 2369 1270 2434 Paulus,
1296 2382 1401 2423 non
1428 2365 1641 2433 rimam,
1677 2361 1772 2419 sed
1799 2360 2072 2433 apertissi-

492 2482 637 2524 mam
671 2466 910 2536 ianuam,
951 2461 1156 2529 dicens,
1199 2457 1304 2514 Per
1331 2474 1491 2512 unum
1532 2455 1785 2510 hominem
1816 2461 2073 2525 peccatum

489 2558 694 2613 intravit
735 2556 793 2612 in
835 2553 1100 2616 mandunt,
1127 2563 1175 2608 et
1213 2567 1302 2622 per
1330 2560 1590 2619 peccatum
1630 2561 1799 2611 mors;
1840 2554 1886 2598 et
1914 2545 1982 2600 ita
2019 2544 2073 2599 in

494 2665 666 2704 omnes
701 2647 926 2704 homines
959 2643 1268 2716 pertransiit.
1308 2640 1414 2697 Sed
1444 2639 1559 2695 haec
1580 2647 1762 2695 tacens
1788 2637 1963 2704 verba,
1988 2635 2072 2691 di-

494 2741 573 2797 cis
599 2749 707 2805 tua,
740 2756 759 2790 (
787 2737 919 2804 Quia
940 2753 1034 2806 per
1047 2750 1181 2805 opus
1204 2733 1295 2789 Dei
1325 2746 1460 2802 opus
1486 2729 1681 2785 diaboli
1705 2729 1931 2783 transire
1967 2742 2073 2785 non

494 2834 686 2889 sinitur
712 2849 726 2886 ς
759 2848 778 2883 ι
812 2844 933 2886 cum
962 2828 1209 2885 homines
1236 2825 1344 2883 sint
1366 2840 1502 2895 opus
1531 2821 1645 2890 Dei,
1680 2831 1952 2894 peccatum
1979 2836 2075 2875 att-

494 2932 602 2980 tem
631 2938 765 2993 opus
789 2920 1006 2987 diaboli,
1036 2917 1176 2990 quod
1203 2916 1331 2974 dicit
1356 2916 1640 2989 Apostolus
1670 2915 1721 2971 in
1746 2928 1932 2973 omnes
1958 2928 2076 2985 per-

496 3015 770 3070 transisse.
797 3013 1028 3074 Clamas,
1062 3026 1081 3065 t
1117 3008 1175 3067 Si
1204 3017 1390 3064 natura
1418 3023 1513 3078 per
1538 3007 1704 3063 Deum
1723 3015 1824 3071 est,
1856 3021 1960 3061 non
1979 3021 2077 3077 po-

501 3116 605 3162 test
632 3108 688 3161 in
715 3120 776 3161 ea
805 3119 926 3160 esse
953 3102 1214 3173 originale
1244 3101 1440 3159 inalum
1479 3118 1493 3156 :
1542 3119 1563 3153 ι
1609 3100 1762 3170 quasi
1794 3115 1904 3155 non
1943 3100 2077 3165 alius

498 3197 797 3268 religiosius
826 3196 929 3252 sibi
952 3195 1187 3251 clamare
1213 3192 1473 3260 videatur,
1502 3191 1560 3248 Si
1593 3200 1780 3257 natura
1806 3207 1899 3262 per
1915 3192 2078 3251 Deum

498 3300 600 3357 est,
641 3305 746 3346 non
797 3299 972 3360 potest
1013 3303 1079 3344 ex
1108 3303 1170 3345 ea
1200 3286 1347 3346 nasci
1371 3286 1539 3349 ullum
1583 3285 1805 3352 malum,
1848 3294 1943 3341 aut
1975 3300 2078 3341 non

499 3392 674 3453 potest
718 3382 770 3436 in
810 3396 874 3436 ea
916 3394 1036 3436 esse
1080 3379 1243 3435 ullum
1288 3378 1504 3433 malum.
1551 3377 1619 3433 Et
1664 3386 1846 3435 tamen
1891 3376 2080 3435 falsum

498 3476 583 3530 e'st
622 3490 638 3529 :
686 3473 809 3543 quia
852 3478 953 3527 nec
991 3470 1120 3526 oriri
1156 3470 1353 3547 malum
1384 3476 1579 3538 potest,
1610 3468 1719 3529 uisi
1752 3484 1819 3523 ex
1859 3478 2079 3534 natura;

500 3580 602 3620 nec
627 3564 715 3619 ubi
744 3564 813 3618 sit
839 3562 1018 3626 habet,
1045 3562 1089 3618 si
1129 3575 1236 3616 non
1267 3559 1426 3617 fuerit
1463 3559 1516 3613 in
1557 3566 1766 3615 natura.
1812 3557 2085 3617 Conﬁteor

498 3657 660 3726 igitur
685 3668 820 3724 opus
850 3653 944 3708 Dei
974 3667 1098 3710 esse
1123 3651 1216 3722 qui
1253 3651 1510 3719 nascitur,
1539 3651 1699 3707 etiam
1728 3649 1945 3707 trahens
1971 3651 2082 3706 ori-

495 3750 674 3821 ginale
722 3748 955 3813 malum;
995 3745 1245 3817 quoniam
1284 3744 1425 3816 quod
1463 3745 1518 3801 in
1557 3745 1649 3801 illo
1685 3744 1778 3800 Dei
1806 3759 1940 3815 opus
1980 3753 2082 3812 est,

500 3842 698 3897 bonum
749 3850 832 3897 est
875 3857 889 3894 :
932 3840 1056 3910 quia
1101 3840 1299 3895 bonum
1327 3848 1409 3894 est
1447 3852 1584 3908 opus
1628 3838 1720 3894 Dei
1756 3839 1933 3898 etiam.
1964 3855 2085 3905 cum

502 3937 664 4001 malo,
693 3951 798 3989 non
821 3934 995 3988 solum
1022 3933 1074 3987 in
1105 3933 1360 4002 parvulis,
1379 3946 1561 3989 verum
1592 3933 1753 3988 etiam
1784 3932 1836 3987 in
1864 3932 2086 4004 quibus-

498 4030 629 4085 libet
652 4028 920 4093 aetatibus,
965 4025 1067 4081 hoc
1091 4034 1191 4090 est,
1233 4026 1548 4092 substantia,
1580 4025 1770 4092 fmina,
1801 4026 1928 4092 vita,
1959 4041 2087 4087 sen-

496 4134 612 4187 sus,
642 4118 799 4184 ratio,
833 4128 1135 4189 caeteraan
1161 4118 1341 4173 omnia
1372 4118 1532 4183 bona,
1560 4118 1723 4173 etiam
1749 4119 1801 4173 in
1827 4132 2084 4188 quocum.-

470 4222 606 4288 “que
658 4215 872 4270 homine
920 4213 1082 4267 malo.
1134 4212 1264 4279 Quis
1307 4220 1487 4267 autem
1540 4219 1794 4282 operatur
1839 4220 1899 4270 ut
1949 4212 2140 4280 vivat;

507 4309 689 4368 homo,
744 4305 845 4360 nisi
898 4305 949 4358 in
998 4316 1107 4374 quo
1149 4303 1393 4369 vivimus,
1447 4314 1743 4368 movemur;
1800 4312 1858 4360 et
1906 4318 2091 4361 sumus

509 4394 647 4473 (Act.
674 4406 805 4460 imi,
840 4393 971 4465 28)?
1009 4394 1065 4450 ld
1102 4404 1283 4450 autem
1323 4403 1576 4464 operatur
1609 4395 1820 4451 Occuho
1860 4396 2089 4466 quodam

507 4502 673 4560 opere
701 4484 1068 4544 beneﬁcentiae
1090 4488 1113 4520 ’
1142 4501 1255 4540 sua:
1274 4526 1289 4551 ,
1318 4486 1562 4556 exceptis
1582 4486 1854 4543 alimentis
1878 4488 2091 4558 perspi-

508 4586 623 4641 cuis
651 4585 846 4656 quibus
873 4582 1208 4638 extrinsecus
1234 4581 1581 4636 sustinemur.
1609 4581 1711 4648 Qui
1740 4596 1870 4652 ergo
1886 4596 2091 4651 opera-

510 4688 597 4732 tur
627 4686 694 4730 ut
722 4678 864 4730 vivat
908 4677 1085 4740 homo,
1125 4672 1367 4744 quamvis
1411 4672 1821 4728 conversatione
1850 4673 2090 4738 vitiosa;

516 4770 628 4839 ipse
656 4774 909 4837 operatur
928 4773 988 4821 ut
1016 4774 1268 4820 nascatur
1290 4764 1476 4830 homo,
1513 4768 1759 4835 quamvis
1785 4764 1993 4836 origine
2018 4764 2097 4820 vi-

511 4859 658 4913 tiata.
1058 4868 1067 4877 '

581 4940 809 5003 CAPUT
839 4943 1007 5001 XXV.
1055 4974 1129 4988 --
1165 4944 1259 5002 5‘1.
1284 4945 1426 5013 Quid
1454 4953 1539 5001 est
1564 4953 1766 5012 autem,
1794 4946 1938 5017 quod
1967 4960 2094 5016 pro-

512 5040 699 5111 positis
742 5038 859 5093 aliis
911 5051 977 5094 ex
1017 5037 1152 5092 libro
1198 5050 1320 5093 meo
1355 5038 1535 5093 verbis
1576 5038 1713 5093 meis
1952 5039 2096 5109 ίιυοά

488 5129 745 5184 ‘dixerim
774 5170 788 5195 ,
847 5147 868 5181 ι
907 5127 1080 5183 Aliam
1138 5125 1301 5183 fuisse
1344 5129 1652 5198 nuptiarum
1702 5129 2094 5199 institutionem

422 5266 431 5271 -
517 5220 640 5277 ante
672 5231 948 5292 peccatum
977 5220 1126 5288 Adze,
1166 5234 1286 5291 qua:
1329 5220 1446 5276 sine
1488 5222 1940 5291 concupiscentia,
1980 5224 2097 5279 sine

521 5323 665 5370 motu
695 5326 1003 5386 corporum,
1034 5315 1152 5369 sine
1177 5314 1498 5371 necessitate
1516 5324 1739 5370 sesuum
1753 5331 1877 5372 esse
1896 5317 2101 5386 potuis-

516 5409 673 5466 sent?
706 5429 725 5459 ι
774 5408 1004 5464 Detrahe
1050 5409 1249 5479 nuptiis
1293 5405 1779 5478 concupiscentiam
1822 5410 1929 5482 Qua
1968 5425 2099 5466 caro

517 5500 844 5575 concupiscit
868 5501 1128 5556 adversus
1154 5501 1418 5571 spiritum,
1447 5500 1669 5558 detrahe
1695 5503 1891 5557 maiora
1911 5512 2099 5558 contra

518 5598 662 5668 quod
712 5602 917 5668 pugnas
956 5595 1186 5664 gloriosa
1229 5608 1488 5650 exercens
1514 5597 1870 5652 continentia
1911 5598 2103 5653 virtute

520 5689 840 5752 certamina;
871 5695 927 5742 et
974 5700 1079 5740 non
1124 5698 1259 5757 opus
1303 5696 1389 5742 est
1429 5696 1489 5742 ut
1530 5698 1724 5745 cetera
1750 5688 2025 5758 detrahas,
2057 5688 2103 5745 si

1442 5800 1468 5821 Ι

587 5819 603 5849 ι
640 5826 739 5866 Am.
766 5826 819 5869 et
836 5824 963 5877 Mss,

586 5881 608 5912 ι
642 5885 693 5928 in
715 5887 842 5941 uss,
862 5877 1216 5944 minantia.

1238 401 1514 464 CONTRA
1551 382 1890 458 JULIANUM
1929 370 2389 463 palaemon,
2430 395 2485 452 s.
2530 395 2896 454 AUGUSTINI

3634 402 3745 464 752

2166 498 2375 581 nuptias
2411 494 2604 601 quatris
2632 500 2815 583 quales
2855 492 2978 571 ante
3009 498 3279 586 peccatum
3321 498 3615 591 primorum
3645 520 3749 577 ho-

2160 604 2361 658 minum
2390 592 2512 658 esse
2540 592 2842 673 potuerunt.
2866 602 3002 663 'Sine
3032 619 3176 663 motu
3205 594 3345 667 enim
3372 610 3658 685 corporum
3681 614 3745 670 et

2161 698 2276 751 sine
2306 698 2627 754 necessitate
2670 715 2893 754 sexuum
2922 702 3040 779 quis
3081 718 3311 773 unquam
3354 690 3487 761 ullas
3534 709 3751 775 nuptias

2163 791 2451 865 cogitavit?
2479 784 2585 848 Sed
2617 790 2811 847 bellum
2839 786 2981 865 quod
3009 794 3059 848 in
3090 811 3149 850 se
3178 800 3311 853 casti
3344 800 3600 866 sentiunt,
3634 803 3756 857 sive

2163 878 2520 949 continentes,
2542 878 2654 938 sive
2684 884 2843 937 etiam
2868 883 3154 956 conjugati,
3194 886 3293 942 hoc
3318 887 3542 943 dicimus
3567 890 3625 945 in
3657 908 3758 960 pa.-

2162 972 2360 1045 radiso,
2388 985 2512 1031 ante
2540 985 2817 1046 peccatum
2843 960 2986 1032 nullo
3012 978 3170 1033 modo
3192 995 3311 1036 esse
3335 980 3595 1053 potuisse.
3617 983 3758 1054 Ipsa:

2163 1078 2291 1139 ergo
2318 1054 2478 1120 etiam
2521 1082 2664 1123 nunc
2706 1077 2832 1122 sunt
2858 1062 3056 1142 nuptiae
3079 1112 3094 1138 ,
3139 1070 3232 1125 sed
3263 1072 3315 1124 in
3342 1073 3662 1143 generandis
3692 1072 3761 1128 ii-

2165 1148 2400 1231 liis‘tunc
2427 1157 2576 1211 nullo
2604 1159 2746 1213 malo
2774 1158 3048 1216 uterentur
3070 1203 3082 1227 ,
3128 1178 3269 1217 nunc
3298 1165 3759 1234 concupiscentizn

2169 1245 2307 1300 malo
2337 1246 2474 1302 bene
2501 1257 2737 1304 utuntur.
2765 1250 2882 1317 Quo
2906 1252 3047 1306 malo
3075 1268 3167 1307 sua
3198 1244 3333 1309 bona
3360 1271 3467 1310 non
3496 1254 3754 1326 perdide-

2170 1336 2309 1405 runt,
2359 1334 2411 1393 in
2451 1339 2706 1395 castitatis
2752 1340 2876 1408 ﬁde,
2925 1343 2977 1398 in
3020 1342 3409 1415 coniunctionis
3442 1346 3665 1413 l'trdere,
3703 1348 3762 1402 in

2174 1432 2473 1515 propaginis
2511 1434 2771 1503 germine.
2816 1432 3130 1492 Adhaereret
3156 1454 3283 1508 ergo
3326 1448 3451 1494 tunc
3485 1439 3644 1495 etiam
3675 1441 3765 1493 vir

2172 1520 2321 1579 uxori
2341 1535 2400 1580 ut
2419 1518 2696 1597 gignerent
2718 1527 2879 1594 ﬁlios;
2909 1545 3013 1583 non
3038 1538 3211 1584 tamen
3242 1530 3500 1587 haberent
3523 1534 3573 1586 in
3593 1524 3766 1587 carne

2173 1605 2373 1681 litatum
2401 1617 2633 1673 libidinis
2657 1604 2900 1687 turbidze,
2929 1621 3022 1677 sed
3053 1604 3352 1694 tranquilla:
3384 1624 3765 1680 tantummodo

2173 1700 2477 1791 voluntatis,
2507 1727 2609 1781 qua
2640 1712 2960 1782 imperamus
2988 1718 3195 1771 cmtcris
3222 1719 3473 1774 membris
3502 1720 3541 1773 ί.
3648 1784 3653 1795 1

2245 1803 2331 1859 58.
2374 1804 2566 1874 Arguis
2595 1819 2680 1860 me
2701 1847 2715 1871 ,
2747 1806 2887 1878 quod
2920 1824 2939 1858 ‹
2972 1822 3066 1861 eos
3097 1804 3343 1877 parvulos
3368 1811 3460 1882 qui
3502 1812 3767 1868 mundum

2174 1886 2547 1975 impleverunt,
2586 1912 2683 1975 pro
2716 1897 2907 1969 quibus
2947 1886 3191 1955 Christus
3219 1894 3459 1957 mortuus
3488 1914 3592 1972 est,
3640 1905 3766 1959 dia-

2174 1972 2281 2040 boli
2306 2000 2440 2056 opus
2459 2027 2476 2054 ,
2504 1976 2558 2061 et
2583 1972 2649 2042 de
2675 1989 2861 2044 morbo
2885 1998 3070 2058 natos,
3097 1999 3150 2046 et
3177 1991 3244 2047 ab
3272 1993 3491 2049 exordio
3518 2011 3638 2050 reos
3664 1995 3768 2051 de-

2175 2076 2380 2134 ﬁniam.
2420 2097 2440 2132 ι
2492 2076 2705 2135 Parvuli
2748 2096 2882 2157 opus
2930 2080 3123 2139 diaboli
3182 2084 3600 2143 substantialiter
3655 2104 3771 2145 non

2174 2160 2301 2245 sunt
2334 2187 2348 2224 :
2378 2166 2470 2226 sed
2498 2185 2659 2242 opere
2687 2171 2883 2227 diaboli
2912 2162 3240 2244 originaliter
3264 2177 3340 2231 rei
3365 2186 3508 2231 sunt.
3540 2179 3603 2233 Et
3640 2178 3769 2235 ideo

2175 2254 2441 2328 Christus,
2470 2259 2611 2332 quod
2641 2252 2694 2318 et
2735 2261 2865 2341 ipse
2888 2260 3180 2334 conﬁteris,
3218 2264 3377 2322 etiam
3406 2283 3505 2339 pro
3531 2271 3776 2339 parvulis

2175 2348 2419 2431 mortuus
2447 2360 2562 2422 est;
2588 2357 2710 2427 quia
2731 2366 2784 2411 et
2810 2348 2875 2412 ad
2904 2352 3047 2427 ipsos
3072 2360 3298 2428 pertinet
3323 2362 3560 2432 sanguis,
3589 2364 3682 2434 qui

2176 2447 2545 2529 remissionem
2572 2449 2720 2506 fusus
2738 2458 2820 2505 est
2846 2460 3182 2523 peccatorum
3212 2446 3423 2526 (Matth.
3453 2471 3601 2524 xxvr,
3629 2456 3728 2528 28)
3757 2475 3773 2511 :

2177 2555 2207 2593 a
2236 2555 2342 2611 quo
2368 2540 2486 2596 illos
2514 2542 2768 2612 sanguine
2806 2539 2978 2605 facitis
3006 2542 3231 2613 alienos,
3264 2560 3384 2599 cum
3415 2561 3538 2602 eum
3563 2546 3776 2618 negatis

2177 2630 2396 2687 trahere
2443 2632 2701 2704 originale
2749 2624 3048 2705 peccatum.
3100 2624 3211 2692 Nec
3258 2634 3577 2693 succenseas
3625 2624 3775 2710 quod

2179 2714 2663 2797 concupiscentiam
2692 2726 2801 2783 dixi
2828 2728 3096 2794 morbum,
3134 2718 3218 2784 cui
3246 2739 3299 2785 et
3329 2720 3382 2785 tu
3410 2731 3690 2787 confessus
3716 2747 3778 2785 cs

2179 2800 2452 2891 provisum
2483 2818 2647 2875 fuisse
2684 2820 2997 2876 remedium.
3041 2814 3329 2901 Exordium
3361 2839 3490 2879 vero
3519 2826 3773 2895 parvulo-

2180 2927 2319 2976 rum,
2342 2908 2408 2968 ex
2434 2928 2540 2987 quo
2562 2923 2927 2982 nascerentur,
2961 2914 3016 2970 in
3040 2914 3209 2990 Adam
3235 2915 3367 2983 fuit;
3400 2908 3504 2988 quo
3532 2934 3629 2990 per
3651 2912 3778 2989 pec-

2180 3013 2356 3059 catum
2379 3002 2561 3060 vitiato
2582 3014 2740 3078 atque
2767 2992 3039 3079 damnato,
3066 2988 3292 3064 alterum
3314 3004 3392 3064 cis
3412 2988 3681 3081 Christus,
3709 3004 3776 3068 ei

2181 3112 2287 3169 quo
2313 3108 2739 3173 renascerenlur,
2767 3099 3016 3155 instituit.
3222 3168 3227 3173 Α
3410 3096 3413 3097 ⁷
3598 3093 3613 3100 ’

2184 3262 2189 3265 η
2254 3168 2478 3244 CAPUT
2522 3180 2713 3245 xxvi.
2763 3220 2835 3230 —
2884 3190 2973 3246 59.
3009 3209 3029 3242 ι
3063 3189 3118 3246 Si
3148 3168 3272 3247 anie
3301 3176 3598 3263 peccatum,
3635 3210 3656 3245 ι
3686 3195 3779 3250 ιιι-

2184 3274 2302 3350 quis
2322 3320 2337 3345 ,
2376 3298 2395 3332 ι
2431 3294 2526 3352 per
2555 3270 2721 3335 Deum
2762 3291 3000 3338 creatum
3032 3292 3115 3339 est
3144 3272 3283 3339 unde
3313 3284 3559 3341 homines
3581 3278 3780 3342 nasce-

2185 3362 2390 3437 rentur,
2421 3388 2515 3447 per
2543 3360 2815 3429 diabolum
2841 3383 3017 3430 autem
3056 3375 3194 3431 unde
3237 3360 3489 3449 parentes
3526 3394 3777 3434 commo-

2186 3472 2471 3535 verentur;
2501 3464 2820 3520 adscribitur
2849 3464 3166 3535 sine.dubio
3209 3456 3462 3524 sanctitas
3505 3468 3781 3526 nascenti-

2186 3526 2320 3623 bus,
2349 3565 2403 3610 et
2428 3526 2582 3625 culpa
2612 3526 3006 3627 generantib'us‘.
3042 3577 3062 3611 ι
3095 3556 3230 3627 Quid
3260 3554 3430 3626 dicis,
3463 3578 3484 3612 ς
3521 3572 3779 3631 parentes

2188 3646 2753 3721 commoverentur?)
2813 3646 2869 3702 Si
2910 3646 3105 3718 pietate
3144 3649 3447 3716 voluntatis,
3479 3667 3580 3735 qua
3631 3660 3786 3735 aptat

2190 3735 2326 3793 ﬁlios
2342 3739 2565 3810 quisque
2589 3739 2892 3809 suscipere;
2923 3751 2976 3795 et
2998 3740 3100 3795 hoc
3124 3734 3219 3811 per
3240 3742 3405 3798 Deum
3431 3734 3736 3799 itiStitutunt
3760 3761 3776 3802 ς

2190 3830 2236 3909 si
2276 3841 2453 3907 autem
2487 3831 2885 3902 perturbatione
2922 3818 3188 3902 libidinis,
3234 3835 3317 3888 cui
3354 3850 3453 3901 nec
3484 3824 3785 3892 excitandas

2190 3939 2293 4003 nec
2321 3910 2641 3987 auferendze
2669 3912 2864 3980 sufﬁcit
2899 3925 3187 3983 voluntatis
3225 3928 3536 3995 arbitrium;
3579 3939 3787 3988 natura:

2191 4016 2384 4097 vulnus
2412 4005 2497 4087 est
2538 4016 2605 4072 de
2652 4016 3124 4088 praevaricatione,
3170 4006 3327 4097 quam
3357 4020 3621 4076 diabolus
3650 4037 3782 4093 per-

2193 4092 2382 4170 suasit,
2439 4106 2717 4163 inﬁictum.
2773 4107 2938 4164 Recte
2981 4108 3159 4180 itaque
3210 4126 3239 4164 a
3291 4092 3379 4167 me
3427 4092 3783 4180 dictumrest,

2200 4215 2219 4249 ε
2254 4197 2443 4265 Fieret
2461 4182 2577 4253 sine
2606 4198 2710 4254 isto
2745 4199 2936 4254 morbo
2974 4200 3261 4277 seininatio
3303 4201 3535 4259 ﬁliorum
3569 4204 3622 4258 in
3661 4220 3786 4259 cor-

2194 4304 2325 4361 pore
2367 4290 2490 4344 vitze
2530 4289 2691 4356 illius,
2737 4289 2854 4345 sine
2893 4307 2999 4363 quo
3030 4308 3167 4347 nunc
3200 4282 3312 4347 ﬁeri
3358 4310 3464 4353 non
3517 4284 3695 4365 potest
3734 4296 3786 4351 in

2196 4370 2418 4457 corpore
2435 4380 2621 4435 mortis
2649 4380 2805 4454 hujus
2825 4400 2844 4434 ι
2880 4372 2983 4453 (De
3015 4378 3226 4454 Nuptiis
3263 4393 3309 4438 et
3348 4383 3787 4457 Concupisceutia,

2198 4456 2285 4528 lib.
2318 4458 2370 4538 ἰ,
2403 4490 2516 4546 cap.

2218 4622 2223 4647 5
2270 4568 2358 4624 60.
2400 4567 2551 4635 Quod
2580 4554 2757 4624 autem
2786 4569 3196 4638 argumentaris,
3237 4588 3255 4623 ι
3290 4568 3355 4625 ad
3382 4554 3583 4626 bonum
3611 4562 3790 4628 l'ecun-

2199 4660 2377 4716 ditalis
2404 4660 2650 4733 parvulos
2677 4660 2962 4731 pertinere,
2993 4676 3113 4732 quae
3142 4660 3233 4717 Dei
3262 4661 3637 4735 benedictione
3664 4676 3788 4721 ante

2199 4752 2444 4808 morbum
2476 4750 2709 4807 libidinis
2738 4751 2978 4807 instituta
3006 4761 3124 4818 est;
3169 4768 3273 4807 non
3314 4752 3379 4809 ad
3410 4740 3585 4825 ipsum
3614 4756 3790 4812 libidi-

2199 4844 2283 4909 nis
2312 4843 2577 4909 morbum,
2622 4842 2667 4897 si
2713 4851 2897 4913 postea
2925 4845 2946 4875 ²
2979 4844 3320 4913 peccantibus
3358 4846 3586 4912 accidit;
3635 4859 3795 4918 atque

2203 4937 2325 4993 ideo
2366 4937 2703 4993 sanctitatem
2749 4922 3157 4992 adscribendam
3199 4952 3319 4994 esse
3348 4941 3715 5008 nascentibus,
3744 4951 3796 4995 et

2198 5028 2808 5102 generantibusculpam
2838 5049 2851 5085 :
2888 5048 2908 5083 ι
2941 5046 3048 5086 non
3068 5031 3301 5087 attendis
3326 5041 3545 5102 peccato
3568 5034 3664 5089 illo
3687 5051 3798 5088 rna-

2200 5138 2305 5195 gno
2336 5122 2637 5193 universam
2672 5123 2727 5179 in
2767 5122 3004 5179 deterius
3033 5133 3289 5180 mutatam
3319 5125 3481 5182 fuisse
3524 5136 3796 5190 naturam,

2204 5213 2347 5270 unde
2389 5212 2560 5269 fuerat
2609 5206 2848 5291 propago
2889 5214 3149 5273 ducenda.
3196 5215 3290 5272 Sic
3319 5217 3461 5273 enim
3501 5233 3694 5287 posses
3715 5218 3799 5271 di-

2170 5372 2175 5377 .
2203 5322 2347 5375 cere,
2378 5305 2544 5360 Evam
2569 5306 2765 5375 solam,
2794 5323 2900 5379 non
2927 5316 3150 5363 cmteras
3178 5308 3404 5365 feminas
3433 5308 3651 5365 dolores
3678 5324 3801 5380 par-

2205 5398 2473 5455 turitionis
2502 5397 2703 5455 sentire
2731 5397 2981 5454 debuisse
3009 5416 3024 5465 ;
3072 5401 3323 5472 quoniam
3362 5400 3671 5463 benedictio
3698 5417 3801 5471 qua

2205 5491 2405 5547 dictum
2435 5498 2549 5557 est;
2595 5489 2830 5558 Crescite,
2862 5500 2908 5546 et
2936 5492 3346 5563 multiplicamini
3382 5490 3534 5565 (Gen.
3603 5510 3643 5562 ι,
3682 5494 3801 5561 28),

2207 5600 2271 5640 ex
2299 5599 2401 5655 qua
2432 5584 2522 5638 ﬁlii
2553 5593 2922 5654 procreantur,
2961 5594 3083 5641 ante
3111 5587 3244 5640 facta
3286 5594 3387 5652 est,
3410 5602 3574 5656 quam
3614 5588 3805 5643 fuisset

2224 5720 2237 5729 ι
2277 5699 2293 5729 ι
2333 5704 2452 5757 Am.,
2909 5696 3173 5769 morereris
3480 5707 3561 5751 Fr.
3584 5708 3641 5769 et
3666 5708 3808 5758 ιον..

2208 5758 2707 5883 Ἠιέδρεεῐαηωὺι
2725 5759 2915 5812 ueteri:
2932 5758 3175 5812 membris.
3201 5761 3523 5815 amendatum
3536 5764 3602 5814 ad
3637 5776 3811 5817 unau-

2274 5864 2564 5946 ῖᾜὲαίιίε,
2587 5881 2671 5948 qui
2687 5889 2864 5949 postea.
2899 5864 2950 5935 in
2972 5892 3097 5947 uss,
3122 5898 3165 5937 ει
3186 5895 3361 5950 pm
