3984 6514
226 412 330 479 183

227 528 504 596 muliebris
531 523 695 585 sends
726 521 825 581 illa
852 515 1231 577 'mal'edictione
1252 516 1489 587 punitus.
1516 511 1625 569 Sed
1647 512 1693 567 si
1717 511 1819 566 hoc

227 620 555 688 dixe'tiinus,
596 618 784 689 utique
837 609 1263 684 respondebitur,
1311 608 1452 663 sicut
1497 621 1563 661 ex
1601 610 1820 676 peccato

231 719 340 782 illo,
371 715 447 770 ita
474 712 543 768 es
585 707 874 765 maledicto
898 708 951 759 in
979 700 1134 773 pejus
1159 707 1323 754 totam
1364 704 1620 757 mutatam
1659 692 1822 747 fuisse

228 819 492 869 nstram,
520 800 664 858 unde
692 798 924 855 trahitur
952 791 1213 862 uriginale
1252 797 1533 861 peccatum
1557 793 1615 843 et
1635 784 1819 855 iugum

228 898 384 974 grais
405 896 575 967 super
603 893 746 948 ﬁlios
768 889 958 945 Adam.

294 993 386 1049 Gl.
426 966 547 1045 Non
563 985 730 1049 enim,
753 982 958 1037 sicuttu
980 973 1388 1047 argumentaris,
1419 989 1437 1024 ι
1458 969 1701 1027 Judaeum
1724 966 1824 1021 sub

229 1086 342 1155 lege
362 1080 598 1153 positum
620 1070 957 1132 describebat
975 1067 1260 1140 ApostOlus
1270 1065 1558 1125 dicentem,
1578 1060 1697 1116 Scio
1709 1058 1825 1129 quia

229 1192 326 1231 non
356 1171 553 1227 habitat
585 1169 641 1223 in
681 1184 783 1233 me;
824 1164 917 1218 hoc
940 1162 1025 1217 est
1053 1160 1107 1215 in
1136 1174 1287 1213 carne
1333 1172 1462 1221 mea,
1490 1155 1704 1218 bonum;
1748 1158 1822 1219 et,

230 1266 349 1323 Non
374 1281 469 1336 ego
492 1278 677 1333 operor
698 1258 852 1320 illud,
870 1256 958 1312 sed
979 1253 1115 1326 quod
1140 1251 1333 1306 habitat
1359 1249 1411 1303 in
1425 1264 1519 1313 me,
1544 1255 1821 1317 peccatum;

224 1369 301 1426 et,
349 1358 485 1411 Nilei
536 1354 728 1409 malum
771 1351 1009 1421 adjacet;
1057 1352 1133 1411 et,
1173 1341 1333 1398 Video
1378 1341 1532 1395 aliam
1575 1339 1733 1410 legem
1772 1337 1821 1391 ia

231 1451 469 1507 meiubris
506 1447 653 1514 meis,
700 1449 1068 1515 repugnantem
1107 1436 1206 1508 legi
1252 1434 1430 1491 mentis
1455 1447 1577 1487 metu
1604 1445 1624 1486 :
1670 1449 1690 1484 ι
1731 1427 1821 1485 sed

232 1540 571 1601 describebat
599 1537 888 1593 humanam
918 1532 971 1587 in
1015 1530 1116 1585 hac
1153 1523 1485 1594 corruptibili
1528 1536 1691 1577 carne
1727 1530 1821 1575 na-

235 1644 432 1700 turam,
460 1644 573 1689 non
602 1638 768 1700 opere
795 1625 893 1683 Dei
922 1637 1046 1679 cum
1071 1618 1203 1678 vitio
1226 1617 1471 1687 primitus
1499 1615 1817 1681 institutam,

230 1729 326 1786 sed
352 1742 425 1784 ex
450 1724 746 1783 voluntatis
780 1719 1008 1778 arbitrio
1034 1714 1281 1770 veniente
1317 1711 1608 1780 primorum
1648 1707 1820 1762 homi-

233 1837 360 1879 num
382 1819 516 1875 vitio
547 1816 858 1873 sauciatam.
889 1810 1055 1879 Cujus
1079 1806 1226 1864 enim
1248 1819 1354 1859 vox
1379 1811 1483 1870 est,
1513 1801 1709 1875 Infelix
1727 1816 1820 1873 ego

230 1918 404 1979 homo,
434 1912 550 1984 quis
574 1916 655 1964 nu
678 1904 906 1963 liberabit
928 1902 991 1957 de
1017 1914 1234 1969 corpore
1250 1896 1435 1951 mortit
1463 1894 1656 1966 hujus?
1682 1892 1817 1948 Gra-

162 2040 167 2045 ·
231 2008 306 2062 tia
333 1982 761 2073 Dei'perJesum
785 1994 1035 2051 Christum
1078 1988 1355 2045 Dominum
1392 1994 1617 2042 nostrum
1645 1982 1822 2057 (Rom.

231 2114 327 2163 vn,
345 2095 433 2161 18,
452 2095 546 2158 20,
564 2089 803 2161 25-25)?
830 2082 1094 2156 Numquid
1122 2079 1331 2138 Judaei?
1358 2078 1510 2134 Absit
1538 2094 1553 2132 :
1585 2077 1681 2133 sed
1710 2076 1825 2131 sine

226 2187 572 2245 dubitatione
593 2179 901 2239 Christiani.
924 2177 1053 2246 Ejus
1073 2188 1200 2245 ergo
1220 2186 1383 2227 voces
1395 2178 1519 2226 sunt
1545 2171 1704 2226 etiam
1722 2167 1825 2221 illae

228 2279 560 2352 superiores,
592 2289 661 2331 es
685 2272 877 2344 quibus
901 2269 1016 2325 haec
1034 2272 1429 2335 consenuenter
1447 2275 1701 2333 espressa
1721 2268 1823 2314 est.

230 2373 354 2443 Ipse
388 2370 538 2426 enim
575 2366 731 2431 dixit,
766 2363 946 2419 Gratia
992 2359 1090 2415 Dei
1128 2374 1206 2414 me
1246 2356 1473 2413 liberabit
1510 2354 1574 2408 de
1619 2368 1829 2423 corpore

232 2464 409 2520 mortis
436 2461 594 2530 hujus
623 2473 714 2529 per
739 2454 920 2510 Iesum
944 2451 1196 2507 Christum
1236 2448 1512 2503 Dominum
1558 2454 1827 2508 nostrum;

230 2556 325 2628 qui
348 2554 586 2618 dicebat,
626 2549 787 2607 Video
812 2547 967 2602 aliam
987 2545 1146 2617 legent
1166 2543 1221 2598 in
1248 2541 1483 2597 membris
1509 2540 1654 2606 meis,
1684 2553 1830 2609 repu-

231 2657 474 2720 gnantem
498 2645 599 2716 legi
626 2642 807 2698 mentis
832 2655 977 2695 mea.

308 2740 394 2796 68.
420 2739 530 2796 Sed
559 2752 630 2793 ne
660 2736 800 2791 forte
827 2738 980 2789 istam
1007 2728 1375 2788 catechumeni
1414 2728 1689 2784 existimes
1722 2741 1820 2783 vo-

231 2847 353 2889 cem
392 2831 668 2886 lavacrum
697 2824 1116 2895 regenerationis
1153 2822 1331 2877 adhuc
1358 2821 1625 2891 sperantis
1645 2860 1667 2885 ,
1708 2826 1830 2890 post

230 2928 381 2999 quod
401 2926 678 2980 lavacrum
700 2920 901 2977 nullam
926 2918 1096 2989 legem
1125 2916 1331 2987 peccati
1351 2915 1689 2969 resistentem
1720 2910 1827 2982 legi

236 3018 467 3081 mentis,
516 3014 795 3070 habiturus
840 3019 987 3065 esset
1020 3009 1072 3063 in
1116 3006 1374 3063 membris
1406 3004 1741 3077 (quanquam
1772 3009 1828 3059 tu

235 3110 368 3181 ipse,
397 3108 541 3163 sicut
564 3105 635 3162 de
662 3113 717 3160 te
739 3104 820 3158 vis
847 3100 1134 3157 credamus
1161 3100 1201 3163 ⁸,
1230 3097 1486 3153 adversus
1515 3095 1673 3165 hujus
1700 3108 1829 3150 con-

236 3199 582 3271 cupiscentia:
608 3196 833 3259 malum,
863 3208 958 3264 per
980 3190 1324 3248 continentiae
1349 3188 1568 3253 bonum,
1594 3186 1829 3258 gloriosa

247 3289 542 3348 certamina
574 3294 698 3359 post
726 3286 999 3340 lavacrum
1038 3278 1459 3353 regenerationis
1497 3279 1827 3348 exerceas);

237 3386 417 3444 recole
446 3392 624 3440 tamen
650 3380 781 3452 quid
809 3378 1008 3434 scribat
1035 3375 1104 3431 ad
1133 3374 1347 3432 Galatas
1364 3414 1380 3438 ,
1411 3380 1559 3428 certe
1586 3370 1830 3426 homines

238 3477 559 3547 baptizatos.
577 3473 705 3528 Dico
720 3481 912 3536 autem,
935 3469 1128 3538 inquit,
1146 3466 1329 3539 spiritu
1350 3464 1620 3529 ambulate,
1646 3472 1693 3517 et
1711 3460 1832 3517 con-

236 3569 582 3640 cupiscenu'as
606 3566 768 3620 carnis
792 3579 856 3619 ne
892 3560 1222 3633 perfeceritis.
1251 3557 1369 3615 Non
1394 3558 1506 3624 ait,
1533 3556 1613 3612 Ne
1636 3556 1831 3612 feceri-

248 3663 357 3726 tis;
384 3660 510 3731 quia
529 3672 621 3714 eas
642 3672 742 3712 non
763 3655 965 3711 habere
991 3668 1098 3711 non
1126 3661 1375 3724 poterant
1399 3668 1413 3705 :
1437 3650 1553 3716 sed,
1579 3666 1641 3705 ne
1668 3654 1834 3721 perfe-

240 3752 421 3809 eeritis
441 3767 467 3815 ;
492 3750 545 3805 id
572 3759 671 3817 est,
702 3763 770 3804 ne
802 3761 965 3818 opera
994 3754 1177 3802 earum
1198 3784 1214 3812 ,
1245 3756 1514 3799 consensu
1542 3742 1834 3796 voluntatis

242 3843 537 3914 impleatis.
559 3839 691 3897 Caro
717 3840 875 3904 enim,
907 3839 1101 3909 inquit,
1129 3836 1439 3906 concupiscit
1462 3834 1702 3889 adversus
1728 3834 1837 3904 spl-

242 3938 397 3993 ritum
415 3977 432 4004 ,
464 3944 513 3992 et
538 3934 750 4005 spiritus
778 3934 1018 3987 adversus
1052 3946 1255 3985 carnem
1285 3944 1304 3982 :
1332 3929 1439 3984 hcc
1465 3928 1598 3982 enim
1626 3927 1836 3980 inuicem

241 4029 578 4083 adversantur
601 4041 621 4091 ;
651 4035 707 4079 ut
730 4041 833 4079 non
858 4041 917 4079 ea
941 4034 1055 4094 qua:
1077 4022 1232 4077 uultis
1258 4021 1477 4093 faciatis.
1504 4019 1638 4075 Vide
1658 4020 1703 4075 si
1730 4033 1836 4074 non

244 4120 350 4177 hoc
374 4128 462 4176 est
483 4119 555 4175 ad
587 4118 860 4173 Romanos
890 4134 902 4169 :
937 4115 1061 4170 Non
1088 4114 1224 4169 enim
1261 4112 1395 4184 quod
1430 4111 1544 4166 volo
1584 4111 1717 4181 l‘acio
1744 4109 1837 4164 bo-

244 4227 367 4264 num
385 4227 407 4276 ;
428 4209 519 4265 sed
538 4208 676 4279 quod
698 4202 818 4264 nolo
844 4206 1054 4273 malum,
1085 4206 1180 4261 hoc
1204 4221 1321 4275 ago.
1354 4204 1552 4260 Deinde
1580 4203 1647 4258 ad
1676 4201 1837 4258 Gala-

246 4312 331 4358 tas
377 4301 529 4356 addit
575 4309 632 4355 et
679 4299 854 4354 dicit:
886 4297 1035 4365 Quod
1079 4297 1124 4353 si
1173 4296 1354 4366 spiritu
1408 4295 1689 4358 ducimini;
1738 4310 1839 4348 non

246 4393 417 4447 adlmc
446 4393 566 4447 estis
608 4390 702 4449 sub
740 4391 849 4463 lege
889 4388 1086 4462 (Gatat.
1114 4404 1185 4456 v,
1235 4388 1452 4458 46-18).
1498 4385 1630 4441 Vide
1659 4385 1705 4441 si
1734 4401 1839 4441 non

250 4486 352 4540 hoc
380 4494 465 4540 est
494 4484 562 4539 ad
593 4484 865 4539 Romanos
894 4499 908 4536 :
939 4480 1061 4539 1am
1088 4498 1189 4536 non
1215 4496 1306 4551 ego
1336 4495 1518 4550 operor
1544 4479 1675 4533 illud
1696 4494 1716 4543 ;
1751 4489 1803 4534 et
1823 4520 1838 4543 ,

249 4575 585 4634 Condelector
627 4576 727 4646 legi
767 4574 865 4629 Dei
905 4574 1183 4630 secundum
1220 4573 1509 4627 interiorem
1547 4573 1844 4636 hominem;

248 4678 325 4736 et,
362 4669 484 4723 Non
508 4678 684 4738 regnet
711 4678 972 4739 peccatum
1000 4666 1053 4720 in
1082 4674 1244 4719 oestro
1276 4664 1475 4718 mortali
1505 4677 1745 4735 corpore,
1776 4662 1845 4717 ad

246 4765 589 4823 obedientium
610 4763 872 4818 desideriis
894 4763 1005 4834 ejus
1028 4760 1205 4833 (Rom.
1225 4775 1321 4825 vn,
1352 4759 1441 4823 l5,
1470 4758 1561 4824 20,
1586 4758 1677 4823 22,
1704 4766 1751 4813 et
1772 4772 1841 4824 vr,

250 4860 370 4930 12).
399 4860 456 4915 Si
482 4859 628 4915 enim
660 4872 766 4929 non
794 4856 1073 4929 obediatur
1096 4852 1564 4922 concupiscentiis,
1592 4866 1724 4921 quas
1748 4865 1848 4905 ne-

253 4967 407 5007 cesse
428 4960 513 5007 est
540 4965 663 5006 esse
684 4950 736 5003 in
758 4962 920 5003 carne
950 4947 1150 5018 peccati
1180 4955 1338 5015 atque
1363 4947 1417 5000 in
1442 4959 1666 5013 corpore
1696 4958 1845 4998 mor-

254 5044 320 5098 tis
346 5044 542 5112 hujus,
587 5056 694 5096 non
733 5039 1039 5124 perﬁcietur
1062 5038 1204 5110 quod
1234 5038 1416 5107 perﬁci
1444 5044 1590 5092 vetat
1616 5038 1849 5105 Aposto-

257 5138 337 5192 lus
361 5139 573 5203 dicens,
608 5136 1054 5209 Concupiscentias
1086 5135 1258 5189 cdt-nis
1281 5150 1345 5187 ne
1373 5132 1698 5204 perfeceritis.
1730 5131 1850 5202 Ipsa

256 5231 453 5301 quippe
480 5240 608 5285 sunt
634 5243 820 5299 opera,
849 5228 917 5285 de
940 5222 1131 5301 quibus
1160 5235 1328 5280 totum
1356 5223 1490 5279 mir‘e
1516 5225 1537 5256 ¹
1567 5223 1807 5293 sequitur
1830 5264 1846 5289 ,

261 5328 315 5373 et
339 5320 469 5375 dicit
503 5339 516 5375 :
551 5320 830 5391 Manifesta
854 5328 1022 5373 autem
1049 5327 1170 5373 sunt
1198 5332 1353 5388 opera
1382 5316 1572 5382 carnis,
1599 5331 1712 5386 qua
1735 5322 1851 5368 sunt

262 5413 641 5482 fornicationes,
670 5412 1007 5465 immunditiis
1033 5451 1048 5475 ,
1085 5409 1324 5475 luxuriat,
1355 5407 1607 5461 idolorum
1640 5415 1851 5459 seruitus

265 5501 459 5576 (Galat.
492 5519 547 5569 v,
580 5503 672 5570 l9,
703 5502 823 5572 20),
853 5512 903 5557 et
934 5510 1146 5556 caetera.
1178 5500 1235 5554 Si
1264 5513 1391 5568 ergo
1417 5513 1522 5551 non
1541 5494 1856 5576 consentia-

264 5603 350 5649 tur
369 5594 819 5665 concupiscentiis
843 5594 1043 5657 carnis,
1075 5592 1319 5663 quamvis
1348 5574 1571 5665 agantur
1600 5586 1849 5653 motibus,

324 5749 342 5780 ²
379 5747 453 5809 sic
471 5754 579 5797 uss.
605 5754 663 5797 At
682 5752 758 5795 Er.
785 5753 838 5796 et
858 5753 990 5806 nov,
1013 5744 1056 5795 si
1080 5743 1198 5809 quid
1223 5744 1285 5795 de
1306 5752 1351 5795 te
1369 5724 1736 5809 tibipcredtmus.

1576 388 1781 455 LIBER
1816 386 2131 453 TERTIUS.

3395 400 3500 458 734

1923 522 2030 565 non
2049 517 2235 564 tamen
2271 509 2618 581 perﬁciantur
2654 511 2923 583 operibus.
2952 511 3184 569 Proinde
3214 522 3337 570 eum
3369 514 3498 571 caro

1923 601 2252 671 concupiscit
2294 602 2841 674 adversus‘spiritum
2887 613 2942 660 et
2982 606 3201 674 spiritus
3243 605 3499 661 adversus

1924 709 2159 763 carnem,
2192 704 2250 751 ut
2279 712 2382 751 non
2403 712 2466 752 ea
2496 712 2615 768 quia
2640 698 2885 753 volumus
2913 697 3206 767 faciamus;
3249 718 3348 756 nec
3375 715 3497 755 car-

1923 787 2007 842 nis
2032 787 2381 858 pet-ﬁciuntur
2416 789 2859 858 concupiscentize
2880 832 2896 858 ,
2936 793 3177 861 quamvis
3204 792 3363 859 ﬁant;
3400 807 3496 847 nec

1925 882 2106 934 nostra
2132 880 2479 950 perﬁciuntur
2506 881 2645 936 bona
2672 896 2857 950 Opera,
2888 886 3134 953 quamvis
3164 885 3309 938 ﬁant.
3347 883 3499 940 Sicut

1924 972 2065 1026 enim
2097 979 2223 1028 tunc
2248 973 2522 1044 perﬁcitur
2545 974 2720 1028 carnis
2748 976 3196 1044 concupiscentia,
3224 991 3345 1031 cum
3370 980 3502 1031 'con-

1924 1064 2085 1119 sentit
2117 1064 2168 1119 ei
2196 1065 2413 1134 spiritus
2439 1063 2504 1119 ad
2538 1079 2701 1135 opera
2737 1067 2873 1120 mala
2896 1107 2910 1132 ,
2943 1077 3000 1121 ut
3025 1083 3131 1122 non
3159 1068 3501 1138 concupiscat

1924 1155 2179 1211 adversus
2204 1156 2382 1224 illam,
2414 1156 2508 1211 sed
2538 1172 2659 1211 cum
2687 1157 2776 1211 illa
2813 1176 2827 1212 :
2858 1159 2937 1212 sic
2965 1167 3018 1213 et
3051 1159 3188 1213 bona
3214 1175 3374 1229 opera
3404 1176 3500 1214 no-

1925 1255 2031 1301 stra
2059 1254 2186 1301 tunc
2211 1247 2572 1318 perﬁcientur,
2591 1248 2800 1319 quando
2819 1250 2891 1304 ita
2916 1250 3122 1319 spiritui
3143 1265 3268 1304 caro
3288 1266 3498 1305 consono

1925 1338 2053 1392 serit
2077 1378 2092 1405 ,
2131 1346 2190 1392 ut
2211 1337 2466 1393 adversus
2491 1353 2615 1395 eum
2643 1340 2801 1394 etiam
2833 1341 2947 1410 ipsa
2986 1357 3091 1394 non
3133 1340 3500 1408 concupiscat.

1926 1429 2039 1486 Hoc
2075 1429 2217 1485 enim
2242 1430 2507 1497 volumus,
2529 1446 2649 1486 cum
2670 1430 3050 1502 perfectionem
3067 1431 3287 1502 justitiau
3307 1447 3504 1486 concu-

1926 1521 2212 1591 piscimus;
2247 1520 2347 1576 hoc
2375 1521 2671 1578 intentione
2698 1539 2802 1578 non
2842 1523 3145 1579 intermissa
3174 1524 3308 1578 velle
3337 1521 3502 1576 debe-

1925 1628 2045 1668 mus
2076 1614 2093 1647 ¹
2130 1629 2145 1668 :
2175 1611 2270 1669 sed
2292 1613 2413 1684 quia
2437 1613 2488 1669 id
2514 1614 2769 1684 perﬁcere
2796 1616 2845 1669 in
2870 1616 2969 1670 ista
2995 1615 3323 1684 corruptibili
3345 1594 3506 1667 carne

1926 1720 2031 1760 non
2066 1719 2376 1774 possumus,
2407 1704 2530 1761 ideo
2554 1705 2689 1760 dixit
2714 1706 2781 1763 ad
2808 1706 3097 1771 Romanos,
3141 1704 3276 1760 Velle
3303 1705 3501 1775 adjucel

1926 1797 2071 1864 mihi,
2094 1797 2335 1867 per/icere
2349 1806 2518 1852 autem
2535 1796 2719 1852 bonum
2739 1814 2839 1852 non
2858 1798 3053 1852 invenio
3071 1797 3246 1869 (Rom.
3271 1811 3367 1861 vn,
3395 1792 3502 1867 18).

1930 1888 2048 1955 Vel,
2077 1888 2214 1944 sicut
2242 1888 2668 1946 habentcodices
2702 1889 2895 1961 graeci,
2937 1886 3075 1943 Velle
3102 1868 3306 1957 adjacet
3346 1886 3504 1950 mihi,

1930 1981 2170 2055 perﬁcere
2197 1990 2365 2037 autem
2386 1981 2573 2037 bonum
2602 1998 2702 2035 non
2734 1996 2753 2036 :
2788 1980 2841 2035 id
2868 1986 2971 2045 ‘est,
3002 1994 3107 2035 non
3144 1977 3274 2032 mihi
3301 1976 3509 2045 adjacet

1928 2073 2185 2144 perﬁcere
2209 2073 2425 2133 bonum.
2455 2071 2570 2131 Non
2597 2074 2702 2138 ait;
2729 2070 2959 2137 Facere;
2992 2070 3116 2135 sed,
3149 2068 3387 2139 perﬁcere
3416 2068 3505 2121 bo-

1930 2184 2072 2223 num.
2103 2166 2234 2236 Quia
2276 2166 2452 2224 facere
2490 2166 2689 2223 bonum
2715 2206 2731 2233 ,
2773 2175 2855 2223 est
2892 2175 3012 2235 post
3047 2160 3509 2233 concupiscendus

1930 2274 2035 2317 non
2063 2258 2140 2313 ire
2165 2257 2351 2330 (Eccli.
2385 2273 2515 2313 xvm
2535 2297 2552 2325 ,
2580 2254 2672 2331 50)
2707 2275 2722 2312 :
2754 2257 3012 2327 perlicere
3049 2263 3226 2309 autem
3268 2253 3464 2308 bonum
3487 2292 3502 2318 ,

1931 2359 2015 2407 est
2051 2366 2155 2405 non
2200 2350 2603 2420 concupiscere.
2643 2346 2797 2416 Quod
2842 2361 2973 2417 ergo
3016 2354 3100 2399 est
3139 2343 3205 2399 ad
3248 2341 3498 2406 Galatas,

1932 2441 2370 2514 Concupiscentias
2396 2443 2566 2497 carnis
2591 2457 2652 2495 ne
2678 2438 2985 2511 perfeceritis
3015 2452 3035 2493 :
3067 2437 3168 2492 hoc
3186 2450 3216 2489 e
3235 2432 3505 2491 contrario

1928 2538 2099 2597 estad
2128 2537 2398 2594 Romanos
2416 2577 2432 2605 ,
2470 2535 2727 2605 Perﬁcere
2751 2543 2916 2588 autem
2945 2532 3133 2587 bonum
3159 2546 3260 2589 non
3283 2527 3501 2583 inuenio.

1930 2629 2060 2700 Quia
2091 2644 2192 2686 nec
2226 2630 2332 2686 illa:
2362 2628 2707 2700 perﬁciuntur
2743 2627 2795 2681 in
2833 2626 3002 2689 malo,
3036 2621 3245 2693 quando
3282 2619 3362 2676 eis
3399 2634 3507 2672 non

1931 2721 2133 2779 accedit
2172 2730 2372 2777 nostrae
2415 2717 2704 2775 voluntatis
2739 2730 2990 2773 assensus
3023 2734 3037 2771 :
3068 2728 3165 2770 nec
3192 2720 3372 2767 nostra
3417 2723 3512 2765 vo-

1928 2812 2105 2871 luntas
2137 2813 2408 2883 perﬁcitur
2441 2812 2495 2867 in
2533 2811 2708 2875 bono,
2738 2808 2990 2880 quamdiu
3027 2806 3237 2863 illarum
3277 2802 3362 2857 cui
3400 2812 3507 2857 non

1932 2905 2290 2963 comentimus
2317 2911 2594 2974 permanet
2622 2911 2819 2958 motus.
2848 2899 2966 2971 Ipse
2992 2909 3173 2952 autem
3192 2893 3472 2949 conﬂictus
3492 2930 3507 2955 ,

1933 2997 1987 3052 in
2014 3012 2117 3068 quo
2146 3000 2306 3051 etiam
2332 2995 2580 3067 baptizati
2605 2994 2751 3050 velut
2776 2993 2829 3047 in
2859 3005 3030 3061 agone
3063 2988 3358 3048 decertant,
3382 2998 3504 3039 cum

1932 3108 2056 3151 caro
2079 3091 2413 3162 concupiscit
2437 3089 2694 3146 adversus
2716 3086 2959 3157 spiritum
2988 3092 3044 3139 et
3069 3080 3289 3152 spiritus
3318 3075 3512 3132 adver-

1932 3203 2022 3244 sus
2046 3201 2295 3252 carnem;
2322 3187 2411 3242 ubi
2455 3195 2509 3242 et
2548 3182 2766 3255 spiritus
2800 3181 2928 3236 facit
2957 3179 3165 3234 bonum
3180 3189 3314 3244 opus
3337 3212 3353 3236 ,
3406 3185 3513 3226 non

1933 3278 2317 3337 consentiendo
2342 3274 2788 3347 concupiscentiae
2819 3273 2992 3338 malae,
3025 3268 3121 3324 sed
3148 3283 3252 3322 non
3285 3263 3512 3335 perﬁcit,

1934 3372 2053 3444 quia
2093 3371 2205 3441 ipsa
2247 3370 2385 3424 mala
2423 3367 2687 3423 desideria
2714 3381 2821 3421 non
2850 3362 3115 3425 absumit;
3147 3366 3200 3413 et
3237 3372 3363 3412 caro
3390 3353 3517 3413 facit

1934 3465 2132 3522 malum
2161 3454 2487 3521 desiderium
2511 3500 2526 3526 ,
2563 3458 2658 3514 sed
2696 3471 2797 3512 nec
2834 3455 2947 3526 ipsa
2976 3450 3218 3523 perlicit,
3259 3447 3381 3518 quia
3410 3459 3517 3503 non

1935 3559 2038 3617 sibi
2062 3556 2431 3614 consentiente
2456 3553 2666 3624 spiritu,
2701 3556 2756 3606 et
2785 3551 2896 3618 ipsa
2924 3546 2991 3601 ad
3022 3560 3183 3614 Opera
3212 3536 3515 3597 damnanda

1936 3666 2045 3708 non
2086 3648 2326 3720 pervenit
2356 3665 2370 3703 :
2397 3647 2501 3701 iste
2539 3658 2667 3713 ergo
2704 3639 2984 3695 conﬂictus
3025 3651 3133 3690 non
3171 3631 3515 3692 ludat-orum,

1937 3760 2038 3802 nec
2065 3740 2424 3814 quorumlibet
2460 3737 2687 3792 aliorum
2712 3773 2728 3800 ,
2774 3730 2872 3787 sed
2912 3729 3068 3799 plane
3090 3722 3518 3780 Christianorum

1928 3811 2176 3892 ﬁdelium
2206 3840 2260 3888 et
2285 3831 2421 3886 bene
2456 3825 2686 3882 vivendo
2716 3825 2770 3878 in
2805 3821 2907 3876 hoc
2935 3816 3226 3875 certamine
3269 3811 3523 3879 laborari;-

1941 3932 2093 3995 tium,
2118 3926 2350 3983 breviter
2374 3916 2758 3978 ostenditur-ad
2788 3915 3078 3977 Romanos,
3105 3908 3192 3963 ubi
3218 3908 3293 3961 ait
3310 3945 3326 3971 ,
3356 3902 3523 3973 [gitur

1936 4023 2049 4093 ipse
2067 4036 2159 4092 ego
2184 3998 2348 4072 mente
2371 4014 2532 4071 servio
2558 4011 2656 4083 legi
2683 4008 2800 4077 Dei,
2831 4020 2984 4059 carne
3008 4010 3179 4056 autem
3206 3997 3304 4069 legi
3330 4001 3528 4067 peccat:

1938 4114 2119 4189 (Rom.
2145 4127 2239 4178 vn,
2271 4110 2390 4179 25).

2014 4206 2104 4262 65.
2132 4202 2188 4259 Si
2217 4218 2343 4271 ergo
2365 4200 2480 4255 haec
2509 4205 2590 4252 est
2616 4192 2851 4250 conditio
2877 4190 2932 4245 in
2960 4200 3189 4257 corpore
3216 4183 3402 4239 mortis
3430 4180 3529 4235 hu-

1938 4300 2030 4371 jus
2056 4296 2207 4369 (qua:
2229 4295 2407 4362 utique
2436 4304 2543 4346 non
2570 4288 2668 4344 fuit
2693 4287 2747 4343 in
2778 4281 3045 4355 paradiso,
3077 4280 3128 4334 in
3151 4290 3381 4345 corpore
3406 4274 3528 4371 vita:

1946 4362 2158 4457 illius};
2209 4383 2394 4456 procul
2424 4381 2585 4437 dubio
2616 4378 2747 4434 satis
2783 4373 3065 4432 evidenter
3093 4375 3359 4438 apparet,
3382 4362 3530 4421 unde

1948 4482 2164 4539 trahant
2208 4476 2412 4548 parvuli
2441 4473 2818 4544 obligationem
2864 4464 3066 4537 peccati
3102 4478 3233 4518 cum
3250 4459 3532 4520 carnaliter

1949 4587 2258 4644 nascuntur,
2291 4589 2410 4645 qua:
2435 4584 2541 4626 non
2570 4567 2793 4625 solvitur
2825 4564 2923 4618 nisi
2946 4570 3070 4615 cum
3096 4555 3440 4627 spiritualiter
3462 4567 3533 4606 re-

1948 4677 2258 4726 nascuntur.
2299 4663 2415 4720 Non
2452 4660 2594 4717 enim
2640 4658 2779 4712 hanc
2816 4652 3037 4709 trahunt
3074 4664 3141 4703 ex
3181 4660 3345 4717 opere
3372 4684 3388 4710 ,
3429 4656 3533 4712 quo

1950 4764 2242 4820 humanam
2299 4758 2440 4813 Deus
2496 4761 2739 4808 naturam
2794 4747 2949 4810 fecit;
2999 4742 3093 4798 sed
3160 4756 3224 4795 ex
3280 4736 3534 4801 vulnere,

1951 4853 2097 4927 quod
2128 4860 2331 4908 natura:
2358 4849 2603 4902 humana:
2634 4840 2805 4897 hostis
2845 4836 3054 4893 inﬂixit.
3097 4832 3215 4888 Non
3252 4829 3422 4884 hostis
3451 4842 3537 4882 sc-

1950 4920 2188 5005 cundum
2254 4940 2578 4997 Manichacus
2643 4933 2933 5005 prosiliens
2991 4944 3058 4983 ex
3115 4935 3303 4981 natura
3372 4920 3534 4985 mali,

1952 5053 2113 5110 quam
2143 5048 2248 5092 non
2292 5030 2532 5089 condidit
2566 5028 2742 5091 Deus;
2783 5022 2879 5079 sed
2918 5021 3089 5076 bustis
3126 5015 3351 5087 angelus
3375 5026 3538 5082 qaon-

1954 5106 2078 5201 dam
2104 5145 2168 5187 es
2197 5142 2361 5197 opere
2389 5125 2483 5180 Dei
2512 5124 2705 5184 bonus,
2732 5130 2797 5174 ex
2832 5130 2998 5187 opere
3024 5129 3122 5168 suo
3148 5111 3319 5165 lactus
3347 5106 3537 5160 malus.

1957 5223 2057 5292 Qui
2083 5236 2144 5277 se
2164 5196 2392 5291 primum
2419 5213 2752 5271 vulnerando
2779 5207 3084 5282 prostravit,
3112 5213 3170 5259 ut
3192 5202 3351 5257 elisus
3377 5196 3544 5251 elide-

1959 5286 2063 5381 ret,
2091 5321 2146 5369 et
2167 5286 2269 5382 iper
2296 5309 2490 5365 malam
2520 5306 2822 5362 suasimem
2860 5293 3312 5372 praevaricationis
3348 5286 3544 5345 vulnus

2026 5493 2043 5524 ι
2078 5490 2405 5540 Lovanienses
2425 5485 2550 5535 hanc
2572 5481 2867 5533 sententiam
2887 5477 3254 5538 expunxerunt,
3280 5468 3366 5519 hoc
3395 5467 3547 5540 inten-

1959 5530 2638 5606 ιίοπενῆὀῆῧῖἦῖἱεὲἷῦθὶιὲ
2665 5541 2925 5600 debemus;
2947 5530 3263 5606 quaa__taiuen
3305 5538 3464 5581 exstat
3501 5530 3546 5603 in

1960 5594 2540 5672 Samiis"
2697 5611 2773 5672 Er.
2800 5610 2852 5652 et
2874 5594 2980 5652 tres
2999 5598 3278 5672 galliciniis
3292 5594 3552 5672 perroseri-

1961 5653 2662 5752 [differebat
2696 5665 2943 5736 glossema
2978 5664 3189 5752 sic.£llpc
3205 5656 3402 5752 ﬂuendi]:
3410 5653 3546 5752 Sed;

2020 5746 2031 5752 ‘
2114 5740 2125 5752 '
2211 5740 2225 5752 λ
2273 5733 2647 5752 ν--κ-Αη-ὶ-Αι-ιιυι-
2685 5741 2840 5752 ρει-...μη
2862 5740 2952 5752 ειη..
2976 5739 3060 5752 κη..
3101 5735 3201 5752 mm.
3240 5733 3280 5752 η
3399 5732 3409 5752 ι
3474 5731 3501 5752 η

1959 5715 2237 5804 adﬁgi
2680 5715 2954 5804 ἓᾷντήεῃοη
2976 5719 3360 5804 perﬁciendis-bet
3375 5715 3552 5804 [bonum

1213 5776 1864 5859 ὥῖὲηἽῖἶίῖἑῗἭῖῗέὸιιιω
1962 5776 2693 5879 me
2712 5776 2984 5841 ίηιεηιεαιε·
3003 5776 3098 5837 mi.
3434 5776 3553 5829 νεαρ

264 5871 498 5933 retinent,
516 5871 654 5924 ms're.

1968 5867 2205 5917 debentia.
