4142 6528
595 387 699 447 735

593 504 888 577 inﬂigeret;
921 501 1060 558 unde
1086 515 1254 572 genus
1295 499 1594 554 humanum
1617 540 1632 566 ,
1675 497 1837 554 etiam
1879 496 1933 550 in
1973 490 2056 547 his
2085 490 2175 561 qui

593 599 732 654 viam
759 598 849 652 Dei
875 595 1163 658 ambulant,
1191 593 1532 650 claudicaret.

663 690 751 746 64.
789 689 855 743 Et
889 697 1065 742 tamen
1099 701 1380 742 succenses
1420 685 1550 740 mihi
1577 726 1590 750 ,
1633 683 1756 754 quia
1793 682 1942 748 dixi,
1989 699 2008 732 ε
2047 678 2175 734 Haec

591 784 732 838 enim
758 797 876 852 quae
901 783 968 838 ab
999 781 1394 852 impudentibus
1420 779 1755 850 impudenter
1781 776 2040 840 laudatur,
2073 789 2174 845 pu-

590 872 767 928 denda
797 873 1226 944 concupiscentia
1258 893 1276 926 I
1313 871 1412 945 (De
1448 871 1617 941 Nupt.
1653 879 1698 924 et
1727 868 2084 939 Concup.,lib.
2115 868 2169 931 1,

594 983 646 1019 η.
677 965 730 1038 1)
765 984 780 1021 :
841 977 896 1023 et
939 968 1103 1022 iratus
1126 967 1484 1040 impudentius
1510 965 1673 1020 multa
1694 963 1848 1030 dicis,
1874 977 1970 1017 vos
2009 959 2171 1016 extol-

590 1059 727 1125 lens,
763 1078 782 1112 ‹
823 1069 1069 1131 tanquam
1099 1062 1115 1106 ἕ
1143 1059 1434 1129 Scripturis
1461 1056 1659 1112 sanctis
1683 1065 1736 1110 et
1761 1053 1956 1110 rationi
1983 1052 2170 1108 certis-

587 1155 738 1208 simae
774 1161 1158 1223 congruentes,
1201 1167 1268 1209 eo
1291 1153 1566 1223 proposito
1603 1163 1710 1204 non
1749 1163 1869 1202 esse
1898 1148 1950 1201 in
1981 1154 2169 1202 natura

589 1245 786 1299 malum
815 1243 1132 1310 defendatis,
1163 1252 1219 1298 ut
1243 1242 1309 1296 ad
1335 1243 1589 1296 virtutum
1615 1239 1786 1295 studia
1815 1238 2057 1293 homines
2083 1237 2168 1291 in-

589 1337 795 1402 citetis;
829 1336 1152 1390 inculcantes
1195 1335 1399 1389 nullum
1429 1334 1640 1388 culmen
1677 1332 1747 1386 ita
1785 1331 2008 1386 arduum
2047 1344 2169 1385 esse

589 1429 821 1496 virtutis,
850 1438 906 1483 ut
935 1444 1039 1482 non
1069 1428 1136 1482 ad
1173 1428 1300 1483 illud
1339 1428 1624 1496 adiuvante
1670 1426 1779 1480 Deo
1813 1439 1966 1480 mens
2008 1433 2168 1495 queat

593 1522 764 1578 fidelis
801 1521 1062 1589 evadere;
1114 1532 1272 1592 atque
1311 1521 1379 1576 ob
1419 1520 1521 1576 hoc
1561 1519 1751 1574 dicatis
1799 1534 1906 1572 non
1951 1535 2070 1574 esse
2111 1520 2166 1575 in

587 1629 750 1670 carlte
787 1616 912 1670 mali
943 1615 1312 1670 necessitatem
1336 1654 1352 1681 ,
1395 1623 1452 1668 ut
1491 1614 1771 1670 erubescat
1806 1615 2167 1686 unusquisque

589 1706 924 1761 laudabiliter
949 1706 1215 1770 conditus,
1242 1705 1554 1762 deformiter
1579 1706 1778 1773 vivere,
1806 1721 1868 1762 ac
1891 1707 1969 1762 sic
1995 1708 2167 1777 pudor

589 1798 728 1868 turpi
757 1806 1001 1853 occurrat
1027 1798 1251 1868 ignaviae
1287 1797 1355 1852 de
1380 1797 1843 1854 commendatione
1873 1800 2164 1858 nobilitatis

585 1891 832 1961 ingenita:
859 1909 872 1946 :
912 1909 932 1943 ι
962 1899 1016 1946 et
1040 1899 1232 1946 caetera
1263 1891 1586 1961 hujusmodi,
1613 1909 1732 1963 quae
1758 1895 1886 1950 satis
1912 1894 2164 1966 eloquen-

586 1990 668 2036 ter
695 1982 748 2036 in
777 1990 952 2038 vestra
979 1977 1356 2051 praedicatione
1379 1983 1613 2052 jactasti,
1649 1999 1746 2040 nos
1775 1995 1960 2041 contra
1987 1986 2164 2058 depri-

587 2091 758 2138 mens,
786 2084 842 2130 et
868 2075 1083 2142 dicens,
1121 2094 1141 2127 ‹
1175 2076 1316 2146 quod
1345 2076 1562 2131 dubium
1593 2093 1700 2133 non
1729 2080 1798 2134 sit
1829 2079 2160 2137 eversionem

582 2167 880 2222 sanctitatis
900 2207 915 2232 ,
945 2167 1450 2224 contaminationem
1493 2169 1761 2239 pudicitia:
1783 2211 1801 2238 ,
1833 2187 2038 2227 morum
2077 2173 2159 2229 la-

581 2258 702 2314 bem
733 2260 932 2314 nostris
961 2260 1268 2326 convenire,
1301 2262 1409 2318 imo
1439 2265 1615 2320 inesse
1652 2264 1988 2337 dogmatibus
2013 2285 2027 2321 :
2056 2283 2159 2324 ne-

578 2365 684 2421 que
707 2351 762 2406 id
787 2365 908 2408 esse
933 2367 1019 2408 me
1045 2361 1395 2424 negaturum,
1425 2355 1516 2426 qui
1558 2355 1678 2411 ideo
1696 2398 1712 2424 ,
1761 2375 1781 2409 ι
1816 2357 1953 2414 sicut
1981 2358 2115 2415 dicis
2137 2403 2154 2429 ,

585 2458 604 2492 ε
638 2441 690 2496 in
717 2450 920 2498 naturze
945 2443 1197 2499 invidiam
1228 2445 1383 2500 mala:
1409 2449 1829 2504 conversationis
1856 2450 2040 2506 sordes
2065 2467 2155 2508 re-

579 2532 765 2600 fundo,
811 2543 871 2590 ut
909 2538 1254 2605 peccantibus
1283 2549 1484 2594 metum
1511 2539 1762 2608 demam;
1801 2559 2024 2614 quorum
2055 2545 2156 2601 ob-

577 2625 862 2681 scenitates
885 2669 899 2690 ,
932 2629 1306 2698 Apostolorum
1334 2639 1390 2685 et
1423 2643 1730 2689 sanctorum
1757 2637 1993 2690 omnium
2029 2652 2158 2693 con-

575 2716 721 2770 solor
750 2717 976 2786 injuriis,
1007 2735 1072 2774 eo
1093 2721 1232 2790 quod
1259 2736 1353 2777 vas
1373 2737 1591 2778 aureum
1618 2728 1916 2795 apostolum
1939 2729 2155 2786 Paulum

578 2822 722 2877 smpe
762 2808 960 2866 dixisse
987 2826 1402 2870 commemorem
1421 2856 1437 2882 ,
1471 2815 1592 2871 Non
1621 2819 1752 2872 enim
1778 2820 1913 2889 quod
1941 2823 2049 2876 volo
2075 2823 2155 2877 bo-

577 2917 718 2968 num,
737 2903 832 2957 hoc
846 2921 980 2976 ago;
1005 2906 1236 2978 sedquod
1251 2909 1337 2962 odi
1352 2910 1565 2978 malum,
1595 2910 1728 2966 illud
1760 2913 1891 2972 facio
1923 2932 1943 2968 ι
1975 2913 2148 2987 (Rom.
2196 2962 2198 2964 τ

576 3009 688 3062 vn,
719 2997 812 3066 15)
845 3015 858 3051 :
891 3007 945 3052 et
970 3007 1164 3054 caetera
1189 3000 1514 3070 huiusmodi.

646 3085 734 3141 65.
767 3085 1147 3145 Verumtamen
1172 3106 1267 3146 vos
1293 3093 1535 3163 laudans,
1567 3109 1668 3150 nos
1693 3111 1942 3169 arguens,
1967 3098 2156 3155 adver-

573 3191 666 3232 sus
691 3181 1137 3249 concupiscentiae
1161 3185 1357 3239 malum
1387 3201 1609 3258 pugnas,
1632 3197 1688 3244 et
1714 3191 1995 3261 pugnando
2021 3207 2150 3248 con-

573 3269 743 3326 literis
763 3271 906 3342 quod
947 3274 1212 3344 loquendo
1251 3293 1432 3349 negas.
1477 3282 1652 3352 Atque
1689 3283 1761 3338 ita
1785 3284 1868 3338 vis
1894 3285 2060 3341 videri
2099 3295 2152 3343 te

570 3363 781 3418 culmen
821 3367 1126 3424 ascendisse
1152 3370 1364 3426 virtutis
1389 3414 1403 3439 ,
1433 3381 1493 3429 ut
1529 3375 1582 3430 in
1613 3375 1730 3446 ipso
1752 3378 2006 3446 culmine,
2045 3397 2152 3453 quo

569 3461 624 3509 te
647 3454 919 3512 existimas
944 3459 1198 3528 evasisse,
1237 3477 1356 3518 cum
1386 3477 1742 3538 persequente
1768 3472 2148 3542 concupiscen-

569 3545 679 3612 tia,
715 3555 964 3618 tanquam
991 3550 1045 3605 in
1079 3567 1202 3608 arce
1226 3555 1481 3628 confligas
1505 3600 1520 3626 ,
1561 3569 1616 3616 et
1654 3564 2042 3631 quantumlibet
2083 3583 2150 3622 ex

567 3635 688 3691 loco
714 3639 1022 3708 superiore,
1069 3652 1244 3700 tamen
1282 3661 1404 3702 cum
1445 3648 1598 3706 hoste
1639 3650 1853 3709 interno
1893 3654 2150 3714 dimicare

565 3740 673 3782 non
701 3727 933 3785 desinas.
962 3731 1071 3788 Nec
1096 3735 1368 3792 erubescis
1391 3741 1875 3812 concupiscentiam
1897 3787 1913 3813 ,
1941 3761 2058 3816 quae
2097 3757 2150 3805 te

563 3819 792 3889 amplius
831 3823 1020 3892 perdet
1060 3826 1178 3882 sine
1219 3815 1622 3888 dubitatione‘si
1664 3835 1892 3904 vicerit,
1930 3815 2149 3897 laudare

563 3910 820 3968 adversus
845 3929 966 3970 eum
992 3957 1008 3982 ,
1039 3919 1128 3989 qui
1157 3927 1209 3975 te
1233 3922 1497 3992 perditum
1529 3925 1688 3980 etiam
1715 3943 1836 3983 cum
1867 3931 2033 3985 vincit
2067 3932 2148 3986 in-

561 4003 768 4072 quirit:
811 4007 1043 4063 maxime
1069 4011 1190 4080 quia
1231 4011 1286 4067 in
1323 4013 1430 4070 ﬁne
1455 4016 1694 4086 ejusdem
1722 4019 1841 4075 libri
1879 4021 1953 4076 tui
1978 4022 2142 4091 dicis,

567 4108 588 4142 ι
625 4093 766 4162 quod
794 4110 902 4150 non
930 4097 1000 4152 sit
1025 4098 1129 4154 alia
1161 4103 1264 4156 mei
1289 4117 1478 4160 sensus
1505 4107 1747 4175 intentio,
1781 4127 1938 4181 quam
1965 4112 2035 4168 ad
2063 4114 2148 4170 in-

561 4181 836 4239 ferendum
877 4187 1158 4245 virtutibus
1183 4192 1383 4248 bellum
1425 4195 1478 4251 in
1523 4198 1771 4255 vitiorum
1809 4215 2144 4262 sacramenta

554 4270 759 4342 jurare,
788 4285 842 4330 et
869 4277 934 4333 ad
964 4281 1230 4337 excidium
1257 4285 1484 4343 civitatis
1517 4290 1630 4356 Dei,
1661 4294 1806 4348 omni
1828 4303 1967 4363 astu,
1996 4299 2142 4354 omni

559 4363 742 4422 furore
779 4371 978 4426 conniti
1004 4413 1020 4440 ,
1065 4374 1424 4447 adipiscenda:
1467 4384 1727 4441 castitatis
1769 4387 2142 4460 desperatione

555 4469 914 4529 repugnantes
941 4466 1249 4534 turpitudini
1279 4472 1557 4540 territare,
1601 4478 1817 4534 mentiri
1843 4496 1928 4537 me
1969 4491 2142 4543 tantas

559 4546 806 4605 obscenae
835 4551 1067 4612 libidinis
1095 4559 1270 4629 vires,
1299 4570 1358 4617 ut
1385 4578 1503 4619 eam
1541 4567 1678 4623 ratio
1713 4585 1902 4642 regere
1935 4589 2000 4631 ac
2033 4577 2142 4634 fre-

553 4653 684 4693 nare
709 4655 812 4696 non
841 4646 1030 4716 possit,
1055 4649 1142 4703 cui
1179 4665 1278 4708 nec
1305 4653 1679 4723 Apostolorum
1703 4661 1844 4733 legio
1871 4681 2137 4739 repugna-

553 4730 708 4784 verit.
751 4751 770 4784 ι
806 4732 931 4789 Haec
957 4735 1026 4792 de
1051 4755 1138 4794 me
1165 4757 1382 4811 prorsus
1409 4746 1524 4816 ipse
1549 4730 1808 4808 mentiris.
1851 4730 1964 4827 Ego
1993 4730 2137 4817 enim

551 4833 658 4919 non
703 4821 873 4877 infero
909 4826 1192 4886 virtutibus
1235 4833 1465 4906 bellum;
1511 4841 1608 4895 sed
1651 4843 1829 4913 vitiis,
1879 4821 2134 4919 quantum

551 4909 1017 5010 adjuvor,_infero,
1057 4929 1112 4975 et
1135 4921 1468 4984 inferendum
1499 4945 1620 4988 esse
1649 4909 1941 5006 proclamo.
1981 4941 2135 5010 Quod

548 5015 594 5056 st
631 5012 690 5058 et
719 5013 789 5106 tu
801 5005 950 5076 facis,
983 5012 1107 5081 quid
1136 5021 1385 5088 estquod
1426 5021 1634 5090 laudas,
1655 5005 1784 5084 cum
1811 5005 2132 5106 quibus—pu-

544 5099 719 5166 gnas?
751 5099 1030 5169 Quomodo
1055 5107 1250 5166 virtute
1289 5111 1474 5171 hostes
1502 5116 1776 5182 debellare
1800 5099 1852 5180 te
1878 5099 2093 5186 credam
2109 5170 2127 5199 ,

608 5275 626 5307 ⁸
659 5275 742 5328 lic
762 5282 1084 5335 lavantem
1103 5284 1410 5356 addiderunt,
1433 5293 1532 5357 qui.

1394 378 1665 438 CONTRA
1702 372 2040 436 JULIANUM
2077 367 2543 448 PELAGIANUM,
2580 375 2638 436 S.
2677 379 3046 442 AUGUSTINI

2282 504 2417 559 quos
2439 493 2605 549 verbo
2633 495 2867 554 lacerare
2891 515 3000 556 non
3019 499 3186 558 audes
3199 502 3224 558 τ
3236 503 3292 561 Si
3309 504 3466 563 ambo
3480 507 3856 580 concupiscen-

2282 585 2408 640 tiam
2430 587 2776 659 debellamus,
2799 608 2966 663 quare
2981 609 3085 650 non
3097 596 3257 652 ambo
3273 598 3671 670 vituperamus?
3689 603 3859 677 Quam

2279 687 2332 734 te
2345 678 2516 750 jactas
2535 696 2838 754 expugnare
2857 687 3382 761 continentia,quare
3408 707 3513 748 non
3535 693 3616 749 vis
3635 694 3862 752 damna-

2276 788 2337 828 re
2375 776 2675 830 sententia?
2708 779 2917 834 Mentiri
2951 796 3040 837 me
3063 781 3195 838 dicis
3223 793 3397 840 tantas
3427 785 3664 844 libidinis
3693 789 3862 856 vires,

2277 874 2333 920 ut
2362 881 2478 921 eam
2509 869 2646 924 ratio
2687 887 2873 941 regere
2909 888 2972 927 ac
2999 873 3209 931 frenare
3239 893 3344 932 non
3373 880 3564 948 possit.
3592 879 3734 938 Ecce
3761 898 3866 954 ego

2273 972 2380 1012 non
2408 958 2530 1015 dico
2558 967 2733 1017 tantas
2757 963 2990 1020 libidinis
3015 966 3180 1034 vires,
3207 977 3268 1023 ut
3291 967 3522 1026 humana
3551 973 3690 1029 ratio
3717 974 3862 1030 divi-

2273 1048 2417 1104 nitus
2456 1066 2680 1109 accensa
2721 1063 2776 1110 et
2816 1055 2998 1126 adjuta
3027 1072 3146 1113 eam
3190 1076 3377 1131 regere
3413 1077 3477 1118 ac
3503 1063 3718 1122 frenare
3745 1084 3860 1124 non

2271 1142 2440 1209 possit
2468 1160 2482 1196 :
2510 1143 2602 1198 sed
2634 1153 2688 1199 tu
2720 1162 2883 1216 quare
2909 1164 3072 1220 negas
3099 1151 3299 1208 malum
3329 1168 3469 1223 esse,
3501 1157 3644 1228 quod
3673 1159 3718 1213 si
3748 1175 3862 1215 non

2269 1232 2510 1290 frenetur
2537 1238 2771 1295 occidit?
2811 1242 2951 1298 Ecce
2978 1259 3079 1315 ego
3114 1260 3246 1302 voce
3281 1263 3386 1318 qua
3417 1265 3632 1320 possum
3653 1291 3670 1318 ,
3711 1253 3864 1324 quod

2269 1343 2356 1384 me
2383 1344 2579 1400 negare
2603 1333 2798 1388 asseris
2823 1335 2998 1391 clamo
3015 1379 3030 1404 ,
3061 1337 3442 1409 Apostolorum
3469 1342 3732 1414 legionem
3763 1361 3862 1401 re—

2275 1435 2533 1492 pugnasse
2574 1424 2814 1492 libidini,
2860 1429 3043 1500 utique
3085 1433 3404 1504 repugnanti
3433 1435 3450 1467 ¹
3485 1452 3500 1490 :
3533 1446 3591 1491 tu
3629 1439 3720 1508 qui
3753 1452 3860 1494 nos

2273 1509 2464 1569 fecisse
2491 1516 2762 1585 Apostolis
2789 1520 3130 1579 calumniaris
3155 1532 3211 1580 et
3228 1527 3372 1582 velut
3393 1528 3685 1600 indignaris
3709 1533 3860 1602 inju-

2271 1603 2424 1670 riam,
2447 1621 2544 1662 cur
2562 1617 2617 1664 et
2639 1609 2850 1666 illorum
2878 1622 2932 1668 et
2961 1624 3105 1670 tuam
3129 1632 3359 1676 exornas
3389 1620 3636 1678 laudibus
3667 1625 3858 1680 inimi-

2271 1707 2383 1750 cam
2403 1698 2428 1752 ?
2451 1698 2580 1766 Quis
2607 1715 2726 1756 eam
2755 1701 3042 1774 defendat,
3073 1709 3158 1763 cui
3185 1709 3326 1780 legio
3350 1714 3668 1784 repugnavit
3703 1716 3858 1787 Apo-

2268 1789 2545 1856 stolorum,
2577 1791 2678 1847 nisi
2706 1792 2874 1849 hostis
2899 1795 3318 1867 Apostolorum?

2337 1880 2426 1936 66.
2459 1881 2605 1938 Itane
2633 1883 2832 1943 habere
2863 1897 3038 1944 tecum
3072 1890 3240 1947 libido
3267 1902 3322 1949 et
3340 1895 3628 1954 amicitiam
3665 1914 3846 1956 mere-

2267 1980 2354 2028 tur
2379 1984 2432 2030 et
2458 1975 2677 2044 bellum,
2705 1989 2762 2034 ut
2790 1979 2887 2035 abs
2913 1990 2966 2036 te
2987 1994 3316 2054 expugnetur
3335 1986 3388 2041 in
3415 1996 3488 2054 te,
3517 1999 3572 2045 et
3591 1989 3856 2052 defenda-

2253 2069 2354 2123 tur
2380 2067 2636 2124 adversus
2666 2071 2786 2126 me?
2814 2070 3018 2129 Bellum
3046 2086 3286 2133 vestrum
3313 2077 3464 2148 latet,
3490 2083 3721 2138 amicitia
3755 2099 3856 2154 pa—

2265 2166 2341 2214 tet
2370 2177 2384 2214 :
2417 2175 2481 2215 ex
2508 2161 2610 2217 hoc
2637 2163 2780 2234 quod
2827 2174 3008 2235 patet,
3051 2178 3358 2238 suspectum
3389 2170 3521 2227 facis
3550 2188 3672 2229 esse
3697 2175 3854 2246 quod

2264 2249 2413 2306 latet.
2443 2250 2582 2318 Quid
2619 2257 2760 2310 enim
2801 2255 2880 2312 vis
2909 2258 3190 2315 credamus
3227 2261 3296 2317 de
3325 2262 3464 2319 bello
3493 2265 3635 2334 quod
3663 2267 3857 2336 geritis

2262 2341 2314 2397 in
2355 2355 2544 2413 operto
2567 2385 2582 2411 ,
2627 2363 2853 2418 quorum
2890 2349 3180 2408 amicitiam
3217 2355 3488 2412 cernimus
3527 2357 3582 2412 in
3621 2359 3856 2429 aperto?

2261 2437 2539 2504 Quomodo
2565 2440 2646 2495 vis
2683 2451 2744 2496 ut
2770 2443 3092 2500 arbitremur
3125 2446 3384 2504 adversus
3410 2451 3654 2507 aculeum
3685 2461 3738 2510 te
3763 2453 3854 2508 di-

2261 2529 2462 2586 micare
2489 2530 2745 2600 libidinis,
2772 2549 2893 2589 cum
2922 2537 3090 2594 libros
3119 2537 3344 2611 impleas
3380 2541 3536 2598 laude
3565 2543 3808 2600 libidinis
3827 2545 3854 2600 2

2267 2619 2460 2676 Verum
2485 2637 2612 2679 ecce
2641 2625 2794 2681 vinco
2822 2629 3180 2698 suspicionem
3209 2648 3383 2689 meam
3419 2651 3434 2690 :
3465 2650 3772 2708 expugnare
3799 2647 3854 2694 te

2259 2712 2425 2768 credo
2452 2714 2596 2784 quod
2622 2716 2836 2785 laudas;
2869 2719 2964 2776 sed
2993 2721 3212 2779 laudare
3243 2733 3294 2780 te
3321 2725 3478 2782 doleo
3503 2728 3645 2798 quod
3673 2745 3851 2800 expu-

2259 2819 2409 2875 gnas.
2441 2807 2520 2860 Ex
2545 2807 2648 2862 isto
2677 2808 2837 2879 igitur
2858 2820 2912 2866 et
2940 2826 3061 2866 cum
3083 2813 3186 2869 isto
3211 2817 3371 2884 malo,
3399 2819 3540 2888 quod
3565 2834 3596 2873 a
3625 2827 3680 2875 te
3705 2835 3848 2890 quo-

2213 2915 2216 2918 ’
2257 2911 2362 2966 que
2390 2897 2657 2953 credimus
2680 2903 2994 2972 expugnari,
3027 2904 3190 2960 homo
3215 2920 3520 2977 generatur,
3553 2926 3713 2980 quem
3752 2925 3854 2968 ne-

2191 3017 2206 3037 ».
2257 3003 2352 3059 gas
2381 2993 2786 3061 regeneratione
2812 2995 3030 3050 salvari.
3068 2997 3179 3052 Isto
3215 3000 3358 3055 enim
3393 3001 3662 3074 conjugati
3705 3004 3852 3060 bene

2255 3089 2510 3151 utuntur,
2541 3099 2646 3155 quo
2674 3087 3010 3144 continentes
3052 3091 3242 3146 melius
3272 3107 3378 3148 non
3406 3102 3644 3151 utuntur.
3679 3097 3852 3152 Porro

2255 3173 2301 3227 si
2333 3174 2530 3230 malum
2561 3186 2678 3245 est,
2709 3193 2815 3249 quo
2837 3193 2966 3235 caro
2989 3182 3012 3214 ³
3037 3184 3368 3253 concupiscit
3392 3185 3652 3243 adversus
3679 3189 3850 3258 spiri-

2255 3277 2390 3335 tum,
2412 3271 2498 3326 cui
2533 3271 2676 3327 malo
2698 3315 2713 3339 ,
2744 3275 2882 3329 sicut
2915 3274 3138 3344 fateris,
3169 3279 3548 3349 Apostolorum
3579 3281 3718 3350 legio
3753 3297 3851 3338 re-

2255 3363 2541 3433 pugnavit;
2575 3363 2678 3418 hoc
2715 3374 2928 3422 utentes
2953 3368 3223 3440 conjugati
3247 3410 3262 3434 ,
3303 3372 3490 3442 procul
3525 3373 3690 3430 dubio
3731 3389 3851 3430 non

2255 3453 2398 3510 bono
2423 3454 2560 3511 bene
2585 3464 2836 3524 utuntur,
2870 3459 2966 3514 sed
2990 3461 3156 3518 malo.
3192 3462 3271 3518 Ex
3298 3462 3401 3520 hoc
3429 3465 3591 3535 igitur
3627 3476 3684 3522 et
3717 3481 3849 3523 eum

2256 3543 2358 3601 hoc
2393 3546 2486 3602 ﬁlii
2523 3551 2761 3619 generati
2799 3547 3314 3622 regenerandi'sunt
3336 3597 3353 3624 ,
3395 3565 3454 3612 ut
3477 3557 3778 3616 liberentur
3815 3575 3850 3616 ι

2255 3639 2418 3695 malo.
2447 3639 2560 3696 Hoc
2587 3642 2730 3696 enim
2761 3644 3004 3714 originali
3031 3647 3175 3702 malo
3215 3649 3376 3704 etiam
3421 3661 3675 3720 parentes
3718 3653 3848 3709 illo-

2253 3745 2374 3784 rum
2399 3732 2480 3786 rei
2507 3732 2618 3786 nati
2641 3741 2785 3800 sunt,
2825 3735 2928 3791 etsi
2952 3734 3022 3792 ab
3051 3737 3154 3792 hoc
3177 3749 3328 3794 reatu
3355 3741 3689 3798 renascendo
3717 3753 3849 3800 sunt

2255 3821 2485 3878 liberati.
2509 3824 2646 3893 Quid
2671 3835 2852 3883 autem
2877 3827 3142 3887 vellemus
3167 3841 3225 3886 ut
3245 3832 3542 3903 gignerent,
3567 3851 3677 3892 non
3699 3839 3848 3895 unde

2253 3915 2444 3983 renati,
2490 3916 2586 3972 sed
2629 3919 2768 3974 unde
2811 3921 2920 3976 nati
2960 3931 3120 3990 sunt,
3163 3924 3266 3979 nisi
3307 3926 3449 3996 quod
3485 3937 3540 3983 et
3581 3929 3684 3998 ipsi
3729 3932 3848 3986 nati

2251 4009 2411 4062 sunt?
2437 4009 2580 4065 Reos
2603 4026 2732 4083 ergo
2761 4029 2775 4066 :
2805 4014 2928 4084 quia
2955 4023 3012 4070 et
3033 4016 3134 4086 ipsi
3161 4017 3238 4072 rei
3267 4020 3378 4074 nati
3405 4030 3549 4086 sunt,
3591 4031 3646 4077 et
3671 4037 3844 4093 gene-

2251 4109 2434 4156 rantes
2455 4101 2578 4158 inde
2603 4104 2743 4159 unde
2763 4106 2870 4160 nati
2893 4115 3037 4174 sunt,
3059 4122 3167 4162 non
3196 4113 3338 4164 aliud
3363 4121 3651 4180 potuerunt
3675 4129 3848 4184 gene-

2249 4210 2372 4253 rare
2389 4212 2547 4268 quam
2569 4198 2680 4253 nati
2700 4207 2842 4254 sunt.
2869 4197 3024 4256 Unde
3048 4208 3228 4258 autem
3253 4203 3448 4272 renati,
3477 4203 3602 4261 inde
3625 4220 3654 4261 a
3683 4217 3846 4264 reatu

2249 4303 2369 4343 cum
2399 4303 2506 4360 quo
2543 4291 2654 4344 nati
2692 4299 2818 4346 sunt
2843 4291 3070 4347 liberati.
3099 4293 3177 4348 Ac
3209 4309 3308 4362 per
3343 4295 3446 4352 hoc
3477 4305 3534 4352 et
3573 4297 3650 4352 illi
3693 4313 3843 4369 quos

2247 4394 2372 4436 reos
2400 4379 2611 4436 liberali
2637 4391 3028 4452 generaverunt
3052 4382 3108 4452 ³,
3139 4385 3340 4442 eadem
3379 4395 3502 4442 sunt
3543 4403 3842 4460 regenera-

2249 4473 2390 4528 tione
2416 4472 2695 4528 liberandi.
2725 4474 2804 4528 Ex
2835 4474 2937 4530 hoc
2965 4475 3107 4530 enim
3136 4477 3279 4532 malo
3303 4479 3380 4534 rei
3407 4480 3516 4535 nati
3547 4491 3696 4548 sunt,
3728 4499 3841 4553 quo

2245 4562 2385 4619 bene
2409 4572 2627 4619 utuntur
2645 4565 2836 4631 renati,
2861 4574 2916 4621 ut
2935 4573 3223 4624 nascantur
3242 4571 3610 4640 regenerandi.
3635 4571 3839 4631 Contra

2245 4655 2390 4727 quod
2431 4657 2628 4712 malum
2671 4659 2715 4712 si
2757 4675 2863 4714 non
2898 4675 3120 4731 pugnas,
3158 4663 3516 4732 pugnantibus
3553 4665 3758 4721 crede:
3787 4668 3838 4722 si

2243 4763 2448 4820 pugnas
2477 4791 2493 4818 ,
2551 4749 2914 4806 adversarium
2969 4751 3262 4821 confitere;
3305 4763 3359 4809 et
3407 4755 3515 4810 noli
3561 4756 3838 4816 laudando

2243 4840 2512 4909 morbum,
2544 4840 2744 4900 habere
2770 4843 3002 4901 amicum
3025 4885 3043 4916 ,
3065 4861 3226 4918 quem
3262 4847 3546 4919 pugnando
3569 4851 3837 4922 experiﬁs

2242 4949 2536 4991 Inimicum.

2304 5122 2322 5186 ξ
2357 5119 2488 5186 Apud
2511 5125 2643 5186 post,
2667 5119 2918 5186 pugnaui,

2301 5184 2322 5215 ³
2356 5183 2626 5232 Victorinus
2645 5183 2752 5242 his;
2775 5185 2902 5244 quod
2925 5196 3060 5234 caro.

2301 5244 2324 5276 ³
2354 5251 2476 5318 Am._
2491 5251 2644 5318 Eat-et
2667 5248 2876 5318 vaticani
2899 5245 2995 5297 duo
3012 5252 3120 5318 Mss.
3144 5259 3258 5299 cum
3289 5247 3538 5302 nonnullis
3556 5250 3834 5318 Gallimnis,

2147 5300 2156 5307 ”
2235 5317 2354 5367 quos
2373 5313 2510 5359 reatu
2531 5307 2722 5362 liberati
2739 5315 3100 5373 generaverwu.

1724 5555 2535 5735 :‘vn‘gggngww

1876 5664 2005 5749 \a
2038 5686 2113 5747 ,ἀεὶ
2136 5670 2177 5741 Ῠκ.
2484 5668 2513 5673 ⁷
