4200 6492
344 372 454 430 75⁸1

1675 359 1877 419 LIBER
1914 357 2259 431 QUARTUS.

3538 369 3646 440 738

348 495 3624 529 *ΜΨ-’Ἣ

1339 550 1818 664 LIBER
1867 548 1965 674 Q
1991 547 2294 654 ΗΑΒ
2309 551 2626 661 TUS.

404 729 544 779 Libro
572 727 738 779 Iuliani
772 726 990 778 secundo
1012 722 1288 794 respondet
1327 720 1641 794 augustinus,‘
1663 712 3016 794 dicta“ipsiljfhlttjggﬁmi.eonfutationefecit,
3039 727 3230 794 singula
3251 732 3533 794 excutiens,
3575 736 3639 787 iis

343 773 540 843 ιιιὶιῖὸὶ
551 773 748 841 έίῖὰῐίίὸ
774 773 1138 866 aestates
1174 773 3630 866 ‘1‘.”2.ﬁ“???9"}.33‘1"}:.99.?9933133LcﬂﬁerfiﬁﬁﬂsﬂﬂP9939FadlliﬂvgmﬁdﬁtBagatit;

343 832 1206 917 $32.3:z'aatia'qtiiﬁa;?amie§
1219 832 1484 917 miniata...
1507 855 1650 917 veras
1672 832 3154 917 nonfsseﬁttemni-veQ.Arnatuniesseﬁoncuptsqen'uam:
3174 832 3633 917 ᾳῃοανίῦἐέἴὲἓᾶἱίἱ

341 901 603 965 (rientilium
624 901 904 971 seutehtiis,
930 901 1185 975 praebente
1217 909 1522 959 occasionem
1555 902 1851 975 adversario,
1872 905 2238 975 comggnstrat.
2257 901 2386 975 Circa
2423 904 2636 975 medium
2668 904 2775 975 libri

2815 911 2977 990 esse
2990 911 3366 990 ,οιμῆιςιςῖςοοες
3391 920 3635 990 sumo

342 957 904 1042 Eiii'ﬁahébéhﬁiiﬂ
922 957 1292 1042 agamagam,
1314 981 1412 1019 nec
1435 975 1599 1018 tamen
1622 979 1671 1014 in
1694 964 1843 1012 fatum
1867 960 1931 1010 sit
1952 957 2244 1022 referenda;
2285 968 2438 1026 utque
2473 957 3636 1042 intelligendum”quodvipo—swlusdiciﬁvb-e'u‘;

1780 1086 2197 1155 mm

343 1033 477 1089 velle
498 1051 671 1088 omnes
692 1038 916 1087 homines
935 1034 1096 1085 salvos
1125 1033 1250 1083 ﬁeri.

415 1222 643 1281 CAPUT
683 1220 966 1278 PRIMUM.
997 1249 1068 1261 —
1094 1221 1146 1275 l.
1177 1219 1294 1274 Jam
1325 1230 1468 1273 nunc
1494 1214 1563 1271 ab
1591 1211 1812 1266 alterius
1836 1221 1934 1262 vo-

342 1319 560 1374 luminis
607 1317 830 1373 exordio
875 1325 1070 1371 caetera
1117 1313 1436 1377 videamus,
1491 1309 1684 1380 quibus
1733 1305 1926 1359 librum

343 1428 521 1468 meum
543 1411 788 1467 refellere
813 1410 1037 1475 niteris;
1069 1410 1398 1471 omittentes,
1422 1404 1560 1459 sicut
1580 1398 1928 1462 instituimus,

343 1522 406 1562 ea
435 1520 554 1576 quas
592 1504 762 1559 nodos
791 1519 898 1560 non
937 1496 1139 1558 faciunt
1167 1503 1554 1572 qumstionum,
1581 1493 1776 1563 quibus
1818 1489 1924 1544 sol-

341 1596 529 1652 vendis
569 1611 750 1651 curam
797 1610 894 1650 nos
938 1602 1151 1664 Oportet
1188 1589 1496 1663 impendere
1517 1629 1532 1654 ,
1563 1601 1662 1641 nec
1693 1585 1710 1616 ³
1740 1584 1928 1638 immo-

343 1687 512 1744 rando
559 1686 841 1757 superfluis
882 1686 996 1756 ipsa
1038 1685 1342 1755 prolixitate
1380 1679 1558 1750 operis
1596 1693 1626 1732 a
1661 1676 1928 1732 laborioso

345 1779 559 1850 negotio
604 1778 878 1834 deterrere
922 1778 1203 1832 lectorem.
1250 1773 1540 1843 Superiore
1585 1769 1747 1840 igitur
1793 1767 1928 1821 libro

344 1873 473 1926 satis
499 1871 708 1942 egimus
731 1910 746 1936 ,
775 1884 882 1940 quo
905 1877 1052 1923 recte
1073 1865 1435 1938 judicantibus
1462 1870 1776 1932 appareret,
1806 1872 1928 1912 eum

345 1966 486 2020 Deus
515 1980 674 2020 verus
698 1973 751 2018 et
771 1963 943 2018 bonus
969 1961 1038 2016 sit
1065 1960 1343 2020 hominum
1370 1955 1637 2019 conditor,
1667 1952 1930 2021 bonaeque

341 2057 452 2111 sint
490 2055 726 2126 nuptiae,
767 2069 899 2126 quas
935 2061 990 2109 et
1032 2051 1339 2107 conditione
1386 2058 1544 2118 atque
1590 2043 1930 2114 copulatione

343 2149 620 2219 utriusque
659 2160 819 2202 sexus
848 2145 1107 2211 instituit,
1135 2152 1192 2198 et
1218 2140 1558 2198 fecunditatis
1585 2151 1810 2192 munere
1836 2135 1931 2189 be-

342 2240 579 2305 nedixit;
610 2239 807 2294 malum
851 2247 1029 2293 tamen
1059 2251 1180 2291 esse
1219 2231 1704 2303 concupiscentiam
1750 2228 1928 2283 carnis

340 2349 446 2406 qua
472 2333 800 2403 concupiscit
823 2331 1082 2386 adversus
1113 2328 1358 2399 spirituum
1378 2367 1394 2392 ,
1425 2339 1595 2394 eoque
1622 2321 1763 2376 malo
1790 2320 1930 2374 bene

342 2427 416 2482 uti
445 2427 731 2498 pudicitam
763 2424 1095 2496 conjugalem
1115 2465 1130 2490 ,
1162 2422 1462 2490 meliusque
1504 2433 1610 2472 non
1644 2416 1720 2470 uti
1757 2414 1931 2470 couti-

341 2519 578 2576 nentiam
619 2519 939 2573 sanctiorem
983 2535 996 2570 :
1025 2514 1168 2586 quod
1207 2514 1407 2568 malum
1445 2525 1553 2565 non
1579 2525 1644 2564 ex
1673 2508 1774 2562 alia
1803 2506 1930 2561 sub-

338 2614 532 2669 stantia
573 2628 732 2683 quam
779 2611 920 2665 Deus
961 2624 1067 2663 non
1110 2606 1388 2671 condidit,
1421 2604 1559 2658 sicut
1604 2600 1929 2656 Manichacus

339 2703 560 2771 insanit,
589 2702 742 2758 nobis
761 2716 881 2756 esse
901 2700 1254 2770 permixtum;
1282 2695 1375 2752 sed
1397 2711 1491 2766 per
1513 2691 1928 2750 inobedientiam

338 2796 498 2850 unius
527 2794 760 2849 hominis
785 2801 1028 2849 exortum
1059 2801 1220 2861 atque
1252 2787 1570 2851 traductum,
1601 2797 1655 2842 et
1680 2801 1776 2856 per
1799 2785 1927 2840 obe-

338 2887 590 2943 dientiam
620 2887 778 2940 unius
805 2884 1037 2938 hominis
1062 2881 1384 2954 expiandum
1407 2889 1566 2950 atque
1590 2876 1886 2933 sanandum
1911 2879 1953 2943 ;‘

339 2981 491 3051 cujus
533 2979 856 3051 obligatione
898 2977 1135 3046 implicat
1170 2973 1350 3029 debita
1387 2987 1541 3042 paena
1583 2978 1925 3036 nascentem,

339 3073 498 3127 solvit
523 3072 757 3127 indebita
787 3071 956 3142 gratia
984 3076 1378 3124 renascentem.
1422 3066 1534 3120 Hoc
1573 3063 1772 3119 malum
1798 3076 1929 3116 eon-

339 3173 421 3220 tra
447 3181 534 3221 me
564 3163 829 3220 laudando
851 3205 867 3230 ,
909 3161 1244 3217 adversarius
1285 3173 1438 3214 meus
1469 3155 1668 3211 videris
1700 3170 1715 3209 :
1748 3153 1842 3209 sed
1872 3152 1928 3208 in

338 3264 390 3311 te
415 3255 764 3320 debellando,
795 3269 950 3310 meus
979 3253 1131 3309 testis
1160 3267 1220 3308 es
1254 3269 1268 3305 :
1299 3250 1344 3304 si
1374 3258 1551 3304 autem
1596 3262 1703 3302 non
1746 3245 1928 3301 debel-

336 3347 436 3414 las,
465 3357 586 3402 tuus
611 3347 783 3402 hostis
813 3360 894 3402 es.
923 3345 1154 3401 Proinde
1178 3345 1302 3415 quia
1332 3343 1504 3413 primo
1533 3351 1622 3396 tuo
1649 3341 1788 3396 libro
1813 3337 1926 3395 suf-

338 3441 582 3496 ﬁcienter
609 3455 696 3494 me
725 3439 1068 3509 reSpondissc
1103 3439 1387 3504 existimo,
1417 3436 1660 3508 quamvis
1698 3434 1771 3489 ibi
1817 3441 1926 3489 tota

339 3545 496 3584 causa
526 3528 672 3582 finita
704 3529 802 3592 sit;
838 3538 1012 3583 tamen
1040 3544 1108 3583 ne
1135 3528 1348 3584 czeteris
1389 3530 1560 3583 tribus
1596 3525 1927 3598 respondere

340 3634 444 3674 non
474 3620 714 3690 potuisse
745 3618 1040 3684 videamur,
1071 3619 1124 3673 in
1150 3621 1228 3674 eis
1247 3621 1408 3675 etiam
1433 3635 1590 3690 quam
1615 3635 1750 3677 vana
1775 3619 1927 3676 dixe-

339 3710 415 3767 ris
440 3711 670 3767 intuere.

408 3801 466 3858 2.
513 3801 812 3874 Propositis
836 3816 903 3858 ex
932 3814 1056 3856 meo
1085 3801 1223 3856 libro
1263 3800 1363 3874 (De
1388 3801 1554 3874 Nupt.
1584 3813 1630 3858 et
1670 3805 1923 3876 Concup.,

339 3896 428 3952 lib.
485 3896 548 3964 ί,
601 3912 653 3950 η.
716 3894 784 3966 5)
841 3894 1022 3950 verbis
1063 3894 1200 3949 meis
1236 3895 1484 3960 exultas,
1540 3895 1683 3964 quod
1732 3914 1751 3946 ι
1789 3905 1926 3951 teste

335 3990 596 4062 Apostolo
640 4007 660 4042 ›
697 3989 923 4045 dixerim
946 4029 962 4055 ,
999 4007 1018 4041 ‹
1051 3988 1254 4044 donum
1303 3986 1398 4042 Dei
1445 4002 1568 4042 esse
1610 3988 1926 4057 pudicitiam

336 4081 666 4152 coniugalem
703 4100 721 4134 ο
757 4081 811 4154 (l
836 4080 955 4138 Cor.
987 4097 1088 4148 vn,
1117 4078 1172 4151 7)
1202 4097 1215 4133 :
1245 4079 1396 4152 quasi
1428 4087 1713 4150 propterea
1743 4078 1928 4134 lauda-

338 4174 476 4228 verit
497 4174 785 4244 Apostolus
809 4173 1009 4228 malum
1031 4171 1174 4244 quod
1198 4181 1252 4227 tu
1275 4170 1480 4238 laudas,
1507 4185 1615 4240 quo
1638 4185 1766 4226 caro
1789 4184 1921 4225 cou-

337 4262 564 4332 cupiscit
603 4264 861 4319 adversus
895 4264 1138 4334 Spiritum
1174 4261 1370 4336 (Galat.
1401 4278 1463 4328 v,
1491 4261 1611 4333 t7),
1651 4276 1759 4332 quo
1786 4260 1928 4316 malo

338 4353 506 4408 utitur
538 4353 678 4410 bene
717 4355 971 4424 pudicitia
1012 4355 1341 4426 conjugalis,
1387 4355 1525 4410 sicut
1555 4354 1666 4426 jam
1697 4355 1752 4409 in
1789 4355 1927 4409 libro

338 4445 616 4516 superiore
640 4448 956 4502 monstravi.
993 4447 1110 4502 Non
1137 4449 1318 4518 itaque
1345 4464 1567 4518 parvum
1601 4449 1802 4504 donum
1831 4449 1926 4505 Dei

338 4545 442 4602 est,
472 4537 544 4592 ita
570 4537 767 4593 frenari
798 4538 902 4593 hoc
921 4539 1142 4606 malum,
1180 4548 1238 4594 ut
1273 4539 1340 4594 ad
1366 4540 1499 4595 nihil
1525 4541 1794 4596 relaxetur
1823 4539 1928 4594 illi-

337 4629 501 4684 citum
521 4668 539 4698 ,
565 4629 660 4686 sed
691 4630 1024 4701 generationi
1055 4638 1258 4686 tantum
1288 4633 1775 4702 regenerandorum
1805 4647 1928 4688 ser-

339 4721 447 4776 viat
484 4721 737 4776 filiorum.
781 4721 914 4792 Ejus
942 4722 1142 4794 quippe
1183 4724 1416 4793 impetus
1458 4739 1564 4779 non
1604 4739 1702 4780 sua
1739 4734 1929 4795 sponte

339 4811 645 4868 moderatus
673 4821 758 4869 est
789 4831 803 4867 :
835 4831 865 4868 a
889 4813 1037 4869 nullo
1059 4830 1287 4886 namque
1314 4816 1500 4871 illicito
1525 4830 1646 4873 sese
1669 4817 1924 4882 abstinet,

338 4905 384 4960 si
409 4906 647 4962 membra
672 4906 941 4964 desiderio
967 4907 1085 4978 ejus
1111 4909 1426 4965 inserviant.
1455 4911 1534 4966 Ac
1561 4926 1658 4981 per
1677 4912 1780 4967 hoc
1807 4911 1930 4982 ejus

339 5005 543 5063 motus,
567 5013 677 5054 non
712 4999 767 5055 in
804 5000 952 5072 ipso,
981 4999 1134 5071 cujus
1161 5001 1430 5072 inquietus
1456 5011 1538 5059 est
1579 5013 1792 5071 motus;
1833 5003 1928 5059 sed

337 5087 390 5141 in
424 5088 727 5146 refrenante
751 5107 818 5147 ac
841 5093 979 5149 bene
1008 5100 1192 5149 utente
1213 5095 1480 5152 laudatur.
1924 5097 1927 5099 ’

409 5180 462 5234 5.
495 5179 678 5252 Itaque
718 5183 824 5240 isto
861 5186 1004 5241 malo
1043 5201 1165 5242 cum
1207 5185 1347 5243 bene
1389 5195 1611 5244 utuntur
1655 5190 1929 5263 conjugati

339 5271 544 5339 fideles,
572 5288 601 5326 a
629 5273 780 5344 cujus
808 5285 960 5331 reatu
993 5277 1155 5333 soluti
1183 5287 1310 5334 sunt
1347 5296 1570 5338 munere
1597 5283 1924 5351 Salvatoris;

339 5364 580 5434 profecto
609 5365 931 5438 quicumque
959 5369 1084 5426 inde
1113 5380 1404 5427 nascuntur
1433 5373 1672 5444 ejusdem
1701 5392 1926 5434 munere

338 5457 606 5514 Creatoris
626 5500 640 5524 ,
669 5473 777 5514 non
817 5460 956 5517 sicut
993 5463 1148 5520 nobis
1174 5465 1382 5535 objicis,
1424 5485 1444 5519 ι
1477 5467 1531 5520 in
1561 5483 1780 5538 regnum
1811 5470 1930 5525 dia-

340 5551 446 5607 boli
492 5562 887 5623 praeparantur;
923 5573 941 5607 ι
977 5555 1076 5612 sed
1103 5557 1170 5612 ah
1211 5557 1302 5613 illo
1340 5559 1516 5630 potius
1544 5563 1764 5617 eruendi
1793 5573 1846 5618 et
1876 5564 1928 5618 in

401 5707 773 5781 l_tovanienses
801 5711 1132 5763 renitentibus
1152 5717 1505 5779 manusa-ipus,
1539 5731 1643 5781 pro,
1670 5732 1755 5771 nos
1789 5735 1932 5781 Opor.

337 5772 403 5884 tua:
421 5768 722 5835 impendere,
751 5785 876 5838 nec;
919 5783 1256 5840 concuterent,
1298 5768 1599 5842 non'oporiet
1632 5768 1930 5848 imperato?“

2041 1219 2263 1276 regnum
2300 1208 2569 1282 Unigeniti
2612 1217 2970 1276 transferendi
3010 1222 3049 1278 ³.
3091 1222 3219 1280 Haec
3259 1226 3405 1282 enim
3433 1237 3546 1297 est,
3571 1237 3629 1287 et

2041 1310 2170 1392 esse
2201 1299 2362 1358 debet
2395 1304 2604 1372 piorum
2644 1311 2931 1382 conjugum
2963 1314 3218 1385 intentio,
3257 1327 3316 1374 ut
3339 1335 3629 1392 regenera-

2043 1387 2172 1443 tioni
2221 1394 2496 1462 generatio
2538 1411 2892 1470 prteparetur.
2937 1402 2994 1459 Si
3040 1415 3218 1461 autem
3271 1408 3375 1466 hoc
3403 1387 3630 1467 vmalum

2039 1480 2180 1549 quod
2211 1482 2264 1536 in
2292 1497 2350 1539 se
2378 1484 2506 1556 ipsis
2537 1499 2783 1556 parentes
2813 1493 3086 1562 sentiunt,
3123 1497 3209 1551 cui
3236 1500 3378 1555 malo
3399 1541 3414 1568 ,
3441 1510 3501 1554 ut
3527 1502 3633 1556 tuis

2039 1572 2216 1628 verbis
2232 1583 2368 1640 utar,
2393 1594 2412 1628 ι
2441 1578 2816 1647 Apostolorum
2844 1583 2984 1654 legio
3005 1589 3317 1658 repugnavit
3339 1607 3358 1642 ι
3382 1590 3582 1662 (Supra
3605 1633 3622 1659 ,

2041 1661 2127 1716 lib.
2163 1663 2234 1728 δ,
2267 1681 2320 1718 η.
2353 1665 2487 1737 65),
2526 1688 2545 1720 ι
2579 1686 2686 1726 ηοη
2723 1675 3020 1743 pertineret
3057 1678 3125 1732 ad
3167 1679 3336 1747 ﬁlios,
3378 1661 3495 1737 sine
3539 1682 3632 1736 illo

2042 1755 2224 1825 utique
2267 1771 2613 1817 nascerentur
2640 1782 2652 1816 :
2683 1781 2824 1821 nunc
2861 1783 2991 1824 vero
3032 1771 3463 1843 quandoquidem
3504 1788 3630 1829 cum

2043 1845 2144 1899 hoc
2169 1858 2455 1906 nascuntur
2474 1893 2489 1918 ,
2522 1853 2649 1923 quid
2676 1856 2915 1926 miraris,
2946 1860 3069 1929 quia
3104 1874 3322 1932 propter
3347 1864 3449 1920 hoc
3473 1880 3634 1920 rena-

2043 1945 2294 2006 scuntur,
2327 1949 2388 1995 ut
2420 1941 2490 1997 ab
2524 1944 2642 2013 ejus
2670 1945 2990 2017 obligatione
3025 1951 3332 2021 solvantur,
3362 1963 3417 2010 et
3444 1965 3535 2010 aut
3563 1971 3631 2010 ex

2045 2030 2143 2084 ista
2173 2029 2277 2085 vita
2316 2033 2383 2087 ab
2408 2034 2502 2089 illo
2544 2035 2752 2092 liberati
2787 2041 3112 2113 rapiantur,
3158 2054 3252 2100 aut
3290 2046 3343 2100 in
3384 2046 3483 2102 ista
3523 2047 3632 2102 vita

2043 2122 2298 2177 adversus
2332 2125 2460 2181 illud
2498 2128 2653 2186 liberi
2687 2132 3032 2202 prtelientur,
3075 2137 3415 2210 victoresque
3440 2141 3494 2195 in
3525 2139 3631 2198 fine

2042 2219 2490 2273 remunerentur?

2114 2306 2168 2360 4.
2195 2307 2323 2374 Quis
2348 2320 2524 2367 autem
2547 2323 2792 2371 nostrum
2813 2320 3115 2389 suspicatus
3133 2330 3236 2388 est,
3265 2341 3284 2375 ε
3318 2339 3474 2380 usum
3495 2340 3630 2382 con-

2039 2397 2222 2469 jugum
2263 2416 2293 2455 a
2323 2402 2534 2460 diabolo
2576 2407 2738 2464 fuisse
2771 2413 3082 2482 repertum?
3123 2415 3252 2481 Quis
3292 2420 3634 2476 commixtio-

2045 2506 2166 2546 nem
2187 2507 2463 2562 corporum
2492 2512 2586 2567 per
2624 2500 2824 2556 malum
2859 2505 3314 2574 prtevaricationis
3352 2528 3371 2561 ›
3405 2510 3635 2568 credidit

2050 2598 2068 2632 ι
2097 2582 2382 2652 accidisse;
2425 2606 2444 2639 ι
2469 2603 2591 2643 cum
2627 2590 2744 2646 sine
2772 2592 2856 2647 his
2892 2596 3089 2664 nuptiae
3129 2613 3347 2668 prorsus
3375 2614 3494 2654 esse
3525 2607 3642 2656 non”

2044 2677 2298 2744 possent?
2326 2677 2433 2732 Sed
2461 2680 2659 2736 malum
2683 2699 2789 2753 quo
2813 2685 2953 2741 bene
2975 2695 3212 2756 utuntur,
3241 2689 3442 2744 nullum
3466 2699 3630 2759 esset,

2042 2765 2087 2818 si
2114 2781 2270 2822 nemo
2313 2783 2611 2839 peccasset.
2643 2773 2796 2842 Quod
2823 2775 2963 2844 dixi,
3007 2778 3139 2833 mihi
3176 2779 3382 2849 objice,
3415 2790 3474 2836 ut
3501 2797 3632 2851 pur-

2039 2870 2160 2925 gem
2191 2875 2204 2910 :
2233 2874 2354 2914 nam
2381 2861 2427 2916 si
2455 2871 2510 2918 et
2537 2864 2680 2934 quod
2715 2881 2822 2922 non
2851 2866 2984 2934 dixi,
3011 2869 3142 2924 mihi
3171 2871 3379 2942 objicis,
3416 2873 3634 2945 quando

2039 2945 2286 3006 finimus?

2113 3041 2164 3096 5.
2202 3061 2222 3094 ι
2258 3042 2604 3117 Consequens
2637 3066 2657 3100 ι
2688 3058 2844 3119 putas
2876 3068 2895 3102 σ
2933 3065 3074 3119 esse,
3106 3062 3160 3108 ut
3183 3069 3376 3110 munus
3404 3054 3498 3110 Dei
3529 3069 3630 3110 no-

2040 3142 2186 3202 ceat,
2227 3137 2274 3192 si
2313 3137 2477 3194 homo
2518 3155 2639 3196 cum
2668 3143 2808 3198 malo
2835 3146 3113 3200 nascitur:
3148 3162 3306 3203 nemo
3344 3149 3488 3203 enim
3528 3147 3630 3204 nisi

2039 3223 2136 3280 Dei
2171 3242 2392 3284 munere
2423 3231 2679 3286 nascitur.
2719 3249 2740 3282 ι
2780 3233 2921 3289 Audi
2951 3251 3078 3307 ergo
3106 3245 3161 3292 et
3196 3237 3436 3308 intellige
3468 3255 3481 3292 :
3513 3253 3634 3293 mu-

2037 3330 2138 3372 nus
2167 3318 2260 3374 Dei
2293 3319 2424 3375 nulli
2462 3331 2652 3389 nocet,
2700 3340 2806 3394 quo
2845 3327 3069 3398 quisque
3108 3338 3194 3385 est
3235 3340 3290 3386 et
3328 3332 3486 3398 vivit;
3536 3330 3629 3387 sed

2037 3410 2485 3479 concupiscentiae
2513 3413 2711 3468 malum
2753 3431 2861 3471 non
2905 3428 3080 3488 potest
3117 3435 3238 3476 esse
3263 3462 3278 3488 ,
3323 3423 3426 3477 nisi
3465 3423 3517 3477 in
3566 3437 3630 3478 eo

2037 3501 2177 3571 quod
2205 3511 2288 3557 est
2316 3510 2372 3557 et
2397 3503 2545 3557 vivit.
2588 3504 2924 3576 Quapropter
2964 3519 3140 3578 potest
3173 3526 3294 3567 esse
3337 3514 3534 3567 malum
3577 3514 3630 3568 in

2038 3609 2260 3649 munere
2276 3593 2391 3661 Dei,
2407 3597 2700 3650 sanandum
2719 3596 2823 3652 alio
2839 3613 3059 3654 munere
3075 3600 3190 3656 Dei.
3205 3602 3388 3657 Potest
3402 3605 3560 3674 igitur
3576 3605 3631 3659 in

2039 3684 2256 3742 homine
2273 3687 2361 3757 qui
2381 3702 2602 3742 munere
2625 3688 2715 3742 Dei
2730 3697 2812 3743 est
2829 3699 2881 3743 et
2897 3691 3046 3758 vivit,
3065 3693 3262 3748 malum
3281 3709 3402 3750 esse
3415 3710 3634 3766 genera-

2039 3777 2185 3833 tione
2196 3781 2957 3849 contractum,regeneratione
2968 3785 3266 3839 sanandum
3277 3823 3289 3838 .
3304 3785 3435 3840 Nam
3451 3787 3632 3857 utique

2038 3872 2214 3926 nullus
2236 3871 2408 3928 infans
2429 3887 2548 3926 cum
2567 3871 2811 3928 daemone
2831 3885 3158 3943 nasceretur,
3183 3877 3229 3932 si
3252 3893 3356 3933 non
3379 3894 3632 3935 nascere-

2038 3969 2151 4026 tur;
2177 3979 2276 4020 ncc
2297 3965 2418 4020 ideo
2436 3966 2562 4020 mali
2585 3965 2744 4036 hujus
2773 3967 2887 4037 ipsa
2915 3976 3197 4038 estcausa,
3220 3971 3342 4041 quia
3372 3972 3627 4028 nascitur.

2037 4053 2283 4110 Nascitur
2297 4072 2425 4128 ergo
2444 4074 2662 4114 munere
2681 4059 2794 4124 Dei,
2809 4075 2931 4114 cum
2949 4061 3195 4118 diemone
3213 4072 3411 4131 autem,
3427 4063 3631 4135 judicio

2038 4146 2133 4203 Dei
2163 4163 2292 4203 sane
2318 4151 2547 4219 occulto,
2580 4152 2676 4208 sed
2705 4155 2960 4225 numquid
2989 4155 3223 4224 iniusto?

2109 4238 2334 4296 CAPUT
2372 4241 2436 4296 ll.
2466 4270 2540 4284 —-—
2579 4243 2634 4298 6.
2684 4244 2742 4300 In
2785 4261 2851 4301 eo
2897 4263 3025 4302 vero
3061 4247 3203 4318 quod
3231 4249 3380 4317 dixi,
3419 4268 3439 4302 ‹
3470 4251 3631 4308 etiam

2038 4332 2239 4389 bonum
2283 4335 2591 4407 eonjugale,
2638 4338 2684 4392 si
2732 4354 2836 4394 non
2886 4340 3132 4403 habetur,
3177 4358 3206 4395 a
3247 4343 3472 4399 Domino
3513 4358 3633 4399 esse

2039 4425 2367 4496 poscendum
2407 4445 2426 4478 ι
2466 4425 2566 4496 (De
2603 4426 2768 4499 Nupt.
2797 4439 2844 4482 et
2881 4430 3148 4501 Concup.,
3190 4433 3280 4486 lib.
3326 4435 3394 4497 1,
3436 4452 3489 4488 η.
3533 4435 3628 4504 3);

2041 4515 2258 4588 (quibus
2285 4516 2500 4586 utique,
2532 4518 2634 4572 nisi
2673 4519 2864 4588 quibus
2902 4531 2984 4576 est
3023 4523 3461 4595 necessarium?)
3489 4527 3634 4579 visus

2038 4620 2160 4661 sum
2191 4606 2286 4660 tibi
2315 4607 2497 4662 dicere
2517 4647 2532 4674 ,
2568 4625 2604 4677 (_
2628 4625 2723 4678 pro
2750 4611 3143 4666 concumbendi
3182 4613 3384 4667 viribus
3423 4616 3631 4686 suppli-

2037 4697 2287 4752 candum.
2329 4717 2348 4751 ι
2384 4697 2490 4753 Sed
2528 4713 2628 4770 ego
2666 4714 2763 4771 pro
2802 4701 2915 4770 ipsa
2946 4701 3198 4773 pudicitia
3227 4704 3493 4776 eonjugali
3523 4707 3631 4762 dixi

2038 4789 2335 4860 rogandum
2367 4790 2534 4845 Deum
2556 4831 2572 4857 ,
2613 4792 2665 4845 in
2691 4807 2794 4862 qua
2821 4802 2901 4848 est
2930 4795 3322 4851 concumbendi
3359 4812 3465 4852 non
3499 4799 3634 4854 liber

2040 4897 2200 4950 usus,
2231 4881 2324 4938 sed
2365 4883 2542 4938 licitus
2582 4884 2794 4939 modus.
2829 4885 2962 4940 Nam
2997 4885 3158 4942 homo
3197 4888 3242 4943 si
3276 4892 3635 4948 concumbere

2038 4991 2144 5030 non
2181 4984 2388 5046 potest,
2417 4977 2592 5046 potius
2631 4994 2736 5034 non
2769 4990 2975 5050 quaerat
3005 4996 3224 5038 uxorem
3259 5001 3272 5038 :
3301 4985 3631 5055 quandoqui-

2037 5068 2161 5122 dem
2191 5068 2480 5138 apostolica
2506 5076 2772 5125 sententia
2810 5072 2898 5126 ubi
2939 5073 3053 5141 ait,
3083 5073 3144 5128 Si
3167 5091 3222 5130 se
3250 5092 3353 5130 non
3380 5079 3630 5145 continet,

2039 5160 2193 5215 nubat
2219 5161 2273 5230 (l
2305 5161 2424 5216 Cor.
2453 5177 2527 5217 vlt
2547 5204 2562 5230 ,
2593 5162 2683 5236 9);
2724 5165 3020 5221 remedium
3048 5169 3215 5224 voluit
3239 5185 3360 5226 esse
3384 5174 3596 5242 nuptias
3617 5214 3631 5240 ,

2039 5253 2183 5324 quod
2212 5263 2267 5309 et
2303 5255 2418 5324 ipse
2455 5257 2734 5313 confessus
2760 5275 2840 5325 es,
2871 5271 3057 5317 contra
3095 5264 3340 5320 morbum
3381 5268 3637 5336 concupi-

2038 5347 2280 5412 scentiae,
2312 5347 2454 5418 quod
2482 5348 2728 5405 confiteri
2758 5367 2862 5406 non
2890 5354 2992 5419 vis,
3024 5355 3113 5424 qui
3147 5355 3441 5412 remedium
3468 5359 3635 5411 conti-

2041 5441 2167 5497 teris
2189 5441 2409 5512 (Supra,
2433 5444 2522 5498 lib.
2553 5445 2606 5512 5,
2632 5461 2721 5501 nn.
2745 5445 2836 5513 29,
2864 5445 2975 5519 69.).
3004 5448 3113 5504 lloc
3135 5460 3314 5505 autem
3336 5453 3632 5508 remedium

2040 5540 2142 5597 est,
2169 5546 2273 5585 non
2307 5542 2362 5586 ut
2387 5533 2456 5587 sit
2480 5536 2940 5605 concupiscentia,
2971 5539 3014 5592 si
3042 5555 3145 5594 non
3174 5551 3289 5607 est;
3321 5542 3416 5597 sed
3447 5553 3503 5596 ut
3525 5559 3630 5598 nun

2040 5624 2212 5696 rapiat
2237 5624 2304 5678 ad
2332 5625 2547 5694 illicita,
2577 5627 2731 5699 cujus
2769 5639 2952 5684 mutus
2992 5630 3214 5686 infrenis
3250 5644 3353 5688 est.
3396 5634 3636 5690 Pertinet

2105 5789 2122 5818 ί
2157 5794 2253 5835 Hoc
2277 5787 2420 5836 etiam
2455 5785 2559 5836 loco
2581 5785 2712 5835 nulla
2745 5794 2966 5836 veterum
3012 5787 3244 5840 librorum
3279 5792 3569 5846 maritae
3605 5805 3634 5845 a

2042 5850 2414 5918 wvaniensibus
2435 5850 2649 5901 additum
2677 5851 2853 5914 fuerat,
2879 5856 3213 5905 renascuntur.
