4142 6526
595 360 701 423 859

598 480 742 535 enim
762 476 831 534 ad
853 475 955 531 hoc
974 484 1184 544 quoque
1204 468 1480 541 petitionis
1499 484 1683 539 genus,
1704 467 1846 538 quod
1869 468 1920 521 in
1939 466 2180 521 oratione

598 570 864 625 dominica
912 565 1176 627 dicimus,
1220 560 1302 615 Ne
1340 577 1431 615 nos
1468 561 1660 635 inferas
1703 560 1755 614 in
1798 559 2117 617 imitationem
2163 573 2182 611 :

600 664 849 734 quoniam
867 658 1202 725 unusquisque
1216 654 1891 724 lentaturaconcupisccntia
1912 669 2023 717 sua,
2044 656 2183 706 sicut

599 759 673 811 ait
693 751 963 824 apostolus
990 749 1220 804 Jacobus
1247 746 1450 825 (Jacobi
1478 762 1517 831 t,
1548 741 1659 831 14).
1690 746 1950 801 Convenit
1979 745 2099 799 huic
2131 751 2185 801 ct

599 846 741 918 quod
771 844 1021 908 dicimus,
1053 839 1235 897 Libera
1262 858 1354 896 nos
1382 857 1413 894 a
1440 839 1575 893 malo
1607 837 1819 910 (Matth.
1850 854 1922 903 νι,
1954 838 2063 929 15).
2094 836 2185 889 Di—

601 946 727 992 cunt
750 936 892 992 enim
922 934 1023 991 hoc
1052 935 1118 988 de
1146 935 1244 988 hac
1283 948 1340 988 re
1366 931 1652 1007 conjuges,
1684 936 1742 984 ut
1768 929 1979 983 interim
2008 937 2185 1007 mente

603 1022 754 1083 liberi
793 1043 822 1080 a
864 1028 1002 1081 malo
1027 1068 1040 1091 ,
1088 1025 1224 1080 bene
1266 1032 1480 1077 utantur
1517 1006 1660 1076 malo
1704 1019 1846 1091 quod
1897 1020 2094 1073 habent
2132 1019 2185 1073 in

604 1137 763 1176 carne
791 1122 990 1188 (sciunt
1020 1119 1161 1173 enim
1201 1117 1322 1187 quia
1365 1118 1415 1170 in
1443 1130 1603 1169 carne
1634 1129 1820 1169 eorum
1850 1128 1954 1167 non
1987 1112 2189 1166 habitat

605 1212 802 1269 bonum
834 1208 1008 1284 [ιέοηι.
1034 1224 1129 1273 vn,
1154 1206 1305 1279 18]);
1350 1216 1409 1263 ut
1439 1206 1584 1275 omni
1614 1215 1795 1275 postea
1825 1202 2188 1273 corruptibili-

609 1284 713 1370 tate
752 1312 973 1367 sanata,
1017 1300 1217 1356 nullum
1266 1302 1319 1355 in
1357 1299 1446 1369 eis
1473 1313 1579 1368 quo
1618 1306 1873 1363 utantur,
1917 1303 2191 1351 remaneat

608 1397 830 1453 tnalum.
858 1393 995 1462 Quid
1035 1401 1117 1448 est
1146 1391 1287 1463 quod
1326 1390 1625 1461 triumphas
1652 1399 1903 1460 tanquam
1940 1388 2008 1451 de
2038 1389 2191 1444 hoste

610 1468 786 1560 victo?
816 1486 1084 1560 Internum
1127 1484 1299 1554 potius
1335 1484 1490 1547 vince
1525 1496 1683 1551 quem
1711 1480 1915 1545 laudas.
1956 1480 2087 1535 Nam
2115 1480 2193 1534 vi-

609 1554 773 1633 ctoi-ia
813 1577 880 1632 de
903 1554 970 1632 te
1008 1592 1146 1641 mea,
1179 1577 1269 1643 illo
1307 1575 1447 1643 malo
1478 1583 1650 1633 tecum
1682 1580 1968 1643 pugnante,
2004 1588 2191 1629 secura

611 1646 709 1727 est.
736 1671 915 1741 Neque
939 1674 1080 1725 enim
1110 1669 1288 1724 dicere
1317 1668 1562 1732 audebis,
1584 1682 1705 1722 eum
1734 1666 1871 1721 vinci
1892 1666 1980 1736 qni
2003 1680 2190 1721 verum

612 1764 759 1827 dicit,
787 1764 855 1817 ab
874 1778 939 1818 eo
963 1763 1051 1833 qui
1074 1760 1264 1825 falsum
1293 1760 1440 1815 dicit.
1469 1759 1580 1830 Ego
1606 1766 1783 1815 autem
1809 1758 2192 1827 concupiscen-

612 1856 739 1911 tiam
777 1862 961 1910 contra
987 1869 1144 1924 quam
1176 1866 1398 1923 pugnas,
1432 1851 1628 1907 malum
1655 1850 1807 1916 dico,
1852 1858 1909 1904 tu
1947 1849 2142 1905 bonum
2174 1867 2188 1904 :

612 1947 707 2017 sed
748 1962 920 2017 pugna
960 1957 1043 2013 tua
1083 1946 1282 2003 malum
1328 1944 1561 2012 fatetur,
1602 1943 1743 2015 quod
1781 1944 1980 2000 bonum
2016 1944 2191 2013 lingua

613 2041 900 2106 mentitur;
948 2054 1148 2110 augens
1191 2038 1526 2099 mendacium
1571 2038 1676 2093 alio
1723 2037 2039 2106 mendacio,
2085 2052 2191 2107 quo

612 2131 847 2197 affirmas
884 2140 938 2191 et
980 2147 1010 2185 a
1051 2146 1141 2188 me
1177 2132 1321 2191 illam
1357 2131 1553 2191 dictam
1590 2130 1807 2187 bonam.
1837 2129 2019 2201 Neque
2045 2130 2190 2186 enim

612 2222 1093 2291 concupiscentiam
1119 2224 1317 2290 carnis,
1348 2239 1506 2293 quam
1545 2221 1777 2278 Joannes
1814 2221 2084 2293 apostolus
2106 2222 2191 2277 di-

611 2317 689 2372 xit
714 2332 744 2372 a
770 2316 929 2372 Patre
955 2332 1060 2373 non
1083 2331 1203 2372 esse
1226 2314 1467 2388 (lJoan.
1492 2332 1548 2381 ιι,
1579 2316 1688 2387 16),
1722 2330 1822 2387 ego
1843 2315 2071 2371 dicerem
2095 2314 2193 2370 bo-

613 2424 741 2467 num
772 2423 788 2464 :
817 2408 911 2463 sed
950 2407 1147 2463 bonum
1186 2407 1294 2463 dixi
1333 2407 1640 2485 pudicitiam
1677 2420 1798 2463 esse
1833 2407 2187 2478 conjugalem,

613 2518 733 2574 quae
758 2502 960 2561 resistit
996 2502 1138 2557 malo
1175 2500 1641 2575 concupiscentiae.
1684 2518 1751 2558 ne
1787 2500 1855 2557 ad
1894 2500 2073 2556 illicita
2100 2515 2192 2555 ra-

614 2595 724 2664 piat
750 2609 869 2649 cum
903 2603 1167 2651 movetur.

686 2687 738 2741 7.
769 2685 965 2745 Verum
995 2685 1170 2740 sciens
1194 2699 1353 2755 quam
1391 2684 1620 2743 inaniter
1653 2692 2052 2755 argumentatus
2077 2683 2192 2740 fue-

614 2776 709 2844 ris,
743 2793 761 2829 ι
803 2776 1003 2846 pulsas,
1042 2795 1062 2829 ι
1093 2784 1151 2832 ιιι
1187 2776 1340 2841 dicis,
1378 2792 1398 2830 ι
1432 2778 1657 2833 alterum
1696 2777 2023 2834 deﬁnitionis
2056 2793 2192 2833 mete

612 2866 778 2935 latus,
815 2886 833 2921 ι
865 2877 919 2923 et
945 2867 1121 2941 inquis
1154 2884 1167 2926 :
1201 2885 1221 2923 ι
1256 2867 1315 2931 Si
1340 2868 1487 2923 calor
1510 2869 1754 2939 genitalis
1778 2869 2068 2940 conjugalis
2096 2868 2193 2924 ho-

614 2959 835 3013 nestatis
883 2960 1127 3014 minister
1173 2959 1242 3013 ab
1288 2960 1651 3015 immoderatis
1694 2961 2033 3030 procursibus
2081 2969 2190 3017 tam

548 3068 565 3078 ⁸
612 3051 790 3107 studio
827 3050 1086 3117 fidelium,
1117 3067 1275 3121 quam
1300 3051 1425 3106 doni
1454 3051 1647 3119 virtute
1670 3053 1948 3117 retinetur,
1976 3069 2075 3109 nec
2098 3068 2192 3108 ex-

611 3144 898 3215 Stinguitur
919 3159 1014 3213 per
1032 3145 1279 3214 gratiam,
1302 3145 1396 3200 sed
1423 3144 1693 3212 frenatur;
1721 3147 2013 3216 probabilis
2031 3154 2114 3204 est
2137 3148 2190 3203 in

611 3252 810 3307 genere
846 3252 943 3294 suo
982 3245 1037 3293 et
1065 3238 1117 3293 in
1144 3238 1303 3294 modo
1328 3254 1445 3306 suo,
1478 3247 1531 3295 et
1559 3240 1687 3295 solis
1712 3250 1991 3298 accusatur
2012 3257 2194 3299 exces-

610 3327 779 3389 sibus.
815 3346 833 3382 ι
865 3328 991 3384 Haec
1014 3328 1218 3397 dicens,
1246 3345 1353 3386 non
1390 3331 1621 3387 attendis
1645 3334 1928 3405 conjugum
1957 3350 2192 3392 conven-

611 3418 811 3477 tionem
838 3434 999 3479 causa
1029 3421 1341 3491 generandi,
1371 3422 1491 3478 ideo
1519 3423 1716 3479 bonum
1745 3440 1867 3482 esse
1904 3427 2187 3498 laudabile,

610 3510 734 3578 quia
763 3525 827 3564 eo
850 3511 1005 3567 limes
1033 3511 1322 3584 praeﬁgitur
1352 3514 1532 3571 licitus
1570 3516 1714 3571 malo
1751 3520 2187 3590 concupiscendi.

608 3600 716 3659 Cur
750 3603 894 3658 enim
933 3618 1041 3661 non
1079 3605 1256 3674 potius
1292 3607 1490 3662 malum
1529 3617 1782 3675 vocetur,
1823 3611 1964 3682 quod
2007 3612 2190 3671 fateris

609 3709 730 3756 esse
766 3694 1121 3752 frenandum?
1156 3696 1299 3764 Cur,
1340 3712 1552 3769 (ιιιίιξεο,
1592 3698 1941 3768 frenandum,
1982 3705 2082 3759 nisi
2122 3721 2190 3762 ne

608 3788 836 3845 noceat?
864 3788 967 3843 nisi
1006 3804 1076 3844 ne
1110 3788 1178 3843 ad
1216 3789 1397 3846 illicita
1425 3804 1545 3862 quae
1574 3791 1844 3849 desiderat
1880 3796 2190 3853 relaxetur?

607 3880 677 3935 Et
704 3881 884 3950 utique
912 3879 1240 3937 desiderium
1269 3883 1396 3938 mali
1422 3885 1621 3939 malum
1648 3894 1750 3953 est,
1777 3887 1988 3943 etiamsi
2011 3890 2059 3945 ei
2084 3906 2189 3946 non

608 3972 990 4038 consentiatur,
1032 3972 1205 4029 donec
1241 3988 1308 4029 eo
1343 3975 1620 4031 veniamus
1660 3978 1748 4033 ubi
1776 3993 1877 4035 nec
1907 3979 2185 4037 habeatur.

605 4059 721 4116 Non
753 4062 911 4133 igitur
946 4064 1073 4134 quid
1111 4064 1238 4121 boni
1274 4065 1343 4122 de
1378 4070 1813 4140 concupiscentia
1851 4052 2030 4128 carnis
2059 4073 2184 4140 ﬂat,

606 4151 701 4207 sed
725 4153 838 4223 ipsa
868 4153 995 4222 quid
1021 4154 1148 4212 mali
1178 4154 1357 4221 faciat,
1379 4159 1719 4225 cogitandum
1742 4169 1845 4216 est.
1871 4144 2005 4218 Nam
2035 4154 2190 4233 pudi~

606 4243 731 4299 eitia
767 4244 1061 4315 conjugalis
1099 4246 1391 4303 inhiantem
1441 4251 1930 4321 concupiscentiam
1968 4255 2082 4311 sive
2118 4255 2187 4311 de

606 4336 795 4392 illicito
818 4337 933 4393 sive
958 4337 1027 4393 de
1051 4339 1197 4396 licito
1218 4342 1498 4413 percipere
1520 4345 1850 4415 voluptatem
1871 4386 1885 4412 ,
1917 4346 2091 4404 frenat
2119 4351 2187 4406 ab

605 4427 814 4492 illicito.
855 4432 1114 4501 permittit
1149 4432 1219 4489 ad
1256 4433 1459 4490 licitum
1498 4453 1515 4491 :
1554 4436 1658 4493 hoc
1695 4447 1779 4495 est
1814 4439 2038 4510 bonum,
2079 4458 2188 4501 non

604 4533 783 4581 tamen
807 4527 944 4596 ejus,
970 4527 1066 4584 sed
1088 4528 1225 4585 bene
1249 4532 1450 4586 utentis
1470 4531 1668 4588 bonum
1695 4543 1799 4590 est.
1830 4535 1984 4606 Quod
2007 4548 2186 4595 autem

605 4618 718 4688 ipsa
746 4620 1178 4689 concupiscentia
1205 4621 1350 4690 facit,
1378 4623 1493 4681 sive
1520 4625 1587 4680 ad
1614 4625 1815 4682 licitum
1846 4629 1961 4686 sive
1984 4629 2051 4686 ad
2078 4631 2187 4687 illi—

603 4711 769 4765 citum
797 4710 1162 4769 indiﬂ‘erenter
1179 4713 1481 4783 ardescere,
1507 4717 1688 4787 utique
1715 4718 1911 4774 malum
1941 4728 2044 4777 est.
2071 4719 2185 4778 Hoc

603 4801 785 4871 itaque
819 4802 960 4857 malo
997 4802 1134 4858 bene
1169 4805 1335 4860 utitur
1362 4808 1619 4877 pudicitia
1645 4810 1960 4883 eonjugalis,
1993 4814 2185 4872 melius

601 4908 708 4948 non
740 4892 906 4948 utitur
927 4896 1254 4952 continentia
1279 4897 1575 4969 virginalis.
2104 4924 2107 4929 ·

671 4984 726 5039 8.
756 5002 777 5041 ι
793 4983 849 5039 Si
875 4998 1077 5055 posset,
1098 5005 1120 5039 ι
1146 4987 1342 5059 inquis,
1376 5008 1399 5043 ‹
1428 4991 1576 5047 calor
1594 4993 1839 5063 genitalis
1852 4996 2048 5052 malum
2065 5012 2186 5056 esse

602 5075 932 5143 naturaliter,
977 5079 1349 5148 exstirpandus
1376 5092 1524 5150 erat,
1556 5099 1663 5139 non
1698 5088 2120 5157 componendus.
2159 5110 2179 5144 ι

552 5219 559 5224 .
605 5167 737 5224 Vide
771 5168 1221 5240 quemadmodum
1262 5173 1476 5229 noluisti
1505 5175 1703 5244 dicere,
1748 5179 1889 5249 quod
1918 5195 2077 5253 supra
2103 5183 2185 5239 di.

598 5275 776 5329 xeras,
805 5260 1175 5330 cfrenandus;
1208 5283 1229 5319 ι
1260 5266 1353 5322 sed
1376 5267 1626 5335 maluisti,
1663 5288 1685 5323 ‹
1707 5276 2126 5344 componendus.
2156 5297 2177 5331 ι

598 5351 823 5411 Sensisti
847 5356 992 5413 enim
1020 5357 1161 5428 quod
1191 5374 1315 5416 eum
1345 5376 1503 5417 nemo
1537 5361 1791 5433 frenaret,
1838 5367 1939 5423 nisi
1977 5370 2066 5441 qui
2095 5387 2186 5428 rc-

595 5456 894 5517 pugnaret:
924 5456 979 5509 et
997 5448 1067 5505 ob
1090 5449 1195 5509 hoc
1214 5459 1418 5508 mutato
1447 5455 1631 5524 verbo,
1655 5455 1845 5514 timore
1863 5458 1981 5531 ipso
2005 5460 2181 5517 fassus

594 5556 652 5597 es
681 5542 915 5606 malum,
964 5543 1106 5614 quod
1161 5555 1423 5615 repugnat
1476 5547 1636 5607 bono.
1690 5551 1940 5622 Appellas
1970 5555 1988 5586 ί
2015 5555 2177 5610 etiam

592 5632 826 5691 calorem
850 5633 1154 5711 genitalem,
1189 5637 1313 5708 quia
1361 5637 1523 5709 pudet
1563 5641 1833 5713 appellare
1877 5643 2175 5718 libidinem,

589 5791 592 5795 ’
657 5805 675 5838 ι
699 5804 1034 5874 minus,
1388 5904 1393 5910 ἢ

1373 352 1649 412 CONTRA
1687 352 2027 415 JULIANUM
2067 349 2532 423 PELAGIANUM,
2573 355 2629 412 S.
2670 355 3040 415 AUGUSTINI

3763 364 3881 425 740

2286 466 2429 531 sive,"
2451 469 2588 523 sicut
2612 485 2729 525 eam
2770 471 2980 528 divinus
3028 488 3206 530 sermo
3256 476 3525 547 appellare
3566 483 3880 550 consuevit,

2284 560 2458 621 carnis
2496 562 3000 639 concupiscentiam.
3056 565 3144 621 Sic
3189 582 3315 637 ergo
3365 567 3585 640 loquere
3628 582 3684 628 et
3736 572 3878 629 die:

2286 651 2340 707 Si
2370 662 2551 723 posset
2577 656 2754 710 carnis
2774 656 3199 727 concupiscentia
3230 660 3368 716 mala
3390 676 3510 717 esse
3535 663 3876 734 naturaliter,

2286 746 2625 816 exstirpanda
2653 756 2788 817 erat,
2812 764 2918 804 non
2949 751 3331 821 componenda.
3356 752 3443 810 Sic
3461 753 3601 810 enim
3623 767 3879 829 possunt,

2287 838 2374 908 qui
2406 839 2566 895 latine
2592 842 2803 905 sciunt,
2835 843 3091 898 tardiores
3121 844 3417 916 intelligere
3455 847 3581 916 quid
3616 848 3882 919 loquaris.

2287 928 2387 983 Sed
2416 931 2486 984 ita
2511 932 2611 986 hoc
2637 931 2768 987 dicis
2788 974 2802 997 ,
2832 933 2981 1003 quasi
3009 949 3110 988 non
3138 949 3255 990 eam
3285 935 3506 991 mallent
3535 939 3837 1010 exstirpare
3858 982 3880 1009 ,

2288 1022 2333 1076 si
2362 1032 2597 1091 possent,
2641 1040 2828 1079 omnes
2862 1026 2950 1096 qui
3005 1037 3292 1098 propterea
3335 1030 3706 1100 conjugantur,
3750 1035 3885 1103 quia

2287 1115 2627 1169 continentia:
2668 1116 2903 1172 laborem
2946 1134 3051 1187 quo
3077 1118 3201 1174 huic
3247 1122 3387 1176 malo
3431 1123 3715 1188 resistitur,
3768 1142 3909 1179 non.

2288 1204 2497 1272 ferunt,
2522 1216 2575 1261 ct
2601 1207 2722 1262 ideo
2749 1210 2953 1265 malunt
2978 1226 3042 1264 eo
3067 1210 3202 1271 bene
3229 1213 3324 1278 uti,
3356 1228 3514 1283 quam
3541 1216 3731 1281 melius
3757 1232 3883 1272 om-

2290 1298 2415 1357 nino
2435 1313 2539 1352 non
2565 1300 2659 1352 uti.
2690 1298 2792 1355 Sed
2819 1302 2862 1354 si
2892 1302 2941 1356 in
2970 1316 3193 1372 corpore
3228 1304 3415 1361 mortis
3440 1304 3599 1376 hujus
3626 1306 3731 1367 hoc
3757 1325 3885 1367 ma-

2294 1388 2396 1444 lum
2427 1392 2786 1448 necessarium
2814 1401 2898 1448 est
2926 1395 3254 1466 conjugatis,
3300 1400 3423 1468 quia
3461 1399 3577 1455 sine
3626 1401 3716 1459 illo
3763 1403 3888 1461 ﬁeri

2293 1496 2397 1537 non
2426 1492 2597 1552 potest
2626 1483 2821 1541 bonum
2858 1487 3252 1555 generationis;
3304 1491 3639 1549 continentes
3682 1495 3887 1549 exstir—

2295 1582 2418 1642 pent
2440 1576 2921 1645 concupiscentiam
2955 1580 3151 1635 carnis.
3183 1581 3263 1636 Tu
3305 1582 3440 1653 ipse,
3474 1592 3530 1639 tu
3572 1585 3662 1655 qui
3690 1585 3886 1655 loque-

2294 1665 2387 1733 ris,
2406 1681 2505 1722 nec
2531 1667 2657 1738 quid
2687 1669 2920 1739 loquaris
2947 1672 3197 1741 attendis,
3235 1675 3466 1744 exstirpa
3495 1675 3769 1739 libidinem
3815 1678 3891 1737 de

2294 1760 2549 1816 membris
2579 1762 2701 1816 tuis.
2733 1761 2849 1827 Non
2879 1765 3021 1820 enim
3050 1774 3105 1821 et
3149 1766 3244 1831 tibi
3291 1769 3592 1829 necessaria
3630 1780 3746 1836 est;
3790 1780 3892 1826 aut

2294 1851 2430 1907 bona
2483 1860 2608 1909 sunt
2634 1854 2748 1924 ejus
2772 1856 3055 1924 desideria,
3089 1858 3283 1928 quibus
3322 1860 3369 1915 si
3412 1864 3751 1919 consenseris
3795 1865 3887 1920 vel

2294 1944 2539 2009 cesseris,
2571 1944 2831 2003 interibis.

2365 2035 2418 2091 9.
2458 2036 2623 2092 Porro
2649 2037 2693 2092 si
2719 2038 2915 2097 malum
2969 2048 3052 2105 est
3098 2041 3153 2107 in
3200 2048 3252 2098 te
3285 2042 3371 2098 cui
3416 2059 3699 2115 repugnas,
3735 2046 3887 2117 quod

2294 2142 2586 2198 Oppugnas,
2619 2129 2759 2200 quod
2788 2147 2911 2187 cum
2941 2132 3110 2193 vineis
3132 2150 3437 2207 expugnas;
3469 2137 3573 2193 hoc
3601 2140 3742 2195 malo
3768 2155 3890 2197 me-

2294 2220 2397 2275 lius
2430 2237 2534 2276 non
2572 2222 2758 2289 uteris,
2789 2239 2895 2294 quo
2933 2226 3075 2281 malo
3110 2225 3247 2283 bene
3277 2237 3493 2295 utuntur
3515 2231 3555 2296 ³,
3590 2231 3640 2293 in
3689 2232 3888 2302 quibus

2294 2309 2395 2366 hoc
2419 2312 2616 2368 bonum
2648 2329 2768 2370 esse
2795 2316 3110 2385 contendis;
3129 2318 3217 2387 ubi
3243 2318 3482 2389 profecto
3505 2322 3771 2388 mentiris,
3790 2331 3889 2395 aut

2293 2399 2511 2458 falleris.
2542 2403 2725 2476 Neque
2744 2407 2884 2462 enim
2911 2406 3149 2475 dicturus
3174 2424 3254 2476 es,
3273 2409 3325 2489 in
3346 2410 3659 2489 conjugibus
3679 2413 3885 2489 bonum

2293 2509 2412 2551 esse
2454 2495 2750 2564 libidinem,
2778 2499 2830 2554 in
2864 2500 3065 2556 sanctis
3101 2486 3405 2585 autemvel
3459 2503 3753 2575 virginibus
3780 2486 3888 2563 vel

2293 2589 2686 2653 continentibus
2713 2593 2928 2647 malum.
2954 2592 3068 2663 .lam
3092 2595 3414 2665 sententiam
3436 2605 3682 2663 tenemus
3711 2607 3882 2666 tuam,

2295 2681 2383 2743 ubi
2407 2682 2565 2738 aisti:
2603 2682 3097 2757 «Concupiscentia':
3132 2689 3388 2755 naturalis
3425 2691 3519 2762 qui
3547 2692 3770 2759 modum
3802 2702 3885 2750 te-

2292 2783 2405 2842 net,
2447 2774 2589 2830 bono
2623 2775 2760 2833 bene
2796 2778 2993 2846 utitur;
3018 2780 3107 2850 qui
3147 2781 3362 2847 modum
3391 2797 3499 2849 non
3526 2792 3705 2850 tenet,
3736 2782 3885 2843 bono

2292 2867 2433 2923 male
2459 2868 2627 2925 utitur
2658 2885 2670 2922 :
2704 2870 2794 2940 qui
2820 2880 2999 2927 autem
3026 2872 3188 2929 etiam
3209 2873 3381 2943 ipsum
3411 2874 3651 2943 modum,
3679 2885 3885 2947 sancta

2292 2959 2609 3033 virginitatis
2654 2980 2836 3021 amore
2885 2970 3298 3039 contempserit,
3328 2970 3484 3027 .bono
3526 2972 3721 3029 melius
3772 2989 3883 3033 non

2293 3052 2830 3120 utitur;contidentia
2860 3057 3056 3130 quippe
3095 3074 3207 3117 sua:
3236 3062 3443 3137 salutis,
3480 3082 3501 3117 ι
3544 3064 3742 3135 inquis,
3780 3085 3803 3121 ι
3827 3073 3886 3123 et

2291 3147 2501 3204 roboris
2522 3152 2846 3224 contempsit
2874 3153 3114 3215 remedia
3139 3195 3157 3223 ,
3184 3165 3241 3213 ut
3264 3157 3495 3227 gloriosa
3516 3169 3699 3229 posset
3725 3175 3888 3221 exer-

2292 3252 2416 3296 cere
2445 3242 2755 3297 certamina.
2782 3263 2802 3297 ›
2832 3244 2922 3305 llis
2942 3246 3121 3302 verbis
3145 3247 3248 3313 tuis
3274 3248 3391 3309 sine
3413 3249 3759 3322 ambiguitate
3783 3250 3885 3307 de-

2291 3331 2482 3401 claras,
2508 3335 2990 3405 concupiscentiam
3011 3338 3191 3394 carnis
3218 3339 3319 3402 hoc
3348 3341 3369 3373 ²
3395 3356 3516 3398 esse
3540 3342 3594 3397 in
3620 3343 3884 3414 utrisque,

2293 3422 2345 3487 id
2369 3431 2471 3489 est,
2495 3433 2549 3479 et
2577 3426 2875 3496 conjugatis
2902 3439 2956 3483 et
2979 3428 3396 3486 continentibus.
3428 3431 3546 3500 Quo
3579 3434 3727 3488 enim
3751 3448 3886 3491 oon-

2285 3514 2453 3587 jngati
2474 3517 2611 3574 bene
2639 3527 2880 3585 utuntur,
2910 3529 2966 3579 et
2994 3522 3333 3579 continentes
3358 3524 3547 3581 melius
3590 3540 3700 3582 non
3724 3536 3885 3584 utun-

2294 3615 2400 3671 tur.
2428 3608 2623 3675 bonum
2655 3619 2710 3677 tu
2738 3612 2891 3676 dicis,
2922 3628 3021 3684 ego
3041 3614 3238 3671 malum
3269 3634 3283 3673 :
3310 3616 3408 3672 sed
3447 3616 3502 3673 in
3530 3619 3735 3675 sanctis
3776 3620 3883 3677 vir-

2291 3698 2501 3771 ginibus
2530 3712 2584 3756 et
2612 3701 3007 3758 continentibus
3031 3706 3207 3760 carnis
3227 3709 3657 3778 concupiscentia
3685 3710 3884 3769 malum

2293 3806 2353 3847 se
2382 3807 2503 3848 esse
2531 3792 2849 3861 manifestat,
2874 3804 3063 3855 contra
3076 3813 3235 3867 quam
3262 3797 3443 3855 fateris
3470 3814 3565 3856 eos
3595 3800 3616 3832 ³
3644 3819 3663 3853 ι
3688 3801 3888 3870 glorio-

2293 3899 2351 3940 sa
2377 3902 2630 3943 exercere
2669 3889 2960 3947 certamina
2988 3905 3001 3944 :
3040 3909 3061 3944 ι
3089 3891 3271 3961 procul
3300 3891 3462 3951 dubio
3495 3908 3626 3964 ergo
3654 3909 3763 3959 non
3789 3894 3889 3952 bo-

2292 3993 2381 4042 no,
2415 3978 2511 4034 sed
2541 3979 2681 4035 malo
2707 3979 2898 4035 melius
2921 3995 3030 4049 non
3071 3990 3311 4047 utuntur.
3343 3983 3456 4043 Hoc
3484 3984 3646 4054 igitur
3672 3993 3887 4057 utentes

2293 4067 2564 4138 ceiijuges,
2595 4085 2694 4126 nec
2724 4070 2822 4141 ipsi
2852 4071 3034 4141 utique
3060 4073 3222 4137 bono,
3251 4074 3347 4131 sed
3376 4076 3519 4131 malo
3544 4076 3684 4137 bene
3728 4088 3889 4135 utun-

2295 4168 2397 4213 tur.
2421 4159 2647 4216 Proinde
2668 4169 2773 4216 tota
2802 4164 3162 4225 controversia
3188 4182 3293 4225 non
3321 4169 3580 4227 remansit
3599 4168 3673 4239 (si
3703 4178 3887 4237 tamen

2291 4253 2547 4306 remansit
2570 4254 2791 4327 aliqua),
2822 4255 2925 4311 nisi
2953 4269 3128 4315 utrum
3168 4257 3221 4317 in
3257 4259 3336 4323 eis
3379 4259 3470 4331 qui
3498 4262 3887 4337 continentiam

2291 4342 2403 4400 Deo
2434 4354 2709 4411 voverunt,
2738 4344 2938 4404 bonum
2967 4350 3038 4404 sit
3064 4351 3162 4415 ista
3182 4350 3248 4406 de
3274 4367 3378 4422 qua
3401 4352 3741 4423 disputamus
3758 4371 3889 4421 eone

2291 4438 2615 4509 cupiscentia
2664 4441 2861 4509 carnis,
2905 4457 2975 4497 an
3024 4445 3242 4500 malum.
3282 4444 3436 4513 Quod
3483 4447 3628 4509 enim
3685 4447 3878 4511 horum

2290 4530 2513 4599 duorum
2543 4543 2811 4602 repertum
2838 4534 2891 4591 in
2934 4535 3015 4593 bis
3054 4535 3234 4605 fuerit,
3266 4535 3369 4601 hoc
3395 4546 3449 4593 et
3478 4538 3531 4597 in
3568 4539 3885 4611 conjugibus

2290 4622 2568 4692 apparebit
2593 4639 2608 4677 :
2633 4624 2881 4695 quoniam
2911 4624 3016 4682 hoc
3052 4626 3130 4689 illi
3170 4628 3310 4687 bene
3354 4636 3592 4693 utuntur.
3635 4646 3747 4700 quo
3798 4632 3886 4691 isti

2290 4715 2481 4773 melius
2511 4732 2619 4785 non
2655 4727 2894 4777 utuntur.
2943 4719 3145 4792 Collige
3179 4721 3359 4799 itaque
3388 4732 3526 4785 totas
3561 4723 3706 4780 vires
3743 4726 3887 4783 acuti

2290 4807 2367 4863 tui
2391 4807 2592 4876 cordis,
2619 4825 2682 4877 ac
2716 4811 2899 4877 liberae
2924 4810 3135 4879 frontis,
3183 4821 3238 4875 et
3287 4815 3425 4877 aude
3464 4815 3799 4887 respondere
3838 4817 3887 4873 si

2291 4908 2468 4968 potes,
2524 4899 2627 4956 hoc
2672 4901 2872 4957 bonum
2926 4905 3198 4972 esse,cui,
3242 4905 3382 4975 sicut
3419 4905 3559 4971 libro
3603 4907 3891 4977 superiore

2289 4992 2563 5061 confessus
2588 5008 2668 5063 es,
2701 5012 2720 5063 t
2747 4995 3122 5065 Apostolorum
3144 4997 3284 5077 legio
3304 5000 3620 5077 repugnavit
3647 5019 3662 5061 ι
3696 5019 3721 5055 ι
3748 5000 3889 5059 mibi

2289 5086 2494 5142 scilicet
2544 5087 2896 5158 exprobrans,
2942 5089 3086 5161 quod
3137 5109 3156 5143 ι
3191 5100 3363 5157 tantas
3400 5111 3421 5145 ι
3479 5106 3603 5156 esse
3650 5092 3887 5155 dixerim

2296 5198 2317 5233 ς
2343 5179 2575 5245 libidinis
2601 5180 2762 5250 vires,
2792 5190 2851 5243 ut
2886 5183 2935 5249 ei
2964 5198 3063 5245 nec
3102 5184 3479 5254 Apostolorum
3527 5186 3665 5257 legio
3717 5201 3887 5259 repu-

2285 5273 2561 5344 gnaverit;
2591 5290 2613 5327 ι
2644 5288 2765 5330 eum
2795 5276 2969 5346 potius
2998 5291 3094 5347 Pro
3118 5290 3278 5349 causa
3302 5293 3421 5341 mea
3452 5276 3615 5337 faciat
3636 5314 3654 5345 ,
3677 5278 3805 5350 quia
3835 5279 3889 5335 ei

2286 5364 2431 5421 malo
2455 5363 2598 5436 quod
2628 5375 2684 5435 tu
2705 5366 2903 5433 bonum
2932 5366 3085 5436 dicis,
3109 5367 3250 5440 legio
3275 5383 3384 5437 non
3407 5369 3890 5441 qualiumcumun

2350 5521 2370 5597 ξ
2405 5522 2730 5597 vaticanlduo
2761 5523 3065 5597 _et_callicani
3090 5532 3194 5597 tre_s
3225 5526 3553 5597 maniiscﬁpti,
3585 5538 3787 5577 necnon
3821 5527 3889 5578 ad

2285 5586 3889 5724 ετζιῗιῖῗῗὶεΎωιῗέῗιῗεῗιὲῗέιιρεταιηιιω-

2283 5713 2449 5778 Exstat
2479 5716 2648 5778 mea
2682 5710 2732 5760 in
3006 5712 3117 5769 fere
3150 5710 3561 5774 mnuum.
3600 5710 3659 5767 ἀι
3691 5715 3894 5778 eum

2282 5767 2498 5838 reterns
2519 5770 2596 5838 ad,
2632 5767 2853 5838 ροῖιαιὲιί
2929 5767 2939 5773 ’
3006 5824 3007 5827 γ

2120 5800 2123 5807 ·
2282 5800 2502 5880 ecf-lii)
2519 5800 2611 5883 ἷιιὲἒ
2632 5800 2783 5847 γνςιφιε

2617 5866 2651 5894 .,
2673 5846 2769 5884 eas.
