4142 6498
261 336 352 433 ριι
1074 396 1079 401 ,
1276 394 1281 401 ,
1561 329 1764 388 LIBER
1800 331 1849 401 Q‘

1952 327 2145 388 RTUS.

255 440 569 514 sanctorum,
606 446 703 503 sed
728 447 962 519 ipsorum
990 459 1200 529 quoque
1240 443 1553 516 repugnavit
1604 446 1836 515 Aposto-

256 542 436 600 lorum.
470 540 568 596 Cui
605 540 747 596 malo
776 549 982 595 tantum
1017 539 1181 595 licere
1207 553 1383 608 posse,
1415 538 1535 608 quis
1560 536 1836 602 crederet,

255 643 307 690 ut
325 635 418 689 sibi
444 631 777 689 laudatorem
805 632 965 687 etiam
995 630 1062 686 de
1089 628 1199 685 suis
1225 629 1679 700 expugnatoribus
1705 642 1835 697 pro—

253 726 480 781 videret?
506 720 661 779 Absit
712 723 949 796 quidem,
999 733 1058 777 ut
1098 724 1435 793 antiquOrum
1476 719 1707 791 aliquem
1755 719 1838 774 vel

254 816 615 892 Apostolorum
639 860 654 885 ,
687 818 773 874 vel
799 832 1129 889 quorumque
1157 808 1465 872 sanctorum
1490 814 1842 871 :mirahiliter

253 924 437 975 tamen,
466 910 591 980 quia
621 909 706 965 vel
733 925 1048 980 quemquam
1093 908 1462 963 htereticorum
1504 907 1523 940 ¹
1554 892 1837 971 novorum,

252 1004 328 1075 qui
358 1001 519 1058 simul
561 1010 845 1083 utrumque
881 1016 937 1056 se
973 1014 1091 1056 esse
1117 999 1425 1071 proﬁteatur
1454 994 1842 1068 inexplicabili-

253 1092 340 1150 bus
400 1090 627 1156 modis.
682 1102 1097 1165 expugnatorem
1149 1093 1351 1148 scilicet
1401 1089 1842 1158 defensoremque

252 1186 508 1250 libidinis;
535 1184 839 1241 eteonetur
865 1183 1148 1239 ostendere
1176 1197 1398 1237 manens
1428 1182 1483 1236 in
1514 1179 1703 1236 haeresi
1735 1176 1841 1234 Pe-

254 1276 467 1349 lagiana.
494 1283 553 1331 et
585 1286 651 1331 ex
680 1270 860 1329 animo
886 1290 943 1329 se
968 1272 1181 1328 laudare
1201 1271 1341 1343 quod
1385 1272 1559 1342 ipsum
1584 1270 1700 1340 ejus
1729 1267 1841 1323 ani-

252 1383 383 1424 mum
410 1367 518 1422 nisi
549 1375 883 1437 expugnetur
905 1364 1119 1431 occidit,
1150 1372 1207 1420 et
1232 1380 1298 1420 ex
1328 1364 1505 1418 animo
1529 1375 1831 1433 expugnare

249 1457 379 1529 quod
399 1454 519 1527 ejus
543 1456 735 1529 dogma
757 1454 857 1511 nisi
883 1454 1127 1509 laudetur
1152 1452 1403 1509 absumit.

311 1548 400 1603 10.
432 1547 611 1618 Rogo,
642 1547 686 1601 si
737 1553 821 1603 est
856 1547 909 1601 in
954 1545 1106 1600 vobis
1149 1543 1287 1599 ullus
1332 1558 1520 1598 sensus
1560 1542 1837 1609 humanus,

251 1652 365 1696 num
393 1649 574 1710 potest
596 1645 651 1694 et
677 1638 874 1693 malum
903 1653 1022 1693 esse
1064 1645 1344 1709 peccatum
1366 1678 1381 1700 ,
1403 1636 1455 1691 et
1485 1634 1680 1690 bonum
1722 1632 1841 1691 esse

251 1731 554 1788 desiderare
605 1729 926 1799 peccatum?
955 1728 1090 1795 Quid
1120 1729 1263 1783 enim
1293 1728 1399 1799 agit
1429 1727 1479 1781 in
1511 1741 1672 1782 carne
1715 1741 1840 1780 san-

250 1834 447 1881 ctorum
463 1823 855 1880 continentium
876 1822 975 1878 ista
1002 1820 1449 1891 concupiscentia,
1476 1812 1575 1873 nisi
1606 1826 1837 1888 pecean-

250 1915 836 1990 didesideria;quibus
878 1928 984 1969 non
1025 1912 1419 1968 consentientes
1455 1929 1476 1965 ι
1510 1919 1780 1976 exercent,
1816 1926 1837 1964 ι

252 2017 300 2064 ut
322 2008 624 2074 conﬁteris,
653 2020 672 2060 ι
694 2006 923 2076 gloriosa
948 2004 1239 2060 certamina
1266 1994 1294 2057 ν
1322 2023 1342 2058 ι
1373 2002 1555 2073 Neque
1574 2002 1714 2057 enim
1733 2000 1846 2055 sal-

251 2106 346 2155 tem
364 2099 625 2165 connubii
652 2097 968 2153 desiderium
1000 2096 1052 2151 in
1110 2095 1196 2150 illa
1242 2094 1581 2149 continentiae
1634 2090 1844 2163 profes-

253 2184 391 2247 sione
415 2194 597 2260 potest
625 2203 745 2244 esse
778 2203 883 2242 non
918 2187 1137 2242 malum.
1166 2184 1303 2253 Quid
1324 2199 1451 2255 ergo
1474 2183 1580 2238 illic
1605 2183 1730 2253 agit,
1754 2168 1844 2235 ubi

256 2283 445 2337 malum
475 2282 561 2336 est
588 2278 846 2351 quidquid
873 2277 1013 2349 agit;
1055 2291 1118 2332 ac
1169 2276 1216 2330 si
1257 2275 1307 2330 ei
1351 2273 1734 2339 eonsentiatur,
1791 2276 1847 2326 et

256 2375 488 2447 pangit?
514 2374 655 2443 Quid
685 2357 756 2428 ibi
796 2374 906 2444 agit
938 2371 1051 2426 hmo
1094 2368 1550 2440 concupiscentia,
1581 2368 1669 2423 ubi
1710 2366 1846 2422 nihil

259 2467 371 2523 boni
400 2465 801 2536 concupiscitur
822 2471 887 2519 ex
927 2456 1051 2518 illa?
1076 2461 1212 2530 Quid
1254 2460 1326 2517 ibi
1362 2461 1469 2532 agit
1511 2458 1697 2525 libido,
1753 2457 1846 2513 ubi

257 2562 379 2616 nihil
401 2542 531 2615 boni
556 2552 744 2614 libebit
767 2573 833 2613 ex
860 2556 991 2612 illa?
1011 2548 1125 2612 Non
1150 2542 1457 2625 importune
1471 2552 1526 2607 in
1555 2550 1849 2622 coniugatis

258 2668 368 2710 esse
393 2654 608 2710 dicatur
636 2671 649 2707 :
676 2642 721 2706 si
737 2651 879 2707 enim
920 2663 1185 2706 summum
1222 2644 1434 2704 culmen
1472 2646 1712 2703 obtinent
1749 2656 1849 2717 pu-

259 2746 448 2803 dicitia:
492 2728 811 2815 coniugalis,
861 2741 1062 2798 faciunt
1102 2730 1229 2797 boni
1283 2737 1479 2810 aliquid
1534 2752 1629 2809 per
1679 2738 1845 2805 illam,

263 2841 503 2912 quamvis
525 2837 657 2893 nillil
688 2830 881 2892 faciant
906 2842 1123 2907 propter
1149 2833 1315 2889 illam.
1343 2831 1400 2887 In
1435 2830 1633 2886 sanctis
1671 2834 1848 2884 autem

262 2931 556 3003 virginibus
575 2932 630 2985 et
644 2927 1040 2985 continentibus
1062 2926 1187 2997 quid
1207 2926 1334 2997 agit,
1358 2922 1581 2979 obsecro
1610 2928 1695 2987 te;
1724 2918 1850 2992 quid

264 3023 365 3094 agit
413 3032 503 3077 tua
559 3023 659 3076 ista
706 3026 974 3090 suscepta,
996 3033 1116 3073 cum
1137 3017 1335 3088 desipis
1359 3018 1414 3081 3;
1446 3014 1771 3079 adversaria,
1803 3012 1850 3068 si

268 3117 438 3185 sapis;
471 3112 599 3184 quid
631 3113 758 3184 agit,
788 3110 881 3166 ubi
924 3110 1055 3166 nihil
1077 3110 1201 3165 boni
1231 3108 1338 3181 agit
1372 3107 1509 3178 ipsa,
1542 3105 1673 3161 nihil
1724 3104 1849 3160 boni

268 3206 438 3277 agitur
461 3205 537 3260 de
554 3204 703 3275 ipsa?
727 3203 863 3273 Quid
895 3200 1011 3274 agit
1046 3202 1100 3256 in
1127 3201 1225 3268 eis,
1257 3201 1312 3254 in
1362 3197 1555 3270 quibus
1595 3192 1851 3268 quidquid

269 3297 558 3354 secundum
590 3298 761 3366 ipsam
787 3293 1197 3365 concupiscitur,
1226 3291 1422 3347 malum
1443 3290 1565 3347 est?
1590 3289 1727 3359 Quid
1745 3289 1852 3360 agit

269 3388 320 3443 in
345 3372 450 3450 eis,
479 3402 610 3458 quos
637 3392 824 3441 eontra
847 3399 903 3440 se
924 3372 1194 3453 compellit
1218 3383 1436 3453 vigilare
1464 3387 1621 3450 atque
1649 3394 1852 3450 pugna—

270 3494 335 3533 re
366 3488 463 3541 ;et
488 3478 530 3532 si
551 3477 757 3548 quando
781 3476 847 3530 ab
873 3476 950 3529 eis
980 3475 1143 3529 ullum
1185 3472 1270 3528 vel
1301 3472 1353 3527 in
1394 3471 1597 3527 somnis
1651 3470 1873 3525 furatur

273 3572 580 3634 assensum,
601 3582 717 3622 eum
745 3556 1129 3637 evigilave'rint,
1149 3572 1364 3636 gemere
1391 3571 1446 3619 et
1469 3562 1609 3618 inter
1627 3562 1853 3633 gemitus

192 3716 199 3723 ,
275 3661 487 3726 dicere,
540 3660 788 3725 Quomodo
821 3658 1028 3729 impleta
1060 3662 1135 3712 est
1172 3657 1343 3710 anima
1378 3668 1491 3708 mea
1534 3652 1854 3709 “lusionibus

275 3738 455 3823 (Parit.
481 3762 674 3813 xxxvii,
702 3749 755 3822 8)
775 3749 801 3802 Ἰ
827 3748 961 3817 Quia
986 3762 1105 3802 cum
1135 3746 1335 3817 sopitos
1359 3744 1619 3801 deludunt
1644 3745 1855 3800 somnia

268 3856 466 3896 sensus
491 3841 583 3914 fa),
608 3840 790 3896 nescio
839 3837 1108 3910 quomodo
1153 3837 1313 3892 etiam
1367 3832 1529 3891 castra
1569 3834 1760 3891 animas
1798 3834 1854 3890 in

272 3944 456 4006 turpes
496 3933 747 3988 labuntur
771 3945 1054 3997 assensus;
1084 3944 1204 4002 quae
1232 3927 1277 3985 si
1308 3928 1598 3999 imputaret
1643 3925 1856 3981 Altissi-

269 4044 412 4094 mus,
442 4027 561 4098 quis
592 4026 798 4082 viveret
819 4025 1030 4081 castus'l
1772 4038 1777 4044 ·

338 4122 400 4176 Η
414 4161 428 4172 .
468 4119 585 4175 lloc
606 4134 737 4190 ergo
757 4118 974 4185 malum,
998 4115 1138 4188 quod
1168 4129 1276 4172 non
1289 4113 1531 4171 dicturus
1546 4126 1606 4168 es
1631 4113 1850 4178 bonum,

269 4214 365 4268 nisi
399 4213 667 4268 adversus
696 4227 909 4267 omnem
930 4210 1165 4267 veritatis
1186 4208 1364 4264 tubam
1393 4207 1473 4262 sic
1485 4203 1852 4272 obsurdueris,

270 4316 323 4359 ut
348 4308 554 4361 clames
582 4304 783 4359 bonum
811 4318 928 4359 esse
957 4301 1331 4372 concupiscere
1357 4299 1576 4366 malum,
1595 4297 1734 4369 quod
1758 4308 1857 4353 nec

270 4397 404 4450 inter
430 4382 624 4451 surdos
651 4395 829 4449 dicere
856 4393 1072 4449 audebis
1100 4410 1114 4446 :
1139 4392 1256 4459 hoc,
1285 4392 1519 4461 inquam,
1542 4390 1738 4445 malum
1756 4403 1854 4444 cur

270 4504 372 4542 non
403 4488 741 4558 exstirpatur
776 4487 843 4542 de
875 4486 1258 4542 continentium
1303 4474 1466 4540 carne
1509 4483 1858 4539 sanctorum!

270 4579 376 4634 Cur
402 4595 512 4634 non
544 4598 563 4631 ι
590 4588 759 4634 totum
790 4584 950 4649 opere
978 4570 1172 4635 mentis
1205 4575 1524 4633 aufertur?)
1560 4574 1673 4631 Hoc
1712 4576 1857 4631 enim

269 4670 401 4725 dicis
437 4688 458 4722 ι
487 4671 605 4725 lieri
634 4670 903 4737 debuisse,
934 4670 979 4725 si
1019 4671 1213 4724 malum
1241 4676 1404 4725 esset.
1438 4687 1458 4722 ι
1492 4668 1560 4724 Et
1587 4667 1708 4738 quia
1750 4680 1858 4723 non

271 4764 323 4818 iit
362 4766 417 4819 in
462 4764 781 4835 coniugatis,
811 4764 900 4820 ubi
939 4763 1055 4834 eius
1112 4746 1302 4819 modus
1327 4761 1349 4796 ⁸
1373 4770 1455 4817 est
1499 4759 1855 4827 necessarius,

272 4856 387 4911 ideo
419 4866 579 4927 putas
598 4857 838 4911 bonum:
867 4866 986 4910 cum
1002 4854 1201 4919 videas,
1234 4868 1335 4909 nec
1360 4852 1429 4908 ibi
1460 4852 1571 4908 lteri
1601 4850 1693 4906 ubi
1738 4864 1857 4906 mo-

268 4947 367 5005 dus
396 4951 518 5021 eius
547 4951 725 5006 nullus
744 4959 827 5005 est
854 4950 1207 5013 necessarius,
1240 4956 1293 5004 et
1326 4949 1380 5004 in
1424 4955 1679 5019 quantum
1720 4946 1862 5002 inest

273 5054 453 5109 nocet,
486 5043 585 5098 etsi
611 5058 718 5098 non
742 5042 807 5097 ad
841 5040 1167 5112 perdendum
1192 5041 1260 5097 de
1287 5050 1432 5095 sorte
1456 5047 1779 5097 sanctorum.
1808 5038 1857 5093 si

272 5149 377 5187 non
410 5134 467 5190 ei
506 5134 872 5188 consentiatur
892 5176 907 5199 ,
934 5141 1110 5189 tamen
1141 5133 1207 5188 ad
1233 5130 1572 5187 minuendam
1602 5131 1859 5201 spiritua-

273 5224 376 5278 lem
403 5222 819 5281 delectationem
846 5226 1148 5282 sanctarum
1162 5224 1454 5289 mentium;
1483 5223 1628 5278 illam
1656 5222 1860 5278 scilicet

274 5314 339 5373 de
355 5332 465 5388 qua
482 5318 610 5374 dicit
633 5318 934 5389 Apostolus,
952 5316 1277 5375 Condetector
1298 5317 1430 5372 enim
1452 5313 1550 5387 tegi
1572 5313 1668 5370 Det
1685 5329 1861 5369 secun-

275 5403 399 5463 duni
421 5409 711 5464 interiorem
733 5411 981 5464 hominem
1007 5409 1180 5483 (Rom.
1202 5422 1300 5474 vn,
1329 5396 1447 5480 92).
1472 5405 1596 5461 Haec
1625 5404 1863 5461 delecta-

339 5545 357 5576 ι
394 5546 475 5594 Sic
503 5553 601 5610 Am.
628 5552 681 5610 et
696 5552 802 5610 ayss.
830 5552 881 5594 At
903 5550 977 5594 Er.
1004 5550 1208 5610 et_t.ov.,
1232 5539 1306 5592 vel
1334 5548 1865 5610 mionuucumquesan-

276 5610 471 5671 dorum
498 5604 1007 5671 :mirabiliter
1031 5604 1075 5667 si
1092 5602 1164 5655 vel
1502 5600 1860 5671 tumeliam.

339 5668 569 5717 ’Plures
595 5665 999 5727 Mss.,sidesipis.
1070 5664 1073 5667 ⁷
1126 5724 1137 5727 Α
1198 5664 1208 5667 ’
1506 5664 1527 5675 ”

341 5680 999 5841 ἶῧξῗῖᾖβηῗπξῗὲ·
1065 5727 1129 5791 i,
1456 5738 1467 5743 ν

341 5784 484 5856 (an
522 5793 629 5842 usto
733 5724 1205 5855 ιῆνῆωηῇείξιέῖἓτ
1234 5780 1462 5850 iet-ven.
1487 5783 1599 5837 642.

3424 345 3529 413 74⁸)

1946 444 2021 498 tio
2047 441 2283 513 proiecto
2309 440 2582 513 minuitur,
2613 448 2823 518 quando
2844 450 2943 506 etsi
2966 467 3068 507 non
3090 454 3155 509 ad
3176 442 3516 531 explendam,

1943 546 2089 591 certe
2114 535 2178 591 ad
2203 538 2604 608 oppugnandam
2632 543 2859 599 carnalis
2896 549 3378 618 conéupiscentiam
3424 569 3521 607 vo-

1944 620 2179 698 luptatis,
2218 628 2462 684 bellantis
2495 632 2702 688 animus
2732 647 3041 706 occupatur,
3090 646 3146 695 et
3194 639 3262 696 ita
3307 654 3521 701 exercet

1943 716 2172 791 gloriosa
2228 723 2541 793 certamina,
2589 730 2649 779 ut
2698 740 2727 781 a
2779 727 3130 787 delectatione
3181 731 3522 807 intelligibilis

1947 811 2351 881 pulchritudinis
2395 814 2523 883 ipsis
2552 818 2929 875 certaminibus
2968 832 3236 880 avocetur.
3263 825 3368 883 Sed
3397 829 3518 900 quia

1946 900 1998 954 in
2029 901 2127 956 ista
2156 901 2380 957 humana
2408 900 2621 961 miseria
2652 904 2801 979 pejor
2829 908 2998 965 hostis
3037 922 3121 967 est
3158 919 3390 972 cavenda
3428 933 3520 975 su-

1948 989 2149 1060 perbia,
2188 990 2311 1048 ideo
2356 994 2605 1053 nimirum
2657 1008 2759 1051 non
2808 1001 3017 1068 penitus
3061 1004 3413 1075 exstinguitur
3468 1009 3519 1065 in

1946 1090 2106 1138 earne
2134 1085 2519 1141 continentium
2545 1096 2846 1143 sanctorum
2870 1090 2967 1145 ista
2988 1096 3434 1164 concupiscentia,
3461 1104 3519 1154 ut

1945 1173 2070 1229 dum
2116 1184 2379 1247 pugnatur
2404 1176 2658 1234 adversus
2696 1169 2836 1246 eam,
2887 1180 3246 1250 periculorum
3300 1190 3518 1244 suorum

1944 1266 2153 1321 animus
2199 1266 2546 1323 admoneatur
2565 1311 2581 1331 ,
2614 1284 2681 1324 ne
2705 1285 2925 1327 securus
2953 1272 3196 1342 inﬂetur;
3224 1275 3396 1333 donec
3419 1270 3519 1334 hu-

1945 1368 2101 1410 mana
2129 1353 2385 1427 fragilitas
2405 1357 2471 1412 ad
2498 1364 2696 1441 tantam
2724 1359 3104 1430 perfectionem
3133 1358 3407 1435 perveniat
3431 1383 3521 1424 sa-

1945 1448 2144 1516 nitatis,
2166 1449 2254 1504 ubi
2270 1450 2411 1506 nulla
2434 1452 2659 1521 putredo
2674 1452 2921 1533 lascivias,
2943 1456 3120 1513 nullus
3138 1450 3312 1515 tumor
3330 1472 3519 1531 super-

1944 1539 2046 1595 bim
2077 1539 2401 1595 formidetur.
2436 1540 2522 1599 Sic
2540 1544 2709 1599 virtus
2738 1545 2790 1599 in
2816 1544 3121 1604 inﬁrmitate
3154 1534 3424 1618 perficitur
3455 1552 3521 1622 (ll

1944 1629 2174 1695 Comm,
2207 1632 2262 1701 9)
2297 1651 2312 1689 :
2340 1635 2464 1704 quia
2495 1640 2547 1690 et
2573 1650 2809 1707 pugnare
2845 1638 3163 1696 infirmitatis
3182 1650 3283 1697 est.
3314 1644 3522 1711 Quanto

1945 1727 2086 1779 enim
2100 1725 2320 1813 quisque
2334 1726 2498 1782 vincit
2523 1727 2745 1789 facilius.
2767 1738 2913 1786 tanto
2933 1741 3130 1813 pugnat
3150 1732 3342 1811 minus.
3362 1735 3418 1790 in
3435 1750 3520 1791 se-

1945 1810 2355 1887 metipsoautem
2376 1820 2492 1890 quis
2515 1830 2792 1890 pugnaret,
2824 1821 2867 1878 si
2897 1810 3024 1877 nihil
3051 1839 3116 1879 ex
3144 1810 3430 1897 Semetipso
3446 1827 3522 1884 ei-

1946 1907 2069 1964 dem
2089 1911 2443 1995 repugnaret?
2458 1911 2527 1965 Et
2545 1912 2670 1983 quid
2689 1913 2842 1969 nobis
2861 1920 3118 1986 repugnat
3135 1934 3199 1972 ex
3225 1917 3400 1987 nobis,
3418 1920 3520 1977 nisi

1948 1998 2087 2070 quod
2106 1999 2276 2055 adhuc
2294 2009 2508 2056 curatur
2532 2011 2589 2057 ut
2617 2012 2833 2059 sanetur
2862 2006 2915 2059 in
2960 2006 3151 2061 nobis?
3171 2008 3309 2079 Ergo
3346 2009 3397 2065 in
3427 2026 3522 2065 no-

1947 2090 2266 2160 bismetipsis
2286 2092 2394 2146 sola
2418 2102 2500 2148 est
2520 2093 2800 2149 infirmitas
2824 2110 2983 2151 causa
3009 2099 3306 2167 pugnandi;
3334 2109 3519 2156 etrur-

1949 2196 2039 2237 sus
2060 2180 2337 2239 inllrmitas
2357 2183 2646 2240 admonitio
2667 2193 2749 2241 est
2773 2201 2877 2242 non
2905 2189 3261 2258 superbieudi.
3294 2190 3523 2247 Proinde

1948 2275 2113 2329 virtus
2128 2290 2226 2345 qua
2244 2276 2349 2343 hic,
2372 2278 2462 2332 ubi
2488 2279 2748 2348 superbiri
2770 2280 3007 2350 potest‘,
3038 2290 3142 2337 non
3163 2282 3519 2354 superbiatur,

1950 2365 2004 2422 in
2026 2366 2331 2424 inﬁrmitate
2350 2368 2639 2440 perﬁcitur.

2023 2458 2106 2514 12.
2146 2459 2498 2530 Quamobrem
2525 2461 2629 2519 hoc
2649 2463 2943 2536 conjuges‘
2964 2465 3101 2522 bene
3128 2474 3350 2523 utuntur
3368 2510 3383 2535 ,
3413 2482 3519 2540 quo

1951 2552 2283 2608 continentes
2324 2553 2515 2610 melius
2543 2570 2650 2611 non
2693 2560 2932 2612 utuntur.
2961 2555 3151 2611 Malum
3183 2557 3344 2629 igitur
3368 2558 3390 2591 ⁸
3417 2574 3525 2630 quo

1952 2642 2199 2716 cenjuges
2218 2645 2355 2703 bene
2374 2654 2623 2715 utuntur,
2647 2657 2703 2703 et
2730 2649 2871 2705 inest
2893 2649 3208 2721 coniugibus
3247 2666 3352 2720 quo
3387 2650 3526 2707 bene

1953 2744 2182 2804 utantur,
2204 2736 2346 2793 inest
2372 2746 2428 2794 et
2453 2737 2853 2795 continentibus
2873 2754 2979 2811 quo
3004 2740 3195 2796 melius
3236 2757 3343 2797 non
3373 2751 3526 2796 utan-

1952 2834 2081 2882 tur:
2104 2825 2225 2884 ideo
2246 2829 2441 2900 quippe
2470 2829 2628 2899 inest,
2673 2838 2730 2886 ut
2774 2846 2879 2886 non
2919 2832 3258 2888 extollantur.
3301 2852 3319 2885 ι
3342 2833 3480 2889 Solis
3502 2850 3521 2886 ι

1954 2936 2077 2992 ergo
2104 2912 2338 2978 libidinis
2372 2942 2392 2976 ι
2415 2923 2723 2980 excessibus
2742 2934 3041 2993 acCusatur,
3073 2944 3093 2978 ι
3129 2925 3221 2981 sed
3250 2923 3342 2980 ille
3367 2940 3397 2981 a
3423 2941 3528 2996 quo

1954 3031 2062 3071 non
2103 3012 2585 3073 refrenaturznam
2620 3017 2734 3089 ipsa
2778 3033 2876 3088 per
2912 3031 2970 3073 se
3016 3017 3184 3088 ipsam
3232 3019 3530 3076 rectissime

1955 3109 2169 3165 omnino
2191 3109 2300 3165 suis
2327 3109 2457 3180 ipsis
2485 3108 2718 3165 motibus
2744 3112 3041 3173 accusatur,
3070 3109 3263 3181 quibus
3286 3126 3353 3165 ne
3374 3116 3541 3167 exce-‘

1954 3201 2041 3256 dat
2061 3200 2353 3256 obsistitur.
2382 3201 2495 3255 Non
2514 3200 2712 3272 itaque,
2736 3207 2793 3255 ut
2819 3199 3005 3266 dicis,¢
3027 3198 3155 3256 nihil
3179 3201 3247 3256 ad
3275 3202 3529 3258 innocen-

1954 3290 2077 3346 tiam
2105 3301 2381 3363 promovet
2408 3292 2667 3347 modestia
2698 3292 2773 3346 rei
2798 3306 2896 3361 per
2922 3291 3093 3360 ipsum
3124 3306 3292 3362 genus
3328 3304 3529 3348 noceo.

1956 3382 2041 3439 tis.
2070 3402 2090 3437 ι
2113 3380 2393 3439 Promovet
2414 3385 2609 3456 quippe
2629 3382 2695 3438 ad
2721 3383 3080 3438 innocentiam
3105 3398 3213 3437 non
3228 3384 3531 3439 consentire

1955 3475 2095 3531 malo
2123 3491 2137 3528 :
2167 3490 2266 3531 nec
2296 3475 2416 3531 ideo
2452 3472 2578 3529 illud
2621 3472 2709 3537 cui
2750 3489 2857 3528 non
2904 3474 3254 3539 consentitur,
3306 3490 3411 3529 non
3449 3483 3532 3541 est

1956 3566 2182 3632 malum;
2214 3567 2323 3622 imo
2347 3576 2629 3637 propterea
2669 3562 2787 3620 sine
2828 3563 3156 3620 dubitatione
3199 3564 3395 3619 malum
3425 3572 3526 3630 est,

1956 3661 2075 3732 quia
2107 3674 2211 3715 non
2241 3659 2291 3715 ei
2320 3660 2624 3715 consentire
2652 3655 2852 3711 bonum
2891 3666 2993 3711 est.
3040 3653 3175 3723 Quid
3222 3656 3364 3711 enim
3405 3655 3531 3709 mali

1956 3751 2173 3817 faceret,
2228 3751 2317 3822 qui
2359 3747 2514 3804 bona:
2559 3746 3002 3818 concupiscentiae
3030 3747 3380 3811 consentiret;
3412 3761 3531 3801 cum

1956 3840 2082 3900 mali
2108 3840 2238 3896 nihil
2262 3841 2436 3906 l'aciat,
2456 3839 2615 3895 etiam
2645 3838 2735 3909 qui
2774 3851 2937 3908 opere
2962 3836 3243 3907 coniugali,
3275 3852 3379 3891 non
3418 3837 3535 3891 sine

1959 3934 2125 4006 ipsius
2152 3931 2293 3988 malo
2333 3931 2563 3987 seminat
2588 3929 2880 3996 hominem,
2917 3929 3007 3999 qui
3041 3937 3123 3984 est
3154 3927 3247 3982 Dei
3273 3942 3408 3998 opus
3434 3926 3534 3982 bo-

1917 4078 1919 4080 .
1959 4026 2124 4085 num?
2150 4026 2261 4083 Nec
2293 4042 2313 4079 ι
2333 4024 2707 4081 conlectricem
2736 4021 2999 4077 seminum
3031 4019 3303 4075 libidinem
3327 4036 3346 4071 ι
3381 4019 3533 4073 dixe~

1958 4122 2053 4177 ris.
2083 4120 2176 4177 ille
2200 4118 2394 4191 quippe
2415 4126 2561 4173 creat
2588 4114 2819 4171 hominis
2843 4128 3045 4178 semen,
3069 4113 3158 4183 qui
3179 4111 3444 4168 hominem
3471 4126 3535 4164 ex

1959 4212 2202 4270 semine:
2233 4210 2327 4267 sed
2364 4208 2525 4275 unde,
2552 4208 2792 4263 interest.
2816 4203 2950 4274 Quia
2972 4202 3101 4259 mali
3133 4202 3290 4273 hujus
3333 4202 3537 4257 occulta

1961 4312 2085 4360 sunt
2109 4306 2163 4359 et
2190 4302 2301 4357 dira
2329 4299 2574 4371 contagia
2604 4316 2619 4355 τ
2647 4310 2748 4354 nec
2767 4312 2834 4353 ex
2864 4295 2946 4350 his
2974 4294 3280 4350 hominibus
3301 4293 3391 4363 qui
3420 4307 3536 4347 ma-

1961 4397 2016 4453 lo
2034 4403 2236 4460 carent,
2261 4395 2404 4449 Deus
2428 4391 2514 4448 vel
2540 4405 2721 4446 semen
2746 4389 2832 4444 vel
2859 4388 3105 4443 homines
3147 4394 3324 4451 creat;
3376 4386 3534 4440 etiam

1961 4489 2006 4548 si
2035 4487 2249 4561 quidam
2269 4486 2337 4541 ab
2366 4483 2604 4555 ejusdem
2630 4481 2755 4537 mali
2781 4495 2921 4536 noxa
2947 4478 3352 4548 regeneratione
3381 4476 3541 4532 soluti

1962 4591 2105 4649 sunt,
2137 4580 2275 4636 sicut
2290 4576 2528 4635 solvendi
2556 4583 2679 4631 sunt
2699 4572 2793 4644 qui
2812 4571 2936 4626 inde
2964 4578 3275 4625 nascuntur.

2035 4675 2122 4730 l3.
2165 4671 2283 4727 Dixi
2313 4682 2463 4735 sane,
2492 4681 2593 4723 nec
2620 4663 2866 4737 pmnitet,
2890 4662 2958 4717 de
2986 4661 3234 4732 pudicitia
3257 4657 3539 4729 coniugali,

1963 4780 2083 4837 quae
2102 4777 2219 4818 mea
2249 4761 2411 4817 verba
2456 4757 2704 4831 posuisti,
2735 4773 2754 4807 ι
2781 4754 2900 4824 quia
2933 4767 3053 4809 cum
3093 4752 3231 4807 dona
3283 4750 3373 4805 Dei
3424 4763 3543 4804 esse

1966 4858 2063 4913 ista
2085 4860 2469 4917 monstrantur,
2497 4865 2528 4905 a
2559 4863 2667 4921 quo
2695 4847 2923 4919 petenda
2953 4852 3078 4900 sunt
3105 4844 3346 4906 discitur,
3369 4843 3412 4896 si
3439 4856 3543 4895 non

1967 4948 2256 5013 habentur;
2310 4952 2366 5000 et
2406 4943 2492 5000 cui
2551 4940 2770 5012 agendae
2832 4939 3037 5010 gratiae,
3086 4938 3131 4991 si
3202 4935 3482 4989 habentur.
3520 4949 3569 4986 ι-

1966 5045 2210 5116 Aguntur
2248 5041 2390 5097 enim
2446 5040 2633 5112 gratia:
2665 5056 2684 5091 ‹
2720 5052 2826 5093 non
2879 5037 2946 5091 de
2970 5036 3196 5106 origine,
3233 5051 3252 5086 ι
3285 5040 3344 5088 ut
3374 5032 3545 5100 dicis,

1974 5155 1995 5190 ι
2024 5133 2485 5206 concupiscentiae,
2527 5150 2549 5186 ι
2578 5130 2729 5203 cujus
2779 5130 2930 5201 origo
2962 5137 3044 5184 est
3077 5127 3304 5197 primum
3349 5121 3545 5179 malum

1950 5226 2233 5295 hominis;
2262 5246 2282 5281 ι
2312 5225 2406 5283 sed
2448 5222 2517 5281 de
2568 5222 2830 5295 regimine
2854 5264 2869 5287 ,
2909 5240 2929 5275 ι
2959 5219 3101 5291 quod
3155 5231 3340 5274 verum
3392 5212 3544 5269 diois.
3576 5212 3583 5219 '

1970 5322 2267 5393 Utrumque
2288 5320 2428 5376 enim
2453 5317 2608 5385 dicis,
2644 5334 2664 5369 α
2686 5314 2773 5372 vel
2818 5313 3077 5385 regimine
3126 5309 3211 5365 vel
3259 5306 3487 5375 origine.
3523 5320 3542 5352 ι

1968 5412 2095 5470 ideo
2118 5421 2294 5468 autem
2320 5417 2552 5482 aguntur
2574 5407 2757 5480 gratia:
2778 5403 2848 5461 de
2874 5402 3132 5474 regimine
3159 5395 3569 5466 concupiscitur

2031 5594 2050 5628 ι
2076 5592 2162 5643 Hic
2181 5592 2232 5641 in
2255 5589 2399 5640 editis
2413 5586 2540 5638 male
2561 5585 2792 5643 additum,
2817 5588 2917 5649 ut._
3166 5632 3171 5635 ,
3198 5638 3210 5649 ,

2030 5658 2053 5690 ι
2078 5635 2697 5708 saeculares,
2723 5635 3035 5715 Quanwbrem
3067 5649 3289 5711 quoruan
3198 5638 3210 5649 '
3244 5696 3247 5705 ,
3311 5635 3401 5689 hoc
3432 5645 3541 5715 eam

1958 5715 2121 5782 iuges-

2088 5784 2138 5827 tn
2161 5776 2305 5829 editis
2322 5774 2403 5827 hic
2424 5772 2631 5833 additur,
2649 5775 2735 5822 est.
