  <div class='ocr_page' id='page_1' title='image "/cluster/home/n/w/nwhite01/storage/ocr_20150623/44-45/uva.x000217727/375.png"; bbox 0 0 4142 6534; ppageno 0'>
   <div class='ocr_carea' id='block_1_1' title="bbox 597 408 706 472">
    <p class='ocr_par' dir='ltr' id='par_1_1' title="bbox 597 408 706 472">
     <span class='ocr_line' id='line_1_1' title="bbox 597 408 706 472; baseline 0 0"><span class='ocrx_word' id='word_1_1' title='bbox 597 408 706 472; x_wconf 73' lang='grc'><strong>⁸145</strong></span> 
     </span>
    </p>
   </div>
   <div class='ocr_carea' id='block_1_2' title="bbox 1396 387 3054 468">
    <p class='ocr_par' dir='ltr' id='par_1_2' title="bbox 1396 387 3054 468">
     <span class='ocr_line' id='line_1_2' title="bbox 1396 387 3054 468; baseline -0.004 -12"><span class='ocrx_word' id='word_1_2' title='bbox 1396 398 1669 457; x_wconf 76' lang='lat' dir='ltr'><strong>CONTRA</strong></span> <span class='ocrx_word' id='word_1_3' title='bbox 1708 387 2044 454; x_wconf 73' lang='lat' dir='ltr'><strong>JULIANUM</strong></span> <span class='ocrx_word' id='word_1_4' title='bbox 2083 389 2548 468; x_wconf 81' lang='lat' dir='ltr'><strong>PELAGIANUM,</strong></span> <span class='ocrx_word' id='word_1_5' title='bbox 2587 391 2647 450; x_wconf 90' lang='lat' dir='ltr'><strong>S.</strong></span> <span class='ocrx_word' id='word_1_6' title='bbox 2688 393 3054 452; x_wconf 86' lang='lat' dir='ltr'><strong>AUGUSTINI</strong></span> 
     </span>
    </p>
   </div>
   <div class='ocr_carea' id='block_1_3' title="bbox 3769 393 3878 454">
    <p class='ocr_par' dir='ltr' id='par_1_3' title="bbox 3769 393 3878 454">
     <span class='ocr_line' id='line_1_3' title="bbox 3769 393 3878 454; baseline 0.028 -3"><span class='ocrx_word' id='word_1_7' title='bbox 3769 393 3878 454; x_wconf 69' lang='grc' dir='ltr'><strong>⁸1η</strong></span> 
     </span>
    </p>
   </div>
   <div class='ocr_carea' id='block_1_4' title="bbox 602 508 3874 601">
    <p class='ocr_par' dir='ltr' id='par_1_4' title="bbox 602 508 3874 601">
     <span class='ocr_line' id='line_1_4' title="bbox 602 508 3874 601; baseline -0.006 -13"><span class='ocrx_word' id='word_1_8' title='bbox 602 533 712 598; x_wconf 66' lang='lat' dir='ltr'><strong>tia),</strong></span> <span class='ocrx_word' id='word_1_9' title='bbox 740 526 862 601; x_wconf 86' lang='lat' dir='ltr'><strong>quia</strong></span> <span class='ocrx_word' id='word_1_10' title='bbox 891 535 1190 596; x_wconf 80' lang='lat' dir='ltr'><strong>repugnans</strong></span> <span class='ocrx_word' id='word_1_11' title='bbox 1214 518 1464 575; x_wconf 76' lang='lat' dir='ltr'><strong>vincitur.</strong></span> <span class='ocrx_word' id='word_1_12' title='bbox 1507 515 1659 585; x_wconf 85' lang='lat' dir='ltr'><strong>Quod</strong></span> <span class='ocrx_word' id='word_1_13' title='bbox 1706 524 1882 569; x_wconf 89' lang='lat' dir='ltr'><strong>autem</strong></span> <span class='ocrx_word' id='word_1_14' title='bbox 1920 518 2180 581; x_wconf 84' lang='lat' dir='ltr'><strong>repugnat</strong></span> <span class='ocrx_word' id='word_1_15' title='bbox 2283 510 2464 601; x_wconf 82' lang='lat' dir='ltr'><strong>coepit,</strong></span> <span class='ocrx_word' id='word_1_16' title='bbox 2494 509 2734 601; x_wconf 91' lang='lat' dir='ltr'><strong>perﬁciat</strong></span> <span class='ocrx_word' id='word_1_17' title='bbox 2757 525 2928 582; x_wconf 91' lang='lat' dir='ltr'><strong>usque</strong></span> <span class='ocrx_word' id='word_1_18' title='bbox 2952 511 3005 566; x_wconf 92' lang='lat' dir='ltr'><strong>in</strong></span> <span class='ocrx_word' id='word_1_19' title='bbox 3023 510 3180 567; x_wconf 90' lang='lat' dir='ltr'><strong>ﬁnem</strong></span> <span class='ocrx_word' id='word_1_20' title='bbox 3201 508 3456 582; x_wconf 80' lang='lat' dir='ltr'><strong>(Philipp.</strong></span> <span class='ocrx_word' id='word_1_21' title='bbox 3485 525 3522 571; x_wconf 72' lang='grc' dir='ltr'><strong>ι..</strong></span> <span class='ocrx_word' id='word_1_22' title='bbox 3555 510 3632 580; x_wconf 89' lang='grc'><strong>6).</strong></span> <span class='ocrx_word' id='word_1_23' title='bbox 3665 511 3726 566; x_wconf 86' lang='lat' dir='ltr'><strong>In</strong></span> <span class='ocrx_word' id='word_1_24' title='bbox 3763 529 3874 583; x_wconf 90' lang='lat' dir='ltr'><strong>quo</strong></span> 
     </span>
    </p>
   </div>
   <div class='ocr_carea' id='block_1_5' title="bbox 604 599 3873 683">
    <p class='ocr_par' dir='ltr' id='par_1_5' title="bbox 604 599 3873 683">
     <span class='ocr_line' id='line_1_5' title="bbox 604 599 3873 683; baseline -0.006 -3"><span class='ocrx_word' id='word_1_25' title='bbox 604 599 861 681; x_wconf 36' lang='lat' dir='ltr'><strong>volun—tati</strong></span> <span class='ocrx_word' id='word_1_26' title='bbox 890 619 1064 683; x_wconf 68' lang='lat' dir='ltr'><strong>bonae,</strong></span> <span class='ocrx_word' id='word_1_27' title='bbox 1102 630 1209 671; x_wconf 85' lang='lat' dir='ltr'><strong>non</strong></span> <span class='ocrx_word' id='word_1_28' title='bbox 1259 622 1344 670; x_wconf 91' lang='lat' dir='ltr'><strong>est</strong></span> <span class='ocrx_word' id='word_1_29' title='bbox 1383 611 1622 676; x_wconf 93' lang='lat' dir='ltr'><strong>bonum;</strong></span> <span class='ocrx_word' id='word_1_30' title='bbox 1668 609 1776 664; x_wconf 92' lang='lat' dir='ltr'><strong>imo</strong></span> <span class='ocrx_word' id='word_1_31' title='bbox 1815 605 2014 661; x_wconf 90' lang='lat' dir='ltr'><strong>malum</strong></span> <span class='ocrx_word' id='word_1_32' title='bbox 2061 615 2180 660; x_wconf 86' lang='lat' dir='ltr'><strong>esse</strong></span> <span class='ocrx_word' id='word_1_33' title='bbox 2285 599 2433 655; x_wconf 90' lang='lat' dir='ltr'><strong>enim</strong></span> <span class='ocrx_word' id='word_1_34' title='bbox 2460 601 2540 657; x_wconf 90' lang='lat' dir='ltr'><strong>vis</strong></span> <span class='ocrx_word' id='word_1_35' title='bbox 2565 621 2584 654; x_wconf 72' lang='grc' dir='ltr'>ι</span> <span class='ocrx_word' id='word_1_36' title='bbox 2605 599 2932 669; x_wconf 60' lang='lat' dir='ltr'><strong>hominem,»</strong></span> <span class='ocrx_word' id='word_1_37' title='bbox 2953 602 3090 658; x_wconf 93' lang='lat' dir='ltr'><strong>sicut</strong></span> <span class='ocrx_word' id='word_1_38' title='bbox 3113 601 3366 674; x_wconf 88' lang='lat' dir='ltr'><strong>loqueris,</strong></span> <span class='ocrx_word' id='word_1_39' title='bbox 3390 621 3410 654; x_wconf 85' lang='grc'><strong><em>‹</em></strong></span> <span class='ocrx_word' id='word_1_40' title='bbox 3437 601 3504 658; x_wconf 86' lang='lat' dir='ltr'><strong>ad</strong></span> <span class='ocrx_word' id='word_1_41' title='bbox 3531 603 3729 674; x_wconf 89' lang='lat' dir='ltr'><strong>aliquid</strong></span> <span class='ocrx_word' id='word_1_42' title='bbox 3752 606 3873 662; x_wconf 84' lang='lat' dir='ltr'><strong>lau-</strong></span> 
     </span>
    </p>
   </div>
   <div class='ocr_carea' id='block_1_6' title="bbox 600 691 3876 790">
    <p class='ocr_par' dir='ltr' id='par_1_6' title="bbox 600 691 3876 790">
     <span class='ocr_line' id='line_1_6' title="bbox 600 691 3876 790; baseline -0.005 -17"><span class='ocrx_word' id='word_1_43' title='bbox 600 720 722 790; x_wconf 87' lang='lat' dir='ltr'><strong>quis</strong></span> <span class='ocrx_word' id='word_1_44' title='bbox 745 721 923 786; x_wconf 91' lang='lat' dir='ltr'><strong>neget,</strong></span> <span class='ocrx_word' id='word_1_45' title='bbox 946 711 1046 767; x_wconf 86' lang='lat' dir='ltr'><strong>nisi</strong></span> <span class='ocrx_word' id='word_1_46' title='bbox 1069 709 1160 782; x_wconf 90' lang='lat' dir='ltr'><strong>qui</strong></span> <span class='ocrx_word' id='word_1_47' title='bbox 1189 723 1297 764; x_wconf 91' lang='lat' dir='ltr'><strong>non</strong></span> <span class='ocrx_word' id='word_1_48' title='bbox 1335 705 1497 762; x_wconf 82' lang='lat' dir='ltr'><strong>habet</strong></span> <span class='ocrx_word' id='word_1_49' title='bbox 1523 701 1812 761; x_wconf 83' lang='lat' dir='ltr'><strong>voluntatis</strong></span> <span class='ocrx_word' id='word_1_50' title='bbox 1829 699 2025 755; x_wconf 90' lang='lat' dir='ltr'><strong>bonum</strong></span> <span class='ocrx_word' id='word_1_51' title='bbox 2047 737 2064 764; x_wconf 95' lang='lat'><strong>,</strong></span> <span class='ocrx_word' id='word_1_52' title='bbox 2091 693 2180 750; x_wconf 90' lang='lat' dir='ltr'><strong>cui</strong></span> <span class='ocrx_word' id='word_1_53' title='bbox 2281 691 2457 749; x_wconf 86' lang='lat' dir='ltr'><strong>dabile</strong></span> <span class='ocrx_word' id='word_1_54' title='bbox 2480 694 2726 766; x_wconf 86' lang='lat' dir='ltr'><strong>generosi</strong></span> <span class='ocrx_word' id='word_1_55' title='bbox 2755 695 2932 751; x_wconf 87' lang='lat' dir='ltr'><strong>cordis</strong></span> <span class='ocrx_word' id='word_1_56' title='bbox 2951 695 3180 750; x_wconf 87' lang='lat' dir='ltr'><strong>stimulis</strong></span> <span class='ocrx_word' id='word_1_57' title='bbox 3208 694 3440 759; x_wconf 90' lang='lat' dir='ltr'><strong>incitari,</strong></span> <span class='ocrx_word' id='word_1_58' title='bbox 3473 713 3493 747; x_wconf 75' lang='grc'><strong>»</strong></span> <span class='ocrx_word' id='word_1_59' title='bbox 3527 695 3581 750; x_wconf 92' lang='lat' dir='ltr'><strong>in</strong></span> <span class='ocrx_word' id='word_1_60' title='bbox 3612 696 3716 752; x_wconf 89' lang='lat' dir='ltr'><strong>hoc</strong></span> <span class='ocrx_word' id='word_1_61' title='bbox 3743 712 3876 754; x_wconf 87' lang='lat' dir='ltr'><strong>eum</strong></span> 
     </span>
    </p>
   </div>
   <div class='ocr_carea' id='block_1_7' title="bbox 598 797 1567 879">
    <p class='ocr_par' dir='ltr' id='par_1_7' title="bbox 598 797 1567 879">
     <span class='ocr_line' id='line_1_7' title="bbox 598 797 1567 879; baseline -0.011 -16"><span class='ocrx_word' id='word_1_62' title='bbox 598 806 741 879; x_wconf 90' lang='lat' dir='ltr'><strong>quod</strong></span> <span class='ocrx_word' id='word_1_63' title='bbox 766 811 1045 876; x_wconf 77' lang='lat' dir='ltr'><strong>repugnat,</strong></span> <span class='ocrx_word' id='word_1_64' title='bbox 1076 800 1304 856; x_wconf 83' lang='lat' dir='ltr'><strong>fateatur</strong></span> <span class='ocrx_word' id='word_1_65' title='bbox 1327 797 1567 854; x_wconf 79' lang='lat' dir='ltr'><strong>malum?</strong></span> 
     </span>
    </p>
   </div>
   <div class='ocr_carea' id='block_1_8' title="bbox 663 882 2174 960">
    <p class='ocr_par' dir='ltr' id='par_1_8' title="bbox 663 882 2174 960">
     <span class='ocr_line' id='line_1_8' title="bbox 663 882 2174 960; baseline -0.011 -8"><span class='ocrx_word' id='word_1_66' title='bbox 663 895 892 953; x_wconf 82' lang='lat' dir='ltr'><strong>CAPUT</strong></span> <span class='ocrx_word' id='word_1_67' title='bbox 933 892 1019 948; x_wconf 92' lang='lat' dir='ltr'><strong>Ill.</strong></span> <span class='ocrx_word' id='word_1_68' title='bbox 1042 893 1225 948; x_wconf 73' lang='lat' dir='ltr'><strong>—H.</strong></span> <span class='ocrx_word' id='word_1_69' title='bbox 1265 888 1564 960; x_wconf 85' lang='lat' dir='ltr'><strong>Interponis</strong></span> <span class='ocrx_word' id='word_1_70' title='bbox 1606 885 1708 942; x_wconf 91' lang='lat' dir='ltr'><strong>alia</strong></span> <span class='ocrx_word' id='word_1_71' title='bbox 1745 883 1815 941; x_wconf 89' lang='lat' dir='ltr'><strong>de</strong></span> <span class='ocrx_word' id='word_1_72' title='bbox 1852 882 1990 939; x_wconf 91' lang='lat' dir='ltr'><strong>libro</strong></span> <span class='ocrx_word' id='word_1_73' title='bbox 2028 892 2174 948; x_wconf 90' lang='lat' dir='ltr'><strong>meo,</strong></span> 
     </span>
    </p>
   </div>
   <div class='ocr_carea' id='block_1_9' title="bbox 592 969 2172 1049">
    <p class='ocr_par' dir='ltr' id='par_1_9' title="bbox 592 969 2172 1049">
     <span class='ocr_line' id='line_1_9' title="bbox 592 969 2172 1049; baseline -0.012 -6"><span class='ocrx_word' id='word_1_74' title='bbox 592 987 683 1044; x_wconf 92' lang='lat' dir='ltr'><strong>ubi</strong></span> <span class='ocrx_word' id='word_1_75' title='bbox 707 1001 829 1042; x_wconf 92' lang='lat' dir='ltr'><strong>cum</strong></span> <span class='ocrx_word' id='word_1_76' title='bbox 861 983 1120 1040; x_wconf 82' lang='lat' dir='ltr'><strong>dixissem</strong></span> <span class='ocrx_word' id='word_1_77' title='bbox 1148 981 1346 1038; x_wconf 87' lang='lat' dir='ltr'><strong>donum</strong></span> <span class='ocrx_word' id='word_1_78' title='bbox 1373 978 1468 1035; x_wconf 88' lang='lat' dir='ltr'><strong>Dei</strong></span> <span class='ocrx_word' id='word_1_79' title='bbox 1501 976 1810 1049; x_wconf 88' lang='lat' dir='ltr'><strong>pudicitiam</strong></span> <span class='ocrx_word' id='word_1_80' title='bbox 1835 988 1957 1030; x_wconf 83' lang='lat' dir='ltr'><strong>esse</strong></span> <span class='ocrx_word' id='word_1_81' title='bbox 1983 969 2172 1040; x_wconf 88' lang='lat' dir='ltr'><strong>coniu-</strong></span> 
     </span>
    </p>
   </div>
   <div class='ocr_carea' id='block_1_10' title="bbox 591 1070 2173 1152">
    <p class='ocr_par' dir='ltr' id='par_1_10' title="bbox 591 1070 2173 1152">
     <span class='ocr_line' id='line_1_10' title="bbox 591 1070 2173 1152; baseline -0.013 -15"><span class='ocrx_word' id='word_1_82' title='bbox 591 1080 788 1152; x_wconf 89' lang='lat' dir='ltr'><strong>galem,</strong></span> <span class='ocrx_word' id='word_1_83' title='bbox 823 1077 1010 1134; x_wconf 88' lang='lat' dir='ltr'><strong>ethoc</strong></span> <span class='ocrx_word' id='word_1_84' title='bbox 1038 1073 1295 1147; x_wconf 85' lang='lat' dir='ltr'><strong>Apostolo</strong></span> <span class='ocrx_word' id='word_1_85' title='bbox 1324 1081 1461 1128; x_wconf 85' lang='lat' dir='ltr'><strong>teste</strong></span> <span class='ocrx_word' id='word_1_86' title='bbox 1502 1070 1840 1132; x_wconf 91' lang='lat' dir='ltr'><strong>docuissem;</strong></span> <span class='ocrx_word' id='word_1_87' title='bbox 1886 1078 2173 1121; x_wconf 83' lang='lat' dir='ltr'><strong>occurren-</strong></span> 
     </span>
    </p>
   </div>
   <div class='ocr_carea' id='block_1_11' title="bbox 591 1152 2174 1240">
    <p class='ocr_par' dir='ltr' id='par_1_11' title="bbox 591 1152 2174 1240">
     <span class='ocr_line' id='line_1_11' title="bbox 591 1152 2174 1240; baseline -0.013 -12"><span class='ocrx_word' id='word_1_88' title='bbox 591 1182 702 1228; x_wconf 93' lang='lat' dir='ltr'><strong>tem</strong></span> <span class='ocrx_word' id='word_1_89' title='bbox 730 1169 923 1231; x_wconf 90' lang='lat' dir='ltr'><strong>deinde</strong></span> <span class='ocrx_word' id='word_1_90' title='bbox 947 1167 1297 1240; x_wconf 65' lang='lat' dir='ltr'><strong>quaestionem</strong></span> <span class='ocrx_word' id='word_1_91' title='bbox 1323 1163 1513 1219; x_wconf 88' lang='lat' dir='ltr'><strong>tacitus</strong></span> <span class='ocrx_word' id='word_1_92' title='bbox 1541 1160 1686 1216; x_wconf 91' lang='lat' dir='ltr'><strong>nolui</strong></span> <span class='ocrx_word' id='word_1_93' title='bbox 1713 1158 2015 1232; x_wconf 66' lang='lat' dir='ltr'><strong>prazterire,</strong></span> <span class='ocrx_word' id='word_1_94' title='bbox 2046 1152 2174 1226; x_wconf 91' lang='lat' dir='ltr'><strong>quid</strong></span> 
     </span>
    </p>
   </div>
   <div class='ocr_carea' id='block_1_12' title="bbox 591 1247 2171 1328">
    <p class='ocr_par' dir='ltr' id='par_1_12' title="bbox 591 1247 2171 1328">
     <span class='ocr_line' id='line_1_12' title="bbox 591 1247 2171 1328; baseline -0.012 -8"><span class='ocrx_word' id='word_1_95' title='bbox 591 1263 878 1321; x_wconf 73' lang='lat' dir='ltr'><strong>(Icendum</strong></span> <span class='ocrx_word' id='word_1_96' title='bbox 900 1261 991 1328; x_wconf 89' lang='lat' dir='ltr'><strong>sit,</strong></span> <span class='ocrx_word' id='word_1_97' title='bbox 1021 1274 1144 1315; x_wconf 90' lang='lat' dir='ltr'><strong>cum</strong></span> <span class='ocrx_word' id='word_1_98' title='bbox 1172 1256 1419 1313; x_wconf 89' lang='lat' dir='ltr'><strong>videntur</strong></span> <span class='ocrx_word' id='word_1_99' title='bbox 1446 1256 1608 1310; x_wconf 91' lang='lat' dir='ltr'><strong>etiam</strong></span> <span class='ocrx_word' id='word_1_100' title='bbox 1637 1250 1877 1307; x_wconf 86' lang='lat' dir='ltr'><strong>nonnulli</strong></span> <span class='ocrx_word' id='word_1_101' title='bbox 1900 1247 2046 1319; x_wconf 91' lang='lat' dir='ltr'><strong>impii</strong></span> <span class='ocrx_word' id='word_1_102' title='bbox 2068 1263 2171 1319; x_wconf 88' lang='lat' dir='ltr'><strong>pu-</strong></span> 
     </span>
    </p>
   </div>
   <div class='ocr_carea' id='block_1_13' title="bbox 590 1339 2171 1422">
    <p class='ocr_par' dir='ltr' id='par_1_13' title="bbox 590 1339 2171 1422">
     <span class='ocr_line' id='line_1_13' title="bbox 590 1339 2171 1422; baseline -0.014 -9"><span class='ocrx_word' id='word_1_103' title='bbox 590 1356 710 1412; x_wconf 90' lang='lat' dir='ltr'><strong>dice</strong></span> <span class='ocrx_word' id='word_1_104' title='bbox 746 1369 866 1410; x_wconf 89' lang='lat' dir='ltr'><strong>cum</strong></span> <span class='ocrx_word' id='word_1_105' title='bbox 901 1348 1214 1422; x_wconf 87' lang='lat' dir='ltr'><strong>coniugibus</strong></span> <span class='ocrx_word' id='word_1_106' title='bbox 1246 1346 1428 1403; x_wconf 87' lang='lat' dir='ltr'><strong>vivere</strong></span> <span class='ocrx_word' id='word_1_107' title='bbox 1449 1344 1550 1416; x_wconf 86' lang='lat' dir='ltr'><strong>(De</strong></span> <span class='ocrx_word' id='word_1_108' title='bbox 1585 1342 1796 1414; x_wconf 77' lang='lat' dir='ltr'><strong>Nuptiis</strong></span> <span class='ocrx_word' id='word_1_109' title='bbox 1832 1351 1881 1396; x_wconf 87' lang='lat' dir='ltr'><strong>et</strong></span> <span class='ocrx_word' id='word_1_110' title='bbox 1917 1339 2171 1409; x_wconf 82' lang='lat' dir='ltr'><strong>Concupi-</strong></span> 
     </span>
    </p>
   </div>
   <div class='ocr_carea' id='block_1_14' title="bbox 591 1436 2172 1515">
    <p class='ocr_par' dir='ltr' id='par_1_14' title="bbox 591 1436 2172 1515">
     <span class='ocr_line' id='line_1_14' title="bbox 591 1436 2172 1515; baseline -0.01 -10"><span class='ocrx_word' id='word_1_111' title='bbox 591 1450 800 1512; x_wconf 78' lang='lat' dir='ltr'><strong>scentia.</strong></span> <span class='ocrx_word' id='word_1_112' title='bbox 841 1449 930 1504; x_wconf 81' lang='lat' dir='ltr'><strong>lib.</strong></span> <span class='ocrx_word' id='word_1_113' title='bbox 962 1447 1013 1513; x_wconf 81' lang='grc'><strong>1,</strong></span> <span class='ocrx_word' id='word_1_114' title='bbox 1061 1462 1116 1500; x_wconf 84' lang='lat' dir='ltr'><strong>n.</strong></span> <span class='ocrx_word' id='word_1_115' title='bbox 1157 1444 1236 1515; x_wconf 72' lang='grc'><strong>4).</strong></span> <span class='ocrx_word' id='word_1_116' title='bbox 1281 1460 1304 1497; x_wconf 79' lang='grc' dir='ltr'>ι</span> <span class='ocrx_word' id='word_1_117' title='bbox 1331 1441 1550 1507; x_wconf 88' lang='lat' dir='ltr'><strong>Soletis,</strong></span> <span class='ocrx_word' id='word_1_118' title='bbox 1584 1457 1607 1492; x_wconf 73' lang='grc' dir='ltr'><strong><em>ι</em></strong></span> <span class='ocrx_word' id='word_1_119' title='bbox 1650 1436 1813 1503; x_wconf 91' lang='lat' dir='ltr'><strong>enim,</strong></span> <span class='ocrx_word' id='word_1_120' title='bbox 1867 1452 1886 1487; x_wconf 87' lang='grc'>‹</span> <span class='ocrx_word' id='word_1_121' title='bbox 1917 1444 2172 1506; x_wconf 85' lang='lat' dir='ltr'><strong>negantes</strong></span> 
     </span>
    </p>
   </div>
   <div class='ocr_carea' id='block_1_15' title="bbox 591 1527 2171 1605">
    <p class='ocr_par' dir='ltr' id='par_1_15' title="bbox 591 1527 2171 1605">
     <span class='ocr_line' id='line_1_15' title="bbox 591 1527 2171 1605; baseline -0.011 -8"><span class='ocrx_word' id='word_1_122' title='bbox 591 1541 688 1597; x_wconf 90' lang='lat' dir='ltr'><strong>Dei</strong></span> <span class='ocrx_word' id='word_1_123' title='bbox 714 1540 854 1596; x_wconf 88' lang='lat' dir='ltr'><strong>dona</strong></span> <span class='ocrx_word' id='word_1_124' title='bbox 897 1553 1018 1593; x_wconf 85' lang='lat' dir='ltr'><strong>esse</strong></span> <span class='ocrx_word' id='word_1_125' title='bbox 1055 1535 1280 1592; x_wconf 86' lang='lat' dir='ltr'><strong>virtutes</strong></span> <span class='ocrx_word' id='word_1_126' title='bbox 1299 1532 1498 1605; x_wconf 83' lang='lat' dir='ltr'><strong>quibus</strong></span> <span class='ocrx_word' id='word_1_127' title='bbox 1537 1539 1687 1586; x_wconf 88' lang='lat' dir='ltr'><strong>recte</strong></span> <span class='ocrx_word' id='word_1_128' title='bbox 1723 1527 1938 1594; x_wconf 88' lang='lat' dir='ltr'><strong>vivitur,</strong></span> <span class='ocrx_word' id='word_1_129' title='bbox 1983 1535 2037 1580; x_wconf 92' lang='lat' dir='ltr'><strong>et</strong></span> <span class='ocrx_word' id='word_1_130' title='bbox 2077 1539 2171 1580; x_wconf 89' lang='lat' dir='ltr'><strong>eas</strong></span> 
     </span>
    </p>
   </div>
   <div class='ocr_carea' id='block_1_16' title="bbox 589 1617 2170 1698">
    <p class='ocr_par' dir='ltr' id='par_1_16' title="bbox 589 1617 2170 1698">
     <span class='ocr_line' id='line_1_16' title="bbox 589 1617 2170 1698; baseline -0.011 -11"><span class='ocrx_word' id='word_1_131' title='bbox 589 1639 797 1688; x_wconf 83' lang='lat' dir='ltr'><strong>naturae</strong></span> <span class='ocrx_word' id='word_1_132' title='bbox 833 1627 1200 1698; x_wconf 80' lang='lat' dir='ltr'><strong>voluntatique</strong></span> <span class='ocrx_word' id='word_1_133' title='bbox 1242 1627 1509 1690; x_wconf 67' lang='lat' dir='ltr'><strong>humanae,</strong></span> <span class='ocrx_word' id='word_1_134' title='bbox 1556 1635 1664 1677; x_wconf 91' lang='lat' dir='ltr'><strong>non</strong></span> <span class='ocrx_word' id='word_1_135' title='bbox 1709 1619 1892 1690; x_wconf 69' lang='lat' dir='ltr'><strong>gratiae</strong></span> <span class='ocrx_word' id='word_1_136' title='bbox 1933 1617 2028 1673; x_wconf 91' lang='lat' dir='ltr'><strong>Dei</strong></span> <span class='ocrx_word' id='word_1_137' title='bbox 2068 1617 2170 1670; x_wconf 84' lang='lat' dir='ltr'><strong>tri-</strong></span> 
     </span>
    </p>
   </div>
   <div class='ocr_carea' id='block_1_17' title="bbox 589 1715 2168 1792">
    <p class='ocr_par' dir='ltr' id='par_1_17' title="bbox 589 1715 2168 1792">
     <span class='ocr_line' id='line_1_17' title="bbox 589 1715 2168 1792; baseline -0.011 -12"><span class='ocrx_word' id='word_1_138' title='bbox 589 1725 835 1792; x_wconf 88' lang='lat' dir='ltr'><strong>buent&#39;es,</strong></span> <span class='ocrx_word' id='word_1_139' title='bbox 865 1723 968 1777; x_wconf 89' lang='lat' dir='ltr'><strong>hoc</strong></span> <span class='ocrx_word' id='word_1_140' title='bbox 1007 1720 1083 1776; x_wconf 89' lang='lat' dir='ltr'><strong>uti</strong></span> <span class='ocrx_word' id='word_1_141' title='bbox 1112 1725 1446 1792; x_wconf 89' lang='lat' dir='ltr'><strong>argumento,</strong></span> <span class='ocrx_word' id='word_1_142' title='bbox 1473 1715 1615 1786; x_wconf 92' lang='lat' dir='ltr'><strong>quod</strong></span> <span class='ocrx_word' id='word_1_143' title='bbox 1657 1729 1750 1770; x_wconf 88' lang='lat' dir='ltr'><strong>eas</strong></span> <span class='ocrx_word' id='word_1_144' title='bbox 1787 1724 2168 1780; x_wconf 87' lang='lat' dir='ltr'><strong>nonnunquam</strong></span> 
     </span>
    </p>
   </div>
   <div class='ocr_carea' id='block_1_18' title="bbox 591 1802 2169 1882">
    <p class='ocr_par' dir='ltr' id='par_1_18' title="bbox 591 1802 2169 1882">
     <span class='ocr_line' id='line_1_18' title="bbox 591 1802 2169 1882; baseline -0.01 -11"><span class='ocrx_word' id='word_1_145' title='bbox 591 1815 826 1872; x_wconf 88' lang='lat' dir='ltr'><strong>habeant</strong></span> <span class='ocrx_word' id='word_1_146' title='bbox 847 1812 1129 1869; x_wconf 89' lang='lat' dir='ltr'><strong>inﬁdeles:</strong></span> <span class='ocrx_word' id='word_1_147' title='bbox 1159 1830 1182 1866; x_wconf 75' lang='grc' dir='ltr'><strong><em>ι</em></strong></span> <span class='ocrx_word' id='word_1_148' title='bbox 1211 1811 1284 1866; x_wconf 90' lang='lat' dir='ltr'><strong>ita</strong></span> <span class='ocrx_word' id='word_1_149' title='bbox 1309 1817 1566 1866; x_wconf 90' lang='lat' dir='ltr'><strong>conantes</strong></span> <span class='ocrx_word' id='word_1_150' title='bbox 1582 1819 1841 1882; x_wconf 82' lang='lat' dir='ltr'><strong>evacuare</strong></span> <span class='ocrx_word' id='word_1_151' title='bbox 1865 1802 2007 1875; x_wconf 90' lang='lat' dir='ltr'><strong>quod</strong></span> <span class='ocrx_word' id='word_1_152' title='bbox 2035 1802 2169 1857; x_wconf 89' lang='lat' dir='ltr'><strong>dici-</strong></span> 
     </span>
    </p>
   </div>
   <div class='ocr_carea' id='block_1_19' title="bbox 590 1894 2163 1974">
    <p class='ocr_par' dir='ltr' id='par_1_19' title="bbox 590 1894 2163 1974">
     <span class='ocr_line' id='line_1_19' title="bbox 590 1894 2163 1974; baseline -0.009 -11"><span class='ocrx_word' id='word_1_153' title='bbox 590 1922 732 1974; x_wconf 89' lang='lat' dir='ltr'><strong>mus,</strong></span> <span class='ocrx_word' id='word_1_154' title='bbox 759 1907 1031 1962; x_wconf 88' lang='lat' dir='ltr'><strong>neminem</strong></span> <span class='ocrx_word' id='word_1_155' title='bbox 1069 1913 1216 1960; x_wconf 91' lang='lat' dir='ltr'><strong>recte</strong></span> <span class='ocrx_word' id='word_1_156' title='bbox 1239 1904 1439 1969; x_wconf 88' lang='lat' dir='ltr'><strong>vivere,</strong></span> <span class='ocrx_word' id='word_1_157' title='bbox 1483 1899 1588 1955; x_wconf 80' lang='lat' dir='ltr'><strong>nisi</strong></span> <span class='ocrx_word' id='word_1_158' title='bbox 1625 1914 1691 1954; x_wconf 83' lang='lat' dir='ltr'><strong>ex</strong></span> <span class='ocrx_word' id='word_1_159' title='bbox 1719 1897 1824 1954; x_wconf 86' lang='lat' dir='ltr'><strong>fide</strong></span> <span class='ocrx_word' id='word_1_160' title='bbox 1861 1911 1956 1967; x_wconf 91' lang='lat' dir='ltr'><strong>per</strong></span> <span class='ocrx_word' id='word_1_161' title='bbox 1981 1894 2163 1950; x_wconf 73' lang='lat' dir='ltr'><strong>Iesum</strong></span> 
     </span>
    </p>
   </div>
   <div class='ocr_carea' id='block_1_20' title="bbox 589 1986 2161 2061">
    <p class='ocr_par' dir='ltr' id='par_1_20' title="bbox 589 1986 2161 2061">
     <span class='ocr_line' id='line_1_20' title="bbox 589 1986 2161 2061; baseline -0.009 -6"><span class='ocrx_word' id='word_1_162' title='bbox 589 1999 856 2057; x_wconf 86' lang='lat' dir='ltr'><strong>Christum</strong></span> <span class='ocrx_word' id='word_1_163' title='bbox 885 1997 1166 2052; x_wconf 91' lang='lat' dir='ltr'><strong>Dominum</strong></span> <span class='ocrx_word' id='word_1_164' title='bbox 1186 2003 1450 2061; x_wconf 87' lang='lat' dir='ltr'><strong>nostrum,</strong></span> <span class='ocrx_word' id='word_1_165' title='bbox 1478 2006 1642 2048; x_wconf 91' lang='lat' dir='ltr'><strong>unum</strong></span> <span class='ocrx_word' id='word_1_166' title='bbox 1681 1989 1776 2045; x_wconf 88' lang='lat' dir='ltr'><strong>Dei</strong></span> <span class='ocrx_word' id='word_1_167' title='bbox 1810 1996 1866 2044; x_wconf 90' lang='lat' dir='ltr'><strong>et</strong></span> <span class='ocrx_word' id='word_1_168' title='bbox 1888 1986 2161 2042; x_wconf 88' lang='lat' dir='ltr'><strong>hominum</strong></span> 
     </span>
    </p>
   </div>
   <div class='ocr_carea' id='block_1_21' title="bbox 587 2077 2161 2157">
    <p class='ocr_par' dir='ltr' id='par_1_21' title="bbox 587 2077 2161 2157">
     <span class='ocr_line' id='line_1_21' title="bbox 587 2077 2161 2157; baseline -0.009 -10"><span class='ocrx_word' id='word_1_169' title='bbox 587 2091 971 2156; x_wconf 88' lang='lat' dir='ltr'><strong>mediatorem;</strong></span> <span class='ocrx_word' id='word_1_170' title='bbox 1010 2089 1101 2145; x_wconf 93' lang='lat' dir='ltr'><strong>ubi</strong></span> <span class='ocrx_word' id='word_1_171' title='bbox 1146 2101 1243 2144; x_wconf 87' lang='lat' dir='ltr'><strong>vos</strong></span> <span class='ocrx_word' id='word_1_172' title='bbox 1283 2086 1403 2157; x_wconf 91' lang='lat' dir='ltr'><strong>eius</strong></span> <span class='ocrx_word' id='word_1_173' title='bbox 1446 2081 1782 2139; x_wconf 85' lang='lat' dir='ltr'><strong>adversarios</strong></span> <span class='ocrx_word' id='word_1_174' title='bbox 1825 2077 2161 2149; x_wconf 86' lang='lat' dir='ltr'><strong>apertissime</strong></span> 
     </span>
    </p>
   </div>
   <div class='ocr_carea' id='block_1_22' title="bbox 586 2170 2162 2256">
    <p class='ocr_par' dir='ltr' id='par_1_22' title="bbox 586 2170 2162 2256">
     <span class='ocr_line' id='line_1_22' title="bbox 586 2170 2162 2256; baseline -0.009 -16"><span class='ocrx_word' id='word_1_175' title='bbox 586 2184 931 2256; x_wconf 87' lang='lat' dir='ltr'><strong>proﬁtemini.</strong></span> <span class='ocrx_word' id='word_1_176' title='bbox 972 2182 1211 2252; x_wconf 90' lang='lat' dir='ltr'><strong>Denique</strong></span> <span class='ocrx_word' id='word_1_177' title='bbox 1237 2180 1396 2250; x_wconf 88' lang='lat' dir='ltr'><strong>longe</strong></span> <span class='ocrx_word' id='word_1_178' title='bbox 1421 2192 1528 2233; x_wconf 93' lang='lat' dir='ltr'><strong>non</strong></span> <span class='ocrx_word' id='word_1_179' title='bbox 1567 2189 1753 2232; x_wconf 89' lang='lat' dir='ltr'><strong>eamus</strong></span> <span class='ocrx_word' id='word_1_180' title='bbox 1781 2191 1796 2229; x_wconf 90' lang='lat'><strong>:</strong></span> <span class='ocrx_word' id='word_1_181' title='bbox 1822 2173 1868 2229; x_wconf 88' lang='lat' dir='ltr'><strong>si</strong></span> <span class='ocrx_word' id='word_1_182' title='bbox 1892 2172 2029 2228; x_wconf 90' lang='lat' dir='ltr'><strong>forte</strong></span> <span class='ocrx_word' id='word_1_183' title='bbox 2061 2170 2162 2226; x_wconf 88' lang='lat' dir='ltr'><strong>fal-</strong></span> 
     </span>
    </p>
   </div>
   <div class='ocr_carea' id='block_1_23' title="bbox 584 2265 2159 2344">
    <p class='ocr_par' dir='ltr' id='par_1_23' title="bbox 584 2265 2159 2344">
     <span class='ocr_line' id='line_1_23' title="bbox 584 2265 2159 2344; baseline -0.009 -13"><span class='ocrx_word' id='word_1_184' title='bbox 584 2277 687 2342; x_wconf 91' lang='lat' dir='ltr'><strong>lor,</strong></span> <span class='ocrx_word' id='word_1_185' title='bbox 713 2275 781 2330; x_wconf 93' lang='lat' dir='ltr'><strong>ad</strong></span> <span class='ocrx_word' id='word_1_186' title='bbox 806 2277 907 2330; x_wconf 85' lang='lat' dir='ltr'><strong>ista</strong></span> <span class='ocrx_word' id='word_1_187' title='bbox 935 2272 1216 2344; x_wconf 87' lang='lat' dir='ltr'><strong>responde.</strong></span> <span class='ocrx_word' id='word_1_188' title='bbox 1248 2270 1362 2341; x_wconf 83' lang='lat' dir='ltr'><strong>Ego</strong></span> <span class='ocrx_word' id='word_1_189' title='bbox 1381 2268 1512 2335; x_wconf 82' lang='lat' dir='ltr'><strong>dixi,</strong></span> <span class='ocrx_word' id='word_1_190' title='bbox 1545 2286 1565 2322; x_wconf 76' lang='grc'><strong>(</strong></span> <span class='ocrx_word' id='word_1_191' title='bbox 1590 2265 1841 2339; x_wconf 91' lang='lat' dir='ltr'><strong>pudicum</strong></span> <span class='ocrx_word' id='word_1_192' title='bbox 1867 2279 1975 2320; x_wconf 91' lang='lat' dir='ltr'><strong>non</strong></span> <span class='ocrx_word' id='word_1_193' title='bbox 2001 2277 2159 2318; x_wconf 86' lang='lat' dir='ltr'><strong>vera-</strong></span> 
     </span>
    </p>
   </div>
   <div class='ocr_carea' id='block_1_24' title="bbox 583 2355 2158 2436">
    <p class='ocr_par' dir='ltr' id='par_1_24' title="bbox 583 2355 2158 2436">
     <span class='ocr_line' id='line_1_24' title="bbox 583 2355 2158 2436; baseline -0.008 -15"><span class='ocrx_word' id='word_1_194' title='bbox 583 2367 716 2422; x_wconf 89' lang='lat' dir='ltr'><strong>citer</strong></span> <span class='ocrx_word' id='word_1_195' title='bbox 742 2366 869 2433; x_wconf 93' lang='lat' dir='ltr'><strong>dici,</strong></span> <span class='ocrx_word' id='word_1_196' title='bbox 897 2364 988 2436; x_wconf 89' lang='lat' dir='ltr'><strong>qui</strong></span> <span class='ocrx_word' id='word_1_197' title='bbox 1016 2379 1121 2419; x_wconf 91' lang='lat' dir='ltr'><strong>non</strong></span> <span class='ocrx_word' id='word_1_198' title='bbox 1150 2371 1368 2434; x_wconf 92' lang='lat' dir='ltr'><strong>propter</strong></span> <span class='ocrx_word' id='word_1_199' title='bbox 1399 2361 1568 2416; x_wconf 91' lang='lat' dir='ltr'><strong>Deum</strong></span> <span class='ocrx_word' id='word_1_200' title='bbox 1609 2373 1793 2414; x_wconf 88' lang='lat' dir='ltr'><strong>verum</strong></span> <span class='ocrx_word' id='word_1_201' title='bbox 1828 2355 1986 2411; x_wconf 88' lang='lat' dir='ltr'><strong>ﬁdem</strong></span> <span class='ocrx_word' id='word_1_202' title='bbox 2031 2370 2158 2410; x_wconf 87' lang='lat' dir='ltr'><strong>con-</strong></span> 
     </span>
    </p>
   </div>
   <div class='ocr_carea' id='block_1_25' title="bbox 582 2445 2152 2514">
    <p class='ocr_par' dir='ltr' id='par_1_25' title="bbox 582 2445 2152 2514">
     <span class='ocr_line' id='line_1_25' title="bbox 582 2445 2152 2514; baseline -0.008 -1"><span class='ocrx_word' id='word_1_203' title='bbox 582 2459 728 2513; x_wconf 85' lang='lat' dir='ltr'><strong>nubii</strong></span> <span class='ocrx_word' id='word_1_204' title='bbox 773 2465 950 2513; x_wconf 88' lang='lat' dir='ltr'><strong>servat</strong></span> <span class='ocrx_word' id='word_1_205' title='bbox 995 2454 1169 2510; x_wconf 88' lang='lat' dir='ltr'><strong>uxori.</strong></span> <span class='ocrx_word' id='word_1_206' title='bbox 1198 2470 1219 2506; x_wconf 75' lang='grc' dir='ltr'><strong><em>ι</em></strong></span> <span class='ocrx_word' id='word_1_207' title='bbox 1274 2451 1428 2509; x_wconf 89' lang='lat' dir='ltr'><strong>Unde</strong></span> <span class='ocrx_word' id='word_1_208' title='bbox 1477 2458 1654 2506; x_wconf 88' lang='lat' dir='ltr'><strong>autem</strong></span> <span class='ocrx_word' id='word_1_209' title='bbox 1694 2448 1749 2504; x_wconf 92' lang='lat' dir='ltr'><strong>id</strong></span> <span class='ocrx_word' id='word_1_210' title='bbox 1793 2445 2152 2514; x_wconf 84' lang='lat' dir='ltr'><strong>ostenderem,</strong></span> 
     </span>
    </p>
   </div>
   <div class='ocr_carea' id='block_1_26' title="bbox 520 2535 2152 2617">
    <p class='ocr_par' dir='ltr' id='par_1_26' title="bbox 520 2535 2152 2617">
     <span class='ocr_line' id='line_1_26' title="bbox 520 2535 2152 2617; baseline -0.008 -14"><span class='ocrx_word' id='word_1_211' title='bbox 520 2571 532 2582; x_wconf 75' lang='grc' dir='ltr'><em>ι</em></span> <span class='ocrx_word' id='word_1_212' title='bbox 581 2547 740 2615; x_wconf 88' lang='lat' dir='ltr'><strong>paulo</strong></span> <span class='ocrx_word' id='word_1_213' title='bbox 769 2556 890 2617; x_wconf 89' lang='lat' dir='ltr'><strong>post</strong></span> <span class='ocrx_word' id='word_1_214' title='bbox 925 2543 1164 2612; x_wconf 86' lang='lat' dir='ltr'><strong>adhibui,</strong></span> <span class='ocrx_word' id='word_1_215' title='bbox 1190 2541 1334 2613; x_wconf 92' lang='lat' dir='ltr'><strong>quod</strong></span> <span class='ocrx_word' id='word_1_216' title='bbox 1363 2541 1493 2596; x_wconf 90' lang='lat' dir='ltr'><strong>mihi</strong></span> <span class='ocrx_word' id='word_1_217' title='bbox 1517 2540 1689 2594; x_wconf 89' lang='lat' dir='ltr'><strong>visum</strong></span> <span class='ocrx_word' id='word_1_218' title='bbox 1725 2545 1809 2594; x_wconf 91' lang='lat' dir='ltr'><strong>est</strong></span> <span class='ocrx_word' id='word_1_219' title='bbox 1831 2536 2031 2608; x_wconf 86' lang='lat' dir='ltr'><strong>grande</strong></span> <span class='ocrx_word' id='word_1_220' title='bbox 2050 2535 2152 2590; x_wconf 91' lang='lat' dir='ltr'><strong>do-</strong></span> 
     </span>
    </p>
   </div>
   <div class='ocr_carea' id='block_1_27' title="bbox 580 2627 2148 2707">
    <p class='ocr_par' dir='ltr' id='par_1_27' title="bbox 580 2627 2148 2707">
     <span class='ocr_line' id='line_1_27' title="bbox 580 2627 2148 2707; baseline -0.009 -12"><span class='ocrx_word' id='word_1_221' title='bbox 580 2649 884 2695; x_wconf 86' lang='lat' dir='ltr'><strong>cumentum</strong></span> <span class='ocrx_word' id='word_1_222' title='bbox 912 2636 1098 2707; x_wconf 84' lang='lat' dir='ltr'><strong>(Ibid.,</strong></span> <span class='ocrx_word' id='word_1_223' title='bbox 1128 2650 1242 2705; x_wconf 88' lang='lat' dir='ltr'><strong>cap.</strong></span> <span class='ocrx_word' id='word_1_224' title='bbox 1272 2634 1349 2705; x_wconf 72' lang='grc'><strong>4).</strong></span> <span class='ocrx_word' id='word_1_225' title='bbox 1397 2651 1419 2687; x_wconf 72' lang='grc' dir='ltr'>ι</span> <span class='ocrx_word' id='word_1_226' title='bbox 1448 2630 1581 2688; x_wconf 89' lang='lat' dir='ltr'><strong>Cum</strong></span> <span class='ocrx_word' id='word_1_227' title='bbox 1625 2630 1768 2686; x_wconf 91' lang='lat' dir='ltr'><strong>enim</strong></span> <span class='ocrx_word' id='word_1_228' title='bbox 1795 2629 1962 2684; x_wconf 89' lang='lat' dir='ltr'><strong>virtus</strong></span> <span class='ocrx_word' id='word_1_229' title='bbox 2007 2627 2092 2695; x_wconf 89' lang='lat' dir='ltr'><strong>sit,</strong></span> <span class='ocrx_word' id='word_1_230' title='bbox 2127 2644 2148 2681; x_wconf 73' lang='grc' dir='ltr'><strong><em>ι</em></strong></span> 
     </span>
    </p>
   </div>
   <div class='ocr_carea' id='block_1_28' title="bbox 581 2719 2155 2800">
    <p class='ocr_par' dir='ltr' id='par_1_28' title="bbox 581 2719 2155 2800">
     <span class='ocr_line' id='line_1_28' title="bbox 581 2719 2155 2800; baseline -0.006 -17"><span class='ocrx_word' id='word_1_231' title='bbox 581 2730 817 2800; x_wconf 88' lang='lat' dir='ltr'><strong>inquam,</strong></span> <span class='ocrx_word' id='word_1_232' title='bbox 848 2746 868 2780; x_wconf 78' lang='grc' dir='ltr'><strong><em>ι</em></strong></span> <span class='ocrx_word' id='word_1_233' title='bbox 896 2727 1166 2798; x_wconf 89' lang='lat' dir='ltr'><strong>pudicitia,</strong></span> <span class='ocrx_word' id='word_1_234' title='bbox 1191 2725 1276 2781; x_wconf 91' lang='lat' dir='ltr'><strong>cui</strong></span> <span class='ocrx_word' id='word_1_235' title='bbox 1303 2725 1488 2779; x_wconf 90' lang='lat' dir='ltr'><strong>vitium</strong></span> <span class='ocrx_word' id='word_1_236' title='bbox 1521 2721 1846 2778; x_wconf 89' lang='lat' dir='ltr'><strong>contrarium</strong></span> <span class='ocrx_word' id='word_1_237' title='bbox 1871 2727 1955 2775; x_wconf 89' lang='lat' dir='ltr'><strong>est</strong></span> <span class='ocrx_word' id='word_1_238' title='bbox 1981 2719 2155 2789; x_wconf 82' lang='lat' dir='ltr'><strong>impu-</strong></span> 
     </span>
    </p>
   </div>
   <div class='ocr_carea' id='block_1_29' title="bbox 579 2816 2154 2889">
    <p class='ocr_par' dir='ltr' id='par_1_29' title="bbox 579 2816 2154 2889">
     <span class='ocr_line' id='line_1_29' title="bbox 579 2816 2154 2889; baseline -0.006 -13"><span class='ocrx_word' id='word_1_239' title='bbox 579 2819 779 2885; x_wconf 87' lang='lat' dir='ltr'><strong>dicitia,</strong></span> <span class='ocrx_word' id='word_1_240' title='bbox 807 2833 1101 2889; x_wconf 90' lang='lat' dir='ltr'><strong>omnesque</strong></span> <span class='ocrx_word' id='word_1_241' title='bbox 1127 2818 1347 2873; x_wconf 88' lang='lat' dir='ltr'><strong>virtutes</strong></span> <span class='ocrx_word' id='word_1_242' title='bbox 1367 2816 1524 2871; x_wconf 89' lang='lat' dir='ltr'><strong>etiam</strong></span> <span class='ocrx_word' id='word_1_243' title='bbox 1548 2829 1666 2884; x_wconf 79' lang='lat' dir='ltr'><strong>quae</strong></span> <span class='ocrx_word' id='word_1_244' title='bbox 1691 2827 1788 2884; x_wconf 89' lang='lat' dir='ltr'><strong>per</strong></span> <span class='ocrx_word' id='word_1_245' title='bbox 1805 2825 2000 2882; x_wconf 84' lang='lat' dir='ltr'><strong>corpus</strong></span> <span class='ocrx_word' id='word_1_246' title='bbox 2025 2825 2154 2881; x_wconf 86' lang='lat' dir='ltr'><strong>ope-</strong></span> 
     </span>
    </p>
   </div>
   <div class='ocr_carea' id='block_1_30' title="bbox 577 2903 2154 2978">
    <p class='ocr_par' dir='ltr' id='par_1_30' title="bbox 577 2903 2154 2978">
     <span class='ocr_line' id='line_1_30' title="bbox 577 2903 2154 2978; baseline -0.005 -11"><span class='ocrx_word' id='word_1_247' title='bbox 577 2921 784 2977; x_wconf 91' lang='lat' dir='ltr'><strong>rantur,</strong></span> <span class='ocrx_word' id='word_1_248' title='bbox 826 2911 880 2965; x_wconf 90' lang='lat' dir='ltr'><strong>in</strong></span> <span class='ocrx_word' id='word_1_249' title='bbox 925 2911 1103 2965; x_wconf 90' lang='lat' dir='ltr'><strong>animo</strong></span> <span class='ocrx_word' id='word_1_250' title='bbox 1148 2907 1424 2974; x_wconf 86' lang='lat' dir='ltr'><strong>habitent;</strong></span> <span class='ocrx_word' id='word_1_251' title='bbox 1467 2903 1735 2978; x_wconf 88' lang='lat' dir='ltr'><strong>quomodo</strong></span> <span class='ocrx_word' id='word_1_252' title='bbox 1782 2918 1908 2960; x_wconf 82' lang='lat' dir='ltr'><strong>vera</strong></span> <span class='ocrx_word' id='word_1_253' title='bbox 1949 2903 2154 2959; x_wconf 88' lang='lat' dir='ltr'><strong>ratione</strong></span> 
     </span>
    </p>
   </div>
   <div class='ocr_carea' id='block_1_31' title="bbox 577 2995 2153 3076">
    <p class='ocr_par' dir='ltr' id='par_1_31' title="bbox 577 2995 2153 3076">
     <span class='ocr_line' id='line_1_31' title="bbox 577 2995 2153 3076; baseline -0.005 -17"><span class='ocrx_word' id='word_1_254' title='bbox 577 3003 825 3076; x_wconf 90' lang='lat' dir='ltr'><strong>pudicum</strong></span> <span class='ocrx_word' id='word_1_255' title='bbox 854 3015 1048 3073; x_wconf 89' lang='lat' dir='ltr'><strong>corpus</strong></span> <span class='ocrx_word' id='word_1_256' title='bbox 1082 3000 1359 3067; x_wconf 87' lang='lat' dir='ltr'><strong>asseritur,</strong></span> <span class='ocrx_word' id='word_1_257' title='bbox 1400 2998 1613 3070; x_wconf 90' lang='lat' dir='ltr'><strong>quando</strong></span> <span class='ocrx_word' id='word_1_258' title='bbox 1653 3013 1686 3052; x_wconf 90' lang='lat' dir='ltr'><strong>a</strong></span> <span class='ocrx_word' id='word_1_259' title='bbox 1720 3005 1850 3053; x_wconf 87' lang='lat' dir='ltr'><strong>vero</strong></span> <span class='ocrx_word' id='word_1_260' title='bbox 1887 2995 2000 3051; x_wconf 91' lang='lat' dir='ltr'><strong>Deo</strong></span> <span class='ocrx_word' id='word_1_261' title='bbox 2040 2995 2153 3066; x_wconf 90' lang='lat' dir='ltr'><strong>ipse</strong></span> 
     </span>
    </p>
   </div>
   <div class='ocr_carea' id='block_1_32' title="bbox 577 3091 2153 3161">
    <p class='ocr_par' dir='ltr' id='par_1_32' title="bbox 577 3091 2153 3161">
     <span class='ocr_line' id='line_1_32' title="bbox 577 3091 2153 3161; baseline -0.004 -11"><span class='ocrx_word' id='word_1_262' title='bbox 577 3095 788 3150; x_wconf 89' lang='lat' dir='ltr'><strong>animus</strong></span> <span class='ocrx_word' id='word_1_263' title='bbox 826 3094 1200 3150; x_wconf 64' lang='lat' dir='ltr'><strong>fornicatur?»</strong></span> <span class='ocrx_word' id='word_1_264' title='bbox 1247 3091 1446 3146; x_wconf 89' lang='lat' dir='ltr'><strong>Deinde</strong></span> <span class='ocrx_word' id='word_1_265' title='bbox 1489 3107 1558 3145; x_wconf 92' lang='lat' dir='ltr'><strong>ne</strong></span> <span class='ocrx_word' id='word_1_266' title='bbox 1598 3091 1877 3161; x_wconf 89' lang='lat' dir='ltr'><strong>quisquam</strong></span> <span class='ocrx_word' id='word_1_267' title='bbox 1917 3096 2153 3144; x_wconf 87' lang='lat' dir='ltr'><strong>vestrum</strong></span> 
     </span>
    </p>
   </div>
   <div class='ocr_carea' id='block_1_33' title="bbox 577 3181 2151 3258">
    <p class='ocr_par' dir='ltr' id='par_1_33' title="bbox 577 3181 2151 3258">
     <span class='ocr_line' id='line_1_33' title="bbox 577 3181 2151 3258; baseline -0.004 -16"><span class='ocrx_word' id='word_1_268' title='bbox 577 3195 794 3258; x_wconf 89' lang='lat' dir='ltr'><strong>negaret</strong></span> <span class='ocrx_word' id='word_1_269' title='bbox 829 3187 1062 3241; x_wconf 88' lang='lat' dir='ltr'><strong>animum</strong></span> <span class='ocrx_word' id='word_1_270' title='bbox 1103 3183 1394 3240; x_wconf 88' lang='lat' dir='ltr'><strong>inﬁdelium</strong></span> <span class='ocrx_word' id='word_1_271' title='bbox 1438 3183 1706 3248; x_wconf 87' lang='lat' dir='ltr'><strong>fornicari,</strong></span> <span class='ocrx_word' id='word_1_272' title='bbox 1745 3181 1961 3237; x_wconf 88' lang='lat' dir='ltr'><strong>adhibui</strong></span> <span class='ocrx_word' id='word_1_273' title='bbox 2003 3181 2151 3237; x_wconf 88' lang='lat' dir='ltr'><strong>testi-</strong></span> 
     </span>
    </p>
   </div>
   <div class='ocr_carea' id='block_1_34' title="bbox 575 3273 2152 3348">
    <p class='ocr_par' dir='ltr' id='par_1_34' title="bbox 575 3273 2152 3348">
     <span class='ocr_line' id='line_1_34' title="bbox 575 3273 2152 3348; baseline -0.004 -14"><span class='ocrx_word' id='word_1_274' title='bbox 575 3281 810 3334; x_wconf 90' lang='lat' dir='ltr'><strong>monium</strong></span> <span class='ocrx_word' id='word_1_275' title='bbox 852 3279 919 3334; x_wconf 91' lang='lat' dir='ltr'><strong>de</strong></span> <span class='ocrx_word' id='word_1_276' title='bbox 944 3279 1215 3348; x_wconf 87' lang='lat' dir='ltr'><strong>Scriptura</strong></span> <span class='ocrx_word' id='word_1_277' title='bbox 1250 3285 1454 3341; x_wconf 85' lang='lat' dir='ltr'><strong>sancta,</strong></span> <span class='ocrx_word' id='word_1_278' title='bbox 1491 3275 1581 3331; x_wconf 91' lang='lat' dir='ltr'><strong>ubi</strong></span> <span class='ocrx_word' id='word_1_279' title='bbox 1617 3275 1825 3347; x_wconf 86' lang='lat' dir='ltr'><strong>legitur,</strong></span> <span class='ocrx_word' id='word_1_280' title='bbox 1863 3273 1994 3328; x_wconf 86' lang='lat' dir='ltr'><strong>Ecce</strong></span> <span class='ocrx_word' id='word_1_281' title='bbox 2021 3273 2152 3328; x_wconf 82' lang='lat' dir='ltr'><strong>enim</strong></span> 
     </span>
    </p>
   </div>
   <div class='ocr_carea' id='block_1_35' title="bbox 575 3364 2152 3442">
    <p class='ocr_par' dir='ltr' id='par_1_35' title="bbox 575 3364 2152 3442">
     <span class='ocr_line' id='line_1_35' title="bbox 575 3364 2152 3442; baseline -0.004 -18"><span class='ocrx_word' id='word_1_282' title='bbox 575 3371 662 3440; x_wconf 90' lang='lat' dir='ltr'><strong>qui</strong></span> <span class='ocrx_word' id='word_1_283' title='bbox 689 3370 837 3442; x_wconf 77' lang='lat' dir='ltr'><strong>longe</strong></span> <span class='ocrx_word' id='word_1_284' title='bbox 862 3387 916 3424; x_wconf 84' lang='lat' dir='ltr'><strong>se</strong></span> <span class='ocrx_word' id='word_1_285' title='bbox 952 3371 1146 3442; x_wconf 79' lang='lat' dir='ltr'><strong>faciunt</strong></span> <span class='ocrx_word' id='word_1_286' title='bbox 1181 3385 1214 3421; x_wconf 90' lang='lat' dir='ltr'><strong>a</strong></span> <span class='ocrx_word' id='word_1_287' title='bbox 1259 3377 1324 3434; x_wconf 89' lang='lat' dir='ltr'><strong>te,</strong></span> <span class='ocrx_word' id='word_1_288' title='bbox 1366 3367 1630 3437; x_wconf 83' lang='lat' dir='ltr'><strong>peribunt;</strong></span> <span class='ocrx_word' id='word_1_289' title='bbox 1657 3364 1920 3437; x_wconf 74' lang='lat' dir='ltr'><strong>perdidisti</strong></span> <span class='ocrx_word' id='word_1_290' title='bbox 1955 3380 2152 3419; x_wconf 82' lang='lat' dir='ltr'><strong>omnem</strong></span> 
     </span>
    </p>
   </div>
   <div class='ocr_carea' id='block_1_36' title="bbox 573 3453 2152 3533">
    <p class='ocr_par' dir='ltr' id='par_1_36' title="bbox 573 3453 2152 3533">
     <span class='ocr_line' id='line_1_36' title="bbox 573 3453 2152 3533; baseline -0.003 -18"><span class='ocrx_word' id='word_1_291' title='bbox 573 3461 659 3529; x_wconf 90' lang='lat' dir='ltr'><strong>qui</strong></span> <span class='ocrx_word' id='word_1_292' title='bbox 689 3462 970 3533; x_wconf 81' lang='lat' dir='ltr'><strong>fornicatur</strong></span> <span class='ocrx_word' id='word_1_293' title='bbox 1009 3460 1097 3515; x_wconf 78' lang='lat' dir='ltr'><strong>abs</strong></span> <span class='ocrx_word' id='word_1_294' title='bbox 1137 3467 1186 3513; x_wconf 85' lang='lat' dir='ltr'><strong>te</strong></span> <span class='ocrx_word' id='word_1_295' title='bbox 1227 3457 1398 3530; x_wconf 77' lang='lat' dir='ltr'><strong>(Psal.</strong></span> <span class='ocrx_word' id='word_1_296' title='bbox 1432 3473 1607 3521; x_wconf 77' lang='lat' dir='ltr'><strong>Lxxu,</strong></span> <span class='ocrx_word' id='word_1_297' title='bbox 1646 3454 1763 3528; x_wconf 72' lang='lat'><strong>27).</strong></span> <span class='ocrx_word' id='word_1_298' title='bbox 1814 3455 1921 3511; x_wconf 91' lang='lat' dir='ltr'><strong>Sed</strong></span> <span class='ocrx_word' id='word_1_299' title='bbox 1963 3463 2020 3511; x_wconf 91' lang='lat' dir='ltr'><strong>tu</strong></span> <span class='ocrx_word' id='word_1_300' title='bbox 2059 3453 2152 3527; x_wconf 89' lang='lat' dir='ltr'><strong>qui</strong></span> 
     </span>
    </p>
   </div>
   <div class='ocr_carea' id='block_1_37' title="bbox 579 3547 2152 3620">
    <p class='ocr_par' dir='ltr' id='par_1_37' title="bbox 579 3547 2152 3620">
     <span class='ocr_line' id='line_1_37' title="bbox 579 3547 2152 3620; baseline 0 -16"><span class='ocrx_word' id='word_1_301' title='bbox 579 3569 600 3604; x_wconf 74' lang='grc' dir='ltr'>ι</span> <span class='ocrx_word' id='word_1_302' title='bbox 627 3566 768 3618; x_wconf 87' lang='lat' dir='ltr'><strong>mea,</strong></span> <span class='ocrx_word' id='word_1_303' title='bbox 799 3569 819 3603; x_wconf 74' lang='grc' dir='ltr'><strong><em>ι</em></strong></span> <span class='ocrx_word' id='word_1_304' title='bbox 865 3551 1002 3606; x_wconf 88' lang='lat' dir='ltr'><strong>sicut</strong></span> <span class='ocrx_word' id='word_1_305' title='bbox 1027 3551 1180 3614; x_wconf 89' lang='lat' dir='ltr'><strong>dicis,</strong></span> <span class='ocrx_word' id='word_1_306' title='bbox 1217 3567 1237 3600; x_wconf 75' lang='grc' dir='ltr'><strong>ε</strong></span> <span class='ocrx_word' id='word_1_307' title='bbox 1266 3563 1386 3620; x_wconf 75' lang='lat' dir='ltr'><strong>qua:</strong></span> <span class='ocrx_word' id='word_1_308' title='bbox 1412 3548 1542 3604; x_wconf 88' lang='lat' dir='ltr'><strong>mihi</strong></span> <span class='ocrx_word' id='word_1_309' title='bbox 1567 3547 1814 3603; x_wconf 90' lang='lat' dir='ltr'><strong>videntur</strong></span> <span class='ocrx_word' id='word_1_310' title='bbox 1837 3557 1993 3603; x_wconf 88' lang='lat' dir='ltr'><strong>acuta</strong></span> <span class='ocrx_word' id='word_1_311' title='bbox 2023 3563 2152 3620; x_wconf 84' lang='lat' dir='ltr'><strong>per-</strong></span> 
     </span>
    </p>
   </div>
   <div class='ocr_carea' id='block_1_38' title="bbox 571 3637 2149 3712">
    <p class='ocr_par' dir='ltr' id='par_1_38' title="bbox 571 3637 2149 3712">
     <span class='ocr_line' id='line_1_38' title="bbox 571 3637 2149 3712; baseline -0.001 -16"><span class='ocrx_word' id='word_1_312' title='bbox 571 3642 831 3712; x_wconf 81' lang='lat' dir='ltr'><strong>sequeris,</strong></span> <span class='ocrx_word' id='word_1_313' title='bbox 859 3659 878 3692; x_wconf 75' lang='grc' dir='ltr'><strong><em>ι</em></strong></span> <span class='ocrx_word' id='word_1_314' title='bbox 921 3642 1022 3696; x_wconf 89' lang='lat' dir='ltr'><strong>hoc</strong></span> <span class='ocrx_word' id='word_1_315' title='bbox 1061 3648 1225 3694; x_wconf 92' lang='lat' dir='ltr'><strong>totum</strong></span> <span class='ocrx_word' id='word_1_316' title='bbox 1253 3648 1501 3710; x_wconf 86' lang='lat' dir='ltr'><strong>tanquam</strong></span> <span class='ocrx_word' id='word_1_317' title='bbox 1530 3637 1662 3693; x_wconf 90' lang='lat' dir='ltr'><strong>mihi</strong></span> <span class='ocrx_word' id='word_1_318' title='bbox 1690 3637 1939 3694; x_wconf 89' lang='lat' dir='ltr'><strong>obtusum</strong></span> <span class='ocrx_word' id='word_1_319' title='bbox 1977 3639 2149 3695; x_wconf 90' lang='lat' dir='ltr'><strong>visum</strong></span> 
     </span>
    </p>
   </div>
   <div class='ocr_carea' id='block_1_39' title="bbox 569 3731 2148 3804">
    <p class='ocr_par' dir='ltr' id='par_1_39' title="bbox 569 3731 2148 3804">
     <span class='ocr_line' id='line_1_39' title="bbox 569 3731 2148 3804; baseline -0.002 -14"><span class='ocrx_word' id='word_1_320' title='bbox 569 3740 728 3790; x_wconf 78' lang='lat' dir='ltr'><strong>tuerit</strong></span> <span class='ocrx_word' id='word_1_321' title='bbox 763 3733 1067 3804; x_wconf 78' lang='lat' dir='ltr'><strong>praeteristi.</strong></span> <span class='ocrx_word' id='word_1_322' title='bbox 1119 3732 1246 3788; x_wconf 83' lang='lat' dir='ltr'><strong>Vide</strong></span> <span class='ocrx_word' id='word_1_323' title='bbox 1287 3747 1416 3803; x_wconf 88' lang='lat' dir='ltr'><strong>ergo</strong></span> <span class='ocrx_word' id='word_1_324' title='bbox 1459 3731 1586 3802; x_wconf 90' lang='lat' dir='ltr'><strong>quid</strong></span> <span class='ocrx_word' id='word_1_325' title='bbox 1616 3731 1804 3787; x_wconf 91' lang='lat' dir='ltr'><strong>horum</strong></span> <span class='ocrx_word' id='word_1_326' title='bbox 1850 3731 2148 3802; x_wconf 88' lang='lat' dir='ltr'><strong>negandum</strong></span> 
     </span>
    </p>
   </div>
   <div class='ocr_carea' id='block_1_40' title="bbox 569 3823 2145 3896">
    <p class='ocr_par' dir='ltr' id='par_1_40' title="bbox 569 3823 2145 3896">
     <span class='ocr_line' id='line_1_40' title="bbox 569 3823 2145 3896; baseline -0.001 -14"><span class='ocrx_word' id='word_1_327' title='bbox 569 3827 863 3883; x_wconf 84' lang='lat' dir='ltr'><strong>arbitreris.</strong></span> <span class='ocrx_word' id='word_1_328' title='bbox 912 3826 1170 3881; x_wconf 85' lang='lat' dir='ltr'><strong>Virtutem</strong></span> <span class='ocrx_word' id='word_1_329' title='bbox 1222 3839 1342 3880; x_wconf 85' lang='lat' dir='ltr'><strong>esse</strong></span> <span class='ocrx_word' id='word_1_330' title='bbox 1407 3823 1716 3894; x_wconf 90' lang='lat' dir='ltr'><strong>pudicitiam</strong></span> <span class='ocrx_word' id='word_1_331' title='bbox 1771 3824 2145 3896; x_wconf 88' lang='lat' dir='ltr'><strong>coniugalem,</strong></span> 
     </span>
    </p>
   </div>
   <div class='ocr_carea' id='block_1_41' title="bbox 571 3916 2148 3990">
    <p class='ocr_par' dir='ltr' id='par_1_41' title="bbox 571 3916 2148 3990">
     <span class='ocr_line' id='line_1_41' title="bbox 571 3916 2148 3990; baseline 0 -18"><span class='ocrx_word' id='word_1_332' title='bbox 571 3919 965 3990; x_wconf 87' lang='lat' dir='ltr'><strong>promptissime</strong></span> <span class='ocrx_word' id='word_1_333' title='bbox 1007 3917 1277 3973; x_wconf 87' lang='lat' dir='ltr'><strong>conﬁteris</strong></span> <span class='ocrx_word' id='word_1_334' title='bbox 1305 3935 1319 3970; x_wconf 89' lang='lat'><strong>:</strong></span> <span class='ocrx_word' id='word_1_335' title='bbox 1343 3932 1530 3973; x_wconf 91' lang='lat' dir='ltr'><strong>omnes</strong></span> <span class='ocrx_word' id='word_1_336' title='bbox 1559 3916 1780 3972; x_wconf 80' lang='lat' dir='ltr'><strong>virtutes</strong></span> <span class='ocrx_word' id='word_1_337' title='bbox 1822 3916 1982 3972; x_wconf 88' lang='lat' dir='ltr'><strong>etiam</strong></span> <span class='ocrx_word' id='word_1_338' title='bbox 2029 3933 2148 3988; x_wconf 61' lang='lat' dir='ltr'><strong>quae</strong></span> 
     </span>
    </p>
   </div>
   <div class='ocr_carea' id='block_1_42' title="bbox 571 4007 2144 4084">
    <p class='ocr_par' dir='ltr' id='par_1_42' title="bbox 571 4007 2144 4084">
     <span class='ocr_line' id='line_1_42' title="bbox 571 4007 2144 4084; baseline -0.002 -17"><span class='ocrx_word' id='word_1_339' title='bbox 571 4029 667 4084; x_wconf 84' lang='lat' dir='ltr'><strong>per</strong></span> <span class='ocrx_word' id='word_1_340' title='bbox 694 4027 888 4082; x_wconf 89' lang='lat' dir='ltr'><strong>corpus</strong></span> <span class='ocrx_word' id='word_1_341' title='bbox 912 4019 1221 4080; x_wconf 87' lang='lat' dir='ltr'><strong>operantur,</strong></span> <span class='ocrx_word' id='word_1_342' title='bbox 1263 4009 1316 4064; x_wconf 90' lang='lat' dir='ltr'><strong>in</strong></span> <span class='ocrx_word' id='word_1_343' title='bbox 1342 4009 1522 4064; x_wconf 91' lang='lat' dir='ltr'><strong>animo</strong></span> <span class='ocrx_word' id='word_1_344' title='bbox 1558 4007 1801 4063; x_wconf 86' lang='lat' dir='ltr'><strong>habitare</strong></span> <span class='ocrx_word' id='word_1_345' title='bbox 1826 4024 1932 4063; x_wconf 90' lang='lat' dir='ltr'><strong>non</strong></span> <span class='ocrx_word' id='word_1_346' title='bbox 1958 4023 2144 4080; x_wconf 87' lang='lat' dir='ltr'><strong>negas.</strong></span> 
     </span>
    </p>
   </div>
   <div class='ocr_carea' id='block_1_43' title="bbox 570 4100 2146 4171">
    <p class='ocr_par' dir='ltr' id='par_1_43' title="bbox 570 4100 2146 4171">
     <span class='ocr_line' id='line_1_43' title="bbox 570 4100 2146 4171; baseline -0.003 -10"><span class='ocrx_word' id='word_1_347' title='bbox 570 4105 737 4161; x_wconf 88' lang='lat' dir='ltr'><strong>Porro</strong></span> <span class='ocrx_word' id='word_1_348' title='bbox 766 4105 992 4160; x_wconf 85' lang='lat' dir='ltr'><strong>inﬁdelis</strong></span> <span class='ocrx_word' id='word_1_349' title='bbox 1010 4104 1244 4158; x_wconf 90' lang='lat' dir='ltr'><strong>animum</strong></span> <span class='ocrx_word' id='word_1_350' title='bbox 1270 4100 1522 4156; x_wconf 87' lang='lat' dir='ltr'><strong>fornicari</strong></span> <span class='ocrx_word' id='word_1_351' title='bbox 1541 4115 1571 4154; x_wconf 90' lang='lat' dir='ltr'><strong>a</strong></span> <span class='ocrx_word' id='word_1_352' title='bbox 1600 4101 1711 4155; x_wconf 91' lang='lat' dir='ltr'><strong>Deo</strong></span> <span class='ocrx_word' id='word_1_353' title='bbox 1737 4100 1824 4155; x_wconf 90' lang='lat' dir='ltr'><strong>ille</strong></span> <span class='ocrx_word' id='word_1_354' title='bbox 1844 4110 2021 4171; x_wconf 88' lang='lat' dir='ltr'><strong>potest</strong></span> <span class='ocrx_word' id='word_1_355' title='bbox 2049 4117 2146 4157; x_wconf 90' lang='lat' dir='ltr'><strong>ne-</strong></span> 
     </span>
    </p>
   </div>
   <div class='ocr_carea' id='block_1_44' title="bbox 568 4191 2146 4268">
    <p class='ocr_par' dir='ltr' id='par_1_44' title="bbox 568 4191 2146 4268">
     <span class='ocr_line' id='line_1_44' title="bbox 568 4191 2146 4268; baseline -0.003 -17"><span class='ocrx_word' id='word_1_356' title='bbox 568 4213 714 4268; x_wconf 90' lang='lat' dir='ltr'><strong>gare,</strong></span> <span class='ocrx_word' id='word_1_357' title='bbox 741 4197 831 4267; x_wconf 89' lang='lat' dir='ltr'><strong>qui</strong></span> <span class='ocrx_word' id='word_1_358' title='bbox 861 4211 920 4252; x_wconf 91' lang='lat' dir='ltr'><strong>se</strong></span> <span class='ocrx_word' id='word_1_359' title='bbox 947 4196 1121 4267; x_wconf 88' lang='lat' dir='ltr'><strong>palam</strong></span> <span class='ocrx_word' id='word_1_360' title='bbox 1152 4201 1452 4249; x_wconf 88' lang='lat' dir='ltr'><strong>sanctarum</strong></span> <span class='ocrx_word' id='word_1_361' title='bbox 1475 4191 1870 4260; x_wconf 84' lang='lat' dir='ltr'><strong>Scripturarum</strong></span> <span class='ocrx_word' id='word_1_362' title='bbox 1893 4191 2146 4248; x_wconf 88' lang='lat' dir='ltr'><strong>adversa-</strong></span> 
     </span>
    </p>
   </div>
   <div class='ocr_carea' id='block_1_45' title="bbox 569 4281 2147 4358">
    <p class='ocr_par' dir='ltr' id='par_1_45' title="bbox 569 4281 2147 4358">
     <span class='ocr_line' id='line_1_45' title="bbox 569 4281 2147 4358; baseline -0.003 -15"><span class='ocrx_word' id='word_1_363' title='bbox 569 4290 706 4344; x_wconf 91' lang='lat' dir='ltr'><strong>rium</strong></span> <span class='ocrx_word' id='word_1_364' title='bbox 736 4287 1028 4358; x_wconf 87' lang='lat' dir='ltr'><strong>proﬁtetur.</strong></span> <span class='ocrx_word' id='word_1_365' title='bbox 1051 4285 1130 4340; x_wconf 87' lang='lat' dir='ltr'><strong>Ex</strong></span> <span class='ocrx_word' id='word_1_366' title='bbox 1152 4285 1348 4358; x_wconf 78' lang='lat' dir='ltr'><strong>quibus</strong></span> <span class='ocrx_word' id='word_1_367' title='bbox 1374 4282 1621 4338; x_wconf 88' lang='lat' dir='ltr'><strong>onmibus</strong></span> <span class='ocrx_word' id='word_1_368' title='bbox 1647 4281 1761 4337; x_wconf 62' lang='lat' dir='ltr'><strong>haec</strong></span> <span class='ocrx_word' id='word_1_369' title='bbox 1786 4297 1992 4338; x_wconf 90' lang='lat' dir='ltr'><strong>summa</strong></span> <span class='ocrx_word' id='word_1_370' title='bbox 2017 4298 2147 4339; x_wconf 89' lang='lat' dir='ltr'><strong>con-</strong></span> 
     </span>
    </p>
   </div>
   <div class='ocr_carea' id='block_1_46' title="bbox 571 4356 2146 4451">
    <p class='ocr_par' dir='ltr' id='par_1_46' title="bbox 571 4356 2146 4451">
     <span class='ocr_line' id='line_1_46' title="bbox 571 4356 2146 4451; baseline -0.004 -11"><span class='ocrx_word' id='word_1_371' title='bbox 571 4384 764 4451; x_wconf 86' lang='lat' dir='ltr'><strong>ﬁcitur,</strong></span> <span class='ocrx_word' id='word_1_372' title='bbox 797 4392 854 4437; x_wconf 88' lang='lat' dir='ltr'><strong>ut</strong></span> <span class='ocrx_word' id='word_1_373' title='bbox 885 4381 1045 4436; x_wconf 87' lang='lat' dir='ltr'><strong>autin</strong></span> <span class='ocrx_word' id='word_1_374' title='bbox 1072 4356 1251 4434; x_wconf 67' lang='lat' dir='ltr'><strong>aniino</strong></span> <span class='ocrx_word' id='word_1_375' title='bbox 1270 4377 1566 4432; x_wconf 89' lang='lat' dir='ltr'><strong>fornicante</strong></span> <span class='ocrx_word' id='word_1_376' title='bbox 1591 4375 1840 4446; x_wconf 87' lang='lat' dir='ltr'><strong>pudicitia</strong></span> <span class='ocrx_word' id='word_1_377' title='bbox 1872 4391 1999 4432; x_wconf 90' lang='lat' dir='ltr'><strong>vera</strong></span> <span class='ocrx_word' id='word_1_378' title='bbox 2025 4392 2146 4434; x_wconf 90' lang='lat' dir='ltr'><strong>esse</strong></span> 
     </span>
    </p>
   </div>
   <div class='ocr_carea' id='block_1_47' title="bbox 570 4468 2146 4548">
    <p class='ocr_par' dir='ltr' id='par_1_47' title="bbox 570 4468 2146 4548">
     <span class='ocr_line' id='line_1_47' title="bbox 570 4468 2146 4548; baseline -0.005 -16"><span class='ocrx_word' id='word_1_379' title='bbox 570 4477 771 4548; x_wconf 87' lang='lat' dir='ltr'><strong>possit;</strong></span> <span class='ocrx_word' id='word_1_380' title='bbox 797 4474 936 4544; x_wconf 88' lang='lat' dir='ltr'><strong>quod</strong></span> <span class='ocrx_word' id='word_1_381' title='bbox 957 4473 1134 4529; x_wconf 89' lang='lat' dir='ltr'><strong>cernis</strong></span> <span class='ocrx_word' id='word_1_382' title='bbox 1157 4486 1314 4542; x_wconf 90' lang='lat' dir='ltr'><strong>quam</strong></span> <span class='ocrx_word' id='word_1_383' title='bbox 1335 4470 1405 4526; x_wconf 88' lang='lat' dir='ltr'><strong>sit</strong></span> <span class='ocrx_word' id='word_1_384' title='bbox 1424 4468 1713 4524; x_wconf 89' lang='lat' dir='ltr'><strong>absurdum</strong></span> <span class='ocrx_word' id='word_1_385' title='bbox 1740 4485 1754 4522; x_wconf 90' lang='lat'><strong>:</strong></span> <span class='ocrx_word' id='word_1_386' title='bbox 1778 4477 1870 4523; x_wconf 91' lang='lat' dir='ltr'><strong>aut</strong></span> <span class='ocrx_word' id='word_1_387' title='bbox 1893 4469 1945 4523; x_wconf 91' lang='lat' dir='ltr'><strong>in</strong></span> <span class='ocrx_word' id='word_1_388' title='bbox 1967 4470 2146 4525; x_wconf 89' lang='lat' dir='ltr'><strong>animo</strong></span> 
     </span>
    </p>
   </div>
   <div class='ocr_carea' id='block_1_48' title="bbox 572 4561 2144 4638">
    <p class='ocr_par' dir='ltr' id='par_1_48' title="bbox 572 4561 2144 4638">
     <span class='ocr_line' id='line_1_48' title="bbox 572 4561 2144 4638; baseline -0.004 -13"><span class='ocrx_word' id='word_1_389' title='bbox 572 4568 799 4625; x_wconf 91' lang='lat' dir='ltr'><strong>inﬁdelis</strong></span> <span class='ocrx_word' id='word_1_390' title='bbox 824 4567 1075 4638; x_wconf 90' lang='lat' dir='ltr'><strong>pudicitia</strong></span> <span class='ocrx_word' id='word_1_391' title='bbox 1103 4579 1230 4620; x_wconf 86' lang='lat' dir='ltr'><strong>vera</strong></span> <span class='ocrx_word' id='word_1_392' title='bbox 1255 4577 1374 4618; x_wconf 91' lang='lat' dir='ltr'><strong>esse</strong></span> <span class='ocrx_word' id='word_1_393' title='bbox 1403 4577 1507 4617; x_wconf 92' lang='lat' dir='ltr'><strong>non</strong></span> <span class='ocrx_word' id='word_1_394' title='bbox 1540 4561 1742 4632; x_wconf 87' lang='lat' dir='ltr'><strong>possit;</strong></span> <span class='ocrx_word' id='word_1_395' title='bbox 1774 4562 2015 4632; x_wconf 90' lang='lat' dir='ltr'><strong>quamvis</strong></span> <span class='ocrx_word' id='word_1_396' title='bbox 2040 4561 2144 4618; x_wconf 88' lang='lat' dir='ltr'><strong>hoc</strong></span> 
     </span>
    </p>
   </div>
   <div class='ocr_carea' id='block_1_49' title="bbox 567 4653 2147 4727">
    <p class='ocr_par' dir='ltr' id='par_1_49' title="bbox 567 4653 2147 4727">
     <span class='ocr_line' id='line_1_49' title="bbox 567 4653 2147 4727; baseline -0.004 -9"><span class='ocrx_word' id='word_1_397' title='bbox 567 4680 688 4718; x_wconf 90' lang='lat' dir='ltr'><strong>cum</strong></span> <span class='ocrx_word' id='word_1_398' title='bbox 727 4676 1044 4726; x_wconf 88' lang='lat' dir='ltr'><strong>assererem,</strong></span> <span class='ocrx_word' id='word_1_399' title='bbox 1091 4669 1144 4715; x_wconf 91' lang='lat' dir='ltr'><strong>te</strong></span> <span class='ocrx_word' id='word_1_400' title='bbox 1181 4656 1405 4713; x_wconf 83' lang='lat' dir='ltr'><strong>finxeris</strong></span> <span class='ocrx_word' id='word_1_401' title='bbox 1443 4655 1682 4711; x_wconf 91' lang='lat' dir='ltr'><strong>surdum.</strong></span> <span class='ocrx_word' id='word_1_402' title='bbox 1719 4654 1836 4710; x_wconf 84' lang='lat' dir='ltr'><strong>Non</strong></span> <span class='ocrx_word' id='word_1_403' title='bbox 1877 4653 2052 4727; x_wconf 86' lang='lat' dir='ltr'><strong>igitur,</strong></span> <span class='ocrx_word' id='word_1_404' title='bbox 2089 4664 2147 4712; x_wconf 88' lang='lat' dir='ltr'><strong>ut</strong></span> 
     </span>
    </p>
   </div>
   <div class='ocr_carea' id='block_1_50' title="bbox 567 4747 2143 4820">
    <p class='ocr_par' dir='ltr' id='par_1_50' title="bbox 567 4747 2143 4820">
     <span class='ocr_line' id='line_1_50' title="bbox 567 4747 2143 4820; baseline -0.004 -9"><span class='ocrx_word' id='word_1_405' title='bbox 567 4754 924 4820; x_wconf 85' lang='lat' dir='ltr'><strong>calumniaris,</strong></span> <span class='ocrx_word' id='word_1_406' title='bbox 973 4771 993 4803; x_wconf 84' lang='grc'><strong>‹</strong></span> <span class='ocrx_word' id='word_1_407' title='bbox 1023 4750 1200 4808; x_wconf 89' lang='lat' dir='ltr'><strong>studio</strong></span> <span class='ocrx_word' id='word_1_408' title='bbox 1223 4748 1554 4820; x_wconf 90' lang='lat' dir='ltr'><strong>vituperandi</strong></span> <span class='ocrx_word' id='word_1_409' title='bbox 1593 4747 1966 4816; x_wconf 88' lang='lat' dir='ltr'><strong>substantiam,</strong></span> <span class='ocrx_word' id='word_1_410' title='bbox 2004 4749 2143 4805; x_wconf 90' lang='lat' dir='ltr'><strong>dona</strong></span> 
     </span>
    </p>
   </div>
   <div class='ocr_carea' id='block_1_51' title="bbox 565 4841 2146 4912">
    <p class='ocr_par' dir='ltr' id='par_1_51' title="bbox 565 4841 2146 4912">
     <span class='ocr_line' id='line_1_51' title="bbox 565 4841 2146 4912; baseline -0.003 -9"><span class='ocrx_word' id='word_1_411' title='bbox 565 4847 827 4903; x_wconf 87' lang='lat' dir='ltr'><strong>collaudo.</strong></span> <span class='ocrx_word' id='word_1_412' title='bbox 855 4865 875 4898; x_wconf 72' lang='grc' dir='ltr'><strong><em>ι</em></strong></span> <span class='ocrx_word' id='word_1_413' title='bbox 906 4844 1022 4900; x_wconf 86' lang='lat' dir='ltr'><strong>Non</strong></span> <span class='ocrx_word' id='word_1_414' title='bbox 1053 4845 1194 4899; x_wconf 90' lang='lat' dir='ltr'><strong>enim</strong></span> <span class='ocrx_word' id='word_1_415' title='bbox 1221 4844 1522 4898; x_wconf 90' lang='lat' dir='ltr'><strong>divinorum</strong></span> <span class='ocrx_word' id='word_1_416' title='bbox 1548 4841 1808 4896; x_wconf 89' lang='lat' dir='ltr'><strong>donorum</strong></span> <span class='ocrx_word' id='word_1_417' title='bbox 1855 4856 2024 4912; x_wconf 81' lang='lat' dir='ltr'><strong>capax</strong></span> <span class='ocrx_word' id='word_1_418' title='bbox 2059 4857 2146 4898; x_wconf 84' lang='lat' dir='ltr'><strong>es-</strong></span> 
     </span>
    </p>
   </div>
   <div class='ocr_carea' id='block_1_52' title="bbox 565 4932 2146 5004">
    <p class='ocr_par' dir='ltr' id='par_1_52' title="bbox 565 4932 2146 5004">
     <span class='ocr_line' id='line_1_52' title="bbox 565 4932 2146 5004; baseline -0.004 -10"><span class='ocrx_word' id='word_1_419' title='bbox 565 4948 668 5004; x_wconf 88' lang='lat' dir='ltr'><strong>set,</strong></span> <span class='ocrx_word' id='word_1_420' title='bbox 700 4939 798 4992; x_wconf 87' lang='lat' dir='ltr'><strong>nisi</strong></span> <span class='ocrx_word' id='word_1_421' title='bbox 821 4937 957 4993; x_wconf 90' lang='lat' dir='ltr'><strong>bona</strong></span> <span class='ocrx_word' id='word_1_422' title='bbox 985 4944 1128 4990; x_wconf 88' lang='lat' dir='ltr'><strong>esset</strong></span> <span class='ocrx_word' id='word_1_423' title='bbox 1158 4935 1383 4988; x_wconf 86' lang='lat' dir='ltr'><strong>humana</strong></span> <span class='ocrx_word' id='word_1_424' title='bbox 1410 4933 1722 4997; x_wconf 84' lang='lat' dir='ltr'><strong>substantia,</strong></span> <span class='ocrx_word' id='word_1_425' title='bbox 1755 4932 1838 4987; x_wconf 92' lang='lat' dir='ltr'><strong>cui</strong></span> <span class='ocrx_word' id='word_1_426' title='bbox 1865 4933 1990 4986; x_wconf 87' lang='lat' dir='ltr'><strong>vitia</strong></span> <span class='ocrx_word' id='word_1_427' title='bbox 2020 4948 2146 5003; x_wconf 88' lang='lat' dir='ltr'><strong>quo-</strong></span> 
     </span>
    </p>
   </div>
   <div class='ocr_carea' id='block_1_53' title="bbox 564 5023 2142 5100">
    <p class='ocr_par' dir='ltr' id='par_1_53' title="bbox 564 5023 2142 5100">
     <span class='ocr_line' id='line_1_53' title="bbox 564 5023 2142 5100; baseline -0.001 -19"><span class='ocrx_word' id='word_1_428' title='bbox 564 5046 668 5100; x_wconf 86' lang='lat' dir='ltr'><strong>que</strong></span> <span class='ocrx_word' id='word_1_429' title='bbox 698 5029 807 5098; x_wconf 90' lang='lat' dir='ltr'><strong>ipsa</strong></span> <span class='ocrx_word' id='word_1_430' title='bbox 846 5027 1098 5084; x_wconf 88' lang='lat' dir='ltr'><strong>bonitatis</strong></span> <span class='ocrx_word' id='word_1_431' title='bbox 1139 5025 1425 5097; x_wconf 89' lang='lat' dir='ltr'><strong>perhibent</strong></span> <span class='ocrx_word' id='word_1_432' title='bbox 1453 5023 1815 5080; x_wconf 75' lang='lat' dir='ltr'><strong>testimonium</strong></span> <span class='ocrx_word' id='word_1_433' title='bbox 1862 5025 2142 5080; x_wconf 87' lang='lat' dir='ltr'><strong>naturalis.</strong></span> 
     </span>
    </p>
   </div>
   <div class='ocr_carea' id='block_1_54' title="bbox 564 5115 2144 5192">
    <p class='ocr_par' dir='ltr' id='par_1_54' title="bbox 564 5115 2144 5192">
     <span class='ocr_line' id='line_1_54' title="bbox 564 5115 2144 5192; baseline -0.001 -18"><span class='ocrx_word' id='word_1_434' title='bbox 564 5123 700 5192; x_wconf 82' lang='lat' dir='ltr'><strong>Quid</strong></span> <span class='ocrx_word' id='word_1_435' title='bbox 748 5123 886 5177; x_wconf 92' lang='lat' dir='ltr'><strong>enim</strong></span> <span class='ocrx_word' id='word_1_436' title='bbox 932 5119 1076 5176; x_wconf 88' lang='lat' dir='ltr'><strong>aliud</strong></span> <span class='ocrx_word' id='word_1_437' title='bbox 1123 5121 1176 5174; x_wconf 93' lang='lat' dir='ltr'><strong>in</strong></span> <span class='ocrx_word' id='word_1_438' title='bbox 1207 5118 1336 5173; x_wconf 89' lang='lat' dir='ltr'><strong>vitio</strong></span> <span class='ocrx_word' id='word_1_439' title='bbox 1380 5125 1530 5172; x_wconf 90' lang='lat' dir='ltr'><strong>recte</strong></span> <span class='ocrx_word' id='word_1_440' title='bbox 1567 5115 1831 5188; x_wconf 79' lang='lat' dir='ltr'><strong>diSplicet,</strong></span> <span class='ocrx_word' id='word_1_441' title='bbox 1879 5116 1984 5172; x_wconf 91' lang='lat' dir='ltr'><strong>nisi</strong></span> <span class='ocrx_word' id='word_1_442' title='bbox 2021 5118 2144 5190; x_wconf 88' lang='lat' dir='ltr'><strong>quia</strong></span> 
     </span>
    </p>
   </div>
   <div class='ocr_carea' id='block_1_55' title="bbox 565 5206 1826 5282">
    <p class='ocr_par' dir='ltr' id='par_1_55' title="bbox 565 5206 1826 5282">
     <span class='ocr_line' id='line_1_55' title="bbox 565 5206 1826 5282; baseline -0.006 -13"><span class='ocrx_word' id='word_1_443' title='bbox 565 5215 796 5270; x_wconf 86' lang='lat' dir='ltr'><strong>detrahit</strong></span> <span class='ocrx_word' id='word_1_444' title='bbox 824 5213 906 5268; x_wconf 90' lang='lat' dir='ltr'><strong>vel</strong></span> <span class='ocrx_word' id='word_1_445' title='bbox 937 5212 1129 5266; x_wconf 91' lang='lat' dir='ltr'><strong>minuit</strong></span> <span class='ocrx_word' id='word_1_446' title='bbox 1157 5209 1298 5282; x_wconf 92' lang='lat' dir='ltr'><strong>quod</strong></span> <span class='ocrx_word' id='word_1_447' title='bbox 1323 5210 1374 5264; x_wconf 93' lang='lat' dir='ltr'><strong>in</strong></span> <span class='ocrx_word' id='word_1_448' title='bbox 1404 5217 1588 5264; x_wconf 89' lang='lat' dir='ltr'><strong>natura</strong></span> <span class='ocrx_word' id='word_1_449' title='bbox 1619 5206 1826 5278; x_wconf 85' lang='lat' dir='ltr'><strong>placet?</strong></span> 
     </span>
    </p>
   </div>
   <div class='ocr_carea' id='block_1_56' title="bbox 636 5300 2140 5378">
    <p class='ocr_par' dir='ltr' id='par_1_56' title="bbox 636 5300 2140 5378">
     <span class='ocr_line' id='line_1_56' title="bbox 636 5300 2140 5378; baseline -0.006 -13"><span class='ocrx_word' id='word_1_450' title='bbox 636 5309 724 5366; x_wconf 76' lang='lat' dir='ltr'><strong>i5.</strong></span> <span class='ocrx_word' id='word_1_451' title='bbox 764 5309 894 5364; x_wconf 89' lang='lat' dir='ltr'><strong>Cum</strong></span> <span class='ocrx_word' id='word_1_452' title='bbox 924 5321 1054 5378; x_wconf 85' lang='lat' dir='ltr'><strong>ergo</strong></span> <span class='ocrx_word' id='word_1_453' title='bbox 1077 5305 1330 5362; x_wconf 88' lang='lat' dir='ltr'><strong>divinitus</strong></span> <span class='ocrx_word' id='word_1_454' title='bbox 1358 5303 1638 5373; x_wconf 88' lang='lat' dir='ltr'><strong>adiuvatur</strong></span> <span class='ocrx_word' id='word_1_455' title='bbox 1667 5300 1850 5369; x_wconf 90' lang='lat' dir='ltr'><strong>homo,</strong></span> <span class='ocrx_word' id='word_1_456' title='bbox 1883 5317 1990 5358; x_wconf 91' lang='lat' dir='ltr'><strong>non</strong></span> <span class='ocrx_word' id='word_1_457' title='bbox 2020 5311 2140 5357; x_wconf 84' lang='lat' dir='ltr'><strong>tan-</strong></span> 
     </span>
    </p>
   </div>
   <div class='ocr_carea' id='block_1_57' title="bbox 565 5393 2142 5470">
    <p class='ocr_par' dir='ltr' id='par_1_57' title="bbox 565 5393 2142 5470">
     <span class='ocr_line' id='line_1_57' title="bbox 565 5393 2142 5470; baseline -0.004 -14"><span class='ocrx_word' id='word_1_458' title='bbox 565 5409 676 5456; x_wconf 91' lang='lat' dir='ltr'><strong>tum</strong></span> <span class='ocrx_word' id='word_1_459' title='bbox 698 5418 718 5452; x_wconf 73' lang='lat' dir='ltr'><strong>t</strong></span> <span class='ocrx_word' id='word_1_460' title='bbox 742 5400 808 5455; x_wconf 85' lang='lat' dir='ltr'><strong>ad</strong></span> <span class='ocrx_word' id='word_1_461' title='bbox 829 5397 1210 5470; x_wconf 86' lang='lat' dir='ltr'><strong>capessendam</strong></span> <span class='ocrx_word' id='word_1_462' title='bbox 1232 5395 1616 5468; x_wconf 81' lang='lat' dir='ltr'><strong>perfectionem</strong></span> <span class='ocrx_word' id='word_1_463' title='bbox 1634 5393 1932 5464; x_wconf 88' lang='lat' dir='ltr'><strong>adiuvatur,</strong></span> <span class='ocrx_word' id='word_1_464' title='bbox 1960 5413 1979 5448; x_wconf 76' lang='grc' dir='ltr'><strong><em>ι</em></strong></span> <span class='ocrx_word' id='word_1_465' title='bbox 2001 5393 2142 5464; x_wconf 90' lang='lat' dir='ltr'><strong>quod</strong></span> 
     </span>
    </p>
   </div>
   <div class='ocr_carea' id='block_1_58' title="bbox 565 5486 2139 5564">
    <p class='ocr_par' dir='ltr' id='par_1_58' title="bbox 565 5486 2139 5564">
     <span class='ocr_line' id='line_1_58' title="bbox 565 5486 2139 5564; baseline -0.004 -17"><span class='ocrx_word' id='word_1_466' title='bbox 565 5495 676 5564; x_wconf 89' lang='lat' dir='ltr'><strong>ipse</strong></span> <span class='ocrx_word' id='word_1_467' title='bbox 698 5491 942 5564; x_wconf 89' lang='lat' dir='ltr'><strong>posuisti,</strong></span> <span class='ocrx_word' id='word_1_468' title='bbox 971 5491 1153 5561; x_wconf 84' lang='lat' dir='ltr'><strong>utique</strong></span> <span class='ocrx_word' id='word_1_469' title='bbox 1179 5489 1367 5543; x_wconf 91' lang='lat' dir='ltr'><strong>volens</strong></span> <span class='ocrx_word' id='word_1_470' title='bbox 1390 5487 1610 5558; x_wconf 82' lang='lat' dir='ltr'><strong>intelligi</strong></span> <span class='ocrx_word' id='word_1_471' title='bbox 1636 5502 1756 5542; x_wconf 91' lang='lat' dir='ltr'><strong>eum</strong></span> <span class='ocrx_word' id='word_1_472' title='bbox 1795 5501 1888 5555; x_wconf 91' lang='lat' dir='ltr'><strong>per</strong></span> <span class='ocrx_word' id='word_1_473' title='bbox 1921 5501 1980 5540; x_wconf 87' lang='lat' dir='ltr'><strong>se</strong></span> <span class='ocrx_word' id='word_1_474' title='bbox 2005 5486 2139 5540; x_wconf 89' lang='lat' dir='ltr'><strong>inci-</strong></span> 
     </span>
    </p>
   </div>
   <div class='ocr_carea' id='block_1_59' title="bbox 565 5576 2186 5654">
    <p class='ocr_par' dir='ltr' id='par_1_59' title="bbox 565 5576 2186 5654">
     <span class='ocr_line' id='line_1_59' title="bbox 565 5576 2186 5654; baseline -0.006 -15"><span class='ocrx_word' id='word_1_475' title='bbox 565 5599 688 5654; x_wconf 88' lang='lat' dir='ltr'><strong>pere</strong></span> <span class='ocrx_word' id='word_1_476' title='bbox 734 5584 847 5638; x_wconf 87' lang='lat' dir='ltr'><strong>sine</strong></span> <span class='ocrx_word' id='word_1_477' title='bbox 897 5582 1086 5652; x_wconf 87' lang='lat' dir='ltr'><strong>gratia,</strong></span> <span class='ocrx_word' id='word_1_478' title='bbox 1137 5579 1281 5650; x_wconf 91' lang='lat' dir='ltr'><strong>quod</strong></span> <span class='ocrx_word' id='word_1_479' title='bbox 1327 5577 1538 5650; x_wconf 89' lang='lat' dir='ltr'><strong>perﬁcit</strong></span> <span class='ocrx_word' id='word_1_480' title='bbox 1576 5577 1745 5648; x_wconf 86' lang='lat' dir='ltr'><strong>gratia</strong></span> <span class='ocrx_word' id='word_1_481' title='bbox 1775 5594 1788 5630; x_wconf 94' lang='lat'><strong>:</strong></span> <span class='ocrx_word' id='word_1_482' title='bbox 1817 5576 1912 5631; x_wconf 91' lang='lat' dir='ltr'><strong>sed</strong></span> <span class='ocrx_word' id='word_1_483' title='bbox 1965 5577 2140 5646; x_wconf 90' lang='lat' dir='ltr'><strong>potius</strong></span> <span class='ocrx_word' id='word_1_484' title='bbox 2181 5615 2186 5620; x_wconf 66' lang='grc' dir='ltr'><strong>ς</strong></span> 
     </span>
    </p>
   </div>
   <div class='ocr_carea' id='block_1_60' title="bbox 569 5671 2138 5748">
    <p class='ocr_par' dir='ltr' id='par_1_60' title="bbox 569 5671 2138 5748">
     <span class='ocr_line' id='line_1_60' title="bbox 569 5671 2138 5748; baseline -0.002 -19"><span class='ocrx_word' id='word_1_485' title='bbox 569 5675 702 5748; x_wconf 71' lang='grc' dir='ltr'><strong>ιιιοά</strong></span> <span class='ocrx_word' id='word_1_486' title='bbox 721 5676 1007 5747; x_wconf 80' lang='lat' dir='ltr'><strong>Apostolus</strong></span> <span class='ocrx_word' id='word_1_487' title='bbox 1031 5674 1362 5746; x_wconf 89' lang='lat' dir='ltr'><strong>loquitur,ut</strong></span> <span class='ocrx_word' id='word_1_488' title='bbox 1380 5673 1467 5745; x_wconf 86' lang='lat' dir='ltr'><strong>qui</strong></span> <span class='ocrx_word' id='word_1_489' title='bbox 1491 5672 1543 5728; x_wconf 91' lang='lat' dir='ltr'><strong>in</strong></span> <span class='ocrx_word' id='word_1_490' title='bbox 1570 5671 1769 5727; x_wconf 70' lang='lat' dir='ltr'><strong>vobis*</strong></span> <span class='ocrx_word' id='word_1_491' title='bbox 1781 5686 1914 5741; x_wconf 89' lang='lat' dir='ltr'><strong>opus</strong></span> <span class='ocrx_word' id='word_1_492' title='bbox 1940 5671 2138 5726; x_wconf 88' lang='lat' dir='ltr'><strong>bonum</strong></span> 
     </span>
    </p>
   </div>
   <div class='ocr_carea' id='block_1_61' title="bbox 625 5834 1360 5899">
    <p class='ocr_par' dir='ltr' id='par_1_61' title="bbox 625 5834 1360 5899">
     <span class='ocr_line' id='line_1_61' title="bbox 625 5834 1360 5899; baseline -0.001 -13"><span class='ocrx_word' id='word_1_493' title='bbox 625 5835 648 5873; x_wconf 72' lang='grc'><strong>⁸</strong></span> <span class='ocrx_word' id='word_1_494' title='bbox 673 5841 760 5886; x_wconf 71' lang='lat' dir='ltr'><strong>Am</strong></span> <span class='ocrx_word' id='word_1_495' title='bbox 797 5842 852 5886; x_wconf 90' lang='lat' dir='ltr'><strong>et</strong></span> <span class='ocrx_word' id='word_1_496' title='bbox 869 5847 1042 5888; x_wconf 80' lang='lat' dir='ltr'><strong>omnes</strong></span> <span class='ocrx_word' id='word_1_497' title='bbox 1061 5843 1189 5899; x_wconf 59' lang='lat'><strong>143.,</strong></span> <span class='ocrx_word' id='word_1_498' title='bbox 1210 5834 1360 5886; x_wconf 80' lang='lat' dir='ltr'><strong>nobis.</strong></span> 
     </span>
    </p>
   </div>
   <div class='ocr_carea' id='block_1_62' title="bbox 2280 785 3876 857">
    <p class='ocr_par' dir='ltr' id='par_1_62' title="bbox 2280 785 3876 857">
     <span class='ocr_line' id='line_1_62' title="bbox 2280 785 3876 857; baseline 0.004 -18"><span class='ocrx_word' id='word_1_499' title='bbox 2280 799 2389 840; x_wconf 90' lang='lat' dir='ltr'><strong>non</strong></span> <span class='ocrx_word' id='word_1_500' title='bbox 2410 787 2492 844; x_wconf 90' lang='lat' dir='ltr'><strong>vis</strong></span> <span class='ocrx_word' id='word_1_501' title='bbox 2519 787 2573 842; x_wconf 93' lang='lat' dir='ltr'><strong>in</strong></span> <span class='ocrx_word' id='word_1_502' title='bbox 2599 785 2848 854; x_wconf 91' lang='lat' dir='ltr'><strong>Domino,</strong></span> <span class='ocrx_word' id='word_1_503' title='bbox 2882 786 2978 842; x_wconf 90' lang='lat' dir='ltr'><strong>sed</strong></span> <span class='ocrx_word' id='word_1_504' title='bbox 3007 787 3062 841; x_wconf 93' lang='lat' dir='ltr'><strong>in</strong></span> <span class='ocrx_word' id='word_1_505' title='bbox 3087 786 3258 844; x_wconf 91' lang='lat' dir='ltr'><strong>libero</strong></span> <span class='ocrx_word' id='word_1_506' title='bbox 3280 786 3502 842; x_wconf 87' lang='lat' dir='ltr'><strong>arbitrio</strong></span> <span class='ocrx_word' id='word_1_507' title='bbox 3525 788 3740 857; x_wconf 90' lang='lat' dir='ltr'><strong>gloriari</strong></span> <span class='ocrx_word' id='word_1_508' title='bbox 3767 807 3782 844; x_wconf 91' lang='lat'>:</span> <span class='ocrx_word' id='word_1_509' title='bbox 3807 803 3876 846; x_wconf 82' lang='lat' dir='ltr'><strong>ac</strong></span> 
     </span>
    </p>
   </div>
   <div class='ocr_carea' id='block_1_63' title="bbox 2278 876 3872 949">
    <p class='ocr_par' dir='ltr' id='par_1_63' title="bbox 2278 876 3872 949">
     <span class='ocr_line' id='line_1_63' title="bbox 2278 876 3872 949; baseline 0.003 -17"><span class='ocrx_word' id='word_1_510' title='bbox 2278 877 2356 932; x_wconf 92' lang='lat' dir='ltr'><strong>sic</strong></span> <span class='ocrx_word' id='word_1_511' title='bbox 2392 877 2624 947; x_wconf 91' lang='lat' dir='ltr'><strong>priorem</strong></span> <span class='ocrx_word' id='word_1_512' title='bbox 2672 876 2826 946; x_wconf 89' lang='lat' dir='ltr'><strong>dare,</strong></span> <span class='ocrx_word' id='word_1_513' title='bbox 2871 886 2932 933; x_wconf 91' lang='lat' dir='ltr'><strong>ut</strong></span> <span class='ocrx_word' id='word_1_514' title='bbox 2973 878 3298 934; x_wconf 85' lang='lat' dir='ltr'><strong>retribuatur</strong></span> <span class='ocrx_word' id='word_1_515' title='bbox 3333 878 3443 944; x_wconf 92' lang='lat' dir='ltr'><strong>illi;</strong></span> <span class='ocrx_word' id='word_1_516' title='bbox 3496 893 3666 949; x_wconf 90' lang='lat' dir='ltr'><strong>eoque</strong></span> <span class='ocrx_word' id='word_1_517' title='bbox 3705 881 3872 937; x_wconf 89' lang='lat' dir='ltr'><strong>modo</strong></span> 
     </span>
    </p>
   </div>
   <div class='ocr_carea' id='block_1_64' title="bbox 2276 969 3868 1044">
    <p class='ocr_par' dir='ltr' id='par_1_64' title="bbox 2276 969 3868 1044">
     <span class='ocr_line' id='line_1_64' title="bbox 2276 969 3868 1044; baseline 0.004 -20"><span class='ocrx_word' id='word_1_518' title='bbox 2276 973 2442 1042; x_wconf 88' lang='lat' dir='ltr'><strong>gratia</strong></span> <span class='ocrx_word' id='word_1_519' title='bbox 2465 971 2576 1041; x_wconf 90' lang='lat' dir='ltr'><strong>iam</strong></span> <span class='ocrx_word' id='word_1_520' title='bbox 2614 986 2720 1026; x_wconf 94' lang='lat' dir='ltr'><strong>non</strong></span> <span class='ocrx_word' id='word_1_521' title='bbox 2759 972 2828 1026; x_wconf 90' lang='lat' dir='ltr'><strong>sit</strong></span> <span class='ocrx_word' id='word_1_522' title='bbox 2853 973 3020 1042; x_wconf 90' lang='lat' dir='ltr'><strong>gratia</strong></span> <span class='ocrx_word' id='word_1_523' title='bbox 3053 969 3225 1041; x_wconf 87' lang='lat' dir='ltr'><strong>(Rom.</strong></span> <span class='ocrx_word' id='word_1_524' title='bbox 3267 987 3342 1036; x_wconf 77' lang='grc' dir='ltr'><strong>χι,</strong></span> <span class='ocrx_word' id='word_1_525' title='bbox 3372 972 3463 1036; x_wconf 76' lang='grc'><strong>55,</strong></span> <span class='ocrx_word' id='word_1_526' title='bbox 3494 970 3572 1043; x_wconf 90' lang='grc'><strong>6),</strong></span> <span class='ocrx_word' id='word_1_527' title='bbox 3609 973 3729 1044; x_wconf 90' lang='lat' dir='ltr'><strong>quia</strong></span> <span class='ocrx_word' id='word_1_528' title='bbox 3756 989 3868 1030; x_wconf 91' lang='lat' dir='ltr'><strong>non</strong></span> 
     </span>
    </p>
   </div>
   <div class='ocr_carea' id='block_1_65' title="bbox 2275 1061 3867 1132">
    <p class='ocr_par' dir='ltr' id='par_1_65' title="bbox 2275 1061 3867 1132">
     <span class='ocr_line' id='line_1_65' title="bbox 2275 1061 3867 1132; baseline 0.003 -17"><span class='ocrx_word' id='word_1_529' title='bbox 2275 1069 2359 1116; x_wconf 91' lang='lat' dir='ltr'><strong>est</strong></span> <span class='ocrx_word' id='word_1_530' title='bbox 2397 1062 2643 1132; x_wconf 89' lang='lat' dir='ltr'><strong>gratuita.</strong></span> <span class='ocrx_word' id='word_1_531' title='bbox 2692 1080 2712 1114; x_wconf 84' lang='grc'><strong>‹</strong></span> <span class='ocrx_word' id='word_1_532' title='bbox 2740 1063 2940 1118; x_wconf 92' lang='lat' dir='ltr'><strong>Bonam</strong></span> <span class='ocrx_word' id='word_1_533' title='bbox 2969 1082 2988 1115; x_wconf 77' lang='grc' dir='ltr'><strong><em>ι</em></strong></span> <span class='ocrx_word' id='word_1_534' title='bbox 3045 1061 3180 1118; x_wconf 91' lang='lat' dir='ltr'><strong>dicis</strong></span> <span class='ocrx_word' id='word_1_535' title='bbox 3224 1061 3549 1117; x_wconf 72' lang='lat' dir='ltr'><strong>«hominum</strong></span> <span class='ocrx_word' id='word_1_536' title='bbox 3597 1073 3867 1132; x_wconf 88' lang='lat' dir='ltr'><strong>naturam,</strong></span> 
     </span>
    </p>
   </div>
   <div class='ocr_carea' id='block_1_66' title="bbox 2273 1154 3865 1228">
    <p class='ocr_par' dir='ltr' id='par_1_66' title="bbox 2273 1154 3865 1228">
     <span class='ocr_line' id='line_1_66' title="bbox 2273 1154 3865 1228; baseline 0.002 -19"><span class='ocrx_word' id='word_1_537' title='bbox 2273 1168 2394 1225; x_wconf 74' lang='lat' dir='ltr'><strong>qua:</strong></span> <span class='ocrx_word' id='word_1_538' title='bbox 2423 1154 2544 1210; x_wconf 87' lang='lat' dir='ltr'><strong>talis</strong></span> <span class='ocrx_word' id='word_1_539' title='bbox 2572 1155 2755 1226; x_wconf 64' lang='lat' dir='ltr'><strong>gratiae</strong></span> <span class='ocrx_word' id='word_1_540' title='bbox 2778 1155 3180 1226; x_wconf 89' lang='lat' dir='ltr'><strong>opitulationem</strong></span> <span class='ocrx_word' id='word_1_541' title='bbox 3208 1165 3465 1211; x_wconf 90' lang='lat' dir='ltr'><strong>meretur.</strong></span> <span class='ocrx_word' id='word_1_542' title='bbox 3496 1173 3516 1207; x_wconf 75' lang='grc' dir='ltr'><strong><em>ι</em></strong></span> <span class='ocrx_word' id='word_1_543' title='bbox 3549 1155 3702 1225; x_wconf 85' lang='lat' dir='ltr'><strong>Quod</strong></span> <span class='ocrx_word' id='word_1_544' title='bbox 3736 1173 3865 1228; x_wconf 81' lang='lat' dir='ltr'><strong>gra-</strong></span> 
     </span>
    </p>
   </div>
   <div class='ocr_carea' id='block_1_67' title="bbox 2277 1247 3866 1319">
    <p class='ocr_par' dir='ltr' id='par_1_67' title="bbox 2277 1247 3866 1319">
     <span class='ocr_line' id='line_1_67' title="bbox 2277 1247 3866 1319; baseline 0.001 -17"><span class='ocrx_word' id='word_1_545' title='bbox 2277 1255 2448 1302; x_wconf 90' lang='lat' dir='ltr'><strong>tanter</strong></span> <span class='ocrx_word' id='word_1_546' title='bbox 2470 1247 2729 1314; x_wconf 89' lang='lat' dir='ltr'><strong>audirem,</strong></span> <span class='ocrx_word' id='word_1_547' title='bbox 2765 1248 2810 1303; x_wconf 91' lang='lat' dir='ltr'><strong>si</strong></span> <span class='ocrx_word' id='word_1_548' title='bbox 2842 1249 2944 1304; x_wconf 88' lang='lat' dir='ltr'><strong>hoc</strong></span> <span class='ocrx_word' id='word_1_549' title='bbox 2982 1258 3260 1319; x_wconf 89' lang='lat' dir='ltr'><strong>propterea</strong></span> <span class='ocrx_word' id='word_1_550' title='bbox 3296 1248 3421 1319; x_wconf 90' lang='lat' dir='ltr'><strong>quia</strong></span> <span class='ocrx_word' id='word_1_551' title='bbox 3453 1249 3729 1304; x_wconf 87' lang='lat' dir='ltr'><strong>rationalis</strong></span> <span class='ocrx_word' id='word_1_552' title='bbox 3769 1265 3866 1304; x_wconf 80' lang='lat' dir='ltr'><strong>na-</strong></span> 
     </span>
    </p>
   </div>
   <div class='ocr_carea' id='block_1_68' title="bbox 2274 1341 3866 1412">
    <p class='ocr_par' dir='ltr' id='par_1_68' title="bbox 2274 1341 3866 1412">
     <span class='ocr_line' id='line_1_68' title="bbox 2274 1341 3866 1412; baseline 0.003 -19"><span class='ocrx_word' id='word_1_553' title='bbox 2274 1347 2388 1395; x_wconf 90' lang='lat' dir='ltr'><strong>tura</strong></span> <span class='ocrx_word' id='word_1_554' title='bbox 2417 1350 2500 1397; x_wconf 90' lang='lat' dir='ltr'><strong>est</strong></span> <span class='ocrx_word' id='word_1_555' title='bbox 2536 1341 2781 1396; x_wconf 90' lang='lat' dir='ltr'><strong>diceres:</strong></span> <span class='ocrx_word' id='word_1_556' title='bbox 2815 1357 2988 1412; x_wconf 91' lang='lat' dir='ltr'><strong>neque</strong></span> <span class='ocrx_word' id='word_1_557' title='bbox 3026 1342 3167 1398; x_wconf 92' lang='lat' dir='ltr'><strong>enim</strong></span> <span class='ocrx_word' id='word_1_558' title='bbox 3210 1342 3378 1412; x_wconf 90' lang='lat' dir='ltr'><strong>gratia</strong></span> <span class='ocrx_word' id='word_1_559' title='bbox 3411 1342 3502 1398; x_wconf 88' lang='lat' dir='ltr'><strong>Dei</strong></span> <span class='ocrx_word' id='word_1_560' title='bbox 3544 1357 3643 1412; x_wconf 92' lang='lat' dir='ltr'><strong>per</strong></span> <span class='ocrx_word' id='word_1_561' title='bbox 3677 1341 3866 1398; x_wconf 84' lang='lat' dir='ltr'><strong>Jesum</strong></span> 
     </span>
    </p>
   </div>
   <div class='ocr_carea' id='block_1_69' title="bbox 2274 1430 3867 1506">
    <p class='ocr_par' dir='ltr' id='par_1_69' title="bbox 2274 1430 3867 1506">
     <span class='ocr_line' id='line_1_69' title="bbox 2274 1430 3867 1506; baseline 0.002 -19"><span class='ocrx_word' id='word_1_562' title='bbox 2274 1430 2535 1488; x_wconf 87' lang='lat' dir='ltr'><strong>Christum</strong></span> <span class='ocrx_word' id='word_1_563' title='bbox 2559 1434 2838 1488; x_wconf 90' lang='lat' dir='ltr'><strong>Dominum</strong></span> <span class='ocrx_word' id='word_1_564' title='bbox 2862 1443 3102 1489; x_wconf 90' lang='lat' dir='ltr'><strong>nostrum</strong></span> <span class='ocrx_word' id='word_1_565' title='bbox 3123 1433 3384 1506; x_wconf 81' lang='lat' dir='ltr'><strong>lapidibus</strong></span> <span class='ocrx_word' id='word_1_566' title='bbox 3407 1444 3500 1489; x_wconf 91' lang='lat' dir='ltr'><strong>aut</strong></span> <span class='ocrx_word' id='word_1_567' title='bbox 3522 1435 3678 1505; x_wconf 82' lang='lat' dir='ltr'><strong>lignis</strong></span> <span class='ocrx_word' id='word_1_568' title='bbox 3703 1451 3867 1505; x_wconf 86' lang='lat' dir='ltr'><strong>peco-</strong></span> 
     </span>
    </p>
   </div>
   <div class='ocr_carea' id='block_1_70' title="bbox 2273 1523 3864 1596">
    <p class='ocr_par' dir='ltr' id='par_1_70' title="bbox 2273 1523 3864 1596">
     <span class='ocr_line' id='line_1_70' title="bbox 2273 1523 3864 1596; baseline 0.003 -19"><span class='ocrx_word' id='word_1_569' title='bbox 2273 1523 2486 1580; x_wconf 90' lang='lat' dir='ltr'><strong>ribusve</strong></span> <span class='ocrx_word' id='word_1_570' title='bbox 2525 1534 2807 1595; x_wconf 72' lang='lat' dir='ltr'><strong>prmstatur</strong></span> <span class='ocrx_word' id='word_1_571' title='bbox 2833 1542 2847 1579; x_wconf 90' lang='lat'><strong>:</strong></span> <span class='ocrx_word' id='word_1_572' title='bbox 2880 1525 2976 1581; x_wconf 90' lang='lat' dir='ltr'><strong>sed</strong></span> <span class='ocrx_word' id='word_1_573' title='bbox 3007 1525 3129 1596; x_wconf 92' lang='lat' dir='ltr'><strong>quia</strong></span> <span class='ocrx_word' id='word_1_574' title='bbox 3159 1525 3336 1596; x_wconf 91' lang='lat' dir='ltr'><strong>imago</strong></span> <span class='ocrx_word' id='word_1_575' title='bbox 3363 1526 3455 1580; x_wconf 89' lang='lat' dir='ltr'><strong>Dei</strong></span> <span class='ocrx_word' id='word_1_576' title='bbox 3485 1535 3588 1592; x_wconf 89' lang='lat' dir='ltr'><strong>est,</strong></span> <span class='ocrx_word' id='word_1_577' title='bbox 3619 1536 3864 1582; x_wconf 89' lang='lat' dir='ltr'><strong>meretur</strong></span> 
     </span>
    </p>
   </div>
   <div class='ocr_carea' id='block_1_71' title="bbox 2271 1614 3862 1690">
    <p class='ocr_par' dir='ltr' id='par_1_71' title="bbox 2271 1614 3862 1690">
     <span class='ocr_line' id='line_1_71' title="bbox 2271 1614 3862 1690; baseline 0.003 -21"><span class='ocrx_word' id='word_1_578' title='bbox 2271 1614 2406 1672; x_wconf 89' lang='lat' dir='ltr'><strong>hanc</strong></span> <span class='ocrx_word' id='word_1_579' title='bbox 2421 1618 2645 1688; x_wconf 90' lang='lat' dir='ltr'><strong>gratiam</strong></span> <span class='ocrx_word' id='word_1_580' title='bbox 2669 1632 2686 1684; x_wconf 93' lang='lat'><strong>;</strong></span> <span class='ocrx_word' id='word_1_581' title='bbox 2714 1633 2823 1673; x_wconf 92' lang='lat' dir='ltr'><strong>non</strong></span> <span class='ocrx_word' id='word_1_582' title='bbox 2853 1626 3030 1672; x_wconf 87' lang='lat' dir='ltr'><strong>tamen</strong></span> <span class='ocrx_word' id='word_1_583' title='bbox 3067 1626 3127 1673; x_wconf 94' lang='lat' dir='ltr'><strong>ut</strong></span> <span class='ocrx_word' id='word_1_584' title='bbox 3153 1617 3269 1689; x_wconf 86' lang='lat' dir='ltr'><strong>ejus</strong></span> <span class='ocrx_word' id='word_1_585' title='bbox 3295 1618 3431 1673; x_wconf 92' lang='lat' dir='ltr'><strong>bona</strong></span> <span class='ocrx_word' id='word_1_586' title='bbox 3456 1618 3703 1675; x_wconf 87' lang='lat' dir='ltr'><strong>voluntas</strong></span> <span class='ocrx_word' id='word_1_587' title='bbox 3727 1633 3862 1690; x_wconf 87' lang='lat' dir='ltr'><strong>pos-</strong></span> 
     </span>
    </p>
   </div>
   <div class='ocr_carea' id='block_1_72' title="bbox 2269 1709 3862 1782">
    <p class='ocr_par' dir='ltr' id='par_1_72' title="bbox 2269 1709 3862 1782">
     <span class='ocr_line' id='line_1_72' title="bbox 2269 1709 3862 1782; baseline 0.001 -18"><span class='ocrx_word' id='word_1_588' title='bbox 2269 1709 2340 1764; x_wconf 91' lang='lat' dir='ltr'><strong>sit</strong></span> <span class='ocrx_word' id='word_1_589' title='bbox 2375 1709 2679 1780; x_wconf 75' lang='lat' dir='ltr'><strong>przecedere</strong></span> <span class='ocrx_word' id='word_1_590' title='bbox 2723 1719 2918 1781; x_wconf 81' lang='lat' dir='ltr'><strong>praeter</strong></span> <span class='ocrx_word' id='word_1_591' title='bbox 2954 1711 3200 1781; x_wconf 90' lang='lat' dir='ltr'><strong>gratiam,</strong></span> <span class='ocrx_word' id='word_1_592' title='bbox 3247 1726 3316 1766; x_wconf 92' lang='lat' dir='ltr'><strong>ne</strong></span> <span class='ocrx_word' id='word_1_593' title='bbox 3342 1711 3428 1765; x_wconf 87' lang='lat' dir='ltr'><strong>vel</strong></span> <span class='ocrx_word' id='word_1_594' title='bbox 3463 1711 3670 1782; x_wconf 69' lang='lat' dir='ltr'><strong>ipsam‘</strong></span> <span class='ocrx_word' id='word_1_595' title='bbox 3709 1711 3862 1781; x_wconf 91' lang='lat' dir='ltr'><strong>prior</strong></span> 
     </span>
    </p>
   </div>
   <div class='ocr_carea' id='block_1_73' title="bbox 2266 1800 3859 1874">
    <p class='ocr_par' dir='ltr' id='par_1_73' title="bbox 2266 1800 3859 1874">
     <span class='ocr_line' id='line_1_73' title="bbox 2266 1800 3859 1874; baseline 0 -18"><span class='ocrx_word' id='word_1_596' title='bbox 2266 1800 2376 1868; x_wconf 92' lang='lat' dir='ltr'><strong>det,</strong></span> <span class='ocrx_word' id='word_1_597' title='bbox 2407 1810 2466 1856; x_wconf 91' lang='lat' dir='ltr'><strong>ut</strong></span> <span class='ocrx_word' id='word_1_598' title='bbox 2484 1801 2802 1858; x_wconf 84' lang='lat' dir='ltr'><strong>retribuatur</strong></span> <span class='ocrx_word' id='word_1_599' title='bbox 2831 1802 2926 1870; x_wconf 93' lang='lat' dir='ltr'><strong>illi,</strong></span> <span class='ocrx_word' id='word_1_600' title='bbox 2948 1816 3011 1858; x_wconf 92' lang='lat' dir='ltr'><strong>ac</strong></span> <span class='ocrx_word' id='word_1_601' title='bbox 3057 1801 3135 1857; x_wconf 90' lang='lat' dir='ltr'><strong>sic</strong></span> <span class='ocrx_word' id='word_1_602' title='bbox 3171 1802 3337 1872; x_wconf 89' lang='lat' dir='ltr'><strong>gratia</strong></span> <span class='ocrx_word' id='word_1_603' title='bbox 3361 1801 3598 1872; x_wconf 88' lang='lat' dir='ltr'><strong>iamnon</strong></span> <span class='ocrx_word' id='word_1_604' title='bbox 3626 1803 3696 1858; x_wconf 90' lang='lat' dir='ltr'><strong>sit</strong></span> <span class='ocrx_word' id='word_1_605' title='bbox 3731 1818 3859 1874; x_wconf 83' lang='lat' dir='ltr'><strong>gra-</strong></span> 
     </span>
    </p>
   </div>
   <div class='ocr_carea' id='block_1_74' title="bbox 2265 1895 3854 1968">
    <p class='ocr_par' dir='ltr' id='par_1_74' title="bbox 2265 1895 3854 1968">
     <span class='ocr_line' id='line_1_74' title="bbox 2265 1895 3854 1968; baseline 0.002 -19"><span class='ocrx_word' id='word_1_606' title='bbox 2265 1895 2359 1962; x_wconf 88' lang='lat' dir='ltr'><strong>tia,</strong></span> <span class='ocrx_word' id='word_1_607' title='bbox 2395 1895 2523 1952; x_wconf 89' lang='lat' dir='ltr'><strong>dum</strong></span> <span class='ocrx_word' id='word_1_608' title='bbox 2575 1911 2681 1953; x_wconf 91' lang='lat' dir='ltr'><strong>non</strong></span> <span class='ocrx_word' id='word_1_609' title='bbox 2727 1897 2882 1953; x_wconf 88' lang='lat' dir='ltr'><strong>datur</strong></span> <span class='ocrx_word' id='word_1_610' title='bbox 2929 1897 3178 1968; x_wconf 88' lang='lat' dir='ltr'><strong>gratuita,</strong></span> <span class='ocrx_word' id='word_1_611' title='bbox 3228 1897 3324 1952; x_wconf 84' lang='lat' dir='ltr'><strong>sed</strong></span> <span class='ocrx_word' id='word_1_612' title='bbox 3365 1897 3604 1952; x_wconf 89' lang='lat' dir='ltr'><strong>redditur</strong></span> <span class='ocrx_word' id='word_1_613' title='bbox 3647 1897 3854 1954; x_wconf 81' lang='lat' dir='ltr'><strong>debita.</strong></span> 
     </span>
    </p>
   </div>
   <div class='ocr_carea' id='block_1_75' title="bbox 2263 1985 3855 2060">
    <p class='ocr_par' dir='ltr' id='par_1_75' title="bbox 2263 1985 3855 2060">
     <span class='ocr_line' id='line_1_75' title="bbox 2263 1985 3855 2060; baseline 0 -18"><span class='ocrx_word' id='word_1_614' title='bbox 2263 1985 2400 2055; x_wconf 91' lang='lat' dir='ltr'><strong>Quid</strong></span> <span class='ocrx_word' id='word_1_615' title='bbox 2427 1997 2510 2044; x_wconf 91' lang='lat' dir='ltr'><strong>est</strong></span> <span class='ocrx_word' id='word_1_616' title='bbox 2528 2003 2676 2060; x_wconf 86' lang='lat' dir='ltr'><strong>ergo,</strong></span> <span class='ocrx_word' id='word_1_617' title='bbox 2708 1989 2847 2060; x_wconf 92' lang='lat' dir='ltr'><strong>quod</strong></span> <span class='ocrx_word' id='word_1_618' title='bbox 2869 1988 3159 2046; x_wconf 90' lang='lat' dir='ltr'><strong>secundum</strong></span> <span class='ocrx_word' id='word_1_619' title='bbox 3185 1987 3400 2044; x_wconf 90' lang='lat' dir='ltr'><strong>modum</strong></span> <span class='ocrx_word' id='word_1_620' title='bbox 3423 1998 3680 2054; x_wconf 91' lang='lat' dir='ltr'><strong>vestrum,</strong></span> <span class='ocrx_word' id='word_1_621' title='bbox 3718 2007 3738 2042; x_wconf 83' lang='grc'>‹</span> <span class='ocrx_word' id='word_1_622' title='bbox 3767 1989 3855 2045; x_wconf 87' lang='lat' dir='ltr'><strong>ef-</strong></span> 
     </span>
    </p>
   </div>
   <div class='ocr_carea' id='block_1_76' title="bbox 2262 2075 3856 2136">
    <p class='ocr_par' dir='ltr' id='par_1_76' title="bbox 2262 2075 3856 2136">
     <span class='ocr_line' id='line_1_76' title="bbox 2262 2075 3856 2136; baseline 0.003 -5"><span class='ocrx_word' id='word_1_623' title='bbox 2262 2075 2461 2132; x_wconf 87' lang='lat' dir='ltr'><strong>fectum</strong></span> <span class='ocrx_word' id='word_1_624' title='bbox 2501 2079 2787 2134; x_wconf 87' lang='lat' dir='ltr'><strong>voluntatis</strong></span> <span class='ocrx_word' id='word_1_625' title='bbox 2829 2079 3076 2134; x_wconf 65' lang='lat' dir='ltr'><strong>humanae</strong></span> <span class='ocrx_word' id='word_1_626' title='bbox 3109 2078 3249 2135; x_wconf 90' lang='lat' dir='ltr'><strong>dona</strong></span> <span class='ocrx_word' id='word_1_627' title='bbox 3290 2078 3529 2135; x_wconf 77' lang='lat' dir='ltr'><strong>ctelestia</strong></span> <span class='ocrx_word' id='word_1_628' title='bbox 3565 2095 3651 2135; x_wconf 90' lang='lat' dir='ltr'><strong>me</strong></span> <span class='ocrx_word' id='word_1_629' title='bbox 3678 2099 3699 2133; x_wconf 71' lang='grc' dir='ltr'><strong><em>ι</em></strong></span> <span class='ocrx_word' id='word_1_630' title='bbox 3731 2095 3856 2136; x_wconf 87' lang='lat' dir='ltr'><strong>ere-</strong></span> 
     </span>
    </p>
   </div>
   <div class='ocr_carea' id='block_1_77' title="bbox 2260 2167 3856 2243">
    <p class='ocr_par' dir='ltr' id='par_1_77' title="bbox 2260 2167 3856 2243">
     <span class='ocr_line' id='line_1_77' title="bbox 2260 2167 3856 2243; baseline 0.003 -20"><span class='ocrx_word' id='word_1_631' title='bbox 2260 2167 2473 2224; x_wconf 89' lang='lat' dir='ltr'><strong>dideras</strong></span> <span class='ocrx_word' id='word_1_632' title='bbox 2487 2188 2506 2223; x_wconf 83' lang='grc'><em>‹</em></span> <span class='ocrx_word' id='word_1_633' title='bbox 2524 2184 2888 2243; x_wconf 89' lang='lat' dir='ltr'><strong>nuncupasse;</strong></span> <span class='ocrx_word' id='word_1_634' title='bbox 2915 2190 2934 2224; x_wconf 74' lang='grc' dir='ltr'>ι</span> <span class='ocrx_word' id='word_1_635' title='bbox 2956 2180 3205 2242; x_wconf 88' lang='lat' dir='ltr'><strong>tanquam</strong></span> <span class='ocrx_word' id='word_1_636' title='bbox 3221 2171 3464 2226; x_wconf 88' lang='lat' dir='ltr'><strong>voluntas</strong></span> <span class='ocrx_word' id='word_1_637' title='bbox 3479 2170 3709 2226; x_wconf 90' lang='lat' dir='ltr'><strong>hominis</strong></span> <span class='ocrx_word' id='word_1_638' title='bbox 3731 2171 3856 2228; x_wconf 83' lang='lat' dir='ltr'><strong>sine</strong></span> 
     </span>
    </p>
   </div>
   <div class='ocr_carea' id='block_1_78' title="bbox 2259 2259 3854 2331">
    <p class='ocr_par' dir='ltr' id='par_1_78' title="bbox 2259 2259 3854 2331">
     <span class='ocr_line' id='line_1_78' title="bbox 2259 2259 3854 2331; baseline 0.003 -17"><span class='ocrx_word' id='word_1_639' title='bbox 2259 2259 2355 2315; x_wconf 91' lang='lat' dir='ltr'><strong>Dei</strong></span> <span class='ocrx_word' id='word_1_640' title='bbox 2382 2261 2550 2331; x_wconf 89' lang='lat' dir='ltr'><strong>gratia</strong></span> <span class='ocrx_word' id='word_1_641' title='bbox 2579 2272 2884 2318; x_wconf 91' lang='lat' dir='ltr'><strong>moveretur</strong></span> <span class='ocrx_word' id='word_1_642' title='bbox 2907 2261 2976 2317; x_wconf 92' lang='lat' dir='ltr'><strong>ad</strong></span> <span class='ocrx_word' id='word_1_643' title='bbox 3003 2262 3222 2328; x_wconf 91' lang='lat' dir='ltr'><strong>bonum,</strong></span> <span class='ocrx_word' id='word_1_644' title='bbox 3252 2271 3311 2316; x_wconf 92' lang='lat' dir='ltr'><strong>ut</strong></span> <span class='ocrx_word' id='word_1_645' title='bbox 3345 2261 3396 2318; x_wconf 90' lang='lat' dir='ltr'><strong>ei</strong></span> <span class='ocrx_word' id='word_1_646' title='bbox 3440 2261 3648 2318; x_wconf 92' lang='lat' dir='ltr'><strong>debitus</strong></span> <span class='ocrx_word' id='word_1_647' title='bbox 3675 2277 3706 2316; x_wconf 88' lang='lat' dir='ltr'><strong>a</strong></span> <span class='ocrx_word' id='word_1_648' title='bbox 3733 2263 3854 2319; x_wconf 87' lang='lat' dir='ltr'><strong>Deo</strong></span> 
     </span>
    </p>
   </div>
   <div class='ocr_carea' id='block_1_79' title="bbox 2258 2354 3850 2420">
    <p class='ocr_par' dir='ltr' id='par_1_79' title="bbox 2258 2354 3850 2420">
     <span class='ocr_line' id='line_1_79' title="bbox 2258 2354 3850 2420; baseline 0.002 -12"><span class='ocrx_word' id='word_1_649' title='bbox 2258 2355 2645 2412; x_wconf 88' lang='lat' dir='ltr'><strong>retribueretnr</strong></span> <span class='ocrx_word' id='word_1_650' title='bbox 2673 2355 2931 2412; x_wconf 84' lang='lat' dir='ltr'><strong>effectus?</strong></span> <span class='ocrx_word' id='word_1_651' title='bbox 2956 2354 3104 2411; x_wconf 86' lang='lat' dir='ltr'><strong>Itane</strong></span> <span class='ocrx_word' id='word_1_652' title='bbox 3141 2355 3337 2411; x_wconf 86' lang='lat' dir='ltr'><strong>oblitus</strong></span> <span class='ocrx_word' id='word_1_653' title='bbox 3365 2354 3564 2420; x_wconf 87' lang='lat' dir='ltr'><strong>fueras,</strong></span> <span class='ocrx_word' id='word_1_654' title='bbox 3592 2370 3692 2412; x_wconf 89' lang='lat' dir='ltr'><strong>nos</strong></span> <span class='ocrx_word' id='word_1_655' title='bbox 3721 2371 3850 2411; x_wconf 89' lang='lat' dir='ltr'><strong>eum</strong></span> 
     </span>
    </p>
   </div>
   <div class='ocr_carea' id='block_1_80' title="bbox 2257 2443 3852 2518">
    <p class='ocr_par' dir='ltr' id='par_1_80' title="bbox 2257 2443 3852 2518">
     <span class='ocr_line' id='line_1_80' title="bbox 2257 2443 3852 2518; baseline -0.001 -17"><span class='ocrx_word' id='word_1_656' title='bbox 2257 2443 2528 2517; x_wconf 86' lang='lat' dir='ltr'><strong>Scriptura</strong></span> <span class='ocrx_word' id='word_1_657' title='bbox 2568 2446 2747 2503; x_wconf 88' lang='lat' dir='ltr'><strong>dicere</strong></span> <span class='ocrx_word' id='word_1_658' title='bbox 2792 2455 2977 2502; x_wconf 92' lang='lat' dir='ltr'><strong>contra</strong></span> <span class='ocrx_word' id='word_1_659' title='bbox 3014 2461 3133 2514; x_wconf 90' lang='lat' dir='ltr'><strong>vos,</strong></span> <span class='ocrx_word' id='word_1_660' title='bbox 3171 2445 3506 2518; x_wconf 64' lang='lat' dir='ltr'><strong>Pra’paratur</strong></span> <span class='ocrx_word' id='word_1_661' title='bbox 3543 2447 3776 2501; x_wconf 73' lang='lat' dir='ltr'><strong>voluntas</strong></span> <span class='ocrx_word' id='word_1_662' title='bbox 3815 2463 3852 2501; x_wconf 74' lang='grc' dir='ltr'><em>α</em></span> 
     </span>
    </p>
   </div>
   <div class='ocr_carea' id='block_1_81' title="bbox 2255 2537 3850 2612">
    <p class='ocr_par' dir='ltr' id='par_1_81' title="bbox 2255 2537 3850 2612">
     <span class='ocr_line' id='line_1_81' title="bbox 2255 2537 3850 2612; baseline 0.001 -19"><span class='ocrx_word' id='word_1_663' title='bbox 2255 2537 2476 2596; x_wconf 86' lang='lat' dir='ltr'><strong>Domino</strong></span> <span class='ocrx_word' id='word_1_664' title='bbox 2497 2539 2680 2612; x_wconf 78' lang='lat' dir='ltr'><strong>(Prov.</strong></span> <span class='ocrx_word' id='word_1_665' title='bbox 2708 2556 2939 2607; x_wconf 79' lang='lat' dir='ltr'><strong>vm,sec.</strong></span> <span class='ocrx_word' id='word_1_666' title='bbox 2965 2537 3168 2612; x_wconf 82' lang='lat' dir='ltr'><strong>LXX);</strong></span> <span class='ocrx_word' id='word_1_667' title='bbox 3191 2539 3274 2596; x_wconf 88' lang='lat' dir='ltr'><strong>vel</strong></span> <span class='ocrx_word' id='word_1_668' title='bbox 3289 2539 3429 2610; x_wconf 92' lang='lat' dir='ltr'><strong>quod</strong></span> <span class='ocrx_word' id='word_1_669' title='bbox 3451 2539 3504 2594; x_wconf 91' lang='lat' dir='ltr'><strong>in</strong></span> <span class='ocrx_word' id='word_1_670' title='bbox 3524 2539 3680 2595; x_wconf 91' lang='lat' dir='ltr'><strong>nobis</strong></span> <span class='ocrx_word' id='word_1_671' title='bbox 3703 2539 3850 2595; x_wconf 86' lang='lat' dir='ltr'><strong>Deus</strong></span> 
     </span>
    </p>
   </div>
   <div class='ocr_carea' id='block_1_82' title="bbox 2257 2630 3849 2704">
    <p class='ocr_par' dir='ltr' id='par_1_82' title="bbox 2257 2630 3849 2704">
     <span class='ocr_line' id='line_1_82' title="bbox 2257 2630 3849 2704; baseline -0.001 -17"><span class='ocrx_word' id='word_1_672' title='bbox 2257 2640 2510 2701; x_wconf 89' lang='lat' dir='ltr'><strong>operetur</strong></span> <span class='ocrx_word' id='word_1_673' title='bbox 2535 2641 2591 2688; x_wconf 92' lang='lat' dir='ltr'><strong>et</strong></span> <span class='ocrx_word' id='word_1_674' title='bbox 2612 2632 2783 2689; x_wconf 82' lang='lat' dir='ltr'><strong>velle?</strong></span> <span class='ocrx_word' id='word_1_675' title='bbox 2801 2632 2845 2688; x_wconf 92' lang='lat'><strong>0</strong></span> <span class='ocrx_word' id='word_1_676' title='bbox 2866 2633 3055 2704; x_wconf 87' lang='lat' dir='ltr'><strong>ingrati</strong></span> <span class='ocrx_word' id='word_1_677' title='bbox 3083 2631 3268 2703; x_wconf 70' lang='lat' dir='ltr'><strong>gratia:</strong></span> <span class='ocrx_word' id='word_1_678' title='bbox 3291 2631 3414 2687; x_wconf 81' lang='lat' dir='ltr'><strong>Dei!</strong></span> <span class='ocrx_word' id='word_1_679' title='bbox 3445 2645 3481 2687; x_wconf 88' lang='grc' dir='ltr'><strong>ο</strong></span> <span class='ocrx_word' id='word_1_680' title='bbox 3502 2630 3702 2686; x_wconf 89' lang='lat' dir='ltr'><strong>inimici</strong></span> <span class='ocrx_word' id='word_1_681' title='bbox 3722 2646 3849 2702; x_wconf 84' lang='lat' dir='ltr'><strong>gra-</strong></span> 
     </span>
    </p>
   </div>
   <div class='ocr_carea' id='block_1_83' title="bbox 2255 2722 3850 2795">
    <p class='ocr_par' dir='ltr' id='par_1_83' title="bbox 2255 2722 3850 2795">
     <span class='ocr_line' id='line_1_83' title="bbox 2255 2722 3850 2795; baseline 0.002 -19"><span class='ocrx_word' id='word_1_682' title='bbox 2255 2723 2344 2778; x_wconf 69' lang='lat' dir='ltr'><strong>tia:</strong></span> <span class='ocrx_word' id='word_1_683' title='bbox 2371 2723 2591 2792; x_wconf 89' lang='lat' dir='ltr'><strong>Christi,</strong></span> <span class='ocrx_word' id='word_1_684' title='bbox 2621 2733 2675 2781; x_wconf 93' lang='lat' dir='ltr'><strong>et</strong></span> <span class='ocrx_word' id='word_1_685' title='bbox 2713 2724 2830 2780; x_wconf 89' lang='lat' dir='ltr'><strong>solo</strong></span> <span class='ocrx_word' id='word_1_686' title='bbox 2873 2723 3135 2779; x_wconf 85' lang='lat' dir='ltr'><strong>vocabulo</strong></span> <span class='ocrx_word' id='word_1_687' title='bbox 3173 2722 3483 2779; x_wconf 86' lang='lat' dir='ltr'><strong>christiani!</strong></span> <span class='ocrx_word' id='word_1_688' title='bbox 3514 2722 3703 2779; x_wconf 85' lang='lat' dir='ltr'><strong>Nonne</strong></span> <span class='ocrx_word' id='word_1_689' title='bbox 3742 2738 3850 2795; x_wconf 90' lang='lat' dir='ltr'><strong>pro</strong></span> 
     </span>
    </p>
   </div>
   <div class='ocr_carea' id='block_1_84' title="bbox 2255 2815 3849 2886">
    <p class='ocr_par' dir='ltr' id='par_1_84' title="bbox 2255 2815 3849 2886">
     <span class='ocr_line' id='line_1_84' title="bbox 2255 2815 3849 2886; baseline 0.001 -15"><span class='ocrx_word' id='word_1_690' title='bbox 2255 2815 2485 2872; x_wconf 89' lang='lat' dir='ltr'><strong>inimicis</strong></span> <span class='ocrx_word' id='word_1_691' title='bbox 2501 2815 2613 2872; x_wconf 89' lang='lat' dir='ltr'><strong>suis</strong></span> <span class='ocrx_word' id='word_1_692' title='bbox 2641 2827 2758 2872; x_wconf 91' lang='lat' dir='ltr'><strong>orat</strong></span> <span class='ocrx_word' id='word_1_693' title='bbox 2785 2817 3060 2874; x_wconf 80' lang='lat' dir='ltr'><strong>Ecclesia?</strong></span> <span class='ocrx_word' id='word_1_694' title='bbox 3077 2816 3214 2886; x_wconf 88' lang='lat' dir='ltr'><strong>Quid</strong></span> <span class='ocrx_word' id='word_1_695' title='bbox 3243 2824 3382 2884; x_wconf 90' lang='lat' dir='ltr'><strong>orat,</strong></span> <span class='ocrx_word' id='word_1_696' title='bbox 3410 2815 3674 2873; x_wconf 84' lang='lat' dir='ltr'><strong>obsecro?</strong></span> <span class='ocrx_word' id='word_1_697' title='bbox 3701 2816 3747 2872; x_wconf 89' lang='lat' dir='ltr'><strong>si</strong></span> <span class='ocrx_word' id='word_1_698' title='bbox 3784 2824 3849 2872; x_wconf 82' lang='lat' dir='ltr'><strong>ut</strong></span> 
     </span>
    </p>
   </div>
   <div class='ocr_carea' id='block_1_85' title="bbox 2254 2909 3845 2981">
    <p class='ocr_par' dir='ltr' id='par_1_85' title="bbox 2254 2909 3845 2981">
     <span class='ocr_line' id='line_1_85' title="bbox 2254 2909 3845 2981; baseline -0.001 -15"><span class='ocrx_word' id='word_1_699' title='bbox 2254 2910 2337 2966; x_wconf 89' lang='lat' dir='ltr'><strong>eis</strong></span> <span class='ocrx_word' id='word_1_700' title='bbox 2362 2925 2474 2966; x_wconf 70' lang='lat' dir='ltr'><strong>sua:</strong></span> <span class='ocrx_word' id='word_1_701' title='bbox 2501 2911 2786 2966; x_wconf 91' lang='lat' dir='ltr'><strong>voluntatis</strong></span> <span class='ocrx_word' id='word_1_702' title='bbox 2821 2911 3144 2966; x_wconf 89' lang='lat' dir='ltr'><strong>retribuatur</strong></span> <span class='ocrx_word' id='word_1_703' title='bbox 3167 2910 3419 2981; x_wconf 88' lang='lat' dir='ltr'><strong>pretium,</strong></span> <span class='ocrx_word' id='word_1_704' title='bbox 3445 2909 3570 2981; x_wconf 92' lang='lat' dir='ltr'><strong>quid</strong></span> <span class='ocrx_word' id='word_1_705' title='bbox 3599 2909 3678 2968; x_wconf 88' lang='lat' dir='ltr'><strong>eis</strong></span> <span class='ocrx_word' id='word_1_706' title='bbox 3699 2916 3845 2978; x_wconf 83' lang='lat' dir='ltr'><strong>orat,</strong></span> 
     </span>
    </p>
   </div>
   <div class='ocr_carea' id='block_1_86' title="bbox 2253 3001 3845 3075">
    <p class='ocr_par' dir='ltr' id='par_1_86' title="bbox 2253 3001 3845 3075">
     <span class='ocr_line' id='line_1_86' title="bbox 2253 3001 3845 3075; baseline -0.001 -16"><span class='ocrx_word' id='word_1_707' title='bbox 2253 3003 2359 3059; x_wconf 88' lang='lat' dir='ltr'><strong>nisi</strong></span> <span class='ocrx_word' id='word_1_708' title='bbox 2404 3003 2606 3074; x_wconf 89' lang='lat' dir='ltr'><strong>grande</strong></span> <span class='ocrx_word' id='word_1_709' title='bbox 2643 3002 3004 3075; x_wconf 83' lang='lat' dir='ltr'><strong>supplicium?</strong></span> <span class='ocrx_word' id='word_1_710' title='bbox 3040 3002 3193 3074; x_wconf 91' lang='lat' dir='ltr'><strong>Quod</strong></span> <span class='ocrx_word' id='word_1_711' title='bbox 3215 3001 3327 3074; x_wconf 90' lang='lat' dir='ltr'><strong>iam</strong></span> <span class='ocrx_word' id='word_1_712' title='bbox 3371 3010 3555 3058; x_wconf 88' lang='lat' dir='ltr'><strong>contra</strong></span> <span class='ocrx_word' id='word_1_713' title='bbox 3601 3016 3696 3058; x_wconf 88' lang='lat' dir='ltr'><strong>eos</strong></span> <span class='ocrx_word' id='word_1_714' title='bbox 3732 3011 3845 3070; x_wconf 85' lang='lat' dir='ltr'><strong>est,</strong></span> 
     </span>
    </p>
   </div>
   <div class='ocr_carea' id='block_1_87' title="bbox 2252 3092 3851 3165">
    <p class='ocr_par' dir='ltr' id='par_1_87' title="bbox 2252 3092 3851 3165">
     <span class='ocr_line' id='line_1_87' title="bbox 2252 3092 3851 3165; baseline -0.001 -16"><span class='ocrx_word' id='word_1_715' title='bbox 2252 3109 2362 3149; x_wconf 92' lang='lat' dir='ltr'><strong>non</strong></span> <span class='ocrx_word' id='word_1_716' title='bbox 2385 3108 2484 3164; x_wconf 90' lang='lat' dir='ltr'><strong>pro</strong></span> <span class='ocrx_word' id='word_1_717' title='bbox 2511 3095 2624 3162; x_wconf 91' lang='lat' dir='ltr'><strong>eis;</strong></span> <span class='ocrx_word' id='word_1_718' title='bbox 2643 3103 2761 3150; x_wconf 91' lang='lat' dir='ltr'><strong>orat</strong></span> <span class='ocrx_word' id='word_1_719' title='bbox 2779 3103 2954 3150; x_wconf 89' lang='lat' dir='ltr'><strong>autem</strong></span> <span class='ocrx_word' id='word_1_720' title='bbox 2975 3108 3072 3165; x_wconf 90' lang='lat' dir='ltr'><strong>pro</strong></span> <span class='ocrx_word' id='word_1_721' title='bbox 3094 3092 3175 3149; x_wconf 84' lang='lat' dir='ltr'><strong>eis</strong></span> <span class='ocrx_word' id='word_1_722' title='bbox 3200 3110 3214 3148; x_wconf 89' lang='lat'><strong>:</strong></span> <span class='ocrx_word' id='word_1_723' title='bbox 3239 3108 3345 3149; x_wconf 93' lang='lat' dir='ltr'><strong>non</strong></span> <span class='ocrx_word' id='word_1_724' title='bbox 3373 3107 3504 3164; x_wconf 88' lang='lat' dir='ltr'><strong>ergo</strong></span> <span class='ocrx_word' id='word_1_725' title='bbox 3526 3093 3648 3163; x_wconf 89' lang='lat' dir='ltr'><strong>quia</strong></span> <span class='ocrx_word' id='word_1_726' title='bbox 3667 3101 3750 3148; x_wconf 91' lang='lat' dir='ltr'><strong>est</strong></span> <span class='ocrx_word' id='word_1_727' title='bbox 3777 3093 3851 3148; x_wconf 86' lang='lat' dir='ltr'><strong>il-</strong></span> 
     </span>
    </p>
   </div>
   <div class='ocr_carea' id='block_1_88' title="bbox 2254 3183 3847 3251">
    <p class='ocr_par' dir='ltr' id='par_1_88' title="bbox 2254 3183 3847 3251">
     <span class='ocr_line' id='line_1_88' title="bbox 2254 3183 3847 3251; baseline -0.001 -11"><span class='ocrx_word' id='word_1_728' title='bbox 2254 3185 2357 3240; x_wconf 76' lang='lat' dir='ltr'><strong>lis&#39;</strong></span> <span class='ocrx_word' id='word_1_729' title='bbox 2385 3185 2634 3240; x_wconf 88' lang='lat' dir='ltr'><strong>voluntas</strong></span> <span class='ocrx_word' id='word_1_730' title='bbox 2662 3184 2823 3251; x_wconf 88' lang='lat' dir='ltr'><strong>bona,</strong></span> <span class='ocrx_word' id='word_1_731' title='bbox 2867 3185 2963 3242; x_wconf 91' lang='lat' dir='ltr'><strong>sed</strong></span> <span class='ocrx_word' id='word_1_732' title='bbox 2992 3193 3051 3240; x_wconf 93' lang='lat' dir='ltr'><strong>ut</strong></span> <span class='ocrx_word' id='word_1_733' title='bbox 3076 3193 3420 3242; x_wconf 84' lang='lat' dir='ltr'><strong>convertatur</strong></span> <span class='ocrx_word' id='word_1_734' title='bbox 3443 3185 3496 3239; x_wconf 91' lang='lat' dir='ltr'><strong>in</strong></span> <span class='ocrx_word' id='word_1_735' title='bbox 3521 3183 3717 3240; x_wconf 88' lang='lat' dir='ltr'><strong>bonam</strong></span> <span class='ocrx_word' id='word_1_736' title='bbox 3740 3198 3847 3239; x_wconf 80' lang='lat' dir='ltr'><strong>vo-</strong></span> 
     </span>
    </p>
   </div>
   <div class='ocr_carea' id='block_1_89' title="bbox 2253 3271 3846 3347">
    <p class='ocr_par' dir='ltr' id='par_1_89' title="bbox 2253 3271 3846 3347">
     <span class='ocr_line' id='line_1_89' title="bbox 2253 3271 3846 3347; baseline -0.001 -17"><span class='ocrx_word' id='word_1_737' title='bbox 2253 3274 2429 3330; x_wconf 89' lang='lat' dir='ltr'><strong>luntas</strong></span> <span class='ocrx_word' id='word_1_738' title='bbox 2449 3275 2586 3330; x_wconf 90' lang='lat' dir='ltr'><strong>mala</strong></span> <span class='ocrx_word' id='word_1_739' title='bbox 2613 3293 2626 3330; x_wconf 88' lang='lat'><strong>:</strong></span> <span class='ocrx_word' id='word_1_740' title='bbox 2655 3275 2905 3347; x_wconf 88' lang='lat' dir='ltr'><strong>quoniam</strong></span> <span class='ocrx_word' id='word_1_741' title='bbox 2929 3283 3250 3347; x_wconf 66' lang='lat' dir='ltr'><strong>praeparatur</strong></span> <span class='ocrx_word' id='word_1_742' title='bbox 3270 3274 3504 3329; x_wconf 74' lang='lat' dir='ltr'><strong>voluntas</strong></span> <span class='ocrx_word' id='word_1_743' title='bbox 3528 3289 3560 3327; x_wconf 81' lang='grc' dir='ltr'><em>α</em></span> <span class='ocrx_word' id='word_1_744' title='bbox 3585 3271 3846 3341; x_wconf 79' lang='lat' dir='ltr'><strong>Domino;</strong></span> 
     </span>
    </p>
   </div>
   <div class='ocr_carea' id='block_1_90' title="bbox 2251 3364 3847 3438">
    <p class='ocr_par' dir='ltr' id='par_1_90' title="bbox 2251 3364 3847 3438">
     <span class='ocr_line' id='line_1_90' title="bbox 2251 3364 3847 3438; baseline -0.001 -16"><span class='ocrx_word' id='word_1_745' title='bbox 2251 3374 2324 3433; x_wconf 88' lang='lat' dir='ltr'><strong>et,</strong></span> <span class='ocrx_word' id='word_1_746' title='bbox 2352 3364 2493 3422; x_wconf 79' lang='lat' dir='ltr'><strong>Deus</strong></span> <span class='ocrx_word' id='word_1_747' title='bbox 2512 3374 2586 3422; x_wconf 72' lang='lat' dir='ltr'><strong>est</strong></span> <span class='ocrx_word' id='word_1_748' title='bbox 2609 3367 2762 3435; x_wconf 85' lang='lat' dir='ltr'><strong>enim,</strong></span> <span class='ocrx_word' id='word_1_749' title='bbox 2785 3374 2844 3422; x_wconf 91' lang='lat' dir='ltr'><strong>ut</strong></span> <span class='ocrx_word' id='word_1_750' title='bbox 2865 3367 2940 3421; x_wconf 91' lang='lat' dir='ltr'><strong>ait</strong></span> <span class='ocrx_word' id='word_1_751' title='bbox 2965 3365 3274 3438; x_wconf 81' lang='lat' dir='ltr'><strong>Apostolus,</strong></span> <span class='ocrx_word' id='word_1_752' title='bbox 3296 3365 3384 3437; x_wconf 86' lang='lat' dir='ltr'><strong>qui</strong></span> <span class='ocrx_word' id='word_1_753' title='bbox 3409 3374 3649 3437; x_wconf 84' lang='lat' dir='ltr'><strong>aperatur</strong></span> <span class='ocrx_word' id='word_1_754' title='bbox 3671 3364 3725 3421; x_wconf 81' lang='lat' dir='ltr'><strong>in</strong></span> <span class='ocrx_word' id='word_1_755' title='bbox 3745 3381 3847 3420; x_wconf 75' lang='lat' dir='ltr'><strong>eo-</strong></span> 
     </span>
    </p>
   </div>
   <div class='ocr_carea' id='block_1_91' title="bbox 2252 3455 3074 3531">
    <p class='ocr_par' dir='ltr' id='par_1_91' title="bbox 2252 3455 3074 3531">
     <span class='ocr_line' id='line_1_91' title="bbox 2252 3455 3074 3531; baseline 0.002 -21"><span class='ocrx_word' id='word_1_756' title='bbox 2252 3455 2327 3513; x_wconf 76' lang='lat' dir='ltr'><strong>bis</strong></span> <span class='ocrx_word' id='word_1_757' title='bbox 2351 3465 2398 3512; x_wconf 80' lang='lat' dir='ltr'><strong>et</strong></span> <span class='ocrx_word' id='word_1_758' title='bbox 2424 3459 2553 3513; x_wconf 76' lang='lat' dir='ltr'><strong>uelle</strong></span> <span class='ocrx_word' id='word_1_759' title='bbox 2577 3456 2839 3531; x_wconf 81' lang='lat' dir='ltr'><strong>(Philipp.</strong></span> <span class='ocrx_word' id='word_1_760' title='bbox 2869 3473 2930 3524; x_wconf 84' lang='lat' dir='ltr'><strong>tt,</strong></span> <span class='ocrx_word' id='word_1_761' title='bbox 2962 3457 3074 3531; x_wconf 73' lang='grc'><strong>15).</strong></span> 
     </span>
    </p>
   </div>
   <div class='ocr_carea' id='block_1_92' title="bbox 2323 3549 3847 3622">
    <p class='ocr_par' dir='ltr' id='par_1_92' title="bbox 2323 3549 3847 3622">
     <span class='ocr_line' id='line_1_92' title="bbox 2323 3549 3847 3622; baseline 0.001 -15"><span class='ocrx_word' id='word_1_762' title='bbox 2323 3551 2412 3608; x_wconf 73' lang='lat' dir='ltr'><strong>i6.</strong></span> <span class='ocrx_word' id='word_1_763' title='bbox 2452 3550 2559 3608; x_wconf 90' lang='lat' dir='ltr'><strong>Sed</strong></span> <span class='ocrx_word' id='word_1_764' title='bbox 2595 3551 2925 3608; x_wconf 83' lang='lat' dir='ltr'><strong>acerbissimi</strong></span> <span class='ocrx_word' id='word_1_765' title='bbox 2948 3550 3136 3622; x_wconf 69' lang='lat' dir='ltr'><strong>gratim</strong></span> <span class='ocrx_word' id='word_1_766' title='bbox 3167 3550 3326 3622; x_wconf 89' lang='lat' dir='ltr'><strong>huius</strong></span> <span class='ocrx_word' id='word_1_767' title='bbox 3359 3549 3565 3607; x_wconf 90' lang='lat' dir='ltr'><strong>inimici</strong></span> <span class='ocrx_word' id='word_1_768' title='bbox 3593 3550 3847 3622; x_wconf 75' lang='lat' dir='ltr'><strong>exempla</strong></span> 
     </span>
    </p>
   </div>
   <div class='ocr_carea' id='block_1_93' title="bbox 2252 3641 3848 3715">
    <p class='ocr_par' dir='ltr' id='par_1_93' title="bbox 2252 3641 3848 3715">
     <span class='ocr_line' id='line_1_93' title="bbox 2252 3641 3848 3715; baseline -0.001 -15"><span class='ocrx_word' id='word_1_769' title='bbox 2252 3643 2406 3700; x_wconf 89' lang='lat' dir='ltr'><strong>nobis</strong></span> <span class='ocrx_word' id='word_1_770' title='bbox 2431 3644 2698 3715; x_wconf 89' lang='lat' dir='ltr'><strong>opponitis</strong></span> <span class='ocrx_word' id='word_1_771' title='bbox 2735 3643 3021 3713; x_wconf 89' lang='lat' dir='ltr'><strong>impiorum</strong></span> <span class='ocrx_word' id='word_1_772' title='bbox 3051 3683 3068 3710; x_wconf 92' lang='lat'><strong>,</strong></span> <span class='ocrx_word' id='word_1_773' title='bbox 3107 3657 3244 3714; x_wconf 88' lang='lat' dir='ltr'><strong>quos</strong></span> <span class='ocrx_word' id='word_1_774' title='bbox 3275 3641 3483 3698; x_wconf 74' lang='lat' dir='ltr'><strong>dicitis‘</strong></span> <span class='ocrx_word' id='word_1_775' title='bbox 3513 3661 3535 3695; x_wconf 72' lang='grc' dir='ltr'><strong>ε</strong></span> <span class='ocrx_word' id='word_1_776' title='bbox 3563 3641 3771 3698; x_wconf 88' lang='lat' dir='ltr'><strong>alienos</strong></span> <span class='ocrx_word' id='word_1_777' title='bbox 3810 3657 3848 3698; x_wconf 85' lang='lat' dir='ltr'><strong>a</strong></span> 
     </span>
    </p>
   </div>
   <div class='ocr_carea' id='block_1_94' title="bbox 2252 3732 3848 3806">
    <p class='ocr_par' dir='ltr' id='par_1_94' title="bbox 2252 3732 3848 3806">
     <span class='ocr_line' id='line_1_94' title="bbox 2252 3732 3848 3806; baseline -0.003 -14"><span class='ocrx_word' id='word_1_778' title='bbox 2252 3736 2360 3794; x_wconf 87' lang='lat' dir='ltr'><strong>ﬁde</strong></span> <span class='ocrx_word' id='word_1_779' title='bbox 2394 3735 2668 3793; x_wconf 91' lang='lat' dir='ltr'><strong>abundare</strong></span> <span class='ocrx_word' id='word_1_780' title='bbox 2712 3735 3016 3801; x_wconf 87' lang='lat' dir='ltr'><strong>virtutibus,</strong></span> <span class='ocrx_word' id='word_1_781' title='bbox 3065 3734 3120 3790; x_wconf 92' lang='lat' dir='ltr'><strong>in</strong></span> <span class='ocrx_word' id='word_1_782' title='bbox 3167 3733 3361 3806; x_wconf 87' lang='lat' dir='ltr'><strong>quibus</strong></span> <span class='ocrx_word' id='word_1_783' title='bbox 3401 3732 3520 3790; x_wconf 88' lang='lat' dir='ltr'><strong>sine</strong></span> <span class='ocrx_word' id='word_1_784' title='bbox 3570 3732 3848 3804; x_wconf 87' lang='lat' dir='ltr'><strong>adiutorio</strong></span> 
     </span>
    </p>
   </div>
   <div class='ocr_carea' id='block_1_95' title="bbox 2251 3825 3848 3903">
    <p class='ocr_par' dir='ltr' id='par_1_95' title="bbox 2251 3825 3848 3903">
     <span class='ocr_line' id='line_1_95' title="bbox 2251 3825 3848 3903; baseline -0.003 -17"><span class='ocrx_word' id='word_1_785' title='bbox 2251 3831 2458 3903; x_wconf 71' lang='lat' dir='ltr'><strong>gratiae,</strong></span> <span class='ocrx_word' id='word_1_786' title='bbox 2485 3831 2658 3886; x_wconf 90' lang='lat' dir='ltr'><strong>solum</strong></span> <span class='ocrx_word' id='word_1_787' title='bbox 2691 3837 2774 3887; x_wconf 88' lang='lat' dir='ltr'><strong>est</strong></span> <span class='ocrx_word' id='word_1_788' title='bbox 2799 3837 3004 3884; x_wconf 72' lang='lat' dir='ltr'><strong>naturae</strong></span> <span class='ocrx_word' id='word_1_789' title='bbox 3030 3827 3252 3894; x_wconf 91' lang='lat' dir='ltr'><strong>bonum,</strong></span> <span class='ocrx_word' id='word_1_790' title='bbox 3297 3825 3422 3883; x_wconf 83' lang='lat' dir='ltr'><strong>licet</strong></span> <span class='ocrx_word' id='word_1_791' title='bbox 3442 3826 3848 3898; x_wconf 89' lang='lat' dir='ltr'><strong>superstitioni-</strong></span> 
     </span>
    </p>
   </div>
   <div class='ocr_carea' id='block_1_96' title="bbox 2252 3918 3842 3993">
    <p class='ocr_par' dir='ltr' id='par_1_96' title="bbox 2252 3918 3842 3993">
     <span class='ocr_line' id='line_1_96' title="bbox 2252 3918 3842 3993; baseline -0.003 -15"><span class='ocrx_word' id='word_1_792' title='bbox 2252 3921 2352 3978; x_wconf 89' lang='lat' dir='ltr'><strong>bus</strong></span> <span class='ocrx_word' id='word_1_793' title='bbox 2375 3923 2758 3993; x_wconf 89' lang='lat' dir='ltr'><strong>mancipatum,</strong></span> <span class='ocrx_word' id='word_1_794' title='bbox 2789 3920 2880 3992; x_wconf 89' lang='lat' dir='ltr'><strong>qui</strong></span> <span class='ocrx_word' id='word_1_795' title='bbox 2906 3919 3035 3977; x_wconf 90' lang='lat' dir='ltr'><strong>solis</strong></span> <span class='ocrx_word' id='word_1_796' title='bbox 3054 3918 3314 3975; x_wconf 86' lang='lat' dir='ltr'><strong>libertatis</strong></span> <span class='ocrx_word' id='word_1_797' title='bbox 3335 3919 3582 3990; x_wconf 68' lang='lat' dir='ltr'><strong>ingenita:</strong></span> <span class='ocrx_word' id='word_1_798' title='bbox 3609 3918 3842 3986; x_wconf 85' lang='lat' dir='ltr'><strong>viribus,</strong></span> 
     </span>
    </p>
   </div>
   <div class='ocr_carea' id='block_1_97' title="bbox 2252 4008 3850 4079">
    <p class='ocr_par' dir='ltr' id='par_1_97' title="bbox 2252 4008 3850 4079">
     <span class='ocr_line' id='line_1_97' title="bbox 2252 4008 3850 4079; baseline -0.004 -8"><span class='ocrx_word' id='word_1_799' title='bbox 2252 4023 2307 4071; x_wconf 91' lang='lat' dir='ltr'><strong>et</strong></span> <span class='ocrx_word' id='word_1_800' title='bbox 2333 4012 2709 4070; x_wconf 90' lang='lat' dir='ltr'><strong>misericordes</strong></span> <span class='ocrx_word' id='word_1_801' title='bbox 2735 4012 2946 4079; x_wconf 89' lang='lat' dir='ltr'><strong>crebro,</strong></span> <span class='ocrx_word' id='word_1_802' title='bbox 2968 4020 3024 4068; x_wconf 93' lang='lat' dir='ltr'><strong>et</strong></span> <span class='ocrx_word' id='word_1_803' title='bbox 3045 4008 3294 4076; x_wconf 89' lang='lat' dir='ltr'><strong>modesti,</strong></span> <span class='ocrx_word' id='word_1_804' title='bbox 3323 4017 3379 4067; x_wconf 91' lang='lat' dir='ltr'><strong>et</strong></span> <span class='ocrx_word' id='word_1_805' title='bbox 3403 4010 3535 4065; x_wconf 90' lang='lat' dir='ltr'><strong>casti</strong></span> <span class='ocrx_word' id='word_1_806' title='bbox 3562 4009 3850 4065; x_wconf 86' lang='lat' dir='ltr'><strong>inveniun-</strong></span> 
     </span>
    </p>
   </div>
   <div class='ocr_carea' id='block_1_98' title="bbox 2251 4101 3846 4176">
    <p class='ocr_par' dir='ltr' id='par_1_98' title="bbox 2251 4101 3846 4176">
     <span class='ocr_line' id='line_1_98' title="bbox 2251 4101 3846 4176; baseline -0.004 -13"><span class='ocrx_word' id='word_1_807' title='bbox 2251 4116 2358 4176; x_wconf 92' lang='lat' dir='ltr'><strong>tur,</strong></span> <span class='ocrx_word' id='word_1_808' title='bbox 2389 4118 2444 4164; x_wconf 90' lang='lat' dir='ltr'><strong>et</strong></span> <span class='ocrx_word' id='word_1_809' title='bbox 2489 4107 2674 4162; x_wconf 88' lang='lat' dir='ltr'><strong>sobrii.</strong></span> <span class='ocrx_word' id='word_1_810' title='bbox 2703 4125 2724 4160; x_wconf 75' lang='grc' dir='ltr'><strong><em>ι</em></strong></span> <span class='ocrx_word' id='word_1_811' title='bbox 2761 4105 2886 4162; x_wconf 70' lang='lat' dir='ltr'><strong>Haec</strong></span> <span class='ocrx_word' id='word_1_812' title='bbox 2923 4103 3106 4161; x_wconf 91' lang='lat' dir='ltr'><strong>dicens</strong></span> <span class='ocrx_word' id='word_1_813' title='bbox 3149 4118 3276 4160; x_wconf 87' lang='lat' dir='ltr'><strong>ecce</strong></span> <span class='ocrx_word' id='word_1_814' title='bbox 3297 4103 3408 4174; x_wconf 88' lang='lat' dir='ltr'><strong>iam</strong></span> <span class='ocrx_word' id='word_1_815' title='bbox 3445 4112 3498 4159; x_wconf 92' lang='lat' dir='ltr'><strong>et</strong></span> <span class='ocrx_word' id='word_1_816' title='bbox 3537 4101 3666 4158; x_wconf 92' lang='lat' dir='ltr'><strong>illud</strong></span> <span class='ocrx_word' id='word_1_817' title='bbox 3695 4101 3846 4173; x_wconf 87' lang='lat' dir='ltr'><strong>quod</strong></span> 
     </span>
    </p>
   </div>
   <div class='ocr_carea' id='block_1_99' title="bbox 2250 4193 3849 4272">
    <p class='ocr_par' dir='ltr' id='par_1_99' title="bbox 2250 4193 3849 4272">
     <span class='ocr_line' id='line_1_99' title="bbox 2250 4193 3849 4272; baseline -0.006 -16"><span class='ocrx_word' id='word_1_818' title='bbox 2250 4200 2434 4272; x_wconf 63' lang='lat' dir='ltr'><strong>gratiae</strong></span> <span class='ocrx_word' id='word_1_819' title='bbox 2455 4200 2549 4255; x_wconf 91' lang='lat' dir='ltr'><strong>Dei</strong></span> <span class='ocrx_word' id='word_1_820' title='bbox 2579 4198 2861 4265; x_wconf 78' lang='lat' dir='ltr'><strong>tribuens,</strong></span> <span class='ocrx_word' id='word_1_821' title='bbox 2890 4195 3177 4264; x_wconf 86' lang='lat' dir='ltr'><strong>abstulisti,</strong></span> <span class='ocrx_word' id='word_1_822' title='bbox 3205 4195 3377 4265; x_wconf 89' lang='lat' dir='ltr'><strong>ipsum</strong></span> <span class='ocrx_word' id='word_1_823' title='bbox 3413 4193 3621 4250; x_wconf 90' lang='lat' dir='ltr'><strong>scilicet</strong></span> <span class='ocrx_word' id='word_1_824' title='bbox 3648 4193 3849 4248; x_wconf 82' lang='lat' dir='ltr'><strong>volun-</strong></span> 
     </span>
    </p>
   </div>
   <div class='ocr_carea' id='block_1_100' title="bbox 2251 4283 3844 4353">
    <p class='ocr_par' dir='ltr' id='par_1_100' title="bbox 2251 4283 3844 4353">
     <span class='ocr_line' id='line_1_100' title="bbox 2251 4283 3844 4353; baseline -0.006 -6"><span class='ocrx_word' id='word_1_825' title='bbox 2251 4292 2374 4347; x_wconf 87' lang='lat' dir='ltr'><strong>tatis</strong></span> <span class='ocrx_word' id='word_1_826' title='bbox 2399 4290 2668 4346; x_wconf 80' lang='lat' dir='ltr'><strong>effectum.</strong></span> <span class='ocrx_word' id='word_1_827' title='bbox 2697 4289 2814 4345; x_wconf 87' lang='lat' dir='ltr'><strong>Non</strong></span> <span class='ocrx_word' id='word_1_828' title='bbox 2839 4288 2982 4344; x_wconf 91' lang='lat' dir='ltr'><strong>enim</strong></span> <span class='ocrx_word' id='word_1_829' title='bbox 3011 4287 3154 4353; x_wconf 90' lang='lat' dir='ltr'><strong>aisti,</strong></span> <span class='ocrx_word' id='word_1_830' title='bbox 3179 4285 3317 4341; x_wconf 90' lang='lat' dir='ltr'><strong>velle</strong></span> <span class='ocrx_word' id='word_1_831' title='bbox 3354 4299 3448 4341; x_wconf 89' lang='lat' dir='ltr'><strong>eos</strong></span> <span class='ocrx_word' id='word_1_832' title='bbox 3475 4298 3596 4340; x_wconf 88' lang='lat' dir='ltr'><strong>esse</strong></span> <span class='ocrx_word' id='word_1_833' title='bbox 3623 4283 3844 4339; x_wconf 84' lang='lat' dir='ltr'><strong>miseri-</strong></span> 
     </span>
    </p>
   </div>
   <div class='ocr_carea' id='block_1_101' title="bbox 2250 4375 3843 4449">
    <p class='ocr_par' dir='ltr' id='par_1_101' title="bbox 2250 4375 3843 4449">
     <span class='ocr_line' id='line_1_101' title="bbox 2250 4375 3843 4449; baseline -0.004 -10"><span class='ocrx_word' id='word_1_834' title='bbox 2250 4383 2460 4449; x_wconf 87' lang='lat' dir='ltr'><strong>cordes,</strong></span> <span class='ocrx_word' id='word_1_835' title='bbox 2491 4381 2784 4448; x_wconf 90' lang='lat' dir='ltr'><strong>modestos,</strong></span> <span class='ocrx_word' id='word_1_836' title='bbox 2815 4388 2868 4436; x_wconf 90' lang='lat' dir='ltr'><strong>et</strong></span> <span class='ocrx_word' id='word_1_837' title='bbox 2905 4388 3102 4444; x_wconf 88' lang='lat' dir='ltr'><strong>castos,</strong></span> <span class='ocrx_word' id='word_1_838' title='bbox 3130 4385 3185 4432; x_wconf 89' lang='lat' dir='ltr'><strong>et</strong></span> <span class='ocrx_word' id='word_1_839' title='bbox 3227 4375 3457 4443; x_wconf 90' lang='lat' dir='ltr'><strong>sobrios,</strong></span> <span class='ocrx_word' id='word_1_840' title='bbox 3488 4384 3543 4432; x_wconf 93' lang='lat' dir='ltr'><strong>et</strong></span> <span class='ocrx_word' id='word_1_841' title='bbox 3580 4375 3704 4431; x_wconf 91' lang='lat' dir='ltr'><strong>ideo</strong></span> <span class='ocrx_word' id='word_1_842' title='bbox 3729 4390 3843 4432; x_wconf 87' lang='lat' dir='ltr'><strong>non</strong></span> 
     </span>
    </p>
   </div>
   <div class='ocr_carea' id='block_1_102' title="bbox 2252 4469 3843 4548">
    <p class='ocr_par' dir='ltr' id='par_1_102' title="bbox 2252 4469 3843 4548">
     <span class='ocr_line' id='line_1_102' title="bbox 2252 4469 3843 4548; baseline -0.004 -16"><span class='ocrx_word' id='word_1_843' title='bbox 2252 4491 2392 4545; x_wconf 86' lang='lat' dir='ltr'><strong>esse,</strong></span> <span class='ocrx_word' id='word_1_844' title='bbox 2439 4475 2582 4548; x_wconf 90' lang='lat' dir='ltr'><strong>quod</strong></span> <span class='ocrx_word' id='word_1_845' title='bbox 2629 4473 2866 4530; x_wconf 89' lang='lat' dir='ltr'><strong>nondum</strong></span> <span class='ocrx_word' id='word_1_846' title='bbox 2913 4489 3014 4543; x_wconf 91' lang='lat' dir='ltr'><strong>per</strong></span> <span class='ocrx_word' id='word_1_847' title='bbox 3052 4471 3276 4543; x_wconf 87' lang='lat' dir='ltr'><strong>gratiam</strong></span> <span class='ocrx_word' id='word_1_848' title='bbox 3319 4470 3518 4526; x_wconf 88' lang='lat' dir='ltr'><strong>fuerint</strong></span> <span class='ocrx_word' id='word_1_849' title='bbox 3563 4469 3843 4526; x_wconf 76' lang='lat' dir='ltr'><strong>consecuti</strong></span> 
     </span>
    </p>
   </div>
   <div class='ocr_carea' id='block_1_103' title="bbox 2250 4559 3845 4637">
    <p class='ocr_par' dir='ltr' id='par_1_103' title="bbox 2250 4559 3845 4637">
     <span class='ocr_line' id='line_1_103' title="bbox 2250 4559 3845 4637; baseline -0.005 -14"><span class='ocrx_word' id='word_1_850' title='bbox 2250 4566 2406 4623; x_wconf 63' lang='lat' dir='ltr'><strong>bona;</strong></span> <span class='ocrx_word' id='word_1_851' title='bbox 2450 4566 2607 4637; x_wconf 89' lang='lat' dir='ltr'><strong>huius</strong></span> <span class='ocrx_word' id='word_1_852' title='bbox 2634 4563 2924 4620; x_wconf 85' lang='lat' dir='ltr'><strong>voluntatis</strong></span> <span class='ocrx_word' id='word_1_853' title='bbox 2962 4561 3208 4618; x_wconf 73' lang='lat' dir='ltr'><strong>eﬂ‘ectum</strong></span> <span class='ocrx_word' id='word_1_854' title='bbox 3240 4578 3254 4616; x_wconf 88' lang='lat'><strong>:</strong></span> <span class='ocrx_word' id='word_1_855' title='bbox 3284 4559 3379 4616; x_wconf 89' lang='lat' dir='ltr'><strong>sed</strong></span> <span class='ocrx_word' id='word_1_856' title='bbox 3421 4560 3467 4614; x_wconf 92' lang='lat' dir='ltr'><strong>si</strong></span> <span class='ocrx_word' id='word_1_857' title='bbox 3510 4569 3566 4614; x_wconf 90' lang='lat' dir='ltr'><strong>et</strong></span> <span class='ocrx_word' id='word_1_858' title='bbox 3590 4573 3715 4615; x_wconf 89' lang='lat' dir='ltr'><strong>esse</strong></span> <span class='ocrx_word' id='word_1_859' title='bbox 3743 4573 3845 4615; x_wconf 78' lang='lat' dir='ltr'><strong>vo-</strong></span> 
     </span>
    </p>
   </div>
   <div class='ocr_carea' id='block_1_104' title="bbox 2250 4651 3844 4728">
    <p class='ocr_par' dir='ltr' id='par_1_104' title="bbox 2250 4651 3844 4728">
     <span class='ocr_line' id='line_1_104' title="bbox 2250 4651 3844 4728; baseline -0.004 -14"><span class='ocrx_word' id='word_1_860' title='bbox 2250 4658 2461 4716; x_wconf 89' lang='lat' dir='ltr'><strong>luerunt</strong></span> <span class='ocrx_word' id='word_1_861' title='bbox 2485 4667 2704 4725; x_wconf 87' lang='lat' dir='ltr'><strong>etsunt,</strong></span> <span class='ocrx_word' id='word_1_862' title='bbox 2725 4657 2834 4728; x_wconf 86' lang='lat' dir='ltr'><strong>iam</strong></span> <span class='ocrx_word' id='word_1_863' title='bbox 2862 4656 2917 4711; x_wconf 90' lang='lat' dir='ltr'><strong>in</strong></span> <span class='ocrx_word' id='word_1_864' title='bbox 2940 4656 3019 4712; x_wconf 91' lang='lat' dir='ltr'><strong>eis</strong></span> <span class='ocrx_word' id='word_1_865' title='bbox 3036 4654 3364 4710; x_wconf 89' lang='lat' dir='ltr'><strong>voluntatem</strong></span> <span class='ocrx_word' id='word_1_866' title='bbox 3383 4660 3438 4708; x_wconf 92' lang='lat' dir='ltr'><strong>et</strong></span> <span class='ocrx_word' id='word_1_867' title='bbox 3462 4651 3710 4708; x_wconf 71' lang='lat' dir='ltr'><strong>effectum</strong></span> <span class='ocrx_word' id='word_1_868' title='bbox 3739 4667 3844 4708; x_wconf 88' lang='lat' dir='ltr'><strong>vo-</strong></span> 
     </span>
    </p>
   </div>
   <div class='ocr_carea' id='block_1_105' title="bbox 2250 4745 3844 4821">
    <p class='ocr_par' dir='ltr' id='par_1_105' title="bbox 2250 4745 3844 4821">
     <span class='ocr_line' id='line_1_105' title="bbox 2250 4745 3844 4821; baseline -0.006 -11"><span class='ocrx_word' id='word_1_869' title='bbox 2250 4753 2472 4810; x_wconf 90' lang='lat' dir='ltr'><strong>luntatis</strong></span> <span class='ocrx_word' id='word_1_870' title='bbox 2509 4752 2840 4817; x_wconf 89' lang='lat' dir='ltr'><strong>invenimus;</strong></span> <span class='ocrx_word' id='word_1_871' title='bbox 2879 4747 3007 4821; x_wconf 90' lang='lat' dir='ltr'><strong>quid</strong></span> <span class='ocrx_word' id='word_1_872' title='bbox 3039 4747 3303 4803; x_wconf 84' lang='lat' dir='ltr'><strong>remansit</strong></span> <span class='ocrx_word' id='word_1_873' title='bbox 3344 4745 3486 4818; x_wconf 90' lang='lat' dir='ltr'><strong>quod</strong></span> <span class='ocrx_word' id='word_1_874' title='bbox 3527 4745 3715 4816; x_wconf 63' lang='lat' dir='ltr'><strong>gratia</strong></span> <span class='ocrx_word' id='word_1_875' title='bbox 3760 4759 3844 4801; x_wconf 84' lang='lat' dir='ltr'><strong>re-</strong></span> 
     </span>
    </p>
   </div>
   <div class='ocr_carea' id='block_1_106' title="bbox 2251 4836 3842 4910">
    <p class='ocr_par' dir='ltr' id='par_1_106' title="bbox 2251 4836 3842 4910">
     <span class='ocr_line' id='line_1_106' title="bbox 2251 4836 3842 4910; baseline -0.007 -8"><span class='ocrx_word' id='word_1_876' title='bbox 2251 4859 2526 4902; x_wconf 86' lang='lat' dir='ltr'><strong>servemus</strong></span> <span class='ocrx_word' id='word_1_877' title='bbox 2546 4844 2600 4899; x_wconf 93' lang='lat' dir='ltr'><strong>in</strong></span> <span class='ocrx_word' id='word_1_878' title='bbox 2625 4852 2730 4898; x_wconf 90' lang='lat' dir='ltr'><strong>tam</strong></span> <span class='ocrx_word' id='word_1_879' title='bbox 2757 4840 3114 4906; x_wconf 88' lang='lat' dir='ltr'><strong>evidentibus,</strong></span> <span class='ocrx_word' id='word_1_880' title='bbox 3131 4839 3324 4910; x_wconf 88' lang='lat' dir='ltr'><strong>quibus</strong></span> <span class='ocrx_word' id='word_1_881' title='bbox 3350 4837 3529 4893; x_wconf 88' lang='lat' dir='ltr'><strong>dixisti</strong></span> <span class='ocrx_word' id='word_1_882' title='bbox 3547 4852 3644 4892; x_wconf 90' lang='lat' dir='ltr'><strong>eos</strong></span> <span class='ocrx_word' id='word_1_883' title='bbox 3663 4836 3842 4891; x_wconf 85' lang='lat' dir='ltr'><strong>abun-</strong></span> 
     </span>
    </p>
   </div>
   <div class='ocr_carea' id='block_1_107' title="bbox 2251 4927 3844 5001">
    <p class='ocr_par' dir='ltr' id='par_1_107' title="bbox 2251 4927 3844 5001">
     <span class='ocr_line' id='line_1_107' title="bbox 2251 4927 3844 5001; baseline -0.006 -10"><span class='ocrx_word' id='word_1_884' title='bbox 2251 4936 2380 4992; x_wconf 89' lang='lat' dir='ltr'><strong>dare</strong></span> <span class='ocrx_word' id='word_1_885' title='bbox 2398 4933 2716 4991; x_wconf 75' lang='lat' dir='ltr'><strong>virtutibusl</strong></span> <span class='ocrx_word' id='word_1_886' title='bbox 2735 4933 2945 5001; x_wconf 89' lang='lat' dir='ltr'><strong>Quanto</strong></span> <span class='ocrx_word' id='word_1_887' title='bbox 2963 4932 3150 4999; x_wconf 89' lang='lat' dir='ltr'><strong>satius,</strong></span> <span class='ocrx_word' id='word_1_888' title='bbox 3177 4931 3222 4984; x_wconf 92' lang='lat' dir='ltr'><strong>si</strong></span> <span class='ocrx_word' id='word_1_889' title='bbox 3250 4938 3300 4985; x_wconf 90' lang='lat' dir='ltr'><strong>te</strong></span> <span class='ocrx_word' id='word_1_890' title='bbox 3317 4929 3508 4999; x_wconf 92' lang='lat' dir='ltr'><strong>impios</strong></span> <span class='ocrx_word' id='word_1_891' title='bbox 3529 4928 3601 4983; x_wconf 87' lang='lat' dir='ltr'><strong>ita</strong></span> <span class='ocrx_word' id='word_1_892' title='bbox 3619 4927 3844 4982; x_wconf 90' lang='lat' dir='ltr'><strong>laudare</strong></span> 
     </span>
    </p>
   </div>
   <div class='ocr_carea' id='block_1_108' title="bbox 2250 5019 3844 5096">
    <p class='ocr_par' dir='ltr' id='par_1_108' title="bbox 2250 5019 3844 5096">
     <span class='ocr_line' id='line_1_108' title="bbox 2250 5019 3844 5096; baseline -0.006 -12"><span class='ocrx_word' id='word_1_893' title='bbox 2250 5028 2497 5096; x_wconf 89' lang='lat' dir='ltr'><strong>delectat,</strong></span> <span class='ocrx_word' id='word_1_894' title='bbox 2540 5035 2599 5082; x_wconf 92' lang='lat' dir='ltr'><strong>ut</strong></span> <span class='ocrx_word' id='word_1_895' title='bbox 2626 5041 2732 5082; x_wconf 82' lang='lat' dir='ltr'><strong>non</strong></span> <span class='ocrx_word' id='word_1_896' title='bbox 2778 5025 3001 5081; x_wconf 91' lang='lat' dir='ltr'><strong>audiens</strong></span> <span class='ocrx_word' id='word_1_897' title='bbox 3041 5024 3305 5079; x_wconf 89' lang='lat' dir='ltr'><strong>dicentem</strong></span> <span class='ocrx_word' id='word_1_898' title='bbox 3347 5021 3701 5092; x_wconf 80' lang='lat' dir='ltr'><strong>Scripturam,</strong></span> <span class='ocrx_word' id='word_1_899' title='bbox 3739 5019 3844 5088; x_wconf 83' lang='lat' dir='ltr'><strong>Qui</strong></span> 
     </span>
    </p>
   </div>
   <div class='ocr_carea' id='block_1_109' title="bbox 2251 5113 3847 5191">
    <p class='ocr_par' dir='ltr' id='par_1_109' title="bbox 2251 5113 3847 5191">
     <span class='ocr_line' id='line_1_109' title="bbox 2251 5113 3847 5191; baseline -0.006 -15"><span class='ocrx_word' id='word_1_900' title='bbox 2251 5122 2370 5176; x_wconf 85' lang='lat' dir='ltr'><strong>dicit</strong></span> <span class='ocrx_word' id='word_1_901' title='bbox 2393 5121 2606 5190; x_wconf 78' lang='lat' dir='ltr'><strong>impium</strong></span> <span class='ocrx_word' id='word_1_902' title='bbox 2633 5121 2830 5191; x_wconf 75' lang='lat' dir='ltr'><strong>justum</strong></span> <span class='ocrx_word' id='word_1_903' title='bbox 2856 5133 2984 5186; x_wconf 82' lang='lat' dir='ltr'><strong>esse,</strong></span> <span class='ocrx_word' id='word_1_904' title='bbox 3013 5116 3312 5172; x_wconf 81' lang='lat' dir='ltr'><strong>maledictus</strong></span> <span class='ocrx_word' id='word_1_905' title='bbox 3341 5117 3433 5170; x_wconf 84' lang='lat' dir='ltr'><strong>erit</strong></span> <span class='ocrx_word' id='word_1_906' title='bbox 3459 5116 3514 5169; x_wconf 87' lang='lat' dir='ltr'><strong>in</strong></span> <span class='ocrx_word' id='word_1_907' title='bbox 3542 5113 3763 5185; x_wconf 84' lang='lat' dir='ltr'><strong>papula,</strong></span> <span class='ocrx_word' id='word_1_908' title='bbox 3797 5121 3847 5166; x_wconf 78' lang='lat' dir='ltr'><strong>et</strong></span> 
     </span>
    </p>
   </div>
   <div class='ocr_carea' id='block_1_110' title="bbox 2251 5203 3847 5284">
    <p class='ocr_par' dir='ltr' id='par_1_110' title="bbox 2251 5203 3847 5284">
     <span class='ocr_line' id='line_1_110' title="bbox 2251 5203 3847 5284; baseline -0.006 -16"><span class='ocrx_word' id='word_1_909' title='bbox 2251 5211 2450 5268; x_wconf 75' lang='lat' dir='ltr'><strong>adibitis</strong></span> <span class='ocrx_word' id='word_1_910' title='bbox 2476 5212 2530 5266; x_wconf 86' lang='lat' dir='ltr'><strong>in</strong></span> <span class='ocrx_word' id='word_1_911' title='bbox 2553 5209 2782 5282; x_wconf 75' lang='lat' dir='ltr'><strong>gentibus</strong></span> <span class='ocrx_word' id='word_1_912' title='bbox 2809 5208 2988 5284; x_wconf 79' lang='lat' dir='ltr'><strong>(Prov.</strong></span> <span class='ocrx_word' id='word_1_913' title='bbox 3019 5222 3169 5272; x_wconf 83' lang='lat' dir='ltr'><strong>xxiv,</strong></span> <span class='ocrx_word' id='word_1_914' title='bbox 3197 5206 3290 5278; x_wconf 68' lang='grc'><strong>24)</strong></span> <span class='ocrx_word' id='word_1_915' title='bbox 3315 5222 3330 5272; x_wconf 87' lang='grc'><strong>;</strong></span> <span class='ocrx_word' id='word_1_916' title='bbox 3358 5205 3518 5261; x_wconf 89' lang='lat' dir='ltr'><strong>etiam</strong></span> <span class='ocrx_word' id='word_1_917' title='bbox 3549 5203 3847 5259; x_wconf 77' lang='lat' dir='ltr'><strong>virtutibus</strong></span> 
     </span>
    </p>
   </div>
   <div class='ocr_carea' id='block_1_111' title="bbox 2249 5295 3845 5374">
    <p class='ocr_par' dir='ltr' id='par_1_111' title="bbox 2249 5295 3845 5374">
     <span class='ocr_line' id='line_1_111' title="bbox 2249 5295 3845 5374; baseline -0.006 -14"><span class='ocrx_word' id='word_1_918' title='bbox 2249 5305 2391 5360; x_wconf 90' lang='lat' dir='ltr'><strong>veris</strong></span> <span class='ocrx_word' id='word_1_919' title='bbox 2415 5319 2507 5360; x_wconf 91' lang='lat' dir='ltr'><strong>eos</strong></span> <span class='ocrx_word' id='word_1_920' title='bbox 2531 5303 2790 5374; x_wconf 70' lang='lat' dir='ltr'><strong>praedices</strong></span> <span class='ocrx_word' id='word_1_921' title='bbox 2812 5301 3085 5358; x_wconf 89' lang='lat' dir='ltr'><strong>abundare</strong></span> <span class='ocrx_word' id='word_1_922' title='bbox 3113 5317 3127 5354; x_wconf 89' lang='lat'><strong>:</strong></span> <span class='ocrx_word' id='word_1_923' title='bbox 3151 5307 3373 5371; x_wconf 91' lang='lat' dir='ltr'><strong>quanto,</strong></span> <span class='ocrx_word' id='word_1_924' title='bbox 3400 5299 3635 5369; x_wconf 88' lang='lat' dir='ltr'><strong>inquam,</strong></span> <span class='ocrx_word' id='word_1_925' title='bbox 3670 5295 3845 5351; x_wconf 86' lang='lat' dir='ltr'><strong>satius</strong></span> 
     </span>
    </p>
   </div>
   <div class='ocr_carea' id='block_1_112' title="bbox 2250 5387 3851 5467">
    <p class='ocr_par' dir='ltr' id='par_1_112' title="bbox 2250 5387 3851 5467">
     <span class='ocr_line' id='line_1_112' title="bbox 2250 5387 3851 5467; baseline -0.006 -15"><span class='ocrx_word' id='word_1_926' title='bbox 2250 5396 2367 5452; x_wconf 68' lang='lat' dir='ltr'><strong>haec</strong></span> <span class='ocrx_word' id='word_1_927' title='bbox 2405 5396 2516 5467; x_wconf 88' lang='lat' dir='ltr'><strong>ipsa</strong></span> <span class='ocrx_word' id='word_1_928' title='bbox 2556 5396 2609 5451; x_wconf 91' lang='lat' dir='ltr'><strong>in</strong></span> <span class='ocrx_word' id='word_1_929' title='bbox 2649 5393 2729 5451; x_wconf 90' lang='lat' dir='ltr'><strong>eis</strong></span> <span class='ocrx_word' id='word_1_930' title='bbox 2755 5393 2896 5450; x_wconf 89' lang='lat' dir='ltr'><strong>dona</strong></span> <span class='ocrx_word' id='word_1_931' title='bbox 2938 5392 3036 5449; x_wconf 90' lang='lat' dir='ltr'><strong>Dei</strong></span> <span class='ocrx_word' id='word_1_932' title='bbox 3077 5407 3200 5450; x_wconf 86' lang='lat' dir='ltr'><strong>esse</strong></span> <span class='ocrx_word' id='word_1_933' title='bbox 3241 5390 3506 5455; x_wconf 90' lang='lat' dir='ltr'><strong>fatereris,</strong></span> <span class='ocrx_word' id='word_1_934' title='bbox 3547 5387 3655 5442; x_wconf 83' lang='lat' dir='ltr'><strong>sub</strong></span> <span class='ocrx_word' id='word_1_935' title='bbox 3684 5387 3851 5456; x_wconf 70' lang='lat' dir='ltr'><strong>cuius</strong></span> 
     </span>
    </p>
   </div>
   <div class='ocr_carea' id='block_1_113' title="bbox 2251 5477 3847 5565">
    <p class='ocr_par' dir='ltr' id='par_1_113' title="bbox 2251 5477 3847 5565">
     <span class='ocr_line' id='line_1_113' title="bbox 2251 5477 3847 5565; baseline -0.009 -17"><span class='ocrx_word' id='word_1_936' title='bbox 2251 5491 2460 5547; x_wconf 91' lang='lat' dir='ltr'><strong>occulto</strong></span> <span class='ocrx_word' id='word_1_937' title='bbox 2484 5489 2707 5565; x_wconf 89' lang='lat' dir='ltr'><strong>iudicio,</strong></span> <span class='ocrx_word' id='word_1_938' title='bbox 2744 5503 2846 5544; x_wconf 91' lang='lat' dir='ltr'><strong>nec</strong></span> <span class='ocrx_word' id='word_1_939' title='bbox 2872 5487 3092 5558; x_wconf 89' lang='lat' dir='ltr'><strong>iniusto,</strong></span> <span class='ocrx_word' id='word_1_940' title='bbox 3119 5485 3210 5540; x_wconf 91' lang='lat' dir='ltr'><strong>alii</strong></span> <span class='ocrx_word' id='word_1_941' title='bbox 3238 5483 3389 5551; x_wconf 87' lang='lat' dir='ltr'><strong>fatui,</strong></span> <span class='ocrx_word' id='word_1_942' title='bbox 3417 5482 3506 5536; x_wconf 89' lang='lat' dir='ltr'><strong>alii</strong></span> <span class='ocrx_word' id='word_1_943' title='bbox 3546 5477 3847 5536; x_wconf 88' lang='lat' dir='ltr'><strong>tardissimi</strong></span> 
     </span>
    </p>
   </div>
   <div class='ocr_carea' id='block_1_114' title="bbox 2309 5640 2987 5738">
    <p class='ocr_par' dir='ltr' id='par_1_114' title="bbox 2309 5640 2987 5738">
     <span class='ocr_line' id='line_1_114' title="bbox 2313 5640 2871 5704; baseline -0.007 -10"><span class='ocrx_word' id='word_1_944' title='bbox 2313 5644 2330 5676; x_wconf 73' lang='grc' dir='ltr'>ί</span> <span class='ocrx_word' id='word_1_945' title='bbox 2363 5640 2576 5693; x_wconf 77' lang='lat' dir='ltr'><strong>Nonnulli</strong></span> <span class='ocrx_word' id='word_1_946' title='bbox 2598 5648 2727 5703; x_wconf 65' lang='lat' dir='ltr'><strong>Mss,</strong></span> <span class='ocrx_word' id='word_1_947' title='bbox 2747 5640 2871 5704; x_wconf 81' lang='lat' dir='ltr'><strong>ipsa.</strong></span> 
     </span>
     <span class='ocr_line' id='line_1_115' title="bbox 2309 5698 2987 5738; baseline 0 0"><span class='ocrx_word' id='word_1_948' title='bbox 2309 5707 2332 5738; x_wconf 68' lang='grc' dir='ltr'><strong><em>ι</em></strong></span> <span class='ocrx_word' id='word_1_949' title='bbox 2363 5713 2570 5738; x_wconf 71' lang='lat' dir='ltr'><strong>nummu-</strong></span> <span class='ocrx_word' id='word_1_950' title='bbox 2591 5711 2682 5738; x_wconf 68' lang='lat' dir='ltr'><strong>Mm</strong></span> <span class='ocrx_word' id='word_1_951' title='bbox 2760 5710 2832 5738; x_wconf 67' lang='grc' dir='ltr'><strong>ιιι</strong></span> <span class='ocrx_word' id='word_1_952' title='bbox 2849 5700 2897 5738; x_wconf 74' lang='lat' dir='ltr'><strong>in</strong></span> <span class='ocrx_word' id='word_1_953' title='bbox 2911 5698 2987 5738; x_wconf 62' lang='lat' dir='ltr'><strong>illi</strong></span> 
     </span>
    </p>
   </div>
   <div class='ocr_carea' id='block_1_115' title="bbox 2247 5699 3860 5896">
    <p class='ocr_par' dir='ltr' id='par_1_115' title="bbox 2247 5699 3860 5896">
     <span class='ocr_line' id='line_1_116' title="bbox 2247 5699 3860 5896; baseline -0.018 -56"><span class='ocrx_word' id='word_1_954' title='bbox 2247 5707 2570 5896; x_wconf 54' lang='grc' dir='ltr'><strong>εηὲεὲἓέυωὲἶ</strong></span> <span class='ocrx_word' id='word_1_955' title='bbox 2588 5711 2720 5830; x_wconf 54' lang='grc' dir='ltr'><strong>ἕεῗῖῖ</strong></span> <span class='ocrx_word' id='word_1_956' title='bbox 2754 5699 3149 5828; x_wconf 33' lang='grc' dir='ltr'><strong>ἇῧίῗέέῥωιο</strong></span> <span class='ocrx_word' id='word_1_957' title='bbox 3162 5765 3290 5826; x_wconf 83' lang='lat' dir='ltr'><strong>post,</strong></span> <span class='ocrx_word' id='word_1_958' title='bbox 3309 5758 3394 5826; x_wconf 85' lang='lat' dir='ltr'><strong>qui</strong></span> <span class='ocrx_word' id='word_1_959' title='bbox 3423 5756 3572 5815; x_wconf 74' lang='lat' dir='ltr'><strong>solius</strong></span> <span class='ocrx_word' id='word_1_960' title='bbox 3604 5754 3860 5812; x_wconf 65' lang='lat' dir='ltr'><strong>tiberine.</strong></span> 
     </span>
    </p>
   </div>
  </div>
