4142 6614
352 505 453 567 πο

349 625 733 692 nuncupentur,
755 616 991 683 cavenda
1012 623 1157 677 sunt.

413 702 504 779 21,
542 711 768 777 .NOt'eris
789 712 989 784 itaque,
1007 725 1113 767 non
1138 705 1353 778 ofﬁciis,
1378 707 1473 767 sed
1501 707 1697 775 ﬁnib‘us
1724 722 1753 761 a
1782 706 1926 763 vitiis

349 804 725 869 discernendas
757 819 879 862 esse
903 805 1145 861 virtutes.
1175 801 1424 859 Ofﬁcium
1456 810 1539 858 est
1577 809 1753 857 autem
1782 798 1925 870 quod

347 895 640 959 faciendum
666 903 780 959 est:
811 894 931 961 ﬁnis
949 910 1079 959 vero
1104 904 1322 966 propter
1338 893 1478 965 quod
1506 891 1803 961 faciendum
1822 898 1923 945 est.

347 988 473 1045 Cum
503 989 681 1061 itaque
708 988 837 1057 facit
866 989 1027 1051 homo
1046 987 1246 1060 aliquid
1283 987 1371 1049 ubi
1396 1002 1622 1059 peccare
1648 1000 1752 1041 non
1780 983 1930 1039 vide-

346 1087 448 1149 tur,
471 1082 516 1136 si
543 1097 648 1149 non
679 1091 897 1153 propter
933 1079 1037 1137 hoc
1063 1080 1189 1136 facit
1217 1089 1435 1151 pr0pter
1473 1077 1614 1150 quod
1643 1078 1816 1145 facere
1836 1074 1931 1130 de-

345 1174 453 1240 bet,
472 1188 698 1249 peccare
720 1173 1073 1231 convincitur.
1100 1171 1229 1239 Quae
1255 1179 1311 1225 tu
1334 1186 1437 1229 non
1466 1171 1765 1237 attendens,
1796 1165 1930 1221 ﬁnes

345 1264 410 1321 ab
435 1264 627 1321 ofﬁciis
651 1264 933 1339 separasti,
960 1272 1014 1320 ct
1034 1264 1261 1325 virtutes
1284 1276 1439 1319 veras
1466 1259 1641 1317 ofﬁcia
1673 1260 1787 1316 sine
1811 1257 1930 1312 ﬁni-

345 1358 442 1414 bus
465 1357 811 1431 appellandas
839 1372 959 1423 esse
992 1356 1195 1419 dixisti.
1236 1355 1313 1415 Ex
1341 1369 1447 1427 quo
1489 1362 1544 1417 te
1571 1360 1714 1410 tanta
1742 1351 1930 1407 absur-

345 1448 480 1507 ditas
503 1449 747 1521 sequitur
764 1491 781 1517 ,
805 1457 861 1504 ut
890 1463 1069 1507 veram
1103 1446 1308 1518 cogaris
1332 1444 1603 1525 appellare
1636 1443 1927 1516 justitiam,

344 1540 503 1597 etiam
534 1541 690 1613 cujus
711 1540 982 1607 dominam
1009 1539 1212 1611 reperis
1243 1540 1260 1570 ³
1287 1538 1586 1593 avaritiam.
1633 1533 1928 1606 Siquidem

344 1646 533 1691 manus
562 1633 833 1701 abstinere
862 1632 931 1688 ab
954 1631 1150 1695 alieno,
1169 1630 1212 1686 si
1241 1629 1473 1687 ofﬁcium
1502 1628 1725 1700 cogites,
1755 1633 1931 1697 potest

342 1727 509 1785 videri
548 1742 669 1793 esse
705 1726 926 1806 justitiat
960 1743 975 1780 :
1004 1723 1101 1791 sed
1141 1738 1262 1783 cum
1292 1722 1569 1795 quaeritur,
1615 1735 1780 1791 quare
1816 1717 1928 1786 ﬁat,

342 1829 393 1876 et
432 1818 811 1899 respondetur,
836 1816 916 1873 Ne
942 1816 1060 1889 plus
1082 1814 1517 1888 pecunitelitibus
1553 1820 1770 1884 pereat;
1792 1824 1932 1891 quo-

341 1910 627 1986 modojam
654 1911 758 1975 hoc
780 1907 977 1973 factum
1008 1922 1148 1969 verae
1178 1907 1374 1979 poterit
1396 1919 1517 1961 esse
1538 1904 1779 1977 justitiaz,
1808 1917 1932 1967 cum

343 2004 542 2061 serviat
556 2001 831 2069 avarititc?
852 1999 1049 2073 Quales
1076 1998 1300 2065 virtutes
1321 1995 1583 2067 Epicurus
1612 1992 1822 2059 induxit
1845 2006 1935 2061 vo-

343 2097 561 2169 luptatis
587 2095 824 2163 ancillas,
843 2109 963 2166 quae
987 2092 1206 2157 omnino
1234 2088 1489 2171 quidquid
1510 2087 1769 2157 facerent,
1803 2100 1932 2163 pro-

342 2201 458 2263 pter
485 2190 631 2247 illam
668 2189 754 2246 vel
792 2186 1190 2258 adipiscendam
1234 2182 1475 2249 facerent
1513 2182 1595 2247 vel
1621 2179 1928 2247 tenendam.
1962 2249 1972 2257 ι

342 2284 496 2341 Absit
519 2291 701 2339 autem
740 2291 799 2337 ut
824 2281 1044 2341 virtutes
1080 2293 1222 2335 verte
1250 2276 1499 2348 cuiquam
1528 2274 1799 2343 serviant,
1827 2271 1933 2328 nisi

342 2376 413 2434 illi
437 2375 527 2433 vel
548 2382 772 2447 propter
799 2372 950 2439 illum
978 2371 1062 2427 cui
1086 2369 1333 2439 dicimus,
1362 2365 1501 2433 Deus
1520 2366 1783 2433 uirtutum,
1807 2379 1933 2419 con-

343 2477 474 2526 uerte
493 2485 588 2525 nos
615 2466 788 2538 (Psat.
823 2480 1014 2533 pxxtx,
1050 2463 1128 2535 8),
1154 2459 1388 2525 Proinde
1421 2460 1646 2525 virtutes
1674 2472 1792 2530 quae
1815 2471 1936 2512 car-

342 2561 555 2627 nalibus
595 2556 1040 2625 delectationibus
1061 2596 1077 2623 ,
1108 2554 1195 2610 vel
1218 2554 1518 2625 quibusque
1545 2547 1846 2613 commodis
1881 2556 1935 2617 et

342 2639 723 2717 emolumentis
769 2646 1153 2725 temporalibus
1190 2644 1432 2709 serviunt
1457 2683 1473 2709 ι
1526 2657 1668 2707 vera:
1713 2654 1934 2712 prorsus

342 2758 459 2802 esse
482 2758 595 2804 non
627 2751 871 2814 possunt.
897 2740 1026 2819 Quae
1051 2745 1225 2803 autem
1242 2736 1376 2805 pulli
1399 2736 1478 2795 rei
1501 2734 1709 2793 servire
1726 2733 1933 2800 volunt,

342 2852 441 2897 nec
460 2837 593 2907 ipsa:
610 2850 756 2897 vera:
779 2843 924 2893 sunt.
942 2831 1096 2897 Verte
1117 2831 1313 2903 quippe
1334 2829 1555 2884 virtutes
1574 2826 1682 2882 Deo
1696 2824 1939 2884 serviunt

342 2927 742 2995 inhominibus,
758 2941 785 2983 a
800 2939 908 2997 quo
926 2923 1190 2987 donantur
1204 2919 1505 2989 hominibus
1526 2936 1541 2974 :
1568 2918 1679 2974 Deo
1698 2915 1939 2973 serviunt

340 3019 395 3077 in
426 3018 671 3093 Angelis,
710 3033 740 3087 β
770 3031 877 3088 quo
902 3015 1166 3083 donantur
1190 3020 1245 3077 et
1272 3010 1507 3082 Angelis.
1552 3006 1821 3079 Quidquid
1842 3021 1938 3062 au-

340 3119 447 3171 tem
470 3111 599 3179 boni
622 3110 684 3173 ﬁt
700 3109 771 3169 ab
788 3106 1023 3176 homine,
1043 3112 1226 3169 etnon
1252 3111 1466 3181 propter
1486 3099 1590 3157 hoc
1618 3099 1696 3167 ﬁt,
1720 3105 1937 3171 propter

341 3204 485 3276 quod
520 3202 634 3259 ﬁeri
673 3201 870 3257 debere
899 3215 1024 3256 vera
1048 3197 1309 3270 sapientia
1334 3194 1579 3267 praecipit
1594 3235 1611 3263 ,
1633 3192 1735 3261 etsi
1759 3189 1938 3251 ofﬁcio

338 3296 591 3363 videatur
618 3295 843 3361 bonum,
880 3293 998 3364 ipso
1026 3306 1136 3353 non
1156 3297 1307 3353 recto
1330 3288 1434 3351 ﬁne
1464 3292 1741 3361 peccatum
1760 3291 1863 3340 est.

408 3384 505 3445 22.
550 3386 783 3453 Possunt
824 3399 951 3454 ergo
980 3382 1157 3454 aliqua
1189 3380 1330 3437 bona
1368 3377 1522 3447 ﬁeri,
1546 3392 1654 3434 non
1686 3376 1824 3433 bene
1861 3372 1939 3428 fa-

335 3478 615 3535 cientibus
654 3492 687 3539 a
725 3476 919 3551 quibus
943 3475 1093 3530 ﬁunt.
1130 3472 1337 3533 Bonum
1369 3479 1453 3527 est
1480 3469 1622 3527 enim
1654 3475 1716 3523 ut
1738 3465 1938 3525 subve-

336 3569 539 3633 niatur
564 3567 762 3624 homini
791 3564 1112 3640 periclitanti
1130 3607 1148 3632 ,
1176 3562 1473 3636 praesertim
1502 3559 1774 3625 innocenti
1800 3575 1816 3615 :
1842 3555 1940 3614 sed

336 3659 447 3718 ille
468 3660 565 3732 qui
588 3658 689 3717 hoc
710 3658 851 3726 facit,
873 3658 920 3715 si
948 3655 1177 3719 amando
1204 3654 1429 3727 gloriam
1469 3651 1745 3713 hominum
1769 3647 1940 3721 magis

333 3766 517 3824 qnam
549 3750 645 3811 Dei
670 3749 811 3825 facit,
840 3765 946 3812 non
983 3749 1123 3817 bene
1151 3747 1347 3811 bonum
1374 3742 1539 3812 facit;
1564 3742 1687 3815 quia
1710 3755 1820 3797 non
1844 3739 1941 3796 bo-

335 3859 447 3903 nus
469 3843 621 3910 facit,
653 3843 797 3916 quod
832 3858 939 3909 non
968 3841 1105 3903 bona
1130 3839 1404 3899 voluntate
1440 3836 1584 3894 facit.
1616 3835 1769 3892 Absit
1792 3832 1939 3891 enim

334 3944 401 3991 ut
427 3935 509 4001 sit
537 3934 629 3999 vel
668 3934 877 3997 dicatur
898 3933 1142 3989 voluntas
1180 3930 1319 3999 bona
1344 3972 1361 3999 ,
1390 3945 1507 4000 qua:
1533 3930 1586 3985 in
1611 3928 1749 3995 aliis,
1773 3924 1859 3983 vel
1887 3924 1942 3981 in

332 4040 400 4085 se
441 4027 569 4099 ipsa
588 4067 604 4094 ,
633 4041 742 4082 non
770 4025 825 4081 in
861 4024 1086 4087 Domino
1113 4021 1432 4095 gloriatur’.
1465 4022 1544 4076 Ac
1567 4033 1665 4091 per
1703 4018 1808 4073 hoc
1840 4031 1943 4075 nec

332 4119 463 4190 ejus
487 4120 700 4175 fructus
740 4118 843 4175 iste
870 4116 1130 4175 dicendus
1157 4123 1277 4183 est;
1303 4113 1463 4175 arbor
1507 4113 1651 4177 enim
1685 4111 1823 4168 mala
1846 4109 1946 4171 bo-

332 4226 442 4269 nos
468 4210 688 4269 fructus
715 4226 825 4267 non
870 4209 996 4273 facit
1023 4227 1038 4264 :
1069 4207 1164 4266 sed
1189 4208 1364 4280 potius
1388 4207 1587 4263 bonum
1612 4220 1747 4276 opus
1768 4212 1850 4261 est
1876 4204 1944 4260 il-

330 4304 477 4372 lius,
504 4304 604 4377 qui
627 4304 790 4360 etiam
816 4318 914 4375 per
938 4302 1109 4365 malos
1135 4301 1273 4363 bene
1299 4300 1444 4361 facit.
1480 4299 1817 4371 Quapropter
1840 4296 1945 4357 dici

330 4413 449 4456 non
474 4404 672 4470 potest
700 4406 956 4469 quantum
985 4404 1035 4455 te
1062 4395 1161 4453 ista
1191 4394 1339 4449 fallat
1363 4392 1565 4464 opinio,
1587 4406 1689 4464 qua
1728 4390 1944 4458 dixisti,

335 4508 359 4543 ι
393 4505 609 4546 omnes
633 4490 861 4547 virtutes
881 4486 1100 4545 affectus
1125 4501 1264 4552 esse,
1287 4500 1383 4557 per
1406 4500 1540 4556 quos
1565 4492 1656 4543 aut
1680 4482 1948 4539 fructuosa

329 4591 430 4637 aut
457 4580 736 4637 steriliter
763 4579 889 4635 boni
912 4593 1119 4641 sumus.
1148 4596 1169 4633 ι
1191 4576 1338 4637 Fieri
1374 4576 1517 4639 enim
1552 4590 1662 4632 non
1688 4582 1866 4648 potest
1891 4581 1950 4631 ut

324 4675 617 4731 xteriliter
641 4672 771 4728 boni
817 4672 982 4735 simus
1012 4688 1025 4726 :
1068 4670 1162 4735 sed
1190 4669 1317 4733 boni
1344 4683 1452 4725 non
1482 4682 1667 4725 sumus
1694 4664 1949 4738 quidquid

326 4767 619 4824 steriliter
641 4780 848 4823 sumus.
871 4764 1045 4825 Arbor
1067 4763 1208 4821 enim
1235 4763 1373 4823 bona
1402 4761 1573 4819 bonos
1600 4758 1804 4816 fructus
1829 4758 1952 4814 facit

325 4859 575 4933 (ﬂatth.
602 4875 698 4924 vn,
725 4859 813 4923 l7,
839 4855 950 4931 18).
978 4856 1132 4914 Absit
1153 4863 1331 4918 autem
1347 4862 1406 4910 ut
1431 4856 1571 4915 Deus
1588 4855 1780 4917 bonus,
1799 4867 1829 4909 a
1845 4865 1953 4925 quo

326 4955 565 5011 securis
617 4960 838 5025 paratur
885 4949 1165 5011 arboribus
1203 4963 1312 5007 non
1357 4945 1672 5007 facientibus
1720 4944 1953 5005 fructum

324 5044 557 5103 bonum
583 5086 604 5111 ,
638 5043 866 5109 excidat,
893 5051 948 5098 et
983 5041 1036 5097 in
1084 5040 1257 5114 ignem
1298 5038 1473 5101 mittat
1516 5037 1738 5095 arbores
1784 5037 1955 5095 bonas

332 5136 386 5209 (1
393 5138 455 5192 ά.
488 5153 584 5202 ιιι,
621 5134 736 5210 10).
780 5135 936 5191 Nullo
961 5134 1121 5193 modo
1148 5134 1309 5207 igitur
1336 5131 1583 5201 homines
1606 5139 1731 5187 sunt
1754 5129 1954 5187 sterili-

326 5238 415 5288 ter
467 5228 621 5287 boni
649 5246 664 5283 :
693 5228 789 5284 sed
822 5228 913 5300 qui
947 5226 1072 5283 boni
1102 5241 1209 5285 non
1251 5234 1409 5301 sunt,
1438 5233 1663 5298 possunt
1704 5238 1825 5287 esse
1861 5223 1955 5283 alii

324 5323 532 5383 minus
556 5361 579 5388 ,
614 5320 707 5375 alii
732 5319 900 5390 magis
926 5318 1070 5383 mali.

400 5414 511 5470 25.
562 5410 727 5469 Unde
761 5421 816 5473 et
852 5410 930 5467 illi
960 5424 1094 5481 quos
1136 5422 1560 5473 commemorare
1595 5405 1811 5471 voluisti
1832 5447 1851 5476 ,
1885 5405 1958 5465 de

324 5502 558 5573 quibus
584 5500 664 5556 ait
680 5500 990 5572 Apostolus,
1034 5497 1215 5563 Gentes
1250 5498 1411 5573 legem
1441 5517 1544 5557 non
1581 5498 1820 5565 ιωιωω
1854 5498 1958 5571 ipsi

390 5638 414 5672 ι
454 5633 631 5699 nlui,
651 5633 906 5699 rapam-is.

374 5667 418 5745 Αἱ
454 5667 834 5770 Earum:
846 5667 964 5751 211m
989 5698 1196 5770 θιωεβ,
1220 5696 1437 5810 filium
1468 5696 1578 5763 fuit,
1603 5706 1697 5751 Nec
1718 5709 1823 5754 «se
1856 5699 1961 5763 mt-

374 5774 475 5812 um
497 5771 630 5824 qus
646 5773 685 5824 a_
699 5771 792 5821 quo
813 5754 868 5824 ﬁt
890 5758 1078 5820 bonum,
1101 5772 1197 5810 rust
1262 5773 1351 5824 qna
1373 5761 1553 5824 factum
1578 5758 1727 5824 fuerit
1748 5758 1960 5824 uomita-

318 5766 475 5812 ctum
497 5760 630 5823 ejus
646 5773 685 5823 a_
699 5771 792 5821 quo
813 5754 868 5823 ﬁt
890 5752 1197 5820 bonmru‘nisi
1228 5752 1351 5823 bona
1373 5758 1553 5823 factum
1564 5752 1729 5823 Τυθήί
1748 5752 1960 5813 ὺοιιόιεα-

315 5829 370 5875 te
397 5836 421 5874 :
1048 5818 1642 5886 ᾁφκο,βωανη’ρενιηαιοδ
1672 5820 1726 5886 ﬁt
1767 5823 1955 5874 bonum.

314 5891 464 6001 ’ἔαξῗ
1165 5882 1960 6001 exanimasset:

442 5982 464 6011 ν
494 5942 896 6020 σμφηόάθίνέι,
920 5942 1306 6020 9W1WP"
1334 5944 1471 6020 W‘a
1492 5942 1646 6020 W98
1664 5946 1853 6020 Mem
1883 5947 1960 6012 Γα-

1665 500 1867 559 LIBER
1905 495 2250 573 QUARTUS.

3520 516 3628 574 750

2041 614 2134 707 sibi
2161 613 2405 707 suntleat,
2433 615 2520 689 qui
2547 618 2729 683 habent
2748 634 2876 693 opus
2903 619 3028 694 legis
3047 621 3294 707 scriptum
3316 623 3371 681 in
3395 630 3630 695 cordibus

2040 705 2181 770 suis;
2211 706 2334 776 quid
2380 716 2433 764 te
2461 708 2714 779 adjuvent
2750 713 2969 773 omnino
3006 730 3115 781 non
3148 705 3323 781 video.
3380 716 3485 773 Per
3530 719 3628 776 hos

2042 798 2185 853 enim
2224 799 2450 870 probare
2487 812 2709 857 conatus
2738 818 2795 858 es
2819 844 2835 872 ,
2865 804 3023 860 etiam
3064 806 3267 873 alienos
3290 823 3319 862 a
3348 807 3451 864 ﬁde
3477 808 3633 865 Chri-

2044 891 2132 957 sti,
2162 906 2341 946 veram
2375 908 2531 964 posse
2558 894 2758 950 habere
2779 897 3040 971 justitiam
3063 940 3078 971 ,
3108 912 3174 967 eo
3193 900 3333 973 quod
3358 901 3466 968 isti,
3496 910 3633 960 teste

2043 985 2299 1055 Apostolo
2318 1027 2335 1055 ,
2358 988 2656 1047 naturaliter
2685 1006 2797 1059 qua:
2831 990 2955 1062 tegis
2993 1000 3110 1046 sunt
3136 994 3349 1064 faciunt.
3379 993 3481 1049 Ubi
3510 995 3632 1066 qui-

2043 1076 2165 1133 dem
2203 1078 2394 1153 dogma
2437 1089 2709 1149 vestrum,
2735 1096 2841 1153 quo
2879 1066 3007 1137 estis
3050 1082 3249 1140 inimici
3283 1086 3468 1155 gratiae
3513 1086 3629 1163 Dei,

2044 1184 2162 1239 quae
2187 1169 2343 1224 datur
2384 1185 2481 1243 per
2512 1170 2693 1237 lesum
2734 1172 3003 1237 Christum
3042 1173 3322 1242 Dominum
3350 1186 3628 1248 nostrum,

2043 1260 2133 1330 qui
2165 1261 2299 1315 tollit
2326 1272 2602 1333 peccatum
2644 1263 2827 1318 mundi
2856 1263 3035 1339 (Joan.
3064 1282 3113 1332 ι,
3143 1268 3243 1343 17,
3272 1268 3389 1339 29),
3414 1272 3632 1329 eviden--

2043 1352 2150 1408 tius
2172 1354 2482 1423 expressisti
2507 1372 2519 1407 :
2550 1354 2901 1411 introducens
2939 1355 3215 1415 hominum
3249 1374 3421 1431 genus
3445 1402 3460 1427 ,
3489 1363 3631 1434 quod

2044 1443 2157 1499 Deo
2182 1444 2395 1516 placere
2424 1446 2591 1518 possit.
2617 1447 2733 1501 sine
2754 1446 2950 1504 Christi
2975 1448 3098 1517 ﬁde,
3127 1450 3245 1522 lege
3272 1459 3494 1508 naturae.
3519 1454 3633 1510 Hoc

2044 1545 2126 1592 est
2160 1537 2299 1599 unde
2333 1553 2429 1593 vos
2462 1543 2694 1595 maxime
2723 1539 3011 1607 christiana
3045 1540 3341 1611 detestatur
3369 1543 3629 1603 Ecclesia.

2043 1628 2148 1685 Sed
2178 1629 2302 1700 quid
2329 1629 2411 1686 vis
2437 1646 2556 1689 esse
2585 1632 2750 1689 istos?
2772 1632 2959 1699 Utrum
2984 1650 3136 1701 veras
3161 1636 3387 1703 virtutes
3408 1636 3629 1709 Labent,

2044 1728 2102 1777 et
2139 1722 2395 1778 steriliter
2437 1723 2562 1779 boni
2604 1737 2762 1793 sunt,
2790 1727 2911 1796 quia
2943 1742 3050 1782 non
3076 1736 3295 1799 propter
3332 1729 3536 1786 Deum?
3562 1746 3634 1787 an

2044 1812 2205 1868 etiam
2233 1813 2345 1869 Deo
2376 1829 2440 1869 ex
2467 1814 2550 1869 his
2579 1816 2819 1885 placent,
2850 1827 3008 1887 atque
3034 1818 3101 1873 ab
3126 1819 3219 1875 illo
3246 1821 3352 1876 vita
3380 1835 3633 1879 remune-

2042 1913 2232 1962 rantur
2276 1906 2515 1961 aeterna?
2565 1906 2622 1963 Si
2676 1909 2887 1965 steriles
2936 1910 3171 1978 dixeris;
3211 1912 3337 1983 quid
3385 1927 3515 1985 ergo
3552 1913 3633 1971 eis

2043 1998 2299 2068 prodest,
2341 1998 2483 2069 quod
2526 1999 2817 2055 secundum
2856 2001 3169 2071 Apostolum
3213 2002 3501 2060 defendent
3536 2018 3635 2063 eos

2044 2090 2393 2161 cogitationes
2420 2106 2551 2161 suae,
2574 2093 2628 2147 in
2653 2093 2735 2147 die
2756 2109 2857 2163 qua
2871 2093 3122 2165 judicabit
3146 2092 3287 2150 Deus
3314 2097 3512 2152 occulta
3539 2097 3633 2152 Ito-

2044 2180 2239 2234 minum
2264 2179 2442 2252 (Rom.
2472 2198 2510 2237 ll
2534 2224 2548 2248 ,
2594 2182 2812 2254 1H6)?
2837 2182 2891 2239 Si
2936 2193 3112 2239 autem
3144 2185 3235 2255 qui
3276 2184 3637 2243 defendentur

2045 2274 2460 2345 cogitationibus
2491 2277 2601 2331 suis
2625 2317 2641 2343 ,
2674 2292 2740 2331 eo
2770 2276 2910 2347 quod
2948 2278 3261 2334 naturaliter
3299 2293 3461 2349 opera
3490 2277 3637 2337 fece-

2043 2365 2154 2421 rint
2198 2366 2362 2438 legis,
2393 2382 2499 2423 non
2542 2377 2666 2423 sunt
2700 2368 2957 2425 steriliter
2993 2369 3121 2425 boni
3143 2412 3159 2438 ,
3184 2378 3237 2427 et
3261 2371 3330 2427 ob
3355 2371 3460 2429 hoc
3485 2371 3636 2430 inve-

2044 2456 2200 2512 niunt
2228 2466 2480 2514 reternam
2523 2458 2823 2515 mercedem
2862 2459 3001 2530 apud
3026 2460 3230 2527 Deum;
3259 2463 3446 2533 procul
3469 2463 3661 2521 dubiO'

2044 2558 2328 2621 propterea
2346 2551 2474 2622 justi
2501 2560 2644 2618 sunt,
2673 2552 2795 2623 quia
2824 2568 2889 2607 ex
2917 2552 3021 2608 ﬁde
3042 2554 3246 2609 vivunt.

2115 2641 2211 2697 24.
2239 2641 2371 2697 Nam
2401 2643 2761 2698 testimonium
2797 2643 2926 2699 illud
2963 2644 3107 2715 quod
3144 2662 3210 2702 ex
3236 2647 3495 2718 Apostolo
3531 2664 3633 2722 po-

2045 2732 2149 2801 sui,
2178 2732 2340 2789 Omne
2359 2735 2497 2807 quod
2514 2752 2616 2790 non
2643 2742 2716 2791 est
2738 2752 2803 2791 ea:
2822 2735 2943 2806 ﬁde,
2969 2748 3224 2809 peccatum
3245 2750 3317 2795 est
3337 2756 3358 2796 :
3378 2741 3517 2797 sicut
3534 2743 3636 2800 tibi

2044 2823 2217 2879 visum
2247 2833 2329 2881 est
2357 2825 2608 2897 accepisti
2634 2868 2650 2895 ,
2677 2836 2732 2883 et
2756 2828 3079 2899 exposuisti,
3110 2845 3217 2885 non
3250 2840 3307 2886 ut
3332 2833 3509 2904 sapit,
3536 2833 3634 2891 sed

2045 2926 2105 2971 ut
2123 2916 2283 2988 sapis.
2311 2917 2390 2973 De
2414 2918 2548 2974 cibis
2572 2919 2714 2975 enim
2743 2921 3030 2990 Apostolus
3056 2919 3397 2995 loquebatur.
3430 2923 3631 2981 Verum

2045 3022 2168 3064 cum
2194 3008 2451 3076 dixisset,
2483 3009 2584 3075 Qui
2619 3018 2789 3065 autem
2829 3009 3069 3067 discernit
3090 3055 3106 3080 ,
3133 3013 3180 3068 si
3216 3014 3630 3087 manducauerit,

2047 3099 2317 3156 damnatus
2340 3109 2432 3169 est,
2459 3104 2583 3173 quis
2607 3118 2710 3157 non
2740 3118 2805 3158 ea:
2827 3103 2963 3173 ﬁde,-
2990 3102 3133 3161 banc
3167 3109 3369 3177 peccati
3396 3109 3633 3179 speciem

2046 3191 2115 3248 de
2157 3207 2261 3263 qua
2302 3193 2527 3263 agebat,
2574 3193 2810 3264 generali
2859 3194 3029 3252 voluit
3076 3198 3306 3268 probare
3344 3201 3634 3271 sententia,

2046 3297 2173 3338 mox
2191 3280 2447 3351 inferens,
2479 3281 2644 3340 Omne
2670 3285 2805 3340 enim
2831 3287 2971 3358 quod
2995 3303 3098 3343 non
3122 3298 3195 3344 est
3218 3306 3282 3344 ea:
3300 3290 3404 3358 ﬁde
3421 3332 3437 3359 ,
3461 3308 3637 3362 pecca-

2048 3383 2155 3435 tum
2175 3383 2249 3435 est
2280 3373 2394 3447 (Id.
2421 3391 2538 3445 xiv,
2568 3375 2685 3450 95).
2714 3375 2822 3433 Sed
2842 3386 2903 3433 ut
2927 3377 3031 3435 hoc
3056 3380 3150 3435 tibi
3175 3380 3244 3437 de
3265 3382 3401 3439 cibis
3424 3393 3633 3441 tantum

2049 3464 2451 3538 intelligendum
2494 3482 2619 3524 esse
2650 3469 2988 3527 concedam:
3021 3472 3145 3542 quid
3166 3472 3237 3530 de
3260 3474 3365 3530 alio
3397 3475 3641 3535 dicturus

2048 3570 2111 3615 es
2138 3558 2479 3628 testimonio,
2503 3560 2645 3631 quod
2692 3561 2984 3618 identidem
3018 3565 3209 3635 posui;
3249 3582 3350 3623 nec
3380 3567 3506 3624 inde
3539 3570 3640 3625 ali-

2049 3649 2179 3721 quid
2204 3650 2510 3722 disputasti,
2538 3652 2663 3724 quia
2693 3669 2803 3711 non
2828 3655 3079 3719 invenisti
3109 3659 3381 3728 quomodo
3404 3660 3458 3716 in
3488 3669 3636 3718 tuam

2048 3746 2239 3814 posses
2258 3743 2578 3816 detorquere
2606 3748 2950 3816 sententiam,
2977 3749 3121 3821 quod
3139 3751 3209 3806 ad
3230 3751 3485 3810 Hebraeos
3513 3755 3641 3811 scri-

2050 3843 2201 3907 ptum
2248 3844 2361 3903 est,
2407 3837 2537 3896 Sino
2587 3840 2689 3909 ﬁds
2729 3842 2862 3896 enim
2908 3842 3219 3914 impossibile
3263 3855 3339 3901 est
3396 3847 3625 3918 plaeers‘

2053 3926 2239 3999 (Hebr.
2267 3945 2352 3997 ιι,
2380 3928 2697 4003 6)?Nempe
2728 3942 2788 3990 ut
2810 3932 2913 3990 hoc
2952 3933 3220 3997 diceretur
3238 3979 3252 4004 ,
3282 3937 3352 3993 de
3389 3947 3498 3997 tota
3523 3940 3631 3997 vita

2051 4020 2285 4085 hominis
2320 4023 2575 4095 agebatur
2592 4066 2607 4090 ,
2633 4027 2688 4081 in
2711 4041 2816 4097 qua
2842 4026 3022 4098 justus
3042 4042 3111 4084 ex
3150 4028 3256 4085 ﬁde
3279 4030 3407 4086 vivit
3432 4048 3447 4086 :
3475 4040 3530 4088 et
3554 4040 3639 4088 ta-

2051 4132 2176 4175 men
2205 4133 2325 4173 cum
2372 4118 2491 4176 sine
2526 4117 2634 4175 ﬁde
2657 4118 2989 4191 impossibile
3027 4121 3099 4176 sit
3135 4122 3352 4193 placere
3380 4125 3517 4191 Deo,
3548 4126 3644 4182 tibi

2051 4210 2277 4265 virtutes
2317 4209 2434 4266 sine
2473 4209 2577 4265 ﬁde
2601 4211 2679 4267 sic
2702 4210 2931 4281 placent,
2961 4220 3021 4267 ut
3062 4226 3154 4268 eas
3178 4229 3335 4270 veras
3359 4214 3641 4285 praedices,

2053 4303 2239 4373 eisque
2257 4302 2426 4361 bonos
2450 4316 2570 4358 esse
2595 4302 2875 4371 homines;
2904 4312 2960 4359 et
2982 4319 3190 4372 rursus,
3212 4306 3364 4376 quasi
3394 4314 3448 4363 te
3474 4307 3646 4377 paeni-

2054 4396 2218 4453 tuerit
2260 4394 2434 4455 laudis
2479 4395 2726 4464 illarum,
2755 4395 2968 4453 steriles
3012 4398 3362 4468 pronuntiare
3392 4413 3499 4454 non
3543 4399 3644 4455 du-

2054 4485 2214 4543 bites.
2578 4524 2579 4527 η

2128 4579 2221 4637 25.
2260 4577 2350 4639 Isti
2377 4591 2507 4648 ergo
2525 4578 2616 4648 qui
2651 4577 2879 4634 naturali
2916 4576 3036 4649 lege
3074 4587 3203 4635 sunt
3229 4578 3361 4650 justi
3382 4620 3396 4645 ,
3418 4588 3511 4637 aut
3530 4581 3639 4652 pla-

2058 4679 2183 4726 cent
2206 4670 2337 4736 Deo,
2369 4676 2424 4727 et
2447 4684 2514 4725 ex
2552 4667 2659 4725 ﬁde
2694 4669 2940 4739 placent;
2967 4670 3090 4740 quia
3120 4670 3238 4726 sine
3267 4670 3374 4727 ﬁde
3400 4671 3644 4744 impossi-

2060 4762 2166 4819 bile
2190 4769 2274 4817 est
2306 4760 2557 4831 placere:
2588 4770 2641 4817 et
2674 4776 2741 4817 ex
2767 4776 2871 4833 qua
2916 4761 3019 4819 ﬁde
3057 4762 3291 4834 ptirent,
3318 4765 3425 4821 nisi
3447 4780 3512 4821 ex
3540 4766 3645 4822 ﬁde

2062 4850 2299 4908 Christi?
2340 4853 2592 4921 quoniam
2632 4851 2770 4909 sicut
2805 4851 2997 4921 legitur
3030 4852 3086 4908 in
3114 4853 3337 4911 Actibus
3366 4855 3644 4925 Apostolo-

2061 4960 2203 5012 rum,
2242 4942 2311 4998 In
2346 4942 2437 5003 illo
2477 4943 2613 5003 Deus
2647 4943 2872 5012 deﬁnivit
2902 4942 3054 5013 ﬁdem
3094 4945 3357 5014 omnibus,
3396 4948 3646 5002 suscitans

2062 5052 2175 5092 eum
2204 5052 2237 5090 a
2271 5035 2482 5093 mortuis
2520 5033 2653 5106 (Act.
2686 5050 2822 5099 xvu,
2854 5036 2969 5107 5i).
3000 5034 3233 5107 Ideoque
3257 5036 3505 5093 dicuntur
3528 5040 3645 5096 sine

2061 5129 2180 5201 lege
2202 5129 2510 5186 naturaliter
2532 5144 2649 5199 qua:
2688 5129 2822 5200 legis
2844 5137 2969 5185 sunt
2995 5128 3194 5199 facere,
3225 5131 3347 5201 quia
3372 5145 3437 5188 ex
3464 5130 3639 5188 Genti-

2062 5222 2164 5281 bus
2191 5230 2453 5279 venerunt
2476 5220 2542 5277 ad
2568 5220 2937 5292 Evangelium,
2964 5237 3072 5279 non
3104 5238 3169 5280 ex
3214 5224 3643 5293 circumcisione,

2062 5316 2148 5371 cui
2190 5315 2278 5372 lex
2320 5315 2441 5372 data
2482 5322 2674 5380 est;et
2709 5324 2992 5386 propterea
3045 5317 3387 5381 naturaliter,
3416 5319 3536 5388 quia
3587 5328 3647 5373 ut

2063 5407 2346 5465 crederent
2367 5448 2382 5472 ,
2414 5407 2529 5478 ipsa
2564 5406 2618 5461 in
2655 5406 2735 5463 eis
2772 5415 2857 5463 est
2886 5422 2981 5478 per
3008 5407 3105 5463 Dei
3137 5409 3363 5479 gratiam
3409 5419 3647 5466 correcta

2063 5508 2275 5559 natura.
2313 5497 2425 5555 Nec
2458 5514 2554 5570 per
2586 5513 2678 5555 eos
2717 5506 2874 5570 potes
2899 5499 3127 5570 probare
3160 5499 3301 5569 quod
3336 5499 3413 5554 vis
3437 5540 3453 5567 ,
3483 5500 3644 5556 etiam

2064 5594 2308 5653 inﬁdeles
2351 5608 2509 5650 veras
2554 5608 2714 5664 posse
2749 5592 2951 5649 habere
2991 5592 3258 5647 virtutes:
3288 5602 3409 5647 sum
3452 5593 3647 5664 quippe

2064 5688 2153 5745 isti
2177 5686 2383 5745 ﬁdeles.
2412 5689 2516 5742 Aut
2539 5686 2585 5742 si
2618 5685 2779 5747 ﬁdem
2808 5701 2915 5742 non
2939 5684 3142 5743 habent
3164 5683 3382 5752 Christi,
3412 5684 3641 5755 profecti

2126 5824 2145 5856 ι
2169 5822 2286 5872 Editi
2307 5821 2405 5880 hic,
2442 5829 2541 5870 Deo
2560 5818 2768 5884 placere.
2797 5818 2914 5884 Alibi
2936 5824 3100 5868 tamen
3123 5825 3223 5884 Am.
3250 5826 3302 5870 et
3332 5824 3406 5868 Er.
3442 5832 3655 5884 consen-

2064 5886 2249 5953 tientes
2277 5880 2852 5953 antiquis_ntanuscrip_tis
2883 5893 3035 5953 saepe.
3054 5880 3299 5953 omittunt,
3335 5889 3465 5953 1)_eo,
3490 5887 3546 5931 ut
3567 5881 3649 5953 Διιι-ι

2064 5946 2156 6007 ira,
2164 5943 2364 6060 u{11:13.35
2395 5943 2453 5996 et
2484 5944 2563 6004 5‘2,
2591 5956 2756 6005 neque
2778 5943 2884 5994 haec
2904 5954 2997 5994 vox
3021 5943 3074 5992 in
3090 5953 3252 6006 greco
3274 5948 3417 5995 textu
3439 5944 3630 6006 Apostol

2068 6021 2163 6060 exs
2297 6042 2309 6055 .

2068 6021 2309 6062 θιευωδι.
