4142 6526
356 698 458 744 nec
478 675 606 752 justi
637 676 778 733 sunt,
808 674 908 720 nec
925 658 1038 713 Deo
1065 650 1295 722 placent,
1322 641 1407 698 cui
1420 637 1557 752 Jsine
1595 629 1698 752 ﬁde
1726 623 1937 752 placere

929 750 941 752 ’
1033 746 1046 752 ·
1076 743 1089 752 ·
1338 735 1349 746 ·
1372 750 1381 752 ς
1455 730 1500 752 2-
1539 726 1587 752 :..
1630 719 1712 752 ιηζι
1743 730 1857 752 mm.
1887 726 1937 752 n-

394 713 458 740 UB
506 713 606 735 υῦδι
638 713 778 733 “Il-Iv,
809 713 904 720 --ν-
1070 713 1080 722 Ι

358 713 689 843 liampi'issibile
713 766 816 815 est.
842 750 946 809 Sed
983 746 1050 802 ad
1076 743 1179 798 hoc
1206 752 1301 794 eos
1336 735 1389 788 in
1414 730 1503 785 die
1534 719 1716 796 judicii
1743 713 1946 784 cogita-

1140 842 1143 843 ν
1190 832 1202 843 “
1304 823 1460 843 ὶν.“ε⁴--
1488 814 1776 843 —--n:nnIIIl‘
1822 804 1942 843 (“lin

403 804 432 828 ιι
474 804 689 826 νου-νυν
715 804 816 815 ν---
844 804 931 809 Ἥ,

364 804 538 920 Itiniies
580 868 689 911 sua:
715 843 1019 906 defendent,
1048 844 1106 890 ut
1133 823 1464 887 tolerabilius
1488 814 1796 890 puniantur,
1822 804 1945 905 quia

367 894 538 920 ‘IUIICU
580 894 688 911 Duw
716 894 955 906 uv-w--._-,
1008 894 1018 904 '

361 950 675 1012 naturaliter
721 954 838 1012 qua:
869 933 1003 1004 legis
1041 934 1165 983 sunt
1202 928 1488 986 utcumque
1524 910 1782 967 fecerunt,
1822 894 1952 952 scri-

1310 1009 1321 1012 Δ
1395 1007 1406 1012 Δ
1461 1003 1473 1012 .
1565 1008 1575 1012 ‘
1697 1011 1710 1012 ί
1761 998 1811 1012 --ι
1837 985 1952 1012 Αἐξπ

364 985 663 1012 natura-uu-
721 985 838 1012 ειη...
872 985 994 1004 --οη
1405 985 1410 986 7

364 1057 516 1120 ptum
541 1037 797 1094 habentes
817 1029 872 1083 in
892 1021 1141 1099 cordibus
1159 1025 1295 1086 opus
1310 1007 1440 1078 legis
1461 1003 1734 1057 hactenus,
1760 998 1817 1045 ut
1836 985 1954 1043 aliis

925 1117 938 1120 ’
1140 1107 1171 1120 ⁴⁹
1288 1103 1416 1120 “---·
1447 1113 1459 1120 ·
1485 1096 1585 1120 LA“
1612 1100 1786 1120 M"rum
1827 1094 1953 1120 non-

365 1094 475 1194 non
521 1130 760 1186 facerent
801 1117 943 1192 quod
968 1094 1175 1185 perpeti
1217 1103 1459 1160 nollent:
1485 1096 1587 1148 hoc
1612 1094 1953 1194 tamennpec-

374 1235 580 1289 cantes,
607 1218 746 1292 quod
778 1208 1021 1269 homines
1065 1202 1181 1258 sine
1230 1195 1355 1261 ﬁde,
1382 1204 1495 1247 non
1521 1185 1588 1240 ad
1631 1194 1753 1237 eum
1799 1174 1959 1228 ﬁnem

375 1324 479 1378 ista
521 1328 685 1387 opera
724 1307 1040 1365 retulerunt,
1072 1296 1137 1351 ad
1183 1305 1343 1363 quem
1389 1281 1595 1340 referre
1640 1273 1957 1329 debuerunt.

377 1369 583 1471 Minusr
602 1406 746 1465 enim
786 1396 1060 1456 Fabricius
1097 1402 1255 1462 quam
1290 1379 1514 1439 Catilina
1553 1369 1821 1443 punietur,
1854 1374 1963 1416 non

382 1506 506 1578 quia
536 1502 637 1556 iste
674 1497 865 1555 bo'nus,
898 1487 992 1545 sed
1017 1483 1138 1555 quia
1167 1480 1253 1534 ille
1282 1472 1449 1543 magis
1486 1466 1654 1522 malus
1680 1480 1692 1514 :
1716 1466 1769 1514 et
1792 1454 1966 1509 minus

1088 1572 1128 1578 “
1164 1572 1177 1578 ·
1230 1568 1242 1578 ·
1282 1567 1292 1578 ⁶
1475 1575 1517 1578 -κΑ
1564 1568 1717 1578 mh.--
1747 1549 1966 1578 ":nlntac

381 1549 599 1665 iimpius,
622 1602 781 1660 quam
820 1579 1064 1642 Catilina,
1088 1567 1382 1631 Fabricius,
1419 1575 1526 1616 non
1564 1568 1721 1611 veras
1747 1549 1970 1602 virtutes

1236 1661 1266 1665 Α-
1580 1649 1594 1665 ι
1644 1647 1830 1665 μηη...
1883 1637 1970 1665 ,ιν

383 1637 599 1665 ....,,...-,
625 1637 779 1660 Ἰν---
837 1637 844 1638 ,
1052 1637 1061 1642 _

383 1683 633 1744 habendo
658 1724 673 1749 ,
704 1677 799 1735 sed
838 1689 868 1730 a
904 1670 1046 1727 veris
1072 1661 1351 1721 virtutibus
1395 1669 1505 1711 non
1543 1647 1835 1720 plurimum
1882 1637 1975 1693 dc-

394 1777 613 1834 viando.

1159 524 1429 587 CONTRA
1466 504 1804 575 JULIANUM
1842 485 2303 558 FELAGIANUM,
2335 485 2393 544 S.
2435 473 2798 540 AUGUSTINI

2053 608 2175 680 fide,
2207 611 2460 676 peccatum
2494 604 2602 660 est;
2629 591 2789 648 etiam
2809 584 2900 641 illa
2929 576 3285 649 intelligantur
3309 568 3629 633 inﬁdelium,

2207 659 2218 676 .

2050 717 2167 774 qum
2206 698 2345 754 dona
2386 699 2511 749 sunt
2535 686 2666 754 Dei,
2706 678 2912 738 sivelin
2947 671 3137 738 animi,
3177 668 3290 724 sive
3317 667 3373 721 in
3397 659 3637 734 corporis

2054 754 2247 850 bonis?
2273 788 2346 845 lbi
2376 783 2521 842 enim
2543 785 2667 836 sunt
2694 781 2750 832 et
2780 772 2882 827 ista
2911 781 3029 838 qua:
3056 762 3282 818 inaniter
3303 754 3496 828 garris,
3518 765 3639 808 eor-

2056 902 2178 961 pus,
2210 894 2264 940 et
2300 879 2462 947 oculi,
2494 884 2549 932 et
2570 869 2811 930 membra
2841 872 3055 920 caetera.
3094 855 3153 910 In
3192 867 3258 910 eo
3294 861 3491 922 genere
3516 851 3643 902 sunt

2058 947 2219 1038 etiam
2249 991 2368 1048 quae
2395 974 2450 1027 in
2479 967 2621 1039 agris
2644 964 2979 1031 Paganorum
3008 949 3272 1006 frumenta
3314 947 3606 999 nascuntur
3625 977 3643 1003 ,

2062 1084 2288 1145 quorum
2311 1068 2454 1122 Deus
2478 1067 2690 1117 creator
2709 1062 2811 1119 est,
2847 1064 2954 1105 non
2983 1039 3201 1115 Pagani.
3233 1039 3426 1093 Annon
3452 1041 3507 1088 tu
3534 1031 3651 1101 ipse

2857 1142 2870 1145 ·
3247 1127 3333 1145 ’με
3387 1124 3476 1145 --ιε
3507 1121 3610 1145 .12-:
3630 1134 3649 1145 .

2066 1121 2206 1221 inter
2234 1169 2427 1217 caetera
2455 1153 2615 1210 etiam
2642 1149 2744 1204 ista
2765 1142 2925 1199 verba
2964 1150 3083 1193 mea
3109 1127 3357 1206 posuisti,
3387 1124 3480 1181 ubi
3502 1121 3612 1178 dixi
3630 1134 3649 1173 :

2076 1277 2095 1313 ι
2124 1255 2314 1311 Anima
2353 1247 2496 1305 enim
2526 1252 2582 1300 et
2616 1254 2808 1311 corpus
2835 1243 2890 1291 et
2912 1238 3260 1304 quascumque
3286 1222 3427 1278 bona
3460 1216 3656 1273 anima:

2072 1357 2127 1405 et
2146 1342 2386 1415 corporis
2423 1307 2739 1394 naturaliter
2776 1327 2957 1393 insita,
3003 1321 3161 1379 etiam
3199 1318 3254 1372 in
3292 1307 3663 1386 peccatoribus

2077 1440 2218 1496 dona
2245 1434 2341 1490 Dei
2371 1437 2528 1494 sunt;
2558 1423 2808 1497 quoniam
2832 1420 2991 1481 Deus,
3015 1429 3121 1469 non
3146 1408 3245 1481 ipsi
3271 1407 3373 1461 ista
3393 1401 3661 1458 fecerunt:

2079 1530 2255 1588 dehis
2283 1533 2458 1581 autem
2484 1490 2604 1592 quae
2628 1516 2826 1571 faciunt
2850 1509 3050 1566 dictum
3078 1511 3178 1568 est,
3221 1500 3381 1554 Omne
3408 1490 3541 1567 quod
3565 1504 3672 1543 non

2083 1583 2154 1680 est
2176 1637 2236 1676 ea:
2259 1618 2378 1688 ﬁde,
2408 1583 2665 1688 peccatum
2690 1614 2762 1662 est
2787 1621 2806 1656 ι
2835 1599 2937 1673 (De
2962 1594 3174 1668 Nuptiis
3213 1599 3260 1647 et
3300 1583 3674 1655 Concupiscet:—

2086 1716 2176 1778 tia,
2201 1686 2287 1766 liti.
2310 1710 2363 1773 1,
2384 1686 2437 1761 n.
2459 1703 2552 1776 4)?
2568 1701 2717 1757 lianc
2729 1698 2968 1759 brevem,
2981 1687 3079 1745 sed
3094 1686 3279 1755 utique
3297 1687 3536 1752 apertam
3551 1688 3678 1730 sen-

2088 1804 2307 1862 tentiam
2335 1765 2512 1853 meam
2541 1793 2585 1848 si
2612 1796 2792 1847 mente
2813 1782 3096 1847 tenuisses,
3119 1784 3248 1848 puto
3268 1770 3411 1845 quod
3438 1776 3545 1825 tam
3577 1765 3681 1820 im-

3521 439 3632 511 752

468 1893 562 1949 26.
604 1891 685 1943 An
714 1886 850 1941 forte
877 1888 932 1936 et
969 1875 1084 1933 istis
1120 1871 1212 1942 qui
1247 1863 1602 1923 exhibuerunt
1632 1862 1859 1910 terrenae
1885 1861 1983 1917 pa-
2095 1859 2134 1862 τί
2490 1891 2501 1902 .
3089 1875 3100 1886 ⁸
3631 1859 3644 1871 .

1690 1947 1698 1949 -
2091 1899 2288 1949 nrobus
2304 1908 2414 1949 non
2432 1890 2644 1949 fuisses,
2667 1892 2728 1941 ut
2748 1896 2845 1938 nos
2872 1891 3032 1949 posse
3050 1874 3228 1931 dicere
3248 1878 3534 1929 assereres,
3557 1876 3644 1932 qui

2091 1899 2288 1972 probus
2304 1908 2414 1950 non
2432 1890 2644 1954 fuisses,
2667 1892 2728 1941 ut
2748 1896 2845 1938 nos
2872 1891 3032 1950 posse
3050 1874 3228 1931 dicere
3248 1878 3534 1929 assereres,
3557 1875 3684 1932 quia

402 1988 520 2045 triae
550 1979 923 2054 Bahylonicam
955 1966 1294 2026 dilectionem
1313 2001 1326 2025 ,
1350 1965 1406 2014 et
1427 1956 1622 2009 virtute
1656 1945 1833 2008 civili,
1876 1953 1983 1995 non

2102 1955 2121 2047 ζ
2151 2002 2351 2061 corpus
2376 1986 2707 2056 Paganorum
2734 1987 2932 2045 corpus
2956 1983 3062 2026 non
3089 1967 3179 2033 sit,
3204 1970 3260 2018 et
3284 1957 3427 2017 oculi
3450 1955 3688 2026 Pagano-

402 2095 528 2136 vera
548 2118 564 2144 ,
600 2031 692 2128 sed
731 2071 844 2124 veri
882 2061 1041 2120 simili
1070 2051 1398 2113 daemonibus
1422 2047 1509 2101 vel
1534 2043 1780 2098 humana:
1808 2031 1992 2104 gloriae
2102 2031 2121 2047 ‘
2152 2031 2351 2061 “‘"V‘"
2381 2031 2399 2040 '
2419 2031 2606 2056 '°""'
2834 2031 2846 2045 -
2891 2065 2904 2077 ,
3111 2058 3122 2072 ,

1447 2136 1486 2144 _
1600 2131 1636 2144 ..
1747 2136 1762 2144 -
1791 2121 1966 2144 mm-
2103 2099 2221 2141 rum
2246 2092 2462 2137 sensum
2493 2089 2599 2130 non
2627 2070 2864 2125 habeant
2891 2058 3122 2119 intuendi

2103 2099 2221 2141 rum
2246 2053 2474 2137 sensum
2493 2089 2599 2130 non
2627 2070 2864 2125 habeant
2891 2058 3165 2125 intuendi,
3188 2072 3243 2111 et
3268 2053 3531 2109 frumenta
3568 2055 3691 2115 quin

406 2121 727 2226 servierunt,
753 2152 1012 2212 Fabriciis
1048 2145 1316 2209 videlicet,
1348 2148 1402 2195 et
1447 2131 1686 2205 Regalis,
1713 2136 1768 2184 et
1791 2121 1992 2187 Fabiis,

407 2271 464 2318 et
487 2254 823 2328 Scipionibus
842 2292 857 2317 ,
889 2256 944 2304 et
970 2241 1238 2304 Camillis,
1272 2231 1584 2300 caeterisque
1614 2223 1806 2279 talibus
1825 2260 1840 2285 ,
1864 2216 2000 2271 sicut

411 2306 779 2328 “earn--.”
845 2306 856 2317 ,

411 2349 706 2410 infantibus
730 2344 820 2415 qui
859 2342 976 2396 sine
1013 2334 1341 2406 Baptismate
1373 2321 1676 2379 moriuntur
1696 2356 1711 2382 ,
1738 2306 1999 2384 provisuri

414 2445 544 2500 estis
571 2412 799 2509 aliquem
842 2435 1016 2489 locum
1060 2427 1201 2481 inter
1238 2414 1632 2475 damnationem
1677 2412 2005 2474 regnumque

418 2536 707 2596 caelorum;
741 2527 828 2582 ubi
857 2539 964 2579 non
993 2520 1103 2576 sint
1130 2518 1182 2571 in
1209 2509 1444 2573 miseria,
1472 2502 1568 2561 sed
1594 2502 1647 2556 in
1676 2491 2008 2553 beatitudine

419 2630 783 2701 sempiterna,
833 2619 922 2691 qui
954 2618 1064 2671 Deo
1091 2626 1197 2666 non
1241 2605 1574 2677 placuerunt,
1618 2592 1705 2649 cui
1748 2589 1862 2643 sine
1907 2582 2011 2638 ﬁde

421 2676 743 2701 νν···ι’·-------
769 2676 783 2688 ι
852 2676 868 2691 ι
1248 2676 1255 2677 ,

421 2724 634 2794 placere
664 2709 994 2784 impossibile
1023 2713 1125 2771 est,
1147 2714 1304 2772 quam
1333 2709 1433 2750 nec
1456 2692 1509 2746 in
1536 2684 1806 2759 operibus,
1833 2692 1935 2734 nec
1959 2676 2012 2731 in

425 2780 677 2873 cordibus
698 2780 1037 2863 habuerunt?
1060 2798 1177 2853 Non
1199 2792 1389 2863 opinor
1405 2780 1761 2859 perditionem
1782 2780 2014 2830 vestram

426 2920 600 2978 usque
628 2902 693 2958 ad
725 2902 880 2955 istam
907 2905 1065 2966 posse
1091 2882 1471 2957 impudentiam
1506 2872 1770 2947 prosilire.
1799 2886 1818 2920 ι
1851 2866 2022 2920 Erunt.

513 3385 607 3440 27.
638 3380 745 3437 Sed
776 3378 944 3433 facete
985 3386 1049 3428 ac
1093 3366 1268 3439 lepide
1311 3364 1473 3419 homo
1515 3353 1941 3429 elegantissimus
1979 3358 2034 3405 et

444 3471 855 3535 urbanissimus,
877 3486 897 3518 ι
920 3464 978 3521 Si
994 3462 1220 3524 dicatur,
1253 3476 1273 3511 ›
1294 3454 1487 3525 inquis,
1508 3469 1527 3503 ι
1549 3449 1670 3520 quia
1681 3445 1898 3502 castitas
1925 3440 2036 3496 inﬁ-

447 3567 648 3625 delium
693 3562 909 3618 castitas
957 3571 1062 3613 non
1106 3564 1220 3617 est;
1267 3547 1452 3605 eadem
1496 3540 1891 3598 frontedicetur
1914 3535 2037 3606 quia

454 3858 713 3920 ganorum
742 3846 1033 3896 nascuntur
1053 3831 1215 3905 agris,
1250 3832 1512 3883 frumenta
1527 3836 1635 3878 non
1663 3820 1872 3875 sintzet
1904 3814 2044 3870 mulo

455 3907 536 4007 ta,
556 3957 577 3992 ο
598 3934 794 4006 inquis,
818 3950 837 3984 ι
856 3931 956 3985 alia
974 3942 1095 4000 qua:
1109 3930 1269 3979 tanta:
1284 3916 1629 3975 absurditatis
1649 3918 1790 3976 sunt,
1809 3907 2047 3962 utrisum

459 4001 1108 4106 possint-intelligentibus
1122 4026 1482 4074 commovere.
1509 4028 1529 4061 ι
1547 4007 1660 4063 Non
1687 4004 1844 4076 plane
1858 4001 2046 4066 risum,

462 4099 563 4183 sed
606 4121 789 4177 fletum
848 4117 1023 4187 potius
1075 4105 1493 4178 intelligentibus
1536 4110 1715 4155 vester
1751 4099 2054 4151 commovet

462 4218 627 4279 risus,
659 4214 797 4269 sicut
820 4205 1083 4264 mentibus
1112 4200 1404 4256 amicorum
1435 4204 1685 4249 sanorum
1708 4188 1888 4243 ﬁetum
1910 4198 2057 4239 com-

470 4318 652 4367 movet
670 4308 811 4362 risus
843 4296 1294 4372 phreneticornm.
1316 4287 1464 4344 Itane
1489 4293 1581 4341 aut
1605 4291 1790 4337 contra
1815 4276 2056 4345 Scriptu-

471 4419 561 4460 ras
591 4408 803 4458 sanctas
821 4392 1050 4450 inﬁdelis
1074 4388 1310 4443 animum
1339 4379 1588 4437 fornicari
1616 4389 1798 4445 negas,
1831 4380 1923 4426 aut
1942 4383 2060 4424 esse

474 4497 532 4552 in
559 4493 739 4548 animo
766 4487 1061 4543 fornicante
1078 4494 1260 4536 veram
1285 4474 1579 4532 castitatem
1602 4468 1771 4534 dicis;
1814 4472 1870 4520 et
1898 4462 2061 4527 rides,

481 4598 537 4643 et
564 4599 729 4640 sanus
757 4580 858 4638 es?
887 4576 1062 4640 Unde,
1091 4568 1380 4644 quomodo,
1421 4579 1523 4636 qua
1547 4560 1754 4618 ratione
1776 4555 1916 4614 istud
1947 4554 2063 4612 ﬁeri

481 4675 702 4749 potest?
732 4674 956 4727 Prorsus
984 4680 1084 4721 nec
1109 4664 1198 4719 illa
1218 4669 1301 4717 est
1327 4657 1547 4715 castitas
1574 4668 1720 4719 vera,
1748 4665 1848 4706 nec
1869 4646 2068 4703 sanitas

485 4784 635 4825 vera.
685 4766 911 4820 Prorsus
933 4801 947 4824 ,
992 4760 1205 4828 inquam
1226 4795 1244 4821 ,
1274 4767 1372 4809 nec
1399 4764 1524 4805 vera
1553 4754 1636 4804 est
1660 4744 1880 4801 castitas
1905 4737 2069 4794 animi

491 4854 828 4920 fornicantis,
858 4862 913 4908 et
934 4864 1059 4905 vera
1080 4846 1282 4902 insania
1310 4852 1394 4898 est
1432 4839 1664 4896 hominis
1702 4835 1928 4891 dicentis
1969 4832 2076 4887 hoc

490 4953 726 5009 dedecus
745 4956 799 5003 et
821 4943 1062 5002 ridentis.
1091 4939 1197 4994 Nos
1216 4945 1393 4992 autem
1421 4934 1562 4988 absit
1586 4938 1646 4985 ut
1669 4928 1908 4984 dicamus
1932 4923 2076 4995 quod

2100 2177 2155 2232 in
2180 2175 2515 2244 Paganorum
2556 2168 2850 2220 nascuntur
2874 2155 3047 2227 agris,
3081 2150 3345 2206 frumenta
3370 2156 3478 2199 non
3505 2139 3630 2194 sint.
3665 2150 3688 2186 ι

2105 2268 2173 2324 Ut
2191 2226 2333 2322 enim
2362 2260 2456 2316 tibi
2485 2267 2735 2326 tanquam
2761 2250 2829 2306 de
2854 2226 3045 2304 somno
3068 2242 3302 2300 excitato
3321 2233 3510 2291 eadem
3530 2226 3694 2283 verba

2104 2373 2224 2416 mea
2247 2362 2484 2426 repetam
2504 2391 2522 2418 ,
2548 2318 2668 2420 qua:
2690 2354 2797 2401 tua:
2820 2336 3095 2398 memoria:
3121 2329 3364 2390 fortassis
3389 2333 3453 2382 ut
3478 2323 3594 2379 haec
3614 2318 3700 2375 di-

2108 2464 2260 2508 ceres
2306 2444 2647 2505 exciderunt,
2682 2456 2701 2491 ι
2729 2435 2857 2493 Haec
2897 2431 3058 2488 etiam
3088 2427 3142 2483 in
3166 2417 3533 2496 peccatoribus
3558 2412 3702 2469 dona

2112 2543 2209 2601 Dei
2236 2546 2395 2603 sunt;
2424 2534 2672 2607 quoniam
2703 2530 2862 2593 Deus,
2896 2538 3004 2580 non
3052 2518 3153 2590 ipsi
3188 2516 3289 2572 ista
3317 2512 3602 2567 fecerunt:
3634 2503 3707 2559 de

2118 2598 2202 2689 his
2226 2598 2403 2686 autem
2430 2598 2549 2697 qua:
2576 2620 2778 2677 faciunt
2801 2616 3001 2677 dictum
3031 2616 3135 2674 est,
3163 2605 3325 2662 Omne
3347 2598 3481 2674 quod
3507 2612 3609 2652 non
3631 2601 3709 2650 est

2117 2742 2182 2780 ea:
2209 2723 2330 2793 ﬁde,
2361 2685 2620 2790 peceatum
2653 2720 2744 2767 est.
2777 2727 2797 2762 ι
2826 2706 2933 2764 Sed
2961 2718 3081 2760 cum
3102 2700 3290 2756 insana
3314 2694 3448 2750 dicis
3469 2698 3525 2746 et
3541 2685 3711 2751 rides,

2120 2811 2434 2888 phrenetico
2463 2824 2522 2863 es
2549 2803 2741 2861 similis
2774 2819 2789 2857 :
2818 2814 2936 2855 cum
2965 2802 3146 2851 autem
3172 2803 3296 2846 vera
3321 2800 3441 2858 quae
3469 2781 3588 2838 dico
3615 2776 3717 2832 abs

2125 2874 2177 2965 ἱθ
2210 2906 2367 2978 paulo
2396 2911 2520 2957 ante
2545 2899 2997 2955 commemorata,
3026 2897 3082 2943 et
3122 2885 3247 2957 huic
3286 2879 3387 2951 ipsi
3434 2874 3581 2947 operi
3621 2879 3720 2926 tuo

2126 3013 2232 3072 quo
2253 2996 2382 3052 mihi
2409 2989 2736 3063 respondere
2763 2984 2958 3041 videris
2982 2981 3204 3043 inserta,
3231 2975 3309 3032 sic
3333 2987 3439 3029 non
3466 2965 3721 3031 attendis,

2128 3060 2206 3149 sic
2233 3060 2597 3151 oblivisccris;
2627 3096 2734 3138 non
2756 3069 2870 3151 jam
2893 3071 3225 3149 phreneticis
3243 3110 3258 3137 ,
3280 3067 3376 3125 sed
3413 3060 3726 3134 lethargicis

2128 3178 2474 3251 compararis.

2202 3245 2293 3327 23.
2347 3287 2368 3323 ι
2401 3265 2578 3323 Mirari
2618 3273 2671 3320 te
2710 3280 2731 3315 ι
2775 3258 2909 3317 dicis
2935 3299 2952 3327 ,
2998 3274 3018 3309 ι
3054 3252 3197 3326 quod
3241 3259 3349 3307 tam
3378 3245 3670 3308 excellens,
3701 3260 3725 3296 ι

2137 3381 2315 3423 meum
2340 3361 2608 3445 videlicet,
2635 3357 2772 3412 sicut
2796 3351 3082 3409 irridenter
3118 3343 3376 3417 loqueris,
3411 3359 3432 3394 ‹
3462 3354 3569 3395 non
3598 3334 3736 3391 vidit

2139 3432 2427 3530 ingenium,
2459 3459 2714 3524 quantum
2744 3460 2836 3503 vos
2862 3445 2915 3500 in
2946 3443 3051 3497 hoc
3077 3452 3292 3511 quoque
3328 3431 3578 3505 juverim,
3606 3426 3739 3498 quia

2140 3520 2267 3615 diri,
2298 3520 2429 3602 Aliis
2454 3520 2684 3615 peccatis
2703 3538 2804 3594 alia
2833 3542 3049 3606 peccata
3072 3531 3376 3585 vincuntur.
3412 3543 3433 3577 ι
3465 3520 3741 3577 Continuo

2142 3607 2338 3713 quippe
2363 3607 2587 3692 subditis
2607 3639 2764 3700 atque
2783 3622 3101 3683 concluditis
3120 3619 3393 3675 dicentes:
3417 3632 3437 3665 ι
3473 3607 3744 3669 Perfacile

2146 3707 2305 3804 igitur
2342 3727 2518 3782 studio
2562 3721 2875 3784 sanctitatis,
2919 3714 3063 3788 quod
3108 3713 3249 3768 Deus
3295 3708 3531 3779 adjuvat,
3562 3707 3747 3774 potest

2147 3824 2310 3879 homo
2337 3833 2520 3876 carere
2565 3812 2815 3886 peccatis.
2847 3809 2905 3866 Si
2948 3808 3090 3863 enim
3121 3803 3422 3867 vincuntur,
3462 3816 3484 3851 ι
3518 3795 3701 3865 inquis
3724 3834 3744 3860 ,

2156 3934 2177 3969 ι
2231 3918 2445 3986 peccata
2489 3883 2756 3982 peccatis,
2804 3907 3004 3972 quanto
3051 3898 3220 3966 magis
3263 3899 3487 3965 possunt
3527 3883 3748 3943 virtuti-

2153 3976 2255 4061 bus
2291 3976 2510 4075 peccata
2553 3992 2842 4067 superari?
2882 4011 2902 4045 ι
2935 3989 3096 4058 Quasi
3141 4000 3242 4042 nos
3281 3995 3557 4054 negemus,
3589 3976 3752 4048 adju-

2156 4068 2349 4156 torium
2383 4094 2473 4150 Dei
2519 4098 2720 4146 tantum
2751 4085 2952 4148 valere,
3001 4081 3046 4137 si
3093 4078 3225 4135 velit
3266 4083 3327 4132 ut
3368 4072 3529 4130 hodie
3572 4068 3755 4126 nullas

2159 4186 2616 4259 concupiscentias
2641 4180 2809 4235 malas
2846 4175 3046 4232 habere
3074 4171 3366 4243 possimus,
3398 4172 3586 4221 contra
3616 4171 3757 4233 quas

2161 4281 2247 4338 vel
2273 4275 2619 4334 invictissime
2662 4269 2979 4326 dimicemus
3006 4282 3019 4319 :
3049 4272 3103 4320 et
3147 4271 3324 4316 tamen
3354 4272 3460 4313 non
3487 4254 3625 4317 ﬁeri,
3652 4266 3758 4308 nec

2166 4382 2223 4429 tu
2262 4383 2446 4441 negas.
2491 4365 2597 4422 Cur
2625 4371 2803 4418 autem
2842 4373 2946 4413 non
2973 4356 3085 4422 ﬁat,
3116 4353 3235 4425 quis
3263 4349 3511 4422 cognovit
3535 4357 3758 4402 sensum

2168 4438 2380 4522 Domini
2408 4458 2585 4533 (Rom.
2626 4471 2701 4521 ιι,
2743 4451 2875 4525 54)?
2905 4449 3019 4505 Non
3045 4457 3223 4502 tamen
3252 4457 3440 4514 parum
3470 4438 3603 4504 scio,
3633 4448 3761 4490 cum

2171 4557 2304 4627 scio,
2335 4524 2684 4624 quaecumque
2724 4524 2821 4600 illa
2854 4556 3014 4598 causa
3057 4539 3146 4602 sit,
3194 4534 3337 4606 quod
3366 4545 3468 4589 nec
3504 4527 3635 4601 justi
3664 4524 3765 4581 Dei

2173 4648 2243 4703 sit
2269 4644 2542 4716 iniquitas,
2570 4618 2671 4695 nec
2706 4629 3085 4703 omnipotentis
3124 4625 3426 4684 inﬁrmitas.
3469 4621 3563 4677 Est
3603 4618 3769 4688 igitur

2175 4708 2378 4811 aliquid
2412 4737 2464 4792 in
2494 4734 2608 4805 ejus
2645 4729 2825 4786 abdito
2853 4727 3067 4795 altoque
3109 4718 3356 4783 consilio,
3386 4728 3484 4772 cur
3511 4708 3771 4784 quamdiu

2177 4832 2404 4888 vivimus
2446 4828 2499 4882 in
2543 4825 2644 4880 hac
2683 4834 2844 4876 carne
2883 4814 3129 4881 mortali,
3174 4819 3257 4868 est
3294 4811 3349 4866 in
3390 4806 3544 4863 nobis
3578 4810 3772 4859 contra

2182 4921 2324 4995 quod
2364 4932 2517 4975 mens
2550 4913 2769 4973 dimicet
2802 4916 2981 4965 nostra
3021 4924 3035 4960 :
3070 4913 3154 4962 est
3189 4902 3352 4959 etiam
3382 4904 3604 4971 propter
3627 4890 3777 4965 quod

2185 4985 2427 5071 dicamus
2445 5052 2461 5077 ,
2502 5006 2713 5063 Dimitte
2748 5002 2891 5058 nobis
2913 5000 3077 5054 debita
3101 5005 3276 5053 nostra
3302 4991 3514 5065 (Matth.
3538 5005 3591 5044 γι
3613 5030 3629 5055 ,
3654 4985 3775 5057 12).

2188 5105 2298 5162 Sed
2323 5112 2382 5159 ut
2405 5100 2503 5157 tibi
2525 5101 2603 5155 sic
2625 5099 2816 5168 loquar
2846 5105 3094 5163 tanquam
3120 5086 3321 5144 homini
3346 5086 3540 5150 homo,
3571 5089 3629 5136 et
3659 5077 3783 5133 talis

2190 5201 2351 5254 homo
2405 5194 2557 5265 cuius
2612 5201 2823 5247 terrena
2885 5182 3198 5241 inhabitatio
3250 5177 3497 5249 deprimit
3558 5184 3785 5229 sensum

2192 5290 2357 5345 multa
2382 5262 2705 5358 cogitantem
2730 5280 2884 5354 (Sap.
2908 5293 2997 5344 ιι,
3026 5275 3137 5344 l5),
3167 5270 3297 5328 nihil
3320 5278 3401 5327 est
3425 5268 3476 5323 in
3496 5262 3785 5330 creaturis,

2192 5379 2335 5453 quod
2360 5378 2549 5433 attinet
2575 5374 2643 5431 ad
2672 5373 3030 5428 institutarum
3060 5364 3314 5422 divinitus
3341 5358 3531 5417 merita
3563 5365 3787 5412 natura-

2196 5449 2351 5541 rum,
2393 5468 2641 5527 rationali
2686 5475 2866 5521 mente
2909 5457 3264 5533 praestantius.
3309 5452 3462 5510 Unde
3498 5449 3558 5504 ﬁt
3592 5458 3789 5502 conse-

2198 5538 2368 5636 quens
2396 5570 2454 5618 ut
2481 5572 2634 5617 mens
2661 5558 2801 5614 bona
2828 5553 2995 5624 magis
3022 5550 3122 5606 sibi
3152 5548 3392 5619 placeat,
3420 5538 3698 5610 magisque
3726 5548 3789 5590 se

2199 5628 2316 5727 ipsa
2358 5653 2621 5717 delectet,
2666 5661 2825 5721 quam
2874 5642 3125 5716 quaelibet
3169 5638 3269 5693 alia
3310 5640 3571 5691 creatura.
3612 5628 3794 5698 Quam

2200 5764 2330 5806 vero
2355 5745 2656 5820 periculose
2675 5783 2690 5808 ,
2718 5742 2827 5796 imo
2844 5737 3143 5811 perniciose
3169 5730 3270 5788 sibi
3297 5728 3521 5800 placeat,
3548 5737 3670 5779 cum
3693 5732 3798 5791 per

2204 5845 2309 5900 hoc
2350 5816 2602 5898 tumescit
2645 5834 2809 5908 typho
2845 5842 2901 5890 et
2936 5830 3126 5887 morbo
3163 5823 3450 5884 inflationis
3477 5816 3797 5882 extollitur,

2209 5931 2460 6009 quamdiu
2504 5944 2609 5987 non
2647 5904 2793 5984 videt
2819 5924 2957 5984 sicut
2989 5919 3185 5981 videbit
3210 5919 3263 5976 in
3291 5915 3400 5973 ﬁne
3424 5922 3694 5995 summum
3722 5904 3808 5964 ιι-
3836 5948 3843 5959 .

489 5057 685 5113 corpus
714 5039 1045 5108 Paganorum
1092 5041 1287 5097 corpus
1310 5039 1418 5080 non
1445 5024 1544 5089 sit,
1573 5028 1629 5076 et
1670 5027 1863 5074 caetera
1892 5016 2079 5107 huju’s-
2134 5072 2143 5077 ,

492 5084 574 5101 νυ·
592 5084 685 5113 ιιι-υ
714 5084 737 5094 -
757 5084 945 5108 νυν-η
1108 5084 1111 5085 ν
1192 5084 1205 5097 .
1532 5084 1541 5089 ,

492 5135 659 5192 modi.
687 5130 870 5199 Neque
897 5125 1037 5181 enim
1060 5130 1144 5179 est
1167 5128 1519 5188 consequens,
1549 5123 1608 5166 ut
1632 5110 1680 5164 si
1702 5125 1809 5164 non
1840 5116 1923 5162 est
1956 5084 2081 5161 vc’ra

492 5230 666 5285 virtus
705 5238 809 5295 qua
849 5217 1102 5290 gloriatur
1140 5212 1355 5283 impius,
1398 5222 1504 5262 non
1545 5205 1617 5260 sit
1663 5217 1847 5259 verum
1889 5215 2084 5270 corpus

496 5281 912 5393 quodoperatur
939 5311 1095 5364 Deus.
1123 5281 1233 5361 Sed
1255 5302 1410 5373 plane
1437 5310 1719 5369 possumus
1746 5294 1944 5356 dicere,
1962 5281 2086 5347 Abre-

500 5413 796 5469 reticorum
843 5403 1073 5458 frontem
1101 5396 1208 5451 nun
1253 5407 1375 5449 esse
1404 5390 1658 5451 frontem,
1703 5387 1748 5441 si
1776 5401 1882 5441 non
1913 5399 2087 5439 mem-

502 5504 661 5560 brum
686 5496 832 5570 quod
853 5494 978 5549 fecit
1006 5492 1168 5555 Deus,
1195 5482 1497 5557 signiﬁcare
1518 5478 1875 5547 intelligamur
1897 5475 2087 5531 frontis

508 5568 764 5654 nomine,
795 5585 891 5643 sed
927 5581 1206 5654 pudorem.
1234 5574 1370 5645 Quid
1392 5616 1409 5642 ,
1438 5574 1485 5629 si
1512 5587 1617 5628 non
1644 5571 1697 5625 in
1715 5586 1781 5625 eo
1808 5570 1924 5639 ipso
1953 5568 2089 5622 libro

506 5696 653 5749 meo,
672 5681 756 5736 cui
771 5674 1115 5749 respondisse
1138 5679 1192 5726 te
1203 5669 1394 5741 iactas,
1418 5672 1542 5720 ante
1562 5670 1962 5732 praestruerem,
1983 5672 2052 5714 ne
2067 5658 2090 5690 ⁸

511 5774 570 5829 in
599 5771 701 5829 hac
726 5768 1008 5834 sententia,
1038 5779 1143 5837 qua
1167 5762 1417 5830 dicimus,
1446 5757 1610 5814 Omne
1636 5754 1773 5826 quod
1796 5770 1899 5810 non
1933 5760 2005 5809 est
2028 5767 2094 5809 ea:
