  <div class='ocr_page' id='page_1' title='image "/cluster/home/n/w/nwhite01/storage/ocr_20150623/44-45/uva.x000217727/380.png"; bbox 0 0 4142 6490; ppageno 0'>
   <div class='ocr_carea' id='block_1_1' title="bbox 781 326 849 333">
    <p class='ocr_par' dir='ltr' id='par_1_1' title="bbox 781 326 849 333">
     <span class='ocr_line' id='line_1_1' title="bbox 781 326 849 333; baseline 0.015 -1"><span class='ocrx_word' id='word_1_1' title='bbox 781 326 849 333; x_wconf 62' lang='grc' dir='ltr'><strong>..ο-.-</strong></span> 
     </span>
    </p>
   </div>
   <div class='ocr_carea' id='block_1_2' title="bbox 451 301 2026 437">
    <p class='ocr_par' dir='ltr' id='par_1_2' title="bbox 451 301 1993 421">
     <span class='ocr_line' id='line_1_2' title="bbox 451 301 1993 421; baseline 0.005 -23"><span class='ocrx_word' id='word_1_2' title='bbox 451 328 659 421; x_wconf 62' lang='grc' dir='ltr'><strong>πει,Δ</strong></span> <span class='ocrx_word' id='word_1_3' title='bbox 781 318 993 333; x_wconf 9' lang='lat' dir='ltr'><strong>“DS</strong></span> <span class='ocrx_word' id='word_1_4' title='bbox 1478 301 1485 305; x_wconf 25' lang='lat'><strong>&#39;</strong></span> <span class='ocrx_word' id='word_1_5' title='bbox 1790 348 1993 409; x_wconf 80' lang='lat' dir='ltr'><strong>LIBER</strong></span> 
     </span>
    </p>
   </div>
   <div class='ocr_carea' id='block_1_3' title="bbox 2131 301 3727 437">
    <p class='ocr_par' dir='ltr' id='par_1_3' title="bbox 2131 310 3727 437">
     <span class='ocr_line' id='line_1_3' title="bbox 2131 310 3727 437; baseline 0.006 -32"><span class='ocrx_word' id='word_1_6' title='bbox 2131 348 2372 409; x_wconf 77' lang='lat' dir='ltr'><strong>ARTUS.</strong></span> <span class='ocrx_word' id='word_1_7' title='bbox 2892 364 2897 371; x_wconf 58' lang='grc' dir='ltr'><em>ν</em></span> <span class='ocrx_word' id='word_1_8' title='bbox 3154 310 3161 311; x_wconf 21' lang='grc' dir='ltr'>ί</span> <span class='ocrx_word' id='word_1_9' title='bbox 3621 378 3727 437; x_wconf 66' lang='grc' dir='ltr'><strong>πει</strong></span> 
     </span>
    </p>
   </div>
   <div class='ocr_carea' id='block_1_4' title="bbox 446 467 2035 541">
    <p class='ocr_par' dir='ltr' id='par_1_4' title="bbox 446 467 2035 541">
     <span class='ocr_line' id='line_1_4' title="bbox 446 467 2035 541; baseline -0.006 -10"><span class='ocrx_word' id='word_1_10' title='bbox 446 474 539 532; x_wconf 89' lang='lat' dir='ltr'><strong>lud</strong></span> <span class='ocrx_word' id='word_1_11' title='bbox 567 481 620 529; x_wconf 90' lang='lat' dir='ltr'><strong>et</strong></span> <span class='ocrx_word' id='word_1_12' title='bbox 648 469 978 529; x_wconf 75' lang='lat' dir='ltr'><strong>immutabile</strong></span> <span class='ocrx_word' id='word_1_13' title='bbox 1014 468 1243 537; x_wconf 89' lang='lat' dir='ltr'><strong>bonum,</strong></span> <span class='ocrx_word' id='word_1_14' title='bbox 1280 467 1336 525; x_wconf 90' lang='lat' dir='ltr'><strong>in</strong></span> <span class='ocrx_word' id='word_1_15' title='bbox 1363 468 1518 541; x_wconf 89' lang='lat' dir='ltr'><strong>cujus</strong></span> <span class='ocrx_word' id='word_1_16' title='bbox 1544 468 1944 540; x_wconf 72' lang='lat' dir='ltr'><strong>comparatione</strong></span> <span class='ocrx_word' id='word_1_17' title='bbox 1975 481 2035 522; x_wconf 88' lang='lat' dir='ltr'><strong>se</strong></span> 
     </span>
    </p>
   </div>
   <div class='ocr_carea' id='block_1_5' title="bbox 450 560 2033 638">
    <p class='ocr_par' dir='ltr' id='par_1_5' title="bbox 450 560 2033 638">
     <span class='ocr_line' id='line_1_5' title="bbox 450 560 2033 638; baseline -0.006 -15"><span class='ocrx_word' id='word_1_18' title='bbox 450 574 703 638; x_wconf 80' lang='lat' dir='ltr'><strong>spernat,</strong></span> <span class='ocrx_word' id='word_1_19' title='bbox 750 563 956 635; x_wconf 83' lang='lat' dir='ltr'><strong>sibique</strong></span> <span class='ocrx_word' id='word_1_20' title='bbox 998 563 1138 619; x_wconf 89' lang='lat' dir='ltr'><strong>illius</strong></span> <span class='ocrx_word' id='word_1_21' title='bbox 1183 560 1442 619; x_wconf 89' lang='lat' dir='ltr'><strong>charitate</strong></span> <span class='ocrx_word' id='word_1_22' title='bbox 1488 562 1732 627; x_wconf 86' lang='lat' dir='ltr'><strong>vilescat,</strong></span> <span class='ocrx_word' id='word_1_23' title='bbox 1781 568 2033 631; x_wconf 88' lang='lat' dir='ltr'><strong>tantoque</strong></span> 
     </span>
    </p>
   </div>
   <div class='ocr_carea' id='block_1_6' title="bbox 445 649 2032 728">
    <p class='ocr_par' dir='ltr' id='par_1_6' title="bbox 445 649 2032 728">
     <span class='ocr_line' id='line_1_6' title="bbox 445 649 2032 728; baseline -0.006 -12"><span class='ocrx_word' id='word_1_24' title='bbox 445 659 638 728; x_wconf 83' lang='lat' dir='ltr'><strong>spiritu</strong></span> <span class='ocrx_word' id='word_1_25' title='bbox 662 656 779 726; x_wconf 84' lang='lat' dir='ltr'><strong>ejus</strong></span> <span class='ocrx_word' id='word_1_26' title='bbox 807 655 1106 725; x_wconf 77' lang='lat' dir='ltr'><strong>impleatur,</strong></span> <span class='ocrx_word' id='word_1_27' title='bbox 1131 662 1189 710; x_wconf 89' lang='lat' dir='ltr'><strong>ut</strong></span> <span class='ocrx_word' id='word_1_28' title='bbox 1208 654 1260 710; x_wconf 89' lang='lat' dir='ltr'><strong>id</strong></span> <span class='ocrx_word' id='word_1_29' title='bbox 1284 654 1384 710; x_wconf 86' lang='lat' dir='ltr'><strong>sibi</strong></span> <span class='ocrx_word' id='word_1_30' title='bbox 1412 669 1519 710; x_wconf 91' lang='lat' dir='ltr'><strong>non</strong></span> <span class='ocrx_word' id='word_1_31' title='bbox 1547 654 1754 709; x_wconf 84' lang='lat' dir='ltr'><strong>ratione</strong></span> <span class='ocrx_word' id='word_1_32' title='bbox 1780 652 1914 717; x_wconf 86' lang='lat' dir='ltr'><strong>sola,</strong></span> <span class='ocrx_word' id='word_1_33' title='bbox 1937 649 2032 707; x_wconf 90' lang='lat' dir='ltr'><strong>sed</strong></span> 
     </span>
    </p>
   </div>
   <div class='ocr_carea' id='block_1_7' title="bbox 448 745 2032 833">
    <p class='ocr_par' dir='ltr' id='par_1_7' title="bbox 448 745 2032 833">
     <span class='ocr_line' id='line_1_7' title="bbox 448 745 2032 833; baseline -0.004 -28"><span class='ocrx_word' id='word_1_34' title='bbox 448 760 650 805; x_wconf 79' lang='lat' dir='ltr'><strong>:eterno</strong></span> <span class='ocrx_word' id='word_1_35' title='bbox 674 763 888 819; x_wconf 88' lang='lat' dir='ltr'><strong>quoque</strong></span> <span class='ocrx_word' id='word_1_36' title='bbox 914 762 1100 803; x_wconf 91' lang='lat' dir='ltr'><strong>amore</strong></span> <span class='ocrx_word' id='word_1_37' title='bbox 1128 755 1433 822; x_wconf 65' lang='lat' dir='ltr'><strong>praeponat;</strong></span> <span class='ocrx_word' id='word_1_38' title='bbox 1463 747 1687 803; x_wconf 91' lang='lat' dir='ltr'><strong>multum</strong></span> <span class='ocrx_word' id='word_1_39' title='bbox 1725 756 1807 801; x_wconf 91' lang='lat' dir='ltr'><strong>est</strong></span> <span class='ocrx_word' id='word_1_40' title='bbox 1846 745 2032 833; x_wconf 83' lang='lat' dir='ltr'><strong>dispu-</strong></span> 
     </span>
    </p>
   </div>
   <div class='ocr_carea' id='block_1_8' title="bbox 387 835 2033 910">
    <p class='ocr_par' dir='ltr' id='par_1_8' title="bbox 387 835 2033 910">
     <span class='ocr_line' id='line_1_8' title="bbox 387 835 2033 910; baseline -0.004 -13"><span class='ocrx_word' id='word_1_41' title='bbox 387 858 392 863; x_wconf 91' lang='grc'><strong>·</strong></span> <span class='ocrx_word' id='word_1_42' title='bbox 448 841 611 897; x_wconf 86' lang='lat' dir='ltr'><strong>tando</strong></span> <span class='ocrx_word' id='word_1_43' title='bbox 643 841 779 895; x_wconf 83' lang='lat' dir='ltr'><strong>velle</strong></span> <span class='ocrx_word' id='word_1_44' title='bbox 814 848 1135 895; x_wconf 85' lang='lat' dir='ltr'><strong>monstrare.</strong></span> <span class='ocrx_word' id='word_1_45' title='bbox 1180 839 1327 910; x_wconf 90' lang='lat' dir='ltr'><strong>Sapit</strong></span> <span class='ocrx_word' id='word_1_46' title='bbox 1352 840 1467 894; x_wconf 62' lang='lat' dir='ltr'><strong>hate</strong></span> <span class='ocrx_word' id='word_1_47' title='bbox 1494 839 1584 909; x_wconf 86' lang='lat' dir='ltr'><strong>qui</strong></span> <span class='ocrx_word' id='word_1_48' title='bbox 1623 836 1871 909; x_wconf 85' lang='lat' dir='ltr'><strong>fatigatus</strong></span> <span class='ocrx_word' id='word_1_49' title='bbox 1893 835 2033 891; x_wconf 88' lang='lat' dir='ltr'><strong>fame</strong></span> 
     </span>
    </p>
   </div>
   <div class='ocr_carea' id='block_1_9' title="bbox 446 927 2035 1001">
    <p class='ocr_par' dir='ltr' id='par_1_9' title="bbox 446 927 2035 1001">
     <span class='ocr_line' id='line_1_9' title="bbox 446 927 2035 1001; baseline -0.004 -14"><span class='ocrx_word' id='word_1_50' title='bbox 446 932 737 987; x_wconf 79' lang='lat' dir='ltr'><strong>revertitur</strong></span> <span class='ocrx_word' id='word_1_51' title='bbox 764 930 830 986; x_wconf 89' lang='lat' dir='ltr'><strong>ad</strong></span> <span class='ocrx_word' id='word_1_52' title='bbox 857 931 1221 1001; x_wconf 88' lang='lat' dir='ltr'><strong>semetipsum,</strong></span> <span class='ocrx_word' id='word_1_53' title='bbox 1254 939 1309 986; x_wconf 90' lang='lat' dir='ltr'><strong>et</strong></span> <span class='ocrx_word' id='word_1_54' title='bbox 1338 930 1487 997; x_wconf 89' lang='lat' dir='ltr'><strong>dicit,</strong></span> <span class='ocrx_word' id='word_1_55' title='bbox 1517 929 1765 1001; x_wconf 88' lang='lat' dir='ltr'><strong>Surgam,</strong></span> <span class='ocrx_word' id='word_1_56' title='bbox 1792 936 1838 984; x_wconf 89' lang='lat' dir='ltr'><strong>et</strong></span> <span class='ocrx_word' id='word_1_57' title='bbox 1862 927 1942 982; x_wconf 93' lang='lat' dir='ltr'><strong>ibo</strong></span> <span class='ocrx_word' id='word_1_58' title='bbox 1966 927 2035 981; x_wconf 86' lang='lat' dir='ltr'><strong>ad</strong></span> 
     </span>
    </p>
   </div>
   <div class='ocr_carea' id='block_1_10' title="bbox 447 1018 2035 1095">
    <p class='ocr_par' dir='ltr' id='par_1_10' title="bbox 447 1018 2035 1095">
     <span class='ocr_line' id='line_1_10' title="bbox 447 1018 2035 1095; baseline -0.001 -20"><span class='ocrx_word' id='word_1_59' title='bbox 447 1033 644 1093; x_wconf 82' lang='lat' dir='ltr'><strong>patrem</strong></span> <span class='ocrx_word' id='word_1_60' title='bbox 669 1038 833 1076; x_wconf 85' lang='lat' dir='ltr'><strong>meum</strong></span> <span class='ocrx_word' id='word_1_61' title='bbox 861 1020 1015 1092; x_wconf 72' lang='lat' dir='ltr'><strong>(Luc,</strong></span> <span class='ocrx_word' id='word_1_62' title='bbox 1040 1038 1131 1089; x_wconf 78' lang='lat' dir='ltr'><strong>xv,</strong></span> <span class='ocrx_word' id='word_1_63' title='bbox 1165 1018 1274 1095; x_wconf 81' lang='grc'><strong>18).</strong></span> <span class='ocrx_word' id='word_1_64' title='bbox 1304 1021 1459 1078; x_wconf 83' lang='lat' dir='ltr'><strong>Unde</strong></span> <span class='ocrx_word' id='word_1_65' title='bbox 1480 1021 1658 1092; x_wconf 84' lang='lat' dir='ltr'><strong>itaque</strong></span> <span class='ocrx_word' id='word_1_66' title='bbox 1685 1021 1884 1078; x_wconf 81' lang='lat' dir='ltr'><strong>scimus</strong></span> <span class='ocrx_word' id='word_1_67' title='bbox 1902 1061 1918 1087; x_wconf 95' lang='lat'><strong>,</strong></span> <span class='ocrx_word' id='word_1_68' title='bbox 1965 1035 2035 1075; x_wconf 91' lang='lat' dir='ltr'><strong>ne</strong></span> 
     </span>
    </p>
   </div>
   <div class='ocr_carea' id='block_1_11' title="bbox 442 1113 2033 1184">
    <p class='ocr_par' dir='ltr' id='par_1_11' title="bbox 442 1113 2033 1184">
     <span class='ocr_line' id='line_1_11' title="bbox 442 1113 2033 1184; baseline -0.001 -15"><span class='ocrx_word' id='word_1_69' title='bbox 442 1113 585 1169; x_wconf 83' lang='lat' dir='ltr'><strong>forte</strong></span> <span class='ocrx_word' id='word_1_70' title='bbox 611 1114 734 1184; x_wconf 83' lang='lat' dir='ltr'><strong>quia</strong></span> <span class='ocrx_word' id='word_1_71' title='bbox 760 1114 862 1167; x_wconf 90' lang='lat' dir='ltr'><strong>hoc</strong></span> <span class='ocrx_word' id='word_1_72' title='bbox 887 1113 1150 1184; x_wconf 66' lang='lat' dir='ltr'><strong>superbiae</strong></span> <span class='ocrx_word' id='word_1_73' title='bbox 1176 1114 1372 1169; x_wconf 89' lang='lat' dir='ltr'><strong>malum</strong></span> <span class='ocrx_word' id='word_1_74' title='bbox 1410 1122 1533 1169; x_wconf 93' lang='lat' dir='ltr'><strong>tunc</strong></span> <span class='ocrx_word' id='word_1_75' title='bbox 1563 1114 1797 1169; x_wconf 90' lang='lat' dir='ltr'><strong>animum</strong></span> <span class='ocrx_word' id='word_1_76' title='bbox 1829 1121 2033 1169; x_wconf 89' lang='lat' dir='ltr'><strong>tentare</strong></span> 
     </span>
    </p>
   </div>
   <div class='ocr_carea' id='block_1_12' title="bbox 447 1203 2035 1275">
    <p class='ocr_par' dir='ltr' id='par_1_12' title="bbox 447 1203 2035 1275">
     <span class='ocr_line' id='line_1_12' title="bbox 447 1203 2035 1275; baseline -0.001 -17"><span class='ocrx_word' id='word_1_77' title='bbox 447 1220 554 1259; x_wconf 89' lang='lat' dir='ltr'><strong>non</strong></span> <span class='ocrx_word' id='word_1_78' title='bbox 585 1204 811 1274; x_wconf 87' lang='lat' dir='ltr'><strong>poterit,</strong></span> <span class='ocrx_word' id='word_1_79' title='bbox 841 1215 894 1259; x_wconf 92' lang='lat' dir='ltr'><strong>et</strong></span> <span class='ocrx_word' id='word_1_80' title='bbox 919 1214 1103 1259; x_wconf 85' lang='lat' dir='ltr'><strong>contra</strong></span> <span class='ocrx_word' id='word_1_81' title='bbox 1127 1204 1267 1275; x_wconf 91' lang='lat' dir='ltr'><strong>quod</strong></span> <span class='ocrx_word' id='word_1_82' title='bbox 1309 1205 1644 1261; x_wconf 89' lang='lat' dir='ltr'><strong>decertemus</strong></span> <span class='ocrx_word' id='word_1_83' title='bbox 1670 1205 1887 1259; x_wconf 91' lang='lat' dir='ltr'><strong>omnino</strong></span> <span class='ocrx_word' id='word_1_84' title='bbox 1917 1203 2035 1258; x_wconf 91' lang='lat' dir='ltr'><strong>nul-</strong></span> 
     </span>
    </p>
   </div>
   <div class='ocr_carea' id='block_1_13' title="bbox 446 1295 2033 1366">
    <p class='ocr_par' dir='ltr' id='par_1_13' title="bbox 446 1295 2033 1366">
     <span class='ocr_line' id='line_1_13' title="bbox 446 1295 2033 1366; baseline 0.001 -16"><span class='ocrx_word' id='word_1_85' title='bbox 446 1296 560 1350; x_wconf 90' lang='lat' dir='ltr'><strong>lum</strong></span> <span class='ocrx_word' id='word_1_86' title='bbox 598 1296 701 1351; x_wconf 89' lang='lat' dir='ltr'><strong>erit</strong></span> <span class='ocrx_word' id='word_1_87' title='bbox 728 1297 767 1363; x_wconf 86' lang='grc'><strong>¹,</strong></span> <span class='ocrx_word' id='word_1_88' title='bbox 798 1295 1010 1366; x_wconf 88' lang='lat' dir='ltr'><strong>quando</strong></span> <span class='ocrx_word' id='word_1_89' title='bbox 1050 1304 1193 1351; x_wconf 89' lang='lat' dir='ltr'><strong>tanta</strong></span> <span class='ocrx_word' id='word_1_90' title='bbox 1232 1296 1508 1351; x_wconf 83' lang='lat' dir='ltr'><strong>satiabitur</strong></span> <span class='ocrx_word' id='word_1_91' title='bbox 1548 1297 1785 1364; x_wconf 85' lang='lat' dir='ltr'><strong>visione,</strong></span> <span class='ocrx_word' id='word_1_92' title='bbox 1817 1304 2033 1352; x_wconf 88' lang='lat' dir='ltr'><strong>ettanta</strong></span> 
     </span>
    </p>
   </div>
   <div class='ocr_carea' id='block_1_14' title="bbox 446 1384 2034 1457">
    <p class='ocr_par' dir='ltr' id='par_1_14' title="bbox 446 1384 2034 1457">
     <span class='ocr_line' id='line_1_14' title="bbox 446 1384 2034 1457; baseline 0.001 -15"><span class='ocrx_word' id='word_1_93' title='bbox 446 1384 865 1442; x_wconf 86' lang='lat' dir='ltr'><strong>inllammabitur</strong></span> <span class='ocrx_word' id='word_1_94' title='bbox 903 1387 1162 1443; x_wconf 86' lang='lat' dir='ltr'><strong>charitate</strong></span> <span class='ocrx_word' id='word_1_95' title='bbox 1209 1388 1497 1457; x_wconf 87' lang='lat' dir='ltr'><strong>superioris</strong></span> <span class='ocrx_word' id='word_1_96' title='bbox 1548 1388 1708 1456; x_wconf 90' lang='lat' dir='ltr'><strong>boni,</strong></span> <span class='ocrx_word' id='word_1_97' title='bbox 1757 1398 1813 1443; x_wconf 92' lang='lat' dir='ltr'><strong>ut</strong></span> <span class='ocrx_word' id='word_1_98' title='bbox 1867 1387 1934 1442; x_wconf 94' lang='lat' dir='ltr'><strong>ad</strong></span> <span class='ocrx_word' id='word_1_99' title='bbox 1975 1403 2034 1443; x_wconf 90' lang='lat' dir='ltr'><strong>se</strong></span> 
     </span>
    </p>
   </div>
   <div class='ocr_carea' id='block_1_15' title="bbox 448 1478 2032 1549">
    <p class='ocr_par' dir='ltr' id='par_1_15' title="bbox 448 1478 2032 1549">
     <span class='ocr_line' id='line_1_15' title="bbox 448 1478 2032 1549; baseline 0.004 -16"><span class='ocrx_word' id='word_1_100' title='bbox 448 1479 621 1548; x_wconf 89' lang='lat' dir='ltr'><strong>ipsum</strong></span> <span class='ocrx_word' id='word_1_101' title='bbox 665 1479 767 1534; x_wconf 91' lang='lat' dir='ltr'><strong>sibi</strong></span> <span class='ocrx_word' id='word_1_102' title='bbox 809 1479 1099 1549; x_wconf 87' lang='lat' dir='ltr'><strong>placendo,</strong></span> <span class='ocrx_word' id='word_1_103' title='bbox 1144 1478 1373 1536; x_wconf 90' lang='lat' dir='ltr'><strong>deﬁcere</strong></span> <span class='ocrx_word' id='word_1_104' title='bbox 1415 1480 1481 1536; x_wconf 89' lang='lat' dir='ltr'><strong>ab</strong></span> <span class='ocrx_word' id='word_1_105' title='bbox 1521 1481 1661 1536; x_wconf 89' lang='lat' dir='ltr'><strong>illius</strong></span> <span class='ocrx_word' id='word_1_106' title='bbox 1701 1481 1985 1540; x_wconf 83' lang='lat' dir='ltr'><strong>dilectione</strong></span> <span class='ocrx_word' id='word_1_107' title='bbox 2011 1484 2032 1515; x_wconf 79' lang='lat'>&#39;</span> 
     </span>
    </p>
   </div>
   <div class='ocr_carea' id='block_1_16' title="bbox 446 1569 2030 1643">
    <p class='ocr_par' dir='ltr' id='par_1_16' title="bbox 446 1569 2030 1643">
     <span class='ocr_line' id='line_1_16' title="bbox 446 1569 2030 1643; baseline 0.002 -18"><span class='ocrx_word' id='word_1_108' title='bbox 446 1585 553 1625; x_wconf 87' lang='lat' dir='ltr'><strong>non</strong></span> <span class='ocrx_word' id='word_1_109' title='bbox 584 1570 749 1640; x_wconf 88' lang='lat' dir='ltr'><strong>possit</strong></span> <span class='ocrx_word' id='word_1_110' title='bbox 774 1586 788 1635; x_wconf 93' lang='lat'><strong>;</strong></span> <span class='ocrx_word' id='word_1_111' title='bbox 820 1569 940 1624; x_wconf 93' lang='lat' dir='ltr'><strong>ideo</strong></span> <span class='ocrx_word' id='word_1_112' title='bbox 962 1571 1155 1626; x_wconf 87' lang='lat' dir='ltr'><strong>factum</strong></span> <span class='ocrx_word' id='word_1_113' title='bbox 1180 1581 1261 1626; x_wconf 90' lang='lat' dir='ltr'><strong>est</strong></span> <span class='ocrx_word' id='word_1_114' title='bbox 1283 1570 1335 1625; x_wconf 93' lang='lat' dir='ltr'><strong>in</strong></span> <span class='ocrx_word' id='word_1_115' title='bbox 1361 1571 1480 1627; x_wconf 91' lang='lat' dir='ltr'><strong>loco</strong></span> <span class='ocrx_word' id='word_1_116' title='bbox 1509 1572 1828 1627; x_wconf 91' lang='lat' dir='ltr'><strong>inﬁrmitatis</strong></span> <span class='ocrx_word' id='word_1_117' title='bbox 1855 1572 2030 1643; x_wconf 89' lang='lat' dir='ltr'><strong>hujus,</strong></span> 
     </span>
    </p>
   </div>
   <div class='ocr_carea' id='block_1_17' title="bbox 446 1663 2031 1737">
    <p class='ocr_par' dir='ltr' id='par_1_17' title="bbox 446 1663 2031 1737">
     <span class='ocr_line' id='line_1_17' title="bbox 446 1663 2031 1737; baseline 0.004 -20"><span class='ocrx_word' id='word_1_118' title='bbox 446 1678 515 1719; x_wconf 89' lang='lat' dir='ltr'><strong>ne</strong></span> <span class='ocrx_word' id='word_1_119' title='bbox 536 1663 767 1733; x_wconf 83' lang='lat' dir='ltr'><strong>superbe</strong></span> <span class='ocrx_word' id='word_1_120' title='bbox 796 1664 1118 1731; x_wconf 88' lang='lat' dir='ltr'><strong>viveremus,</strong></span> <span class='ocrx_word' id='word_1_121' title='bbox 1151 1673 1208 1720; x_wconf 91' lang='lat' dir='ltr'><strong>ut</strong></span> <span class='ocrx_word' id='word_1_122' title='bbox 1234 1665 1335 1720; x_wconf 90' lang='lat' dir='ltr'><strong>sub</strong></span> <span class='ocrx_word' id='word_1_123' title='bbox 1363 1666 1668 1737; x_wconf 87' lang='lat' dir='ltr'><strong>quotidiana</strong></span> <span class='ocrx_word' id='word_1_124' title='bbox 1694 1676 2031 1737; x_wconf 87' lang='lat' dir='ltr'><strong>peccatorum</strong></span> 
     </span>
    </p>
   </div>
   <div class='ocr_carea' id='block_1_18' title="bbox 450 1755 2029 1831">
    <p class='ocr_par' dir='ltr' id='par_1_18' title="bbox 450 1755 2029 1831">
     <span class='ocr_line' id='line_1_18' title="bbox 450 1755 2029 1831; baseline 0.004 -21"><span class='ocrx_word' id='word_1_125' title='bbox 450 1755 766 1812; x_wconf 87' lang='lat' dir='ltr'><strong>remissione</strong></span> <span class='ocrx_word' id='word_1_126' title='bbox 804 1756 1084 1812; x_wconf 83' lang='lat' dir='ltr'><strong>vivamus?</strong></span> <span class='ocrx_word' id='word_1_127' title='bbox 1112 1758 1335 1829; x_wconf 89' lang='lat' dir='ltr'><strong>Propter</strong></span> <span class='ocrx_word' id='word_1_128' title='bbox 1371 1759 1513 1830; x_wconf 91' lang='lat' dir='ltr'><strong>quod</strong></span> <span class='ocrx_word' id='word_1_129' title='bbox 1540 1760 1804 1831; x_wconf 72' lang='lat' dir='ltr'><strong>superbiae</strong></span> <span class='ocrx_word' id='word_1_130' title='bbox 1833 1761 2029 1816; x_wconf 89' lang='lat' dir='ltr'><strong>malum</strong></span> 
     </span>
    </p>
   </div>
   <div class='ocr_carea' id='block_1_19' title="bbox 447 1846 2030 1916">
    <p class='ocr_par' dir='ltr' id='par_1_19' title="bbox 447 1846 2030 1916">
     <span class='ocr_line' id='line_1_19' title="bbox 447 1846 2030 1916; baseline 0.006 -17"><span class='ocrx_word' id='word_1_131' title='bbox 447 1860 547 1900; x_wconf 89' lang='lat' dir='ltr'><strong>nec</strong></span> <span class='ocrx_word' id='word_1_132' title='bbox 571 1846 847 1916; x_wconf 87' lang='lat' dir='ltr'><strong>apostolus</strong></span> <span class='ocrx_word' id='word_1_133' title='bbox 882 1847 1075 1904; x_wconf 90' lang='lat' dir='ltr'><strong>Paulus</strong></span> <span class='ocrx_word' id='word_1_134' title='bbox 1111 1858 1195 1904; x_wconf 91' lang='lat' dir='ltr'><strong>est</strong></span> <span class='ocrx_word' id='word_1_135' title='bbox 1235 1849 1454 1905; x_wconf 87' lang='lat' dir='ltr'><strong>arbitrio</strong></span> <span class='ocrx_word' id='word_1_136' title='bbox 1491 1865 1591 1906; x_wconf 90' lang='lat' dir='ltr'><strong>suo</strong></span> <span class='ocrx_word' id='word_1_137' title='bbox 1631 1852 1903 1908; x_wconf 89' lang='lat' dir='ltr'><strong>creditus:</strong></span> <span class='ocrx_word' id='word_1_138' title='bbox 1935 1854 2030 1909; x_wconf 90' lang='lat' dir='ltr'><strong>sed</strong></span> 
     </span>
    </p>
   </div>
   <div class='ocr_carea' id='block_1_20' title="bbox 442 1938 2029 2016">
    <p class='ocr_par' dir='ltr' id='par_1_20' title="bbox 442 1938 2029 2016">
     <span class='ocr_line' id='line_1_20' title="bbox 442 1938 2029 2016; baseline 0.008 -25"><span class='ocrx_word' id='word_1_139' title='bbox 442 1938 565 2008; x_wconf 87' lang='lat' dir='ltr'><strong>quia</strong></span> <span class='ocrx_word' id='word_1_140' title='bbox 595 1938 828 1994; x_wconf 90' lang='lat' dir='ltr'><strong>nondum</strong></span> <span class='ocrx_word' id='word_1_141' title='bbox 867 1949 1081 1996; x_wconf 85' lang='lat' dir='ltr'><strong>venerat</strong></span> <span class='ocrx_word' id='word_1_142' title='bbox 1108 1940 1177 1996; x_wconf 90' lang='lat' dir='ltr'><strong>ad</strong></span> <span class='ocrx_word' id='word_1_143' title='bbox 1210 1950 1410 1998; x_wconf 87' lang='lat' dir='ltr'><strong>tantam</strong></span> <span class='ocrx_word' id='word_1_144' title='bbox 1452 1943 1911 2016; x_wconf 86' lang='lat' dir='ltr'><strong>participationem</strong></span> <span class='ocrx_word' id='word_1_145' title='bbox 1937 1961 2029 2003; x_wconf 87' lang='lat' dir='ltr'><strong>su-</strong></span> 
     </span>
    </p>
   </div>
   <div class='ocr_carea' id='block_1_21' title="bbox 445 2031 2024 2110">
    <p class='ocr_par' dir='ltr' id='par_1_21' title="bbox 445 2031 2024 2110">
     <span class='ocr_line' id='line_1_21' title="bbox 445 2031 2024 2110; baseline 0.008 -24"><span class='ocrx_word' id='word_1_146' title='bbox 445 2031 671 2100; x_wconf 89' lang='lat' dir='ltr'><strong>perioris</strong></span> <span class='ocrx_word' id='word_1_147' title='bbox 704 2033 843 2088; x_wconf 88' lang='lat' dir='ltr'><strong>ilﬁus</strong></span> <span class='ocrx_word' id='word_1_148' title='bbox 879 2033 1041 2101; x_wconf 87' lang='lat' dir='ltr'><strong>boni,</strong></span> <span class='ocrx_word' id='word_1_149' title='bbox 1073 2044 1129 2091; x_wconf 91' lang='lat' dir='ltr'><strong>ut</strong></span> <span class='ocrx_word' id='word_1_150' title='bbox 1154 2035 1263 2091; x_wconf 91' lang='lat' dir='ltr'><strong>illic</strong></span> <span class='ocrx_word' id='word_1_151' title='bbox 1299 2036 1408 2106; x_wconf 91' lang='lat' dir='ltr'><strong>jam</strong></span> <span class='ocrx_word' id='word_1_152' title='bbox 1450 2052 1557 2094; x_wconf 91' lang='lat' dir='ltr'><strong>non</strong></span> <span class='ocrx_word' id='word_1_153' title='bbox 1598 2038 1779 2109; x_wconf 77' lang='lat' dir='ltr'><strong>posset</strong></span> <span class='ocrx_word' id='word_1_154' title='bbox 1801 2042 1985 2097; x_wconf 87' lang='lat' dir='ltr'><strong>extolli</strong></span> <span class='ocrx_word' id='word_1_155' title='bbox 2008 2083 2024 2110; x_wconf 95' lang='lat'><strong>,</strong></span> 
     </span>
    </p>
   </div>
   <div class='ocr_carea' id='block_1_22' title="bbox 445 2120 2030 2201">
    <p class='ocr_par' dir='ltr' id='par_1_22' title="bbox 445 2120 2030 2201">
     <span class='ocr_line' id='line_1_22' title="bbox 445 2120 2030 2201; baseline 0.009 -25"><span class='ocrx_word' id='word_1_156' title='bbox 445 2120 531 2176; x_wconf 91' lang='lat' dir='ltr'><strong>hic</strong></span> <span class='ocrx_word' id='word_1_157' title='bbox 558 2124 633 2178; x_wconf 90' lang='lat' dir='ltr'><strong>illi</strong></span> <span class='ocrx_word' id='word_1_158' title='bbox 679 2134 764 2181; x_wconf 85' lang='lat' dir='ltr'><strong>est</strong></span> <span class='ocrx_word' id='word_1_159' title='bbox 803 2126 1023 2198; x_wconf 76' lang='lat' dir='ltr'><strong>angelus</strong></span> <span class='ocrx_word' id='word_1_160' title='bbox 1064 2136 1264 2184; x_wconf 75' lang='lat' dir='ltr'><strong>satame</strong></span> <span class='ocrx_word' id='word_1_161' title='bbox 1294 2130 1652 2201; x_wconf 83' lang='lat' dir='ltr'><strong>colaphizator</strong></span> <span class='ocrx_word' id='word_1_162' title='bbox 1677 2173 1693 2199; x_wconf 95' lang='lat'><strong>,</strong></span> <span class='ocrx_word' id='word_1_163' title='bbox 1725 2149 1792 2188; x_wconf 92' lang='lat' dir='ltr'><strong>ne</strong></span> <span class='ocrx_word' id='word_1_164' title='bbox 1818 2134 1903 2190; x_wconf 91' lang='lat' dir='ltr'><strong>hic</strong></span> <span class='ocrx_word' id='word_1_165' title='bbox 1940 2134 2030 2191; x_wconf 90' lang='lat' dir='ltr'><strong>ubi</strong></span> 
     </span>
    </p>
   </div>
   <div class='ocr_carea' id='block_1_23' title="bbox 444 2216 1823 2297">
    <p class='ocr_par' dir='ltr' id='par_1_23' title="bbox 444 2216 1823 2297">
     <span class='ocr_line' id='line_1_23' title="bbox 444 2216 1823 2297; baseline 0.009 -29"><span class='ocrx_word' id='word_1_166' title='bbox 444 2222 652 2284; x_wconf 89' lang='lat' dir='ltr'><strong>poterat</strong></span> <span class='ocrx_word' id='word_1_167' title='bbox 677 2216 1039 2283; x_wconf 77' lang='lat' dir='ltr'><strong>extolleretur,</strong></span> <span class='ocrx_word' id='word_1_168' title='bbox 1070 2219 1343 2290; x_wconf 88' lang='lat' dir='ltr'><strong>appositus</strong></span> <span class='ocrx_word' id='word_1_169' title='bbox 1373 2220 1438 2293; x_wconf 94' lang='grc' dir='ltr'><strong>(ΙΙ</strong></span> <span class='ocrx_word' id='word_1_170' title='bbox 1469 2221 1585 2277; x_wconf 90' lang='lat' dir='ltr'><strong>Cor.</strong></span> <span class='ocrx_word' id='word_1_171' title='bbox 1617 2239 1715 2292; x_wconf 76' lang='grc' dir='ltr'>ιιι,</span> <span class='ocrx_word' id='word_1_172' title='bbox 1747 2224 1823 2297; x_wconf 91' lang='lat'><strong>7).</strong></span> 
     </span>
    </p>
   </div>
   <div class='ocr_carea' id='block_1_24' title="bbox 512 2308 2027 2388">
    <p class='ocr_par' dir='ltr' id='par_1_24' title="bbox 512 2308 2027 2388">
     <span class='ocr_line' id='line_1_24' title="bbox 512 2308 2027 2388; baseline 0.007 -24"><span class='ocrx_word' id='word_1_173' title='bbox 512 2308 604 2364; x_wconf 78' lang='lat'><strong>29.</strong></span> <span class='ocrx_word' id='word_1_174' title='bbox 633 2309 738 2366; x_wconf 91' lang='lat' dir='ltr'><strong>Sed</strong></span> <span class='ocrx_word' id='word_1_175' title='bbox 784 2311 897 2368; x_wconf 91' lang='lat' dir='ltr'><strong>sive</strong></span> <span class='ocrx_word' id='word_1_176' title='bbox 943 2313 1041 2368; x_wconf 89' lang='lat' dir='ltr'><strong>ista</strong></span> <span class='ocrx_word' id='word_1_177' title='bbox 1079 2328 1239 2369; x_wconf 88' lang='lat' dir='ltr'><strong>causa</strong></span> <span class='ocrx_word' id='word_1_178' title='bbox 1279 2315 1384 2381; x_wconf 88' lang='lat' dir='ltr'><strong>sit,</strong></span> <span class='ocrx_word' id='word_1_179' title='bbox 1416 2316 1529 2372; x_wconf 86' lang='lat' dir='ltr'><strong>sive</strong></span> <span class='ocrx_word' id='word_1_180' title='bbox 1558 2317 1659 2372; x_wconf 88' lang='lat' dir='ltr'><strong>alia</strong></span> <span class='ocrx_word' id='word_1_181' title='bbox 1697 2332 1816 2388; x_wconf 80' lang='lat' dir='ltr'><strong>quae</strong></span> <span class='ocrx_word' id='word_1_182' title='bbox 1860 2318 2027 2376; x_wconf 89' lang='lat' dir='ltr'><strong>multo</strong></span> 
     </span>
    </p>
   </div>
   <div class='ocr_carea' id='block_1_25' title="bbox 442 2401 2023 2480">
    <p class='ocr_par' dir='ltr' id='par_1_25' title="bbox 442 2401 2023 2480">
     <span class='ocr_line' id='line_1_25' title="bbox 442 2401 2023 2480; baseline 0.006 -24"><span class='ocrx_word' id='word_1_183' title='bbox 442 2401 670 2472; x_wconf 88' lang='lat' dir='ltr'><strong>amplius</strong></span> <span class='ocrx_word' id='word_1_184' title='bbox 699 2418 786 2458; x_wconf 93' lang='lat' dir='ltr'><strong>me</strong></span> <span class='ocrx_word' id='word_1_185' title='bbox 814 2402 943 2459; x_wconf 88' lang='lat' dir='ltr'><strong>latet</strong></span> <span class='ocrx_word' id='word_1_186' title='bbox 968 2421 981 2457; x_wconf 89' lang='lat'><strong>:</strong></span> <span class='ocrx_word' id='word_1_187' title='bbox 1008 2412 1182 2461; x_wconf 88' lang='lat' dir='ltr'><strong>tamen</strong></span> <span class='ocrx_word' id='word_1_188' title='bbox 1208 2405 1350 2476; x_wconf 90' lang='lat' dir='ltr'><strong>quod</strong></span> <span class='ocrx_word' id='word_1_189' title='bbox 1378 2406 1624 2463; x_wconf 91' lang='lat' dir='ltr'><strong>dubitare</strong></span> <span class='ocrx_word' id='word_1_190' title='bbox 1658 2425 1763 2464; x_wconf 91' lang='lat' dir='ltr'><strong>non</strong></span> <span class='ocrx_word' id='word_1_191' title='bbox 1784 2424 2023 2480; x_wconf 90' lang='lat' dir='ltr'><strong>possum,</strong></span> 
     </span>
    </p>
   </div>
   <div class='ocr_carea' id='block_1_26' title="bbox 442 2481 2028 2572">
    <p class='ocr_par' dir='ltr' id='par_1_26' title="bbox 442 2481 2028 2572">
     <span class='ocr_line' id='line_1_26' title="bbox 442 2481 2028 2572; baseline 0.008 -27"><span class='ocrx_word' id='word_1_192' title='bbox 442 2481 829 2563; x_wconf 75' lang='lat' dir='ltr'><strong>quantumlibet</strong></span> <span class='ocrx_word' id='word_1_193' title='bbox 858 2495 1199 2565; x_wconf 90' lang='lat' dir='ltr'><strong>proﬁciamus</strong></span> <span class='ocrx_word' id='word_1_194' title='bbox 1228 2497 1329 2553; x_wconf 86' lang='lat' dir='ltr'><strong>sub</strong></span> <span class='ocrx_word' id='word_1_195' title='bbox 1355 2498 1457 2554; x_wconf 92' lang='lat' dir='ltr'><strong>hoc</strong></span> <span class='ocrx_word' id='word_1_196' title='bbox 1480 2514 1644 2556; x_wconf 90' lang='lat' dir='ltr'><strong>onere</strong></span> <span class='ocrx_word' id='word_1_197' title='bbox 1667 2501 2028 2572; x_wconf 90' lang='lat' dir='ltr'><strong>corruptibilis</strong></span> 
     </span>
    </p>
   </div>
   <div class='ocr_carea' id='block_1_27' title="bbox 441 2584 2027 2660">
    <p class='ocr_par' dir='ltr' id='par_1_27' title="bbox 441 2584 2027 2660">
     <span class='ocr_line' id='line_1_27' title="bbox 441 2584 2027 2660; baseline 0.007 -22"><span class='ocrx_word' id='word_1_198' title='bbox 441 2584 702 2653; x_wconf 84' lang='lat' dir='ltr'><strong>corporis,</strong></span> <span class='ocrx_word' id='word_1_199' title='bbox 729 2585 775 2640; x_wconf 83' lang='lat' dir='ltr'><strong>si</strong></span> <span class='ocrx_word' id='word_1_200' title='bbox 797 2586 1071 2642; x_wconf 73' lang='lat' dir='ltr'><strong>dixerimus</strong></span> <span class='ocrx_word' id='word_1_201' title='bbox 1095 2590 1215 2659; x_wconf 89' lang='lat' dir='ltr'><strong>quia</strong></span> <span class='ocrx_word' id='word_1_202' title='bbox 1235 2601 1494 2660; x_wconf 84' lang='lat' dir='ltr'><strong>peccatum</strong></span> <span class='ocrx_word' id='word_1_203' title='bbox 1521 2609 1621 2647; x_wconf 86' lang='lat' dir='ltr'><strong>non</strong></span> <span class='ocrx_word' id='word_1_204' title='bbox 1646 2593 1912 2659; x_wconf 75' lang='lat' dir='ltr'><strong>habemus,</strong></span> <span class='ocrx_word' id='word_1_205' title='bbox 1935 2610 2027 2649; x_wconf 82' lang='lat' dir='ltr'><strong>nos</strong></span> 
     </span>
    </p>
   </div>
   <div class='ocr_carea' id='block_1_28' title="bbox 439 2678 2024 2760">
    <p class='ocr_par' dir='ltr' id='par_1_28' title="bbox 439 2678 2024 2760">
     <span class='ocr_line' id='line_1_28' title="bbox 439 2678 2024 2760; baseline 0.007 -28"><span class='ocrx_word' id='word_1_206' title='bbox 439 2678 575 2748; x_wconf 83' lang='lat' dir='ltr'><strong>ipsos</strong></span> <span class='ocrx_word' id='word_1_207' title='bbox 607 2678 886 2752; x_wconf 77' lang='lat' dir='ltr'><strong>decipimus</strong></span> <span class='ocrx_word' id='word_1_208' title='bbox 908 2723 923 2749; x_wconf 95' lang='lat'><strong>,</strong></span> <span class='ocrx_word' id='word_1_209' title='bbox 956 2692 1004 2737; x_wconf 85' lang='lat' dir='ltr'><strong>et</strong></span> <span class='ocrx_word' id='word_1_210' title='bbox 1027 2683 1210 2738; x_wconf 84' lang='lat' dir='ltr'><strong>veritas</strong></span> <span class='ocrx_word' id='word_1_211' title='bbox 1238 2685 1290 2739; x_wconf 87' lang='lat' dir='ltr'><strong>in</strong></span> <span class='ocrx_word' id='word_1_212' title='bbox 1321 2685 1465 2741; x_wconf 83' lang='lat' dir='ltr'><strong>nobis</strong></span> <span class='ocrx_word' id='word_1_213' title='bbox 1497 2702 1599 2742; x_wconf 86' lang='lat' dir='ltr'><strong>non</strong></span> <span class='ocrx_word' id='word_1_214' title='bbox 1621 2695 1694 2741; x_wconf 86' lang='lat' dir='ltr'><strong>est</strong></span> <span class='ocrx_word' id='word_1_215' title='bbox 1737 2686 1781 2760; x_wconf 88' lang='lat' dir='ltr'><strong>(l</strong></span> <span class='ocrx_word' id='word_1_216' title='bbox 1799 2687 1956 2742; x_wconf 83' lang='lat' dir='ltr'><strong>Joan.</strong></span> <span class='ocrx_word' id='word_1_217' title='bbox 1986 2703 2024 2751; x_wconf 55' lang='grc' dir='ltr'><strong>ι»</strong></span> 
     </span>
    </p>
   </div>
   <div class='ocr_carea' id='block_1_29' title="bbox 439 2769 2025 2843">
    <p class='ocr_par' dir='ltr' id='par_1_29' title="bbox 439 2769 2025 2843">
     <span class='ocr_line' id='line_1_29' title="bbox 439 2769 2025 2843; baseline 0.005 -18"><span class='ocrx_word' id='word_1_218' title='bbox 439 2769 517 2843; x_wconf 84' lang='grc'><strong>8).</strong></span> <span class='ocrx_word' id='word_1_219' title='bbox 546 2770 772 2842; x_wconf 84' lang='lat' dir='ltr'><strong>PrOpter</strong></span> <span class='ocrx_word' id='word_1_220' title='bbox 796 2772 938 2842; x_wconf 86' lang='lat' dir='ltr'><strong>quod</strong></span> <span class='ocrx_word' id='word_1_221' title='bbox 968 2782 1021 2829; x_wconf 91' lang='lat' dir='ltr'><strong>et</strong></span> <span class='ocrx_word' id='word_1_222' title='bbox 1065 2784 1247 2831; x_wconf 87' lang='lat' dir='ltr'><strong>sancta</strong></span> <span class='ocrx_word' id='word_1_223' title='bbox 1280 2776 1517 2832; x_wconf 89' lang='lat' dir='ltr'><strong>Ecclesia</strong></span> <span class='ocrx_word' id='word_1_224' title='bbox 1544 2779 1703 2833; x_wconf 90' lang='lat' dir='ltr'><strong>etiam</strong></span> <span class='ocrx_word' id='word_1_225' title='bbox 1732 2779 1788 2833; x_wconf 91' lang='lat' dir='ltr'><strong>in</strong></span> <span class='ocrx_word' id='word_1_226' title='bbox 1833 2778 2025 2834; x_wconf 89' lang='lat' dir='ltr'><strong>talibus</strong></span> 
     </span>
    </p>
   </div>
   <div class='ocr_carea' id='block_1_30' title="bbox 435 2863 2026 2941">
    <p class='ocr_par' dir='ltr' id='par_1_30' title="bbox 435 2863 2026 2941">
     <span class='ocr_line' id='line_1_30' title="bbox 435 2863 2026 2941; baseline 0.006 -24"><span class='ocrx_word' id='word_1_227' title='bbox 435 2864 548 2917; x_wconf 89' lang='lat' dir='ltr'><strong>suis</strong></span> <span class='ocrx_word' id='word_1_228' title='bbox 588 2863 882 2932; x_wconf 87' lang='lat' dir='ltr'><strong>membris,</strong></span> <span class='ocrx_word' id='word_1_229' title='bbox 908 2865 997 2921; x_wconf 93' lang='lat' dir='ltr'><strong>ubi</strong></span> <span class='ocrx_word' id='word_1_230' title='bbox 1043 2868 1305 2923; x_wconf 87' lang='lat' dir='ltr'><strong>maculam</strong></span> <span class='ocrx_word' id='word_1_231' title='bbox 1349 2867 1588 2925; x_wconf 88' lang='lat' dir='ltr'><strong>criminis</strong></span> <span class='ocrx_word' id='word_1_232' title='bbox 1625 2880 1679 2924; x_wconf 89' lang='lat' dir='ltr'><strong>et</strong></span> <span class='ocrx_word' id='word_1_233' title='bbox 1707 2885 1891 2941; x_wconf 90' lang='lat' dir='ltr'><strong>rugam</strong></span> <span class='ocrx_word' id='word_1_234' title='bbox 1919 2885 2026 2927; x_wconf 90' lang='lat' dir='ltr'><strong>non</strong></span> 
     </span>
    </p>
   </div>
   <div class='ocr_carea' id='block_1_31' title="bbox 441 2953 2026 3029">
    <p class='ocr_par' dir='ltr' id='par_1_31' title="bbox 441 2953 2026 3029">
     <span class='ocr_line' id='line_1_31' title="bbox 441 2953 2026 3029; baseline 0.007 -22"><span class='ocrx_word' id='word_1_235' title='bbox 441 2953 601 3011; x_wconf 85' lang='lat' dir='ltr'><strong>habet</strong></span> <span class='ocrx_word' id='word_1_236' title='bbox 638 2954 880 3011; x_wconf 83' lang='lat' dir='ltr'><strong>falsitatis</strong></span> <span class='ocrx_word' id='word_1_237' title='bbox 918 2956 1133 3029; x_wconf 78' lang='lat' dir='ltr'><strong>(Ep/tes.</strong></span> <span class='ocrx_word' id='word_1_238' title='bbox 1193 2974 1247 3024; x_wconf 91' lang='lat' dir='ltr'><strong>v,</strong></span> <span class='ocrx_word' id='word_1_239' title='bbox 1293 2959 1408 3029; x_wconf 75' lang='lat'><strong>27),</strong></span> <span class='ocrx_word' id='word_1_240' title='bbox 1459 2960 1587 3016; x_wconf 89' lang='lat' dir='ltr'><strong>licet</strong></span> <span class='ocrx_word' id='word_1_241' title='bbox 1626 2962 2026 3018; x_wconf 88' lang='lat' dir='ltr'><strong>contradicente</strong></span> 
     </span>
    </p>
   </div>
   <div class='ocr_carea' id='block_1_32' title="bbox 435 3044 2026 3117">
    <p class='ocr_par' dir='ltr' id='par_1_32' title="bbox 435 3044 2026 3117">
     <span class='ocr_line' id='line_1_32' title="bbox 435 3044 2026 3117; baseline 0.006 -18"><span class='ocrx_word' id='word_1_242' title='bbox 435 3044 686 3114; x_wconf 87' lang='lat' dir='ltr'><strong>superbia</strong></span> <span class='ocrx_word' id='word_1_243' title='bbox 720 3057 915 3114; x_wconf 76' lang='lat' dir='ltr'><strong>vestra,</strong></span> <span class='ocrx_word' id='word_1_244' title='bbox 950 3063 1055 3103; x_wconf 87' lang='lat' dir='ltr'><strong>non</strong></span> <span class='ocrx_word' id='word_1_245' title='bbox 1083 3048 1281 3104; x_wconf 90' lang='lat' dir='ltr'><strong>desinit</strong></span> <span class='ocrx_word' id='word_1_246' title='bbox 1305 3050 1414 3105; x_wconf 91' lang='lat' dir='ltr'><strong>Deo</strong></span> <span class='ocrx_word' id='word_1_247' title='bbox 1435 3050 1636 3117; x_wconf 88' lang='lat' dir='ltr'><strong>dicere,</strong></span> <span class='ocrx_word' id='word_1_248' title='bbox 1658 3051 1869 3107; x_wconf 78' lang='lat' dir='ltr'><strong>Dimitte</strong></span> <span class='ocrx_word' id='word_1_249' title='bbox 1882 3054 2026 3108; x_wconf 84' lang='lat' dir='ltr'><strong>nobis</strong></span> 
     </span>
    </p>
   </div>
   <div class='ocr_carea' id='block_1_33' title="bbox 438 3137 2024 3215">
    <p class='ocr_par' dir='ltr' id='par_1_33' title="bbox 438 3137 2024 3215">
     <span class='ocr_line' id='line_1_33' title="bbox 438 3137 2024 3215; baseline 0.008 -25"><span class='ocrx_word' id='word_1_250' title='bbox 438 3137 604 3192; x_wconf 86' lang='lat' dir='ltr'><strong>debita</strong></span> <span class='ocrx_word' id='word_1_251' title='bbox 632 3148 828 3193; x_wconf 84' lang='lat' dir='ltr'><strong>nostra.</strong></span> <span class='ocrx_word' id='word_1_252' title='bbox 878 3139 959 3194; x_wconf 89' lang='lat' dir='ltr'><strong>Tu</strong></span> <span class='ocrx_word' id='word_1_253' title='bbox 997 3150 1172 3196; x_wconf 89' lang='lat' dir='ltr'><strong>autem</strong></span> <span class='ocrx_word' id='word_1_254' title='bbox 1208 3152 1402 3212; x_wconf 88' lang='lat' dir='ltr'><strong>quanta</strong></span> <span class='ocrx_word' id='word_1_255' title='bbox 1433 3146 1734 3215; x_wconf 80' lang='lat' dir='ltr'><strong>arrogantia</strong></span> <span class='ocrx_word' id='word_1_256' title='bbox 1761 3156 1815 3202; x_wconf 92' lang='lat' dir='ltr'><strong>et</strong></span> <span class='ocrx_word' id='word_1_257' title='bbox 1840 3146 1909 3202; x_wconf 92' lang='lat' dir='ltr'><strong>de</strong></span> <span class='ocrx_word' id='word_1_258' title='bbox 1935 3163 2024 3203; x_wconf 87' lang='lat' dir='ltr'><strong>ve-</strong></span> 
     </span>
    </p>
   </div>
   <div class='ocr_carea' id='block_1_34' title="bbox 436 3233 2026 3311">
    <p class='ocr_par' dir='ltr' id='par_1_34' title="bbox 436 3233 2026 3311">
     <span class='ocr_line' id='line_1_34' title="bbox 436 3233 2026 3311; baseline 0.008 -27"><span class='ocrx_word' id='word_1_259' title='bbox 436 3240 561 3285; x_wconf 79' lang='lat' dir='ltr'><strong>strae</strong></span> <span class='ocrx_word' id='word_1_260' title='bbox 601 3233 1018 3302; x_wconf 71' lang='lat' dir='ltr'><strong>prtesumptione</strong></span> <span class='ocrx_word' id='word_1_261' title='bbox 1060 3234 1271 3289; x_wconf 88' lang='lat' dir='ltr'><strong>virtutis</strong></span> <span class='ocrx_word' id='word_1_262' title='bbox 1314 3235 1529 3304; x_wconf 81' lang='lat' dir='ltr'><strong>dixeris,</strong></span> <span class='ocrx_word' id='word_1_263' title='bbox 1581 3235 1835 3309; x_wconf 81' lang='lat' dir='ltr'><strong>Perfacile</strong></span> <span class='ocrx_word' id='word_1_264' title='bbox 1871 3240 2026 3311; x_wconf 82' lang='lat' dir='ltr'><strong>igitur</strong></span> 
     </span>
    </p>
   </div>
   <div class='ocr_carea' id='block_1_35' title="bbox 436 3323 2023 3399">
    <p class='ocr_par' dir='ltr' id='par_1_35' title="bbox 436 3323 2023 3399">
     <span class='ocr_line' id='line_1_35' title="bbox 436 3323 2023 3399; baseline 0.006 -23"><span class='ocrx_word' id='word_1_265' title='bbox 436 3323 600 3377; x_wconf 84' lang='lat' dir='ltr'><strong>studio</strong></span> <span class='ocrx_word' id='word_1_266' title='bbox 618 3324 904 3379; x_wconf 75' lang='lat' dir='ltr'><strong>sanctitatis</strong></span> <span class='ocrx_word' id='word_1_267' title='bbox 922 3366 939 3391; x_wconf 97' lang='lat'><strong>,</strong></span> <span class='ocrx_word' id='word_1_268' title='bbox 973 3325 1108 3395; x_wconf 84' lang='lat' dir='ltr'><strong>quod</strong></span> <span class='ocrx_word' id='word_1_269' title='bbox 1142 3325 1278 3381; x_wconf 85' lang='lat' dir='ltr'><strong>Deus</strong></span> <span class='ocrx_word' id='word_1_270' title='bbox 1303 3328 1510 3397; x_wconf 77' lang='lat' dir='ltr'><strong>adjuvat</strong></span> <span class='ocrx_word' id='word_1_271' title='bbox 1534 3370 1549 3395; x_wconf 94' lang='lat'><strong>,</strong></span> <span class='ocrx_word' id='word_1_272' title='bbox 1575 3338 1733 3399; x_wconf 80' lang='lat' dir='ltr'><strong>potest</strong></span> <span class='ocrx_word' id='word_1_273' title='bbox 1763 3330 1912 3385; x_wconf 82' lang='lat' dir='ltr'><strong>homo</strong></span> <span class='ocrx_word' id='word_1_274' title='bbox 1936 3348 2023 3386; x_wconf 87' lang='lat' dir='ltr'><strong>ca-</strong></span> 
     </span>
    </p>
   </div>
   <div class='ocr_carea' id='block_1_36' title="bbox 442 3416 2023 3489">
    <p class='ocr_par' dir='ltr' id='par_1_36' title="bbox 442 3416 2023 3489">
     <span class='ocr_line' id='line_1_36' title="bbox 442 3416 2023 3489; baseline 0.006 -23"><span class='ocrx_word' id='word_1_275' title='bbox 442 3430 546 3467; x_wconf 84' lang='lat' dir='ltr'><strong>rere</strong></span> <span class='ocrx_word' id='word_1_276' title='bbox 586 3416 842 3485; x_wconf 84' lang='lat' dir='ltr'><strong>peccatis;</strong></span> <span class='ocrx_word' id='word_1_277' title='bbox 864 3416 955 3470; x_wconf 92' lang='lat' dir='ltr'><strong>ille</strong></span> <span class='ocrx_word' id='word_1_278' title='bbox 988 3432 1095 3472; x_wconf 89' lang='lat' dir='ltr'><strong>non</strong></span> <span class='ocrx_word' id='word_1_279' title='bbox 1140 3417 1413 3488; x_wconf 76' lang='lat' dir='ltr'><strong>agnoscit,</strong></span> <span class='ocrx_word' id='word_1_280' title='bbox 1444 3420 1531 3488; x_wconf 88' lang='lat' dir='ltr'><strong>qui</strong></span> <span class='ocrx_word' id='word_1_281' title='bbox 1571 3418 1817 3489; x_wconf 76' lang='lat' dir='ltr'><strong>dogmata</strong></span> <span class='ocrx_word' id='word_1_282' title='bbox 1848 3432 2023 3477; x_wconf 86' lang='lat' dir='ltr'><strong>vestra</strong></span> 
     </span>
    </p>
   </div>
   <div class='ocr_carea' id='block_1_37' title="bbox 448 3506 2027 3584">
    <p class='ocr_par' dir='ltr' id='par_1_37' title="bbox 448 3506 2027 3584">
     <span class='ocr_line' id='line_1_37' title="bbox 448 3506 2027 3584; baseline 0.006 -24"><span class='ocrx_word' id='word_1_283' title='bbox 448 3521 548 3560; x_wconf 90' lang='lat' dir='ltr'><strong>non</strong></span> <span class='ocrx_word' id='word_1_284' title='bbox 573 3508 739 3563; x_wconf 84' lang='lat' dir='ltr'><strong>novit.</strong></span> <span class='ocrx_word' id='word_1_285' title='bbox 763 3506 897 3563; x_wconf 90' lang='lat' dir='ltr'><strong>Nam</strong></span> <span class='ocrx_word' id='word_1_286' title='bbox 926 3517 982 3564; x_wconf 93' lang='lat' dir='ltr'><strong>et</strong></span> <span class='ocrx_word' id='word_1_287' title='bbox 1016 3510 1248 3565; x_wconf 87' lang='lat' dir='ltr'><strong>studium</strong></span> <span class='ocrx_word' id='word_1_288' title='bbox 1280 3512 1573 3566; x_wconf 75' lang='lat' dir='ltr'><strong>sanctitatis</strong></span> <span class='ocrx_word' id='word_1_289' title='bbox 1611 3513 1725 3568; x_wconf 89' lang='lat' dir='ltr'><strong>sine</strong></span> <span class='ocrx_word' id='word_1_290' title='bbox 1761 3514 2027 3584; x_wconf 86' lang='lat' dir='ltr'><strong>adjutorio</strong></span> 
     </span>
    </p>
   </div>
   <div class='ocr_carea' id='block_1_38' title="bbox 450 3597 2026 3676">
    <p class='ocr_par' dir='ltr' id='par_1_38' title="bbox 450 3597 2026 3676">
     <span class='ocr_line' id='line_1_38' title="bbox 450 3597 2026 3676; baseline 0.006 -24"><span class='ocrx_word' id='word_1_291' title='bbox 450 3597 543 3652; x_wconf 87' lang='lat' dir='ltr'><strong>Dei</strong></span> <span class='ocrx_word' id='word_1_292' title='bbox 582 3598 733 3654; x_wconf 84' lang='lat' dir='ltr'><strong>vultis</strong></span> <span class='ocrx_word' id='word_1_293' title='bbox 760 3599 813 3653; x_wconf 90' lang='lat' dir='ltr'><strong>in</strong></span> <span class='ocrx_word' id='word_1_294' title='bbox 843 3599 1073 3656; x_wconf 91' lang='lat' dir='ltr'><strong>hominis</strong></span> <span class='ocrx_word' id='word_1_295' title='bbox 1102 3602 1375 3658; x_wconf 90' lang='lat' dir='ltr'><strong>voluntate</strong></span> <span class='ocrx_word' id='word_1_296' title='bbox 1405 3603 1726 3673; x_wconf 64' lang='lat' dir='ltr'><strong>praecedere,</strong></span> <span class='ocrx_word' id='word_1_297' title='bbox 1750 3607 1889 3676; x_wconf 89' lang='lat' dir='ltr'><strong>quod</strong></span> <span class='ocrx_word' id='word_1_298' title='bbox 1912 3623 2026 3662; x_wconf 90' lang='lat' dir='ltr'><strong>me-</strong></span> 
     </span>
    </p>
   </div>
   <div class='ocr_carea' id='block_1_39' title="bbox 448 3680 2023 3763">
    <p class='ocr_par' dir='ltr' id='par_1_39' title="bbox 448 3680 2023 3763">
     <span class='ocr_line' id='line_1_39' title="bbox 448 3680 2023 3763; baseline 0.006 -19"><span class='ocrx_word' id='word_1_299' title='bbox 448 3688 550 3744; x_wconf 81' lang='lat' dir='ltr'><strong>rito</strong></span> <span class='ocrx_word' id='word_1_300' title='bbox 587 3688 722 3744; x_wconf 82' lang='lat' dir='ltr'><strong>Deus</strong></span> <span class='ocrx_word' id='word_1_301' title='bbox 748 3690 943 3746; x_wconf 86' lang='lat' dir='ltr'><strong>debeat</strong></span> <span class='ocrx_word' id='word_1_302' title='bbox 963 3691 1233 3762; x_wconf 88' lang='lat' dir='ltr'><strong>adjuvare,</strong></span> <span class='ocrx_word' id='word_1_303' title='bbox 1266 3680 1373 3747; x_wconf 88' lang='lat' dir='ltr'><strong>non</strong></span> <span class='ocrx_word' id='word_1_304' title='bbox 1394 3694 1555 3763; x_wconf 82' lang='lat' dir='ltr'><strong>gratis</strong></span> <span class='ocrx_word' id='word_1_305' title='bbox 1582 3712 1594 3748; x_wconf 87' lang='lat'><strong>:</strong></span> <span class='ocrx_word' id='word_1_306' title='bbox 1619 3705 1673 3750; x_wconf 90' lang='lat' dir='ltr'><strong>et</strong></span> <span class='ocrx_word' id='word_1_307' title='bbox 1702 3697 1779 3752; x_wconf 93' lang='lat' dir='ltr'><strong>sic</strong></span> <span class='ocrx_word' id='word_1_308' title='bbox 1805 3698 2023 3754; x_wconf 84' lang='lat' dir='ltr'><strong>creditis</strong></span> 
     </span>
    </p>
   </div>
   <div class='ocr_carea' id='block_1_40' title="bbox 445 3779 2023 3860">
    <p class='ocr_par' dir='ltr' id='par_1_40' title="bbox 445 3779 2023 3860">
     <span class='ocr_line' id='line_1_40' title="bbox 445 3779 2023 3860; baseline 0.005 -25"><span class='ocrx_word' id='word_1_309' title='bbox 445 3779 709 3836; x_wconf 90' lang='lat' dir='ltr'><strong>hominem</strong></span> <span class='ocrx_word' id='word_1_310' title='bbox 754 3784 807 3837; x_wconf 89' lang='lat' dir='ltr'><strong>in</strong></span> <span class='ocrx_word' id='word_1_311' title='bbox 832 3783 933 3839; x_wconf 89' lang='lat' dir='ltr'><strong>hac</strong></span> <span class='ocrx_word' id='word_1_312' title='bbox 961 3800 1260 3839; x_wconf 64' lang='lat' dir='ltr'><strong>mrumnosa</strong></span> <span class='ocrx_word' id='word_1_313' title='bbox 1306 3785 1409 3840; x_wconf 89' lang='lat' dir='ltr'><strong>vita</strong></span> <span class='ocrx_word' id='word_1_314' title='bbox 1440 3801 1597 3856; x_wconf 90' lang='lat' dir='ltr'><strong>posse</strong></span> <span class='ocrx_word' id='word_1_315' title='bbox 1622 3802 1805 3843; x_wconf 90' lang='lat' dir='ltr'><strong>carere</strong></span> <span class='ocrx_word' id='word_1_316' title='bbox 1830 3804 2023 3860; x_wconf 86' lang='lat' dir='ltr'><strong>pecca-</strong></span> 
     </span>
    </p>
   </div>
   <div class='ocr_carea' id='block_1_41' title="bbox 440 3871 2025 3946">
    <p class='ocr_par' dir='ltr' id='par_1_41' title="bbox 440 3871 2025 3946">
     <span class='ocr_line' id='line_1_41' title="bbox 440 3871 2025 3946; baseline 0.006 -21"><span class='ocrx_word' id='word_1_317' title='bbox 440 3871 526 3938; x_wconf 86' lang='lat' dir='ltr'><strong>tis,</strong></span> <span class='ocrx_word' id='word_1_318' title='bbox 559 3883 613 3926; x_wconf 87' lang='lat' dir='ltr'><strong>ut</strong></span> <span class='ocrx_word' id='word_1_319' title='bbox 644 3889 752 3927; x_wconf 90' lang='lat' dir='ltr'><strong>non</strong></span> <span class='ocrx_word' id='word_1_320' title='bbox 782 3874 834 3927; x_wconf 90' lang='lat' dir='ltr'><strong>in</strong></span> <span class='ocrx_word' id='word_1_321' title='bbox 877 3889 935 3931; x_wconf 86' lang='lat' dir='ltr'><strong>se</strong></span> <span class='ocrx_word' id='word_1_322' title='bbox 978 3874 1174 3930; x_wconf 85' lang='lat' dir='ltr'><strong>habeat</strong></span> <span class='ocrx_word' id='word_1_323' title='bbox 1200 3890 1366 3946; x_wconf 89' lang='lat' dir='ltr'><strong>quare</strong></span> <span class='ocrx_word' id='word_1_324' title='bbox 1405 3876 1579 3944; x_wconf 89' lang='lat' dir='ltr'><strong>dicat,</strong></span> <span class='ocrx_word' id='word_1_325' title='bbox 1620 3876 1826 3934; x_wconf 88' lang='lat' dir='ltr'><strong>Dimitte</strong></span> <span class='ocrx_word' id='word_1_326' title='bbox 1882 3882 2025 3936; x_wconf 86' lang='lat' dir='ltr'><strong>nobis</strong></span> 
     </span>
    </p>
   </div>
   <div class='ocr_carea' id='block_1_42' title="bbox 434 3966 2024 4046">
    <p class='ocr_par' dir='ltr' id='par_1_42' title="bbox 434 3966 2024 4046">
     <span class='ocr_line' id='line_1_42' title="bbox 434 3966 2024 4046; baseline 0.008 -26"><span class='ocrx_word' id='word_1_327' title='bbox 434 3966 601 4021; x_wconf 82' lang='lat' dir='ltr'><strong>debita</strong></span> <span class='ocrx_word' id='word_1_328' title='bbox 630 3977 825 4022; x_wconf 81' lang='lat' dir='ltr'><strong>nostra.</strong></span> <span class='ocrx_word' id='word_1_329' title='bbox 851 3968 1103 4037; x_wconf 84' lang='lat' dir='ltr'><strong>Quamvis</strong></span> <span class='ocrx_word' id='word_1_330' title='bbox 1129 3970 1398 4040; x_wconf 88' lang='lat' dir='ltr'><strong>aliquanto</strong></span> <span class='ocrx_word' id='word_1_331' title='bbox 1437 3970 1672 4027; x_wconf 89' lang='lat' dir='ltr'><strong>timidius</strong></span> <span class='ocrx_word' id='word_1_332' title='bbox 1700 3972 1751 4027; x_wconf 89' lang='lat' dir='ltr'><strong>id</strong></span> <span class='ocrx_word' id='word_1_333' title='bbox 1780 3975 2024 4046; x_wconf 85' lang='lat' dir='ltr'><strong>posuisse</strong></span> 
     </span>
    </p>
   </div>
   <div class='ocr_carea' id='block_1_43' title="bbox 435 4057 2023 4137">
    <p class='ocr_par' dir='ltr' id='par_1_43' title="bbox 435 4057 2023 4137">
     <span class='ocr_line' id='line_1_43' title="bbox 435 4057 2023 4137; baseline 0.008 -27"><span class='ocrx_word' id='word_1_334' title='bbox 435 4057 695 4125; x_wconf 75' lang='lat' dir='ltr'><strong>videaris;</strong></span> <span class='ocrx_word' id='word_1_335' title='bbox 727 4059 851 4129; x_wconf 83' lang='lat' dir='ltr'><strong>quia</strong></span> <span class='ocrx_word' id='word_1_336' title='bbox 881 4075 984 4114; x_wconf 89' lang='lat' dir='ltr'><strong>non</strong></span> <span class='ocrx_word' id='word_1_337' title='bbox 1010 4059 1210 4125; x_wconf 82' lang='lat' dir='ltr'><strong>dixisti,</strong></span> <span class='ocrx_word' id='word_1_338' title='bbox 1230 4061 1411 4117; x_wconf 90' lang='lat' dir='ltr'><strong>Potest</strong></span> <span class='ocrx_word' id='word_1_339' title='bbox 1430 4063 1677 4119; x_wconf 90' lang='lat' dir='ltr'><strong>omnibus</strong></span> <span class='ocrx_word' id='word_1_340' title='bbox 1692 4079 1874 4121; x_wconf 89' lang='lat' dir='ltr'><strong>carere</strong></span> <span class='ocrx_word' id='word_1_341' title='bbox 1893 4081 2023 4137; x_wconf 92' lang='lat' dir='ltr'><strong>pec-</strong></span> 
     </span>
    </p>
   </div>
   <div class='ocr_carea' id='block_1_44' title="bbox 332 4153 2025 4224">
    <p class='ocr_par' dir='ltr' id='par_1_44' title="bbox 332 4153 2025 4224">
     <span class='ocr_line' id='line_1_44' title="bbox 332 4153 2025 4224; baseline 0.004 -17"><span class='ocrx_word' id='word_1_342' title='bbox 332 4156 339 4165; x_wconf 93' lang='lat'><strong>&#39;</strong></span> <span class='ocrx_word' id='word_1_343' title='bbox 436 4156 591 4209; x_wconf 88' lang='lat' dir='ltr'><strong>catis.</strong></span> <span class='ocrx_word' id='word_1_344' title='bbox 622 4153 821 4210; x_wconf 80' lang='lat' dir='ltr'><strong>Verum</strong></span> <span class='ocrx_word' id='word_1_345' title='bbox 847 4168 946 4209; x_wconf 92' lang='lat' dir='ltr'><strong>nec</strong></span> <span class='ocrx_word' id='word_1_346' title='bbox 986 4153 1299 4224; x_wconf 88' lang='lat' dir='ltr'><strong>quibusdam</strong></span> <span class='ocrx_word' id='word_1_347' title='bbox 1326 4154 1502 4210; x_wconf 89' lang='lat' dir='ltr'><strong>dicere</strong></span> <span class='ocrx_word' id='word_1_348' title='bbox 1517 4155 1761 4223; x_wconf 86' lang='lat' dir='ltr'><strong>voluisti;</strong></span> <span class='ocrx_word' id='word_1_349' title='bbox 1791 4159 1889 4215; x_wconf 91' lang='lat' dir='ltr'><strong>sed</strong></span> <span class='ocrx_word' id='word_1_350' title='bbox 1911 4168 2025 4214; x_wconf 86' lang='lat' dir='ltr'><strong>tan-</strong></span> 
     </span>
    </p>
   </div>
   <div class='ocr_carea' id='block_1_45' title="bbox 435 4246 2023 4320">
    <p class='ocr_par' dir='ltr' id='par_1_45' title="bbox 435 4246 2023 4320">
     <span class='ocr_line' id='line_1_45' title="bbox 435 4246 2023 4320; baseline 0.004 -18"><span class='ocrx_word' id='word_1_351' title='bbox 435 4263 593 4319; x_wconf 90' lang='lat' dir='ltr'><strong>quam</strong></span> <span class='ocrx_word' id='word_1_352' title='bbox 637 4247 735 4303; x_wconf 90' lang='lat' dir='ltr'><strong>tibi</strong></span> <span class='ocrx_word' id='word_1_353' title='bbox 772 4247 887 4318; x_wconf 90' lang='lat' dir='ltr'><strong>ipse</strong></span> <span class='ocrx_word' id='word_1_354' title='bbox 928 4246 995 4302; x_wconf 92' lang='lat' dir='ltr'><strong>de</strong></span> <span class='ocrx_word' id='word_1_355' title='bbox 1043 4246 1203 4301; x_wconf 89' lang='lat' dir='ltr'><strong>nimia</strong></span> <span class='ocrx_word' id='word_1_356' title='bbox 1230 4255 1403 4303; x_wconf 88' lang='lat' dir='ltr'><strong>vestra</strong></span> <span class='ocrx_word' id='word_1_357' title='bbox 1446 4250 1857 4320; x_wconf 63' lang='lat' dir='ltr'><strong>praesumptione</strong></span> <span class='ocrx_word' id='word_1_358' title='bbox 1896 4267 2023 4308; x_wconf 85' lang='lat' dir='ltr'><strong>eru-</strong></span> 
     </span>
    </p>
   </div>
   <div class='ocr_carea' id='block_1_46' title="bbox 436 4342 2026 4412">
    <p class='ocr_par' dir='ltr' id='par_1_46' title="bbox 436 4342 2026 4412">
     <span class='ocr_line' id='line_1_46' title="bbox 436 4342 2026 4412; baseline 0.002 -13"><span class='ocrx_word' id='word_1_359' title='bbox 436 4344 635 4409; x_wconf 87' lang='lat' dir='ltr'><strong>bueris,</strong></span> <span class='ocrx_word' id='word_1_360' title='bbox 683 4343 754 4398; x_wconf 87' lang='lat' dir='ltr'><strong>ita</strong></span> <span class='ocrx_word' id='word_1_361' title='bbox 800 4342 1116 4397; x_wconf 88' lang='lat' dir='ltr'><strong>sententiam</strong></span> <span class='ocrx_word' id='word_1_362' title='bbox 1174 4343 1501 4412; x_wconf 90' lang='lat' dir='ltr'><strong>temperasti,</strong></span> <span class='ocrx_word' id='word_1_363' title='bbox 1559 4351 1619 4397; x_wconf 92' lang='lat' dir='ltr'><strong>ut</strong></span> <span class='ocrx_word' id='word_1_364' title='bbox 1662 4355 1716 4399; x_wconf 91' lang='lat' dir='ltr'><strong>et</strong></span> <span class='ocrx_word' id='word_1_365' title='bbox 1762 4355 1936 4401; x_wconf 88' lang='lat' dir='ltr'><strong>vestra</strong></span> <span class='ocrx_word' id='word_1_366' title='bbox 1971 4356 2026 4402; x_wconf 92' lang='lat' dir='ltr'><strong>et</strong></span> 
     </span>
    </p>
   </div>
   <div class='ocr_carea' id='block_1_47' title="bbox 438 4434 2024 4511">
    <p class='ocr_par' dir='ltr' id='par_1_47' title="bbox 438 4434 2024 4511">
     <span class='ocr_line' id='line_1_47' title="bbox 438 4434 2024 4511; baseline 0.002 -19"><span class='ocrx_word' id='word_1_367' title='bbox 438 4447 614 4493; x_wconf 88' lang='lat' dir='ltr'><strong>nostra</strong></span> <span class='ocrx_word' id='word_1_368' title='bbox 644 4444 829 4509; x_wconf 88' lang='lat' dir='ltr'><strong>posset</strong></span> <span class='ocrx_word' id='word_1_369' title='bbox 871 4450 1003 4491; x_wconf 91' lang='lat' dir='ltr'><strong>voce</strong></span> <span class='ocrx_word' id='word_1_370' title='bbox 1039 4434 1268 4491; x_wconf 81' lang='lat' dir='ltr'><strong>defendi.</strong></span> <span class='ocrx_word' id='word_1_371' title='bbox 1298 4434 1430 4489; x_wconf 86' lang='lat' dir='ltr'><strong>Nam</strong></span> <span class='ocrx_word' id='word_1_372' title='bbox 1461 4436 1506 4490; x_wconf 90' lang='lat' dir='ltr'><strong>si</strong></span> <span class='ocrx_word' id='word_1_373' title='bbox 1535 4437 1674 4508; x_wconf 87' lang='lat' dir='ltr'><strong>apud</strong></span> <span class='ocrx_word' id='word_1_374' title='bbox 1712 4438 2024 4511; x_wconf 82' lang='lat' dir='ltr'><strong>Pelagianos</strong></span> 
     </span>
    </p>
   </div>
   <div class='ocr_carea' id='block_1_48' title="bbox 440 4524 2021 4600">
    <p class='ocr_par' dir='ltr' id='par_1_48' title="bbox 440 4524 2021 4600">
     <span class='ocr_line' id='line_1_48' title="bbox 440 4524 2021 4600; baseline 0.003 -18"><span class='ocrx_word' id='word_1_375' title='bbox 440 4528 771 4595; x_wconf 65' lang='lat' dir='ltr'><strong>discutiatur,</strong></span> <span class='ocrx_word' id='word_1_376' title='bbox 798 4525 1208 4595; x_wconf 87' lang='lat' dir='ltr'><strong>respondebitur</strong></span> <span class='ocrx_word' id='word_1_377' title='bbox 1250 4524 1370 4581; x_wconf 88' lang='lat' dir='ltr'><strong>ideo</strong></span> <span class='ocrx_word' id='word_1_378' title='bbox 1410 4542 1515 4581; x_wconf 92' lang='lat' dir='ltr'><strong>non</strong></span> <span class='ocrx_word' id='word_1_379' title='bbox 1567 4528 1763 4583; x_wconf 90' lang='lat' dir='ltr'><strong>dictum</strong></span> <span class='ocrx_word' id='word_1_380' title='bbox 1801 4530 2021 4600; x_wconf 89' lang='lat' dir='ltr'><strong>quibus-</strong></span> 
     </span>
    </p>
   </div>
   <div class='ocr_carea' id='block_1_49' title="bbox 439 4617 2024 4692">
    <p class='ocr_par' dir='ltr' id='par_1_49' title="bbox 439 4617 2024 4692">
     <span class='ocr_line' id='line_1_49' title="bbox 439 4617 2024 4692; baseline 0.004 -19"><span class='ocrx_word' id='word_1_381' title='bbox 439 4619 579 4683; x_wconf 87' lang='lat' dir='ltr'><strong>dam,</strong></span> <span class='ocrx_word' id='word_1_382' title='bbox 610 4619 735 4689; x_wconf 89' lang='lat' dir='ltr'><strong>quia</strong></span> <span class='ocrx_word' id='word_1_383' title='bbox 778 4618 1030 4673; x_wconf 90' lang='lat' dir='ltr'><strong>omnibus</strong></span> <span class='ocrx_word' id='word_1_384' title='bbox 1071 4617 1303 4687; x_wconf 83' lang='lat' dir='ltr'><strong>peccatis</strong></span> <span class='ocrx_word' id='word_1_385' title='bbox 1344 4632 1526 4673; x_wconf 90' lang='lat' dir='ltr'><strong>carere</strong></span> <span class='ocrx_word' id='word_1_386' title='bbox 1565 4618 1833 4676; x_wconf 92' lang='lat' dir='ltr'><strong>hominem</strong></span> <span class='ocrx_word' id='word_1_387' title='bbox 1864 4637 2024 4692; x_wconf 90' lang='lat' dir='ltr'><strong>posse</strong></span> 
     </span>
    </p>
   </div>
   <div class='ocr_carea' id='block_1_50' title="bbox 438 4707 2023 4780">
    <p class='ocr_par' dir='ltr' id='par_1_50' title="bbox 438 4707 2023 4780">
     <span class='ocr_line' id='line_1_50' title="bbox 438 4707 2023 4780; baseline 0.002 -15"><span class='ocrx_word' id='word_1_388' title='bbox 438 4710 612 4765; x_wconf 68' lang='lat' dir='ltr'><strong>dixisti</strong></span> <span class='ocrx_word' id='word_1_389' title='bbox 644 4726 658 4763; x_wconf 90' lang='lat'><strong>:</strong></span> <span class='ocrx_word' id='word_1_390' title='bbox 688 4713 732 4764; x_wconf 89' lang='lat' dir='ltr'><strong>si</strong></span> <span class='ocrx_word' id='word_1_391' title='bbox 753 4716 931 4764; x_wconf 87' lang='lat' dir='ltr'><strong>autem</strong></span> <span class='ocrx_word' id='word_1_392' title='bbox 959 4708 1096 4779; x_wconf 84' lang='lat' dir='ltr'><strong>apud</strong></span> <span class='ocrx_word' id='word_1_393' title='bbox 1127 4722 1246 4775; x_wconf 90' lang='lat' dir='ltr'><strong>nos,</strong></span> <span class='ocrx_word' id='word_1_394' title='bbox 1273 4718 1326 4763; x_wconf 92' lang='lat' dir='ltr'><strong>et</strong></span> <span class='ocrx_word' id='word_1_395' title='bbox 1354 4707 1439 4763; x_wconf 91' lang='lat' dir='ltr'><strong>hic</strong></span> <span class='ocrx_word' id='word_1_396' title='bbox 1462 4710 1870 4780; x_wconf 88' lang='lat' dir='ltr'><strong>respondebitur</strong></span> <span class='ocrx_word' id='word_1_397' title='bbox 1902 4713 2023 4769; x_wconf 91' lang='lat' dir='ltr'><strong>ideo</strong></span> 
     </span>
    </p>
   </div>
   <div class='ocr_carea' id='block_1_51' title="bbox 439 4800 2021 4871">
    <p class='ocr_par' dir='ltr' id='par_1_51' title="bbox 439 4800 2021 4871">
     <span class='ocr_line' id='line_1_51' title="bbox 439 4800 2021 4871; baseline 0.003 -14"><span class='ocrx_word' id='word_1_398' title='bbox 439 4819 541 4859; x_wconf 93' lang='lat' dir='ltr'><strong>non</strong></span> <span class='ocrx_word' id='word_1_399' title='bbox 571 4802 772 4858; x_wconf 89' lang='lat' dir='ltr'><strong>dictum</strong></span> <span class='ocrx_word' id='word_1_400' title='bbox 822 4800 1091 4868; x_wconf 90' lang='lat' dir='ltr'><strong>omnibus,</strong></span> <span class='ocrx_word' id='word_1_401' title='bbox 1132 4801 1382 4870; x_wconf 88' lang='lat' dir='ltr'><strong>quoniam</strong></span> <span class='ocrx_word' id='word_1_402' title='bbox 1425 4801 1716 4871; x_wconf 89' lang='lat' dir='ltr'><strong>quemlibet</strong></span> <span class='ocrx_word' id='word_1_403' title='bbox 1751 4803 2021 4861; x_wconf 86' lang='lat' dir='ltr'><strong>hominem</strong></span> 
     </span>
    </p>
   </div>
   <div class='ocr_carea' id='block_1_52' title="bbox 440 4894 2018 4966">
    <p class='ocr_par' dir='ltr' id='par_1_52' title="bbox 440 4894 2018 4966">
     <span class='ocr_line' id='line_1_52' title="bbox 440 4894 2018 4966; baseline 0.003 -17"><span class='ocrx_word' id='word_1_404' title='bbox 440 4896 667 4952; x_wconf 80' lang='lat' dir='ltr'><strong>volueris</strong></span> <span class='ocrx_word' id='word_1_405' title='bbox 688 4894 930 4966; x_wconf 76' lang='lat' dir='ltr'><strong>intelligi,</strong></span> <span class='ocrx_word' id='word_1_406' title='bbox 955 4910 1052 4966; x_wconf 91' lang='lat' dir='ltr'><strong>pro</strong></span> <span class='ocrx_word' id='word_1_407' title='bbox 1075 4894 1390 4964; x_wconf 88' lang='lat' dir='ltr'><strong>quibusdam</strong></span> <span class='ocrx_word' id='word_1_408' title='bbox 1421 4896 1652 4965; x_wconf 87' lang='lat' dir='ltr'><strong>peccatis</strong></span> <span class='ocrx_word' id='word_1_409' title='bbox 1670 4911 1891 4953; x_wconf 88' lang='lat' dir='ltr'><strong>necesse</strong></span> <span class='ocrx_word' id='word_1_410' title='bbox 1922 4898 2018 4953; x_wconf 87' lang='lat' dir='ltr'><strong>ha-</strong></span> 
     </span>
    </p>
   </div>
   <div class='ocr_carea' id='block_1_53' title="bbox 442 4984 2017 5056">
    <p class='ocr_par' dir='ltr' id='par_1_53' title="bbox 442 4984 2017 5056">
     <span class='ocr_line' id='line_1_53' title="bbox 442 4984 2017 5056; baseline 0.002 -16"><span class='ocrx_word' id='word_1_411' title='bbox 442 4985 565 5041; x_wconf 88' lang='lat' dir='ltr'><strong>bere</strong></span> <span class='ocrx_word' id='word_1_412' title='bbox 604 4986 813 5041; x_wconf 88' lang='lat' dir='ltr'><strong>veniam</strong></span> <span class='ocrx_word' id='word_1_413' title='bbox 854 4984 1144 5055; x_wconf 88' lang='lat' dir='ltr'><strong>postulare.</strong></span> <span class='ocrx_word' id='word_1_414' title='bbox 1177 4984 1283 5040; x_wconf 87' lang='lat' dir='ltr'><strong>Sed</strong></span> <span class='ocrx_word' id='word_1_415' title='bbox 1320 4985 1409 5055; x_wconf 90' lang='lat' dir='ltr'><strong>qui</strong></span> <span class='ocrx_word' id='word_1_416' title='bbox 1444 4986 1640 5040; x_wconf 88' lang='lat' dir='ltr'><strong>scimus</strong></span> <span class='ocrx_word' id='word_1_417' title='bbox 1668 4987 1794 5056; x_wconf 90' lang='lat' dir='ltr'><strong>quid</strong></span> <span class='ocrx_word' id='word_1_418' title='bbox 1819 4988 2017 5043; x_wconf 88' lang='lat' dir='ltr'><strong>sentia-</strong></span> 
     </span>
    </p>
   </div>
   <div class='ocr_carea' id='block_1_54' title="bbox 443 5077 1846 5149">
    <p class='ocr_par' dir='ltr' id='par_1_54' title="bbox 443 5077 1846 5149">
     <span class='ocr_line' id='line_1_54' title="bbox 443 5077 1846 5149; baseline 0.002 -16"><span class='ocrx_word' id='word_1_419' title='bbox 443 5079 524 5144; x_wconf 85' lang='lat' dir='ltr'><strong>tis,</strong></span> <span class='ocrx_word' id='word_1_420' title='bbox 551 5080 759 5133; x_wconf 90' lang='lat' dir='ltr'><strong>nescire</strong></span> <span class='ocrx_word' id='word_1_421' title='bbox 779 5093 888 5134; x_wconf 91' lang='lat' dir='ltr'><strong>non</strong></span> <span class='ocrx_word' id='word_1_422' title='bbox 914 5080 1197 5148; x_wconf 89' lang='lat' dir='ltr'><strong>possumus</strong></span> <span class='ocrx_word' id='word_1_423' title='bbox 1218 5077 1486 5149; x_wconf 90' lang='lat' dir='ltr'><strong>quomodo</strong></span> <span class='ocrx_word' id='word_1_424' title='bbox 1508 5080 1606 5134; x_wconf 88' lang='lat' dir='ltr'><strong>ista</strong></span> <span class='ocrx_word' id='word_1_425' title='bbox 1637 5080 1846 5136; x_wconf 84' lang='lat' dir='ltr'><strong>dicatis.</strong></span> 
     </span>
    </p>
   </div>
   <div class='ocr_carea' id='block_1_55' title="bbox 507 5170 2015 5245">
    <p class='ocr_par' dir='ltr' id='par_1_55' title="bbox 507 5170 2015 5245">
     <span class='ocr_line' id='line_1_55' title="bbox 507 5170 2015 5245; baseline 0.002 -18"><span class='ocrx_word' id='word_1_426' title='bbox 507 5171 594 5229; x_wconf 75' lang='lat'><strong>50.</strong></span> <span class='ocrx_word' id='word_1_427' title='bbox 652 5190 670 5223; x_wconf 77' lang='grc' dir='ltr'>ι</span> <span class='ocrx_word' id='word_1_428' title='bbox 706 5172 760 5229; x_wconf 91' lang='lat' dir='ltr'><strong>Si</strong></span> <span class='ocrx_word' id='word_1_429' title='bbox 813 5171 1046 5242; x_wconf 88' lang='lat' dir='ltr'><strong>gentilis,</strong></span> <span class='ocrx_word' id='word_1_430' title='bbox 1078 5190 1097 5222; x_wconf 74' lang='grc' dir='ltr'><strong><em>ι</em></strong></span> <span class='ocrx_word' id='word_1_431' title='bbox 1145 5170 1342 5241; x_wconf 90' lang='lat' dir='ltr'><strong>inquis,</strong></span> <span class='ocrx_word' id='word_1_432' title='bbox 1395 5189 1413 5222; x_wconf 75' lang='grc' dir='ltr'>ί</span> <span class='ocrx_word' id='word_1_433' title='bbox 1456 5171 1655 5226; x_wconf 91' lang='lat' dir='ltr'><strong>nudum</strong></span> <span class='ocrx_word' id='word_1_434' title='bbox 1705 5176 2015 5245; x_wconf 90' lang='lat' dir='ltr'><strong>operuerit,</strong></span> 
     </span>
    </p>
   </div>
   <div class='ocr_carea' id='block_1_56' title="bbox 441 5261 2019 5334">
    <p class='ocr_par' dir='ltr' id='par_1_56' title="bbox 441 5261 2019 5334">
     <span class='ocr_line' id='line_1_56' title="bbox 441 5261 2019 5334; baseline 0.003 -17"><span class='ocrx_word' id='word_1_435' title='bbox 441 5264 689 5334; x_wconf 88' lang='lat' dir='ltr'><strong>numquid</strong></span> <span class='ocrx_word' id='word_1_436' title='bbox 720 5264 846 5334; x_wconf 89' lang='lat' dir='ltr'><strong>quia</strong></span> <span class='ocrx_word' id='word_1_437' title='bbox 868 5277 973 5317; x_wconf 92' lang='lat' dir='ltr'><strong>non</strong></span> <span class='ocrx_word' id='word_1_438' title='bbox 995 5272 1078 5318; x_wconf 89' lang='lat' dir='ltr'><strong>est</strong></span> <span class='ocrx_word' id='word_1_439' title='bbox 1105 5278 1172 5317; x_wconf 78' lang='lat' dir='ltr'><strong>ex</strong></span> <span class='ocrx_word' id='word_1_440' title='bbox 1204 5261 1330 5328; x_wconf 87' lang='lat' dir='ltr'><strong>ﬁde,</strong></span> <span class='ocrx_word' id='word_1_441' title='bbox 1364 5272 1639 5331; x_wconf 90' lang='lat' dir='ltr'><strong>peccatum</strong></span> <span class='ocrx_word' id='word_1_442' title='bbox 1656 5265 1778 5320; x_wconf 81' lang='lat' dir='ltr'><strong>est?</strong></span> <span class='ocrx_word' id='word_1_443' title='bbox 1813 5284 1834 5319; x_wconf 74' lang='grc' dir='ltr'><strong><em>ι</em></strong></span> <span class='ocrx_word' id='word_1_444' title='bbox 1860 5265 2019 5322; x_wconf 85' lang='lat' dir='ltr'><strong>Pror-</strong></span> 
     </span>
    </p>
   </div>
   <div class='ocr_carea' id='block_1_57' title="bbox 440 5353 2015 5427">
    <p class='ocr_par' dir='ltr' id='par_1_57' title="bbox 440 5353 2015 5427">
     <span class='ocr_line' id='line_1_57' title="bbox 440 5353 2015 5427; baseline 0.005 -19"><span class='ocrx_word' id='word_1_445' title='bbox 440 5368 524 5423; x_wconf 78' lang='lat' dir='ltr'><strong>sus</strong></span> <span class='ocrx_word' id='word_1_446' title='bbox 559 5358 611 5411; x_wconf 91' lang='lat' dir='ltr'><strong>in</strong></span> <span class='ocrx_word' id='word_1_447' title='bbox 655 5364 913 5427; x_wconf 88' lang='lat' dir='ltr'><strong>quantum</strong></span> <span class='ocrx_word' id='word_1_448' title='bbox 942 5370 1048 5411; x_wconf 81' lang='lat' dir='ltr'><strong>non</strong></span> <span class='ocrx_word' id='word_1_449' title='bbox 1072 5365 1155 5411; x_wconf 86' lang='lat' dir='ltr'><strong>est</strong></span> <span class='ocrx_word' id='word_1_450' title='bbox 1188 5369 1254 5410; x_wconf 82' lang='lat' dir='ltr'><strong>ex</strong></span> <span class='ocrx_word' id='word_1_451' title='bbox 1288 5353 1414 5423; x_wconf 87' lang='lat' dir='ltr'><strong>ﬁde,</strong></span> <span class='ocrx_word' id='word_1_452' title='bbox 1451 5366 1724 5426; x_wconf 90' lang='lat' dir='ltr'><strong>peccatum</strong></span> <span class='ocrx_word' id='word_1_453' title='bbox 1756 5366 1869 5424; x_wconf 92' lang='lat' dir='ltr'><strong>est;</strong></span> <span class='ocrx_word' id='word_1_454' title='bbox 1908 5375 2015 5416; x_wconf 92' lang='lat' dir='ltr'><strong>non</strong></span> 
     </span>
    </p>
   </div>
   <div class='ocr_carea' id='block_1_58' title="bbox 441 5445 2011 5522">
    <p class='ocr_par' dir='ltr' id='par_1_58' title="bbox 441 5445 2011 5522">
     <span class='ocr_line' id='line_1_58' title="bbox 441 5445 2011 5522; baseline 0.006 -22"><span class='ocrx_word' id='word_1_455' title='bbox 441 5447 553 5515; x_wconf 89' lang='lat' dir='ltr'><strong>quia</strong></span> <span class='ocrx_word' id='word_1_456' title='bbox 591 5464 687 5519; x_wconf 89' lang='lat' dir='ltr'><strong>per</strong></span> <span class='ocrx_word' id='word_1_457' title='bbox 713 5464 774 5504; x_wconf 87' lang='lat' dir='ltr'><strong>se</strong></span> <span class='ocrx_word' id='word_1_458' title='bbox 790 5448 964 5518; x_wconf 83' lang='lat' dir='ltr'><strong>ipsum</strong></span> <span class='ocrx_word' id='word_1_459' title='bbox 984 5445 1180 5503; x_wconf 90' lang='lat' dir='ltr'><strong>factum</strong></span> <span class='ocrx_word' id='word_1_460' title='bbox 1201 5446 1247 5516; x_wconf 86' lang='grc'><strong>⁸,</strong></span> <span class='ocrx_word' id='word_1_461' title='bbox 1273 5448 1415 5518; x_wconf 85' lang='lat' dir='ltr'><strong>quod</strong></span> <span class='ocrx_word' id='word_1_462' title='bbox 1436 5458 1518 5504; x_wconf 90' lang='lat' dir='ltr'><strong>est</strong></span> <span class='ocrx_word' id='word_1_463' title='bbox 1541 5449 1741 5506; x_wconf 89' lang='lat' dir='ltr'><strong>nudum</strong></span> <span class='ocrx_word' id='word_1_464' title='bbox 1761 5453 1972 5522; x_wconf 89' lang='lat' dir='ltr'><strong>operire</strong></span> <span class='ocrx_word' id='word_1_465' title='bbox 1996 5496 2011 5521; x_wconf 90' lang='lat'><strong>,</strong></span> 
     </span>
    </p>
   </div>
   <div class='ocr_carea' id='block_1_59' title="bbox 498 5646 1608 5710">
    <p class='ocr_par' dir='ltr' id='par_1_59' title="bbox 498 5646 1608 5710">
     <span class='ocr_line' id='line_1_59' title="bbox 498 5646 1608 5710; baseline 0.004 -13"><span class='ocrx_word' id='word_1_466' title='bbox 498 5650 516 5681; x_wconf 72' lang='grc'>⁸</span> <span class='ocrx_word' id='word_1_467' title='bbox 540 5648 750 5698; x_wconf 78' lang='lat' dir='ltr'><strong>Vaticani</strong></span> <span class='ocrx_word' id='word_1_468' title='bbox 771 5649 991 5710; x_wconf 89' lang='lat' dir='ltr'><strong>quinque</strong></span> <span class='ocrx_word' id='word_1_469' title='bbox 1012 5653 1140 5710; x_wconf 75' lang='lat' dir='ltr'><strong>Mss_._,</strong></span> <span class='ocrx_word' id='word_1_470' title='bbox 1162 5646 1350 5698; x_wconf 77' lang='lat' dir='ltr'><strong>cumino</strong></span> <span class='ocrx_word' id='word_1_471' title='bbox 1383 5661 1477 5698; x_wconf 76' lang='lat' dir='ltr'><strong>non</strong></span> <span class='ocrx_word' id='word_1_472' title='bbox 1497 5648 1608 5701; x_wconf 81' lang='lat' dir='ltr'><strong>erit.</strong></span> 
     </span>
    </p>
   </div>
   <div class='ocr_carea' id='block_1_60' title="bbox 496 5661 2009 5782">
    <p class='ocr_par' dir='ltr' id='par_1_60' title="bbox 496 5661 2009 5782">
     <span class='ocr_line' id='line_1_60' title="bbox 498 5661 1907 5757; baseline 0.003 -60"><span class='ocrx_word' id='word_1_473' title='bbox 498 5661 516 5681; x_wconf 80' lang='grc' dir='ltr'><strong><em>ι</em></strong></span> <span class='ocrx_word' id='word_1_474' title='bbox 540 5661 750 5698; x_wconf 61' lang='lat' dir='ltr'><strong>vanum</strong></span> <span class='ocrx_word' id='word_1_475' title='bbox 771 5661 991 5757; x_wconf 72' lang='lat' dir='ltr'><strong>qumque</strong></span> <span class='ocrx_word' id='word_1_476' title='bbox 1012 5661 1141 5720; x_wconf 66' lang='lat' dir='ltr'><strong>uss,</strong></span> <span class='ocrx_word' id='word_1_477' title='bbox 1162 5661 1350 5698; x_wconf 71' lang='lat' dir='ltr'><strong>cumino</strong></span> <span class='ocrx_word' id='word_1_478' title='bbox 1383 5661 1477 5721; x_wconf 73' lang='lat' dir='ltr'><strong>nan</strong></span> <span class='ocrx_word' id='word_1_479' title='bbox 1497 5661 1608 5722; x_wconf 76' lang='lat' dir='ltr'><strong>em.</strong></span> <span class='ocrx_word' id='word_1_480' title='bbox 1896 5714 1907 5727; x_wconf 39' lang='lat'><strong><em>.</em></strong></span> 
     </span>
     <span class='ocr_line' id='line_1_61' title="bbox 496 5708 2009 5782; baseline 0.007 -25"><span class='ocrx_word' id='word_1_481' title='bbox 496 5711 517 5743; x_wconf 80' lang='grc'>³</span> <span class='ocrx_word' id='word_1_482' title='bbox 537 5718 639 5782; x_wconf 57' lang='lat' dir='ltr'><strong>Arn:</strong></span> <span class='ocrx_word' id='word_1_483' title='bbox 658 5716 740 5782; x_wconf 57' lang='lat' dir='ltr'><strong>ter.</strong></span> <span class='ocrx_word' id='word_1_484' title='bbox 751 5724 784 5782; x_wconf 85' lang='lat' dir='ltr'><strong>p</strong></span> <span class='ocrx_word' id='word_1_485' title='bbox 804 5708 1252 5782; x_wconf 68' lang='lat' dir='ltr'><strong>uresquecalhcani</strong></span> <span class='ocrx_word' id='word_1_486' title='bbox 1264 5711 2009 5770; x_wconf 77' lang='lat' dir='ltr'><strong>etvattcamttss.,detectatwue.</strong></span> 
     </span>
    </p>
   </div>
   <div class='ocr_carea' id='block_1_61' title="bbox 436 5771 1227 5830">
    <p class='ocr_par' dir='ltr' id='par_1_61' title="bbox 436 5771 1227 5830">
     <span class='ocr_line' id='line_1_62' title="bbox 436 5771 1227 5830; baseline -0.003 -9"><span class='ocrx_word' id='word_1_487' title='bbox 436 5778 534 5822; x_wconf 83' lang='lat' dir='ltr'><strong>Duo</strong></span> <span class='ocrx_word' id='word_1_488' title='bbox 554 5771 637 5821; x_wconf 90' lang='lat' dir='ltr'><strong>alii</strong></span> <span class='ocrx_word' id='word_1_489' title='bbox 660 5771 832 5830; x_wconf 84' lang='lat' dir='ltr'><strong>vatic.,</strong></span> <span class='ocrx_word' id='word_1_490' title='bbox 860 5771 1129 5830; x_wconf 77' lang='lat' dir='ltr'><strong>refectione.</strong></span> <span class='ocrx_word' id='word_1_491' title='bbox 1218 5790 1227 5803; x_wconf 76' lang='grc' dir='ltr'>ι</span> 
     </span>
    </p>
   </div>
   <div class='ocr_carea' id='block_1_62' title="bbox 495 5833 1722 5898">
    <p class='ocr_par' dir='ltr' id='par_1_62' title="bbox 495 5833 1722 5898">
     <span class='ocr_line' id='line_1_63' title="bbox 495 5833 1722 5898; baseline 0.003 -16"><span class='ocrx_word' id='word_1_492' title='bbox 495 5834 518 5866; x_wconf 85' lang='grc'>³</span> <span class='ocrx_word' id='word_1_493' title='bbox 534 5833 848 5884; x_wconf 79' lang='lat' dir='ltr'><strong>Floriacensis</strong></span> <span class='ocrx_word' id='word_1_494' title='bbox 871 5841 971 5894; x_wconf 81' lang='lat' dir='ltr'><strong>Ms.,</strong></span> <span class='ocrx_word' id='word_1_495' title='bbox 994 5845 1089 5883; x_wconf 80' lang='lat' dir='ltr'><strong>non</strong></span> <span class='ocrx_word' id='word_1_496' title='bbox 1108 5833 1223 5898; x_wconf 81' lang='lat' dir='ltr'><strong>quia</strong></span> <span class='ocrx_word' id='word_1_497' title='bbox 1244 5846 1330 5897; x_wconf 83' lang='lat' dir='ltr'><strong>per</strong></span> <span class='ocrx_word' id='word_1_498' title='bbox 1344 5834 1504 5897; x_wconf 85' lang='lat' dir='ltr'><strong>ipsum</strong></span> <span class='ocrx_word' id='word_1_499' title='bbox 1525 5836 1722 5898; x_wconf 65' lang='lat' dir='ltr'><strong>facteon.</strong></span> 
     </span>
    </p>
   </div>
   <div class='ocr_carea' id='block_1_63' title="bbox 2146 473 3724 566">
    <p class='ocr_par' dir='ltr' id='par_1_63' title="bbox 2146 473 3724 566">
     <span class='ocr_line' id='line_1_64' title="bbox 2146 473 3724 566; baseline 0.02 -47"><span class='ocrx_word' id='word_1_500' title='bbox 2146 477 2421 566; x_wconf 80' lang='lat' dir='ltr'><strong>peceatum</strong></span> <span class='ocrx_word' id='word_1_501' title='bbox 2450 478 2532 566; x_wconf 82' lang='lat' dir='ltr'><strong>est</strong></span> <span class='ocrx_word' id='word_1_502' title='bbox 2561 488 2576 527; x_wconf 90' lang='lat'><strong>:</strong></span> <span class='ocrx_word' id='word_1_503' title='bbox 2611 473 2707 529; x_wconf 86' lang='lat' dir='ltr'><strong>sed</strong></span> <span class='ocrx_word' id='word_1_504' title='bbox 2731 473 2800 533; x_wconf 91' lang='lat' dir='ltr'><strong>de</strong></span> <span class='ocrx_word' id='word_1_505' title='bbox 2825 477 2914 533; x_wconf 90' lang='lat' dir='ltr'><strong>tali</strong></span> <span class='ocrx_word' id='word_1_506' title='bbox 2943 493 3108 551; x_wconf 86' lang='lat' dir='ltr'><strong>opere</strong></span> <span class='ocrx_word' id='word_1_507' title='bbox 3136 497 3242 540; x_wconf 91' lang='lat' dir='ltr'><strong>non</strong></span> <span class='ocrx_word' id='word_1_508' title='bbox 3270 485 3324 541; x_wconf 91' lang='lat' dir='ltr'><strong>in</strong></span> <span class='ocrx_word' id='word_1_509' title='bbox 3354 487 3576 547; x_wconf 89' lang='lat' dir='ltr'><strong>Domino</strong></span> <span class='ocrx_word' id='word_1_510' title='bbox 3606 493 3724 566; x_wconf 86' lang='lat' dir='ltr'><strong>glo-</strong></span> 
     </span>
    </p>
   </div>
   <div class='ocr_carea' id='block_1_64' title="bbox 2143 558 3728 650">
    <p class='ocr_par' dir='ltr' id='par_1_64' title="bbox 2143 558 3728 650">
     <span class='ocr_line' id='line_1_65' title="bbox 2143 558 3728 650; baseline 0.02 -39"><span class='ocrx_word' id='word_1_511' title='bbox 2143 558 2290 627; x_wconf 89' lang='lat' dir='ltr'><strong>riari,</strong></span> <span class='ocrx_word' id='word_1_512' title='bbox 2324 562 2469 618; x_wconf 90' lang='lat' dir='ltr'><strong>solus</strong></span> <span class='ocrx_word' id='word_1_513' title='bbox 2498 563 2693 635; x_wconf 89' lang='lat' dir='ltr'><strong>impius</strong></span> <span class='ocrx_word' id='word_1_514' title='bbox 2724 579 2883 640; x_wconf 84' lang='lat' dir='ltr'><strong>negat</strong></span> <span class='ocrx_word' id='word_1_515' title='bbox 2912 588 3031 630; x_wconf 87' lang='lat' dir='ltr'><strong>esse</strong></span> <span class='ocrx_word' id='word_1_516' title='bbox 3057 587 3348 646; x_wconf 89' lang='lat' dir='ltr'><strong>peccatum.</strong></span> <span class='ocrx_word' id='word_1_517' title='bbox 3377 565 3530 650; x_wconf 87' lang='lat' dir='ltr'><strong>Quod</strong></span> <span class='ocrx_word' id='word_1_518' title='bbox 3560 558 3728 641; x_wconf 56' lang='lat' dir='ltr'><strong>utin-</strong></span> 
     </span>
    </p>
   </div>
   <div class='ocr_carea' id='block_1_65' title="bbox 2144 654 3724 753">
    <p class='ocr_par' dir='ltr' id='par_1_65' title="bbox 2144 654 3724 753">
     <span class='ocr_line' id='line_1_66' title="bbox 2144 654 3724 753; baseline 0.021 -45"><span class='ocrx_word' id='word_1_519' title='bbox 2144 654 2349 727; x_wconf 88' lang='lat' dir='ltr'><strong>telligas</strong></span> <span class='ocrx_word' id='word_1_520' title='bbox 2372 699 2387 723; x_wconf 91' lang='lat'><strong>,</strong></span> <span class='ocrx_word' id='word_1_521' title='bbox 2421 663 2659 753; x_wconf 87' lang='lat' dir='ltr'><strong>quamvis</strong></span> <span class='ocrx_word' id='word_1_522' title='bbox 2694 664 2804 735; x_wconf 89' lang='lat' dir='ltr'><strong>jam</strong></span> <span class='ocrx_word' id='word_1_523' title='bbox 2851 671 2981 726; x_wconf 90' lang='lat' dir='ltr'><strong>satis</strong></span> <span class='ocrx_word' id='word_1_524' title='bbox 3018 672 3143 730; x_wconf 90' lang='lat' dir='ltr'><strong>inde</strong></span> <span class='ocrx_word' id='word_1_525' title='bbox 3175 677 3333 734; x_wconf 89' lang='lat' dir='ltr'><strong>fuerit</strong></span> <span class='ocrx_word' id='word_1_526' title='bbox 3365 678 3687 752; x_wconf 88' lang='lat' dir='ltr'><strong>disputatum</strong></span> <span class='ocrx_word' id='word_1_527' title='bbox 3708 728 3724 753; x_wconf 93' lang='lat'><strong>,</strong></span> 
     </span>
    </p>
   </div>
   <div class='ocr_carea' id='block_1_66' title="bbox 2144 752 3725 843">
    <p class='ocr_par' dir='ltr' id='par_1_66' title="bbox 2144 752 3725 843">
     <span class='ocr_line' id='line_1_67' title="bbox 2144 752 3725 843; baseline 0.022 -43"><span class='ocrx_word' id='word_1_528' title='bbox 2144 755 2320 843; x_wconf 53' lang='lat' dir='ltr'><strong>mmen</strong></span> <span class='ocrx_word' id='word_1_529' title='bbox 2350 752 2474 843; x_wconf 82' lang='lat' dir='ltr'><strong>quia</strong></span> <span class='ocrx_word' id='word_1_530' title='bbox 2518 770 2706 827; x_wconf 88' lang='lat' dir='ltr'><strong>magna</strong></span> <span class='ocrx_word' id='word_1_531' title='bbox 2735 775 2823 817; x_wconf 88' lang='lat' dir='ltr'><strong>res</strong></span> <span class='ocrx_word' id='word_1_532' title='bbox 2846 772 2949 831; x_wconf 91' lang='lat' dir='ltr'><strong>est,</strong></span> <span class='ocrx_word' id='word_1_533' title='bbox 2977 766 3151 823; x_wconf 89' lang='lat' dir='ltr'><strong>adhuc</strong></span> <span class='ocrx_word' id='word_1_534' title='bbox 3173 772 3442 843; x_wconf 90' lang='lat' dir='ltr'><strong>paulisper</strong></span> <span class='ocrx_word' id='word_1_535' title='bbox 3465 752 3725 834; x_wconf 80' lang='lat' dir='ltr'><strong>ausculta.</strong></span> 
     </span>
    </p>
   </div>
   <div class='ocr_carea' id='block_1_67' title="bbox 2141 837 3725 940">
    <p class='ocr_par' dir='ltr' id='par_1_67' title="bbox 2141 837 3725 940">
     <span class='ocr_line' id='line_1_68' title="bbox 2141 837 3725 940; baseline 0.02 -47"><span class='ocrx_word' id='word_1_536' title='bbox 2141 837 2284 897; x_wconf 89' lang='lat' dir='ltr'><strong>Ecce</strong></span> <span class='ocrx_word' id='word_1_537' title='bbox 2302 841 2489 899; x_wconf 85' lang='lat' dir='ltr'><strong>eadem</strong></span> <span class='ocrx_word' id='word_1_538' title='bbox 2509 860 2873 909; x_wconf 89' lang='lat' dir='ltr'><strong>commemoro</strong></span> <span class='ocrx_word' id='word_1_539' title='bbox 2896 870 3013 926; x_wconf 74' lang='lat' dir='ltr'><strong>quae</strong></span> <span class='ocrx_word' id='word_1_540' title='bbox 3042 859 3154 929; x_wconf 90' lang='lat' dir='ltr'><strong>ipse</strong></span> <span class='ocrx_word' id='word_1_541' title='bbox 3173 837 3423 932; x_wconf 79' lang='lat' dir='ltr'><strong>posuisti.</strong></span> <span class='ocrx_word' id='word_1_542' title='bbox 3452 885 3471 918; x_wconf 86' lang='grc'><strong>‹</strong></span> <span class='ocrx_word' id='word_1_543' title='bbox 3505 867 3562 922; x_wconf 83' lang='lat' dir='ltr'><strong>Si</strong></span> <span class='ocrx_word' id='word_1_544' title='bbox 3589 884 3725 940; x_wconf 88' lang='lat' dir='ltr'><strong>gen-</strong></span> 
     </span>
    </p>
   </div>
   <div class='ocr_carea' id='block_1_68' title="bbox 2143 933 3723 1029">
    <p class='ocr_par' dir='ltr' id='par_1_68' title="bbox 2143 933 3723 1029">
     <span class='ocr_line' id='line_1_69' title="bbox 2143 933 3723 1029; baseline 0.019 -43"><span class='ocrx_word' id='word_1_545' title='bbox 2143 933 2249 988; x_wconf 89' lang='lat' dir='ltr'><strong>tilis</strong></span> <span class='ocrx_word' id='word_1_546' title='bbox 2285 954 2305 988; x_wconf 78' lang='grc'>›</span> <span class='ocrx_word' id='word_1_547' title='bbox 2348 938 2434 1005; x_wconf 89' lang='lat' dir='ltr'><strong>qui</strong></span> <span class='ocrx_word' id='word_1_548' title='bbox 2482 954 2589 994; x_wconf 90' lang='lat' dir='ltr'><strong>non</strong></span> <span class='ocrx_word' id='word_1_549' title='bbox 2621 942 2751 997; x_wconf 89' lang='lat' dir='ltr'><strong>vivit</strong></span> <span class='ocrx_word' id='word_1_550' title='bbox 2800 960 2866 1000; x_wconf 80' lang='lat' dir='ltr'><strong>ex</strong></span> <span class='ocrx_word' id='word_1_551' title='bbox 2911 947 3050 1017; x_wconf 91' lang='lat' dir='ltr'><strong>ﬁde,</strong></span> <span class='ocrx_word' id='word_1_552' title='bbox 3088 969 3107 1002; x_wconf 75' lang='grc' dir='ltr'>ι</span> <span class='ocrx_word' id='word_1_553' title='bbox 3162 954 3359 1010; x_wconf 90' lang='lat' dir='ltr'><strong>nudum</strong></span> <span class='ocrx_word' id='word_1_554' title='bbox 3410 933 3723 1029; x_wconf 72' lang='lat' dir='ltr'><strong>operuerit,</strong></span> 
     </span>
    </p>
   </div>
   <div class='ocr_carea' id='block_1_69' title="bbox 2140 1026 3724 1117">
    <p class='ocr_par' dir='ltr' id='par_1_69' title="bbox 2140 1026 3724 1117">
     <span class='ocr_line' id='line_1_70' title="bbox 2140 1026 3724 1117; baseline 0.016 -36"><span class='ocrx_word' id='word_1_555' title='bbox 2140 1026 2525 1096; x_wconf 87' lang='lat' dir='ltr'><strong>periclitantem</strong></span> <span class='ocrx_word' id='word_1_556' title='bbox 2573 1033 2896 1103; x_wconf 89' lang='lat' dir='ltr'><strong>liberaverit,</strong></span> <span class='ocrx_word' id='word_1_557' title='bbox 2924 1042 3051 1109; x_wconf 85' lang='lat' dir='ltr'><strong>aegri</strong></span> <span class='ocrx_word' id='word_1_558' title='bbox 3081 1044 3297 1100; x_wconf 89' lang='lat' dir='ltr'><strong>vulnera</strong></span> <span class='ocrx_word' id='word_1_559' title='bbox 3336 1026 3551 1117; x_wconf 81' lang='lat' dir='ltr'><strong>foverit,</strong></span> <span class='ocrx_word' id='word_1_560' title='bbox 3585 1026 3724 1106; x_wconf 47' lang='lat' dir='ltr'><strong>divi;</strong></span> 
     </span>
    </p>
   </div>
   <div class='ocr_carea' id='block_1_70' title="bbox 2140 1119 3724 1200">
    <p class='ocr_par' dir='ltr' id='par_1_70' title="bbox 2140 1119 3724 1200">
     <span class='ocr_line' id='line_1_71' title="bbox 2140 1119 3724 1200; baseline 0.016 -27"><span class='ocrx_word' id='word_1_561' title='bbox 2140 1119 2238 1174; x_wconf 89' lang='lat' dir='ltr'><strong>tias</strong></span> <span class='ocrx_word' id='word_1_562' title='bbox 2281 1121 2519 1178; x_wconf 76' lang='lat' dir='ltr'><strong>honestae</strong></span> <span class='ocrx_word' id='word_1_563' title='bbox 2558 1125 2804 1182; x_wconf 74' lang='lat' dir='ltr'><strong>amicitia:</strong></span> <span class='ocrx_word' id='word_1_564' title='bbox 2849 1130 3205 1200; x_wconf 89' lang='lat' dir='ltr'><strong>impenderit,</strong></span> <span class='ocrx_word' id='word_1_565' title='bbox 3246 1137 3312 1192; x_wconf 89' lang='lat' dir='ltr'><strong>ad</strong></span> <span class='ocrx_word' id='word_1_566' title='bbox 3362 1142 3724 1198; x_wconf 88' lang='lat' dir='ltr'><strong>testimonium</strong></span> 
     </span>
    </p>
   </div>
   <div class='ocr_carea' id='block_1_71' title="bbox 2141 1209 3721 1303">
    <p class='ocr_par' dir='ltr' id='par_1_71' title="bbox 2141 1209 3721 1303">
     <span class='ocr_line' id='line_1_72' title="bbox 2141 1209 3721 1303; baseline 0.016 -39"><span class='ocrx_word' id='word_1_567' title='bbox 2141 1209 2332 1267; x_wconf 84' lang='lat' dir='ltr'><strong>falsqu</strong></span> <span class='ocrx_word' id='word_1_568' title='bbox 2355 1229 2454 1270; x_wconf 88' lang='lat' dir='ltr'><strong>nec</strong></span> <span class='ocrx_word' id='word_1_569' title='bbox 2479 1220 2756 1273; x_wconf 89' lang='lat' dir='ltr'><strong>tormentis</strong></span> <span class='ocrx_word' id='word_1_570' title='bbox 2778 1224 3010 1290; x_wconf 91' lang='lat' dir='ltr'><strong>potuerit</strong></span> <span class='ocrx_word' id='word_1_571' title='bbox 3030 1223 3266 1294; x_wconf 88' lang='lat' dir='ltr'><strong>impelli;</strong></span> <span class='ocrx_word' id='word_1_572' title='bbox 3291 1246 3311 1280; x_wconf 74' lang='grc' dir='ltr'><strong><em>ι</em></strong></span> <span class='ocrx_word' id='word_1_573' title='bbox 3337 1245 3521 1300; x_wconf 63' lang='lat' dir='ltr'><strong>quaero</strong></span> <span class='ocrx_word' id='word_1_574' title='bbox 3536 1233 3631 1289; x_wconf 92' lang='lat' dir='ltr'><strong>abs</strong></span> <span class='ocrx_word' id='word_1_575' title='bbox 3650 1243 3721 1303; x_wconf 90' lang='lat' dir='ltr'><strong>te,</strong></span> 
     </span>
    </p>
   </div>
   <div class='ocr_carea' id='block_1_72' title="bbox 2140 1306 3723 1383">
    <p class='ocr_par' dir='ltr' id='par_1_72' title="bbox 2140 1306 3723 1383">
     <span class='ocr_line' id='line_1_73' title="bbox 2140 1306 3723 1383; baseline 0.016 -26"><span class='ocrx_word' id='word_1_576' title='bbox 2140 1312 2317 1360; x_wconf 90' lang='lat' dir='ltr'><strong>utrum</strong></span> <span class='ocrx_word' id='word_1_577' title='bbox 2347 1306 2461 1362; x_wconf 61' lang='lat' dir='ltr'><strong>haec</strong></span> <span class='ocrx_word' id='word_1_578' title='bbox 2481 1323 2640 1379; x_wconf 88' lang='lat' dir='ltr'><strong>opera</strong></span> <span class='ocrx_word' id='word_1_579' title='bbox 2673 1310 2812 1368; x_wconf 90' lang='lat' dir='ltr'><strong>bona</strong></span> <span class='ocrx_word' id='word_1_580' title='bbox 2839 1313 2976 1369; x_wconf 90' lang='lat' dir='ltr'><strong>bene</strong></span> <span class='ocrx_word' id='word_1_581' title='bbox 3002 1314 3188 1383; x_wconf 90' lang='lat' dir='ltr'><strong>faciat,</strong></span> <span class='ocrx_word' id='word_1_582' title='bbox 3220 1335 3289 1374; x_wconf 89' lang='lat' dir='ltr'><strong>an</strong></span> <span class='ocrx_word' id='word_1_583' title='bbox 3311 1322 3468 1378; x_wconf 91' lang='lat' dir='ltr'><strong>male.</strong></span> <span class='ocrx_word' id='word_1_584' title='bbox 3497 1324 3552 1379; x_wconf 89' lang='lat' dir='ltr'><strong>Si</strong></span> <span class='ocrx_word' id='word_1_585' title='bbox 3579 1327 3723 1381; x_wconf 91' lang='lat' dir='ltr'><strong>enim</strong></span> 
     </span>
    </p>
   </div>
   <div class='ocr_carea' id='block_1_73' title="bbox 2138 1397 3720 1486">
    <p class='ocr_par' dir='ltr' id='par_1_73' title="bbox 2138 1397 3720 1486">
     <span class='ocr_line' id='line_1_74' title="bbox 2138 1397 3720 1486; baseline 0.016 -38"><span class='ocrx_word' id='word_1_586' title='bbox 2138 1397 2379 1465; x_wconf 88' lang='lat' dir='ltr'><strong>quamvis</strong></span> <span class='ocrx_word' id='word_1_587' title='bbox 2400 1399 2564 1467; x_wconf 89' lang='lat' dir='ltr'><strong>bona,</strong></span> <span class='ocrx_word' id='word_1_588' title='bbox 2597 1402 2736 1459; x_wconf 91' lang='lat' dir='ltr'><strong>male</strong></span> <span class='ocrx_word' id='word_1_589' title='bbox 2778 1411 2955 1461; x_wconf 88' lang='lat' dir='ltr'><strong>tamen</strong></span> <span class='ocrx_word' id='word_1_590' title='bbox 2994 1406 3155 1475; x_wconf 83' lang='lat' dir='ltr'><strong>facit;</strong></span> <span class='ocrx_word' id='word_1_591' title='bbox 3187 1426 3381 1483; x_wconf 87' lang='lat' dir='ltr'><strong>negare</strong></span> <span class='ocrx_word' id='word_1_592' title='bbox 3424 1430 3530 1470; x_wconf 90' lang='lat' dir='ltr'><strong>non</strong></span> <span class='ocrx_word' id='word_1_593' title='bbox 3567 1428 3720 1486; x_wconf 87' lang='lat' dir='ltr'><strong>potes</strong></span> 
     </span>
    </p>
   </div>
   <div class='ocr_carea' id='block_1_74' title="bbox 2138 1493 3726 1577">
    <p class='ocr_par' dir='ltr' id='par_1_74' title="bbox 2138 1493 3726 1577">
     <span class='ocr_line' id='line_1_75' title="bbox 2138 1493 3726 1577; baseline 0.016 -37"><span class='ocrx_word' id='word_1_594' title='bbox 2138 1499 2258 1541; x_wconf 91' lang='lat' dir='ltr'><strong>eum</strong></span> <span class='ocrx_word' id='word_1_595' title='bbox 2284 1503 2529 1558; x_wconf 88' lang='lat' dir='ltr'><strong>peccare,</strong></span> <span class='ocrx_word' id='word_1_596' title='bbox 2556 1493 2645 1564; x_wconf 75' lang='lat' dir='ltr'><strong>qui</strong></span> <span class='ocrx_word' id='word_1_597' title='bbox 2686 1495 2822 1550; x_wconf 91' lang='lat' dir='ltr'><strong>male</strong></span> <span class='ocrx_word' id='word_1_598' title='bbox 2847 1499 3121 1567; x_wconf 84' lang='lat' dir='ltr'><strong>quodlibet</strong></span> <span class='ocrx_word' id='word_1_599' title='bbox 3146 1501 3289 1558; x_wconf 85' lang='lat' dir='ltr'><strong>facit.</strong></span> <span class='ocrx_word' id='word_1_600' title='bbox 3317 1504 3421 1560; x_wconf 85' lang='lat' dir='ltr'><strong>Sed</strong></span> <span class='ocrx_word' id='word_1_601' title='bbox 3451 1508 3574 1577; x_wconf 90' lang='lat' dir='ltr'><strong>quia</strong></span> <span class='ocrx_word' id='word_1_602' title='bbox 3599 1524 3726 1565; x_wconf 90' lang='lat' dir='ltr'><strong>eum</strong></span> 
     </span>
    </p>
   </div>
   <div class='ocr_carea' id='block_1_75' title="bbox 2138 1581 3723 1667">
    <p class='ocr_par' dir='ltr' id='par_1_75' title="bbox 2138 1581 3723 1667">
     <span class='ocr_line' id='line_1_76' title="bbox 2138 1581 3723 1667; baseline 0.018 -35"><span class='ocrx_word' id='word_1_603' title='bbox 2138 1593 2243 1634; x_wconf 91' lang='lat' dir='ltr'><strong>non</strong></span> <span class='ocrx_word' id='word_1_604' title='bbox 2275 1581 2355 1635; x_wconf 91' lang='lat' dir='ltr'><strong>vis</strong></span> <span class='ocrx_word' id='word_1_605' title='bbox 2375 1624 2389 1648; x_wconf 97' lang='lat'><strong>,</strong></span> <span class='ocrx_word' id='word_1_606' title='bbox 2420 1598 2539 1638; x_wconf 90' lang='lat' dir='ltr'><strong>cum</strong></span> <span class='ocrx_word' id='word_1_607' title='bbox 2583 1587 2704 1641; x_wconf 90' lang='lat' dir='ltr'><strong>facit</strong></span> <span class='ocrx_word' id='word_1_608' title='bbox 2743 1590 2841 1645; x_wconf 83' lang='lat' dir='ltr'><strong>ista</strong></span> <span class='ocrx_word' id='word_1_609' title='bbox 2867 1631 2881 1656; x_wconf 95' lang='lat'><strong>,</strong></span> <span class='ocrx_word' id='word_1_610' title='bbox 2915 1607 3169 1662; x_wconf 86' lang='lat' dir='ltr'><strong>peccare;</strong></span> <span class='ocrx_word' id='word_1_611' title='bbox 3202 1598 3440 1667; x_wconf 85' lang='lat' dir='ltr'><strong>profecto</strong></span> <span class='ocrx_word' id='word_1_612' title='bbox 3484 1600 3723 1660; x_wconf 87' lang='lat' dir='ltr'><strong>dicturus</strong></span> 
     </span>
    </p>
   </div>
   <div class='ocr_carea' id='block_1_76' title="bbox 2136 1671 3727 1761">
    <p class='ocr_par' dir='ltr' id='par_1_76' title="bbox 2136 1671 3727 1761">
     <span class='ocr_line' id='line_1_77' title="bbox 2136 1671 3727 1761; baseline 0.018 -37"><span class='ocrx_word' id='word_1_613' title='bbox 2136 1684 2195 1725; x_wconf 90' lang='lat' dir='ltr'><strong>es</strong></span> <span class='ocrx_word' id='word_1_614' title='bbox 2214 1712 2229 1737; x_wconf 91' lang='lat'><strong>,</strong></span> <span class='ocrx_word' id='word_1_615' title='bbox 2263 1671 2330 1726; x_wconf 88' lang='lat' dir='ltr'><strong>Et</strong></span> <span class='ocrx_word' id='word_1_616' title='bbox 2362 1673 2500 1729; x_wconf 89' lang='lat' dir='ltr'><strong>bona</strong></span> <span class='ocrx_word' id='word_1_617' title='bbox 2529 1675 2682 1746; x_wconf 89' lang='lat' dir='ltr'><strong>facit,</strong></span> <span class='ocrx_word' id='word_1_618' title='bbox 2722 1690 2777 1735; x_wconf 91' lang='lat' dir='ltr'><strong>et</strong></span> <span class='ocrx_word' id='word_1_619' title='bbox 2800 1681 2957 1738; x_wconf 91' lang='lat' dir='ltr'><strong>bene.</strong></span> <span class='ocrx_word' id='word_1_620' title='bbox 2998 1685 3222 1745; x_wconf 87' lang='lat' dir='ltr'><strong>Fructus</strong></span> <span class='ocrx_word' id='word_1_621' title='bbox 3249 1705 3377 1761; x_wconf 87' lang='lat' dir='ltr'><strong>ergo</strong></span> <span class='ocrx_word' id='word_1_622' title='bbox 3401 1692 3572 1750; x_wconf 92' lang='lat' dir='ltr'><strong>bonos</strong></span> <span class='ocrx_word' id='word_1_623' title='bbox 3601 1695 3727 1752; x_wconf 82' lang='lat' dir='ltr'><strong>facit</strong></span> 
     </span>
    </p>
   </div>
   <div class='ocr_carea' id='block_1_77' title="bbox 2135 1763 3725 1848">
    <p class='ocr_par' dir='ltr' id='par_1_77' title="bbox 2135 1763 3725 1848">
     <span class='ocr_line' id='line_1_78' title="bbox 2135 1763 3725 1848; baseline 0.018 -31"><span class='ocrx_word' id='word_1_624' title='bbox 2135 1763 2296 1819; x_wconf 89' lang='lat' dir='ltr'><strong>arbor</strong></span> <span class='ocrx_word' id='word_1_625' title='bbox 2335 1767 2509 1822; x_wconf 86' lang='lat' dir='ltr'><strong>mala:</strong></span> <span class='ocrx_word' id='word_1_626' title='bbox 2539 1772 2679 1840; x_wconf 91' lang='lat' dir='ltr'><strong>quod</strong></span> <span class='ocrx_word' id='word_1_627' title='bbox 2714 1772 2828 1829; x_wconf 85' lang='lat' dir='ltr'><strong>ﬁeri</strong></span> <span class='ocrx_word' id='word_1_628' title='bbox 2858 1791 2963 1831; x_wconf 91' lang='lat' dir='ltr'><strong>non</strong></span> <span class='ocrx_word' id='word_1_629' title='bbox 3000 1794 3157 1848; x_wconf 89' lang='lat' dir='ltr'><strong>posse</strong></span> <span class='ocrx_word' id='word_1_630' title='bbox 3192 1781 3400 1840; x_wconf 88' lang='lat' dir='ltr'><strong>Veritas</strong></span> <span class='ocrx_word' id='word_1_631' title='bbox 3427 1786 3573 1843; x_wconf 91' lang='lat' dir='ltr'><strong>dicit.</strong></span> <span class='ocrx_word' id='word_1_632' title='bbox 3603 1788 3725 1845; x_wconf 87' lang='lat' dir='ltr'><strong>Noli</strong></span> 
     </span>
    </p>
   </div>
   <div class='ocr_carea' id='block_1_78' title="bbox 2136 1859 3724 1951">
    <p class='ocr_par' dir='ltr' id='par_1_78' title="bbox 2136 1859 3724 1951">
     <span class='ocr_line' id='line_1_79' title="bbox 2136 1859 3724 1951; baseline 0.018 -41"><span class='ocrx_word' id='word_1_633' title='bbox 2136 1859 2468 1929; x_wconf 67' lang='lat' dir='ltr'><strong>praecipitare</strong></span> <span class='ocrx_word' id='word_1_634' title='bbox 2489 1867 2807 1922; x_wconf 89' lang='lat' dir='ltr'><strong>sententiam</strong></span> <span class='ocrx_word' id='word_1_635' title='bbox 2832 1911 2848 1937; x_wconf 92' lang='lat'><strong>,</strong></span> <span class='ocrx_word' id='word_1_636' title='bbox 2876 1870 3161 1942; x_wconf 86' lang='lat' dir='ltr'><strong>diligenter</strong></span> <span class='ocrx_word' id='word_1_637' title='bbox 3198 1876 3477 1933; x_wconf 88' lang='lat' dir='ltr'><strong>considera</strong></span> <span class='ocrx_word' id='word_1_638' title='bbox 3511 1880 3638 1951; x_wconf 91' lang='lat' dir='ltr'><strong>quid</strong></span> <span class='ocrx_word' id='word_1_639' title='bbox 3668 1890 3724 1939; x_wconf 87' lang='lat' dir='ltr'><strong>te</strong></span> 
     </span>
    </p>
   </div>
   <div class='ocr_carea' id='block_1_79' title="bbox 2136 1953 3721 2030">
    <p class='ocr_par' dir='ltr' id='par_1_79' title="bbox 2136 1953 3721 2030">
     <span class='ocr_line' id='line_1_80' title="bbox 2136 1953 3721 2030; baseline 0.016 -25"><span class='ocrx_word' id='word_1_640' title='bbox 2136 1953 2463 2023; x_wconf 90' lang='lat' dir='ltr'><strong>respondere</strong></span> <span class='ocrx_word' id='word_1_641' title='bbox 2501 1960 2800 2016; x_wconf 90' lang='lat' dir='ltr'><strong>conveniat.</strong></span> <span class='ocrx_word' id='word_1_642' title='bbox 2842 1962 2923 2018; x_wconf 78' lang='lat' dir='ltr'><strong>An</strong></span> <span class='ocrx_word' id='word_1_643' title='bbox 2961 1964 3093 2021; x_wconf 91' lang='lat' dir='ltr'><strong>dicis</strong></span> <span class='ocrx_word' id='word_1_644' title='bbox 3138 1966 3411 2026; x_wconf 88' lang='lat' dir='ltr'><strong>hominem</strong></span> <span class='ocrx_word' id='word_1_645' title='bbox 3449 1972 3721 2030; x_wconf 87' lang='lat' dir='ltr'><strong>inﬁdelem</strong></span> 
     </span>
    </p>
   </div>
   <div class='ocr_carea' id='block_1_80' title="bbox 2133 2043 3720 2131">
    <p class='ocr_par' dir='ltr' id='par_1_80' title="bbox 2133 2043 3720 2131">
     <span class='ocr_line' id='line_1_81' title="bbox 2133 2043 3720 2131; baseline 0.016 -35"><span class='ocrx_word' id='word_1_646' title='bbox 2133 2043 2380 2101; x_wconf 86' lang='lat' dir='ltr'><strong>arborem</strong></span> <span class='ocrx_word' id='word_1_647' title='bbox 2410 2046 2640 2105; x_wconf 80' lang='lat' dir='ltr'><strong>bonam?</strong></span> <span class='ocrx_word' id='word_1_648' title='bbox 2668 2051 2848 2109; x_wconf 89' lang='lat' dir='ltr'><strong>Placet</strong></span> <span class='ocrx_word' id='word_1_649' title='bbox 2876 2070 3002 2126; x_wconf 88' lang='lat' dir='ltr'><strong>ergo</strong></span> <span class='ocrx_word' id='word_1_650' title='bbox 3032 2057 3142 2113; x_wconf 92' lang='lat' dir='ltr'><strong>Deo</strong></span> <span class='ocrx_word' id='word_1_651' title='bbox 3167 2076 3179 2113; x_wconf 93' lang='lat'>:</span> <span class='ocrx_word' id='word_1_652' title='bbox 3215 2075 3383 2131; x_wconf 91' lang='lat' dir='ltr'><strong>neque</strong></span> <span class='ocrx_word' id='word_1_653' title='bbox 3407 2065 3549 2120; x_wconf 91' lang='lat' dir='ltr'><strong>enim</strong></span> <span class='ocrx_word' id='word_1_654' title='bbox 3578 2064 3720 2122; x_wconf 88' lang='lat' dir='ltr'><strong>bono</strong></span> 
     </span>
    </p>
   </div>
   <div class='ocr_carea' id='block_1_81' title="bbox 2135 2140 3720 2226">
    <p class='ocr_par' dir='ltr' id='par_1_81' title="bbox 2135 2140 3720 2226">
     <span class='ocr_line' id='line_1_82' title="bbox 2135 2140 3720 2226; baseline 0.016 -38"><span class='ocrx_word' id='word_1_655' title='bbox 2135 2144 2309 2204; x_wconf 87' lang='lat' dir='ltr'><strong>potest</strong></span> <span class='ocrx_word' id='word_1_656' title='bbox 2330 2152 2434 2192; x_wconf 92' lang='lat' dir='ltr'><strong>non</strong></span> <span class='ocrx_word' id='word_1_657' title='bbox 2462 2140 2671 2209; x_wconf 87' lang='lat' dir='ltr'><strong>placere</strong></span> <span class='ocrx_word' id='word_1_658' title='bbox 2707 2144 2847 2214; x_wconf 91' lang='lat' dir='ltr'><strong>quod</strong></span> <span class='ocrx_word' id='word_1_659' title='bbox 2875 2146 3074 2202; x_wconf 91' lang='lat' dir='ltr'><strong>bonum</strong></span> <span class='ocrx_word' id='word_1_660' title='bbox 3104 2158 3207 2205; x_wconf 92' lang='lat' dir='ltr'><strong>est.</strong></span> <span class='ocrx_word' id='word_1_661' title='bbox 3239 2151 3306 2206; x_wconf 89' lang='lat' dir='ltr'><strong>Et</strong></span> <span class='ocrx_word' id='word_1_662' title='bbox 3335 2153 3423 2208; x_wconf 92' lang='lat' dir='ltr'><strong>ubi</strong></span> <span class='ocrx_word' id='word_1_663' title='bbox 3449 2155 3552 2210; x_wconf 90' lang='lat' dir='ltr'><strong>erit</strong></span> <span class='ocrx_word' id='word_1_664' title='bbox 3576 2156 3720 2226; x_wconf 90' lang='lat' dir='ltr'><strong>quod</strong></span> 
     </span>
    </p>
   </div>
   <div class='ocr_carea' id='block_1_82' title="bbox 2133 2229 3721 2319">
    <p class='ocr_par' dir='ltr' id='par_1_82' title="bbox 2133 2229 3721 2319">
     <span class='ocr_line' id='line_1_83' title="bbox 2133 2229 3721 2319; baseline 0.016 -39"><span class='ocrx_word' id='word_1_665' title='bbox 2133 2229 2391 2319; x_wconf 74' lang='lat' dir='ltr'><strong>scriptum</strong></span> <span class='ocrx_word' id='word_1_666' title='bbox 2434 2241 2537 2301; x_wconf 90' lang='lat' dir='ltr'><strong>est,</strong></span> <span class='ocrx_word' id='word_1_667' title='bbox 2584 2232 2711 2290; x_wconf 83' lang='lat' dir='ltr'><strong>Sine</strong></span> <span class='ocrx_word' id='word_1_668' title='bbox 2748 2237 2852 2307; x_wconf 81' lang='lat' dir='ltr'><strong>ﬁde</strong></span> <span class='ocrx_word' id='word_1_669' title='bbox 2904 2239 3212 2312; x_wconf 83' lang='lat' dir='ltr'><strong>impossibile</strong></span> <span class='ocrx_word' id='word_1_670' title='bbox 3250 2254 3321 2299; x_wconf 87' lang='lat' dir='ltr'><strong>est</strong></span> <span class='ocrx_word' id='word_1_671' title='bbox 3368 2245 3479 2302; x_wconf 86' lang='lat' dir='ltr'><strong>Deo</strong></span> <span class='ocrx_word' id='word_1_672' title='bbox 3523 2250 3721 2319; x_wconf 82' lang='lat' dir='ltr'><strong>placere</strong></span> 
     </span>
    </p>
   </div>
   <div class='ocr_carea' id='block_1_83' title="bbox 2134 2316 3721 2408">
    <p class='ocr_par' dir='ltr' id='par_1_83' title="bbox 2134 2316 3721 2408">
     <span class='ocr_line' id='line_1_84' title="bbox 2134 2316 3721 2408; baseline 0.018 -38"><span class='ocrx_word' id='word_1_673' title='bbox 2134 2316 2316 2386; x_wconf 85' lang='lat' dir='ltr'><strong>(Hebr.</strong></span> <span class='ocrx_word' id='word_1_674' title='bbox 2347 2337 2421 2388; x_wconf 68' lang='grc' dir='ltr'><strong>χι,</strong></span> <span class='ocrx_word' id='word_1_675' title='bbox 2449 2322 2546 2394; x_wconf 88' lang='lat'><strong>6)?</strong></span> <span class='ocrx_word' id='word_1_676' title='bbox 2570 2325 2653 2380; x_wconf 86' lang='lat' dir='ltr'><strong>An</strong></span> <span class='ocrx_word' id='word_1_677' title='bbox 2683 2330 3029 2397; x_wconf 88' lang='lat' dir='ltr'><strong>respondebis</strong></span> <span class='ocrx_word' id='word_1_678' title='bbox 3055 2375 3070 2401; x_wconf 91' lang='lat'><strong>,</strong></span> <span class='ocrx_word' id='word_1_679' title='bbox 3099 2334 3213 2390; x_wconf 86' lang='lat' dir='ltr'><strong>Non</strong></span> <span class='ocrx_word' id='word_1_680' title='bbox 3240 2334 3293 2391; x_wconf 91' lang='lat' dir='ltr'><strong>in</strong></span> <span class='ocrx_word' id='word_1_681' title='bbox 3318 2316 3571 2408; x_wconf 86' lang='lat' dir='ltr'><strong>quantum</strong></span> <span class='ocrx_word' id='word_1_682' title='bbox 3601 2341 3721 2397; x_wconf 87' lang='lat' dir='ltr'><strong>inﬁ-</strong></span> 
     </span>
    </p>
   </div>
   <div class='ocr_carea' id='block_1_84' title="bbox 2132 2408 3720 2492">
    <p class='ocr_par' dir='ltr' id='par_1_84' title="bbox 2132 2408 3720 2492">
     <span class='ocr_line' id='line_1_85' title="bbox 2132 2408 3720 2492; baseline 0.016 -29"><span class='ocrx_word' id='word_1_683' title='bbox 2132 2408 2269 2465; x_wconf 91' lang='lat' dir='ltr'><strong>delis</strong></span> <span class='ocrx_word' id='word_1_684' title='bbox 2297 2422 2379 2467; x_wconf 92' lang='lat' dir='ltr'><strong>est</strong></span> <span class='ocrx_word' id='word_1_685' title='bbox 2402 2456 2416 2481; x_wconf 89' lang='lat'><strong>,</strong></span> <span class='ocrx_word' id='word_1_686' title='bbox 2441 2415 2536 2470; x_wconf 89' lang='lat' dir='ltr'><strong>sed</strong></span> <span class='ocrx_word' id='word_1_687' title='bbox 2562 2417 2612 2471; x_wconf 93' lang='lat' dir='ltr'><strong>in</strong></span> <span class='ocrx_word' id='word_1_688' title='bbox 2639 2428 2892 2489; x_wconf 88' lang='lat' dir='ltr'><strong>quantum</strong></span> <span class='ocrx_word' id='word_1_689' title='bbox 2925 2421 3085 2479; x_wconf 93' lang='lat' dir='ltr'><strong>homo</strong></span> <span class='ocrx_word' id='word_1_690' title='bbox 3113 2435 3227 2492; x_wconf 90' lang='lat' dir='ltr'><strong>est,</strong></span> <span class='ocrx_word' id='word_1_691' title='bbox 3258 2429 3416 2484; x_wconf 89' lang='lat' dir='ltr'><strong>arbor</strong></span> <span class='ocrx_word' id='word_1_692' title='bbox 3441 2431 3578 2486; x_wconf 89' lang='lat' dir='ltr'><strong>bona</strong></span> <span class='ocrx_word' id='word_1_693' title='bbox 3598 2435 3720 2489; x_wconf 78' lang='lat' dir='ltr'><strong>est?</strong></span> 
     </span>
    </p>
   </div>
   <div class='ocr_carea' id='block_1_85' title="bbox 2133 2500 3719 2584">
    <p class='ocr_par' dir='ltr' id='par_1_85' title="bbox 2133 2500 3719 2584">
     <span class='ocr_line' id='line_1_86' title="bbox 2133 2500 3719 2584; baseline 0.016 -29"><span class='ocrx_word' id='word_1_694' title='bbox 2133 2500 2210 2556; x_wconf 92' lang='lat' dir='ltr'><strong>De</strong></span> <span class='ocrx_word' id='word_1_695' title='bbox 2235 2518 2341 2573; x_wconf 90' lang='lat' dir='ltr'><strong>quo</strong></span> <span class='ocrx_word' id='word_1_696' title='bbox 2367 2519 2495 2576; x_wconf 91' lang='lat' dir='ltr'><strong>ergo</strong></span> <span class='ocrx_word' id='word_1_697' title='bbox 2520 2508 2773 2566; x_wconf 89' lang='lat' dir='ltr'><strong>Dominus</strong></span> <span class='ocrx_word' id='word_1_698' title='bbox 2795 2513 2888 2579; x_wconf 87' lang='lat' dir='ltr'><strong>ait,</strong></span> <span class='ocrx_word' id='word_1_699' title='bbox 2914 2512 3036 2569; x_wconf 83' lang='lat' dir='ltr'><strong>Non</strong></span> <span class='ocrx_word' id='word_1_700' title='bbox 3059 2526 3218 2584; x_wconf 85' lang='lat' dir='ltr'><strong>potest</strong></span> <span class='ocrx_word' id='word_1_701' title='bbox 3238 2518 3390 2575; x_wconf 84' lang='lat' dir='ltr'><strong>arbor</strong></span> <span class='ocrx_word' id='word_1_702' title='bbox 3410 2523 3547 2577; x_wconf 86' lang='lat' dir='ltr'><strong>mala</strong></span> <span class='ocrx_word' id='word_1_703' title='bbox 3563 2524 3719 2580; x_wconf 84' lang='lat' dir='ltr'><strong>bonos</strong></span> 
     </span>
    </p>
   </div>
   <div class='ocr_carea' id='block_1_86' title="bbox 2131 2593 3718 2687">
    <p class='ocr_par' dir='ltr' id='par_1_86' title="bbox 2131 2593 3718 2687">
     <span class='ocr_line' id='line_1_87' title="bbox 2131 2593 3718 2687; baseline 0.016 -41"><span class='ocrx_word' id='word_1_704' title='bbox 2131 2593 2327 2662; x_wconf 82' lang='lat' dir='ltr'><strong>[ructus</strong></span> <span class='ocrx_word' id='word_1_705' title='bbox 2363 2597 2530 2667; x_wconf 78' lang='lat' dir='ltr'><strong>facere</strong></span> <span class='ocrx_word' id='word_1_706' title='bbox 2559 2601 2772 2671; x_wconf 77' lang='lat' dir='ltr'><strong>(Matth.</strong></span> <span class='ocrx_word' id='word_1_707' title='bbox 2815 2620 2920 2673; x_wconf 89' lang='lat' dir='ltr'><strong>vn,</strong></span> <span class='ocrx_word' id='word_1_708' title='bbox 2949 2607 3082 2680; x_wconf 69' lang='lat'><strong>18)?</strong></span> <span class='ocrx_word' id='word_1_709' title='bbox 3125 2611 3553 2683; x_wconf 87' lang='lat' dir='ltr'><strong>quandoquidem</strong></span> <span class='ocrx_word' id='word_1_710' title='bbox 3596 2617 3718 2687; x_wconf 89' lang='lat' dir='ltr'><strong>qui-</strong></span> 
     </span>
    </p>
   </div>
   <div class='ocr_carea' id='block_1_87' title="bbox 2131 2691 3717 2771">
    <p class='ocr_par' dir='ltr' id='par_1_87' title="bbox 2131 2691 3717 2771">
     <span class='ocr_line' id='line_1_88' title="bbox 2131 2691 3717 2771; baseline 0.015 -32"><span class='ocrx_word' id='word_1_711' title='bbox 2131 2699 2360 2756; x_wconf 78' lang='lat' dir='ltr'><strong>cumque</strong></span> <span class='ocrx_word' id='word_1_712' title='bbox 2380 2691 2501 2757; x_wconf 87' lang='lat' dir='ltr'><strong>erit,</strong></span> <span class='ocrx_word' id='word_1_713' title='bbox 2525 2701 2615 2747; x_wconf 91' lang='lat' dir='ltr'><strong>aut</strong></span> <span class='ocrx_word' id='word_1_714' title='bbox 2635 2693 2818 2763; x_wconf 92' lang='lat' dir='ltr'><strong>homo,</strong></span> <span class='ocrx_word' id='word_1_715' title='bbox 2852 2706 2942 2752; x_wconf 90' lang='lat' dir='ltr'><strong>aut</strong></span> <span class='ocrx_word' id='word_1_716' title='bbox 2967 2700 3188 2771; x_wconf 84' lang='lat' dir='ltr'><strong>angelus</strong></span> <span class='ocrx_word' id='word_1_717' title='bbox 3208 2704 3330 2758; x_wconf 90' lang='lat' dir='ltr'><strong>erit.</strong></span> <span class='ocrx_word' id='word_1_718' title='bbox 3350 2703 3458 2761; x_wconf 88' lang='lat' dir='ltr'><strong>Sed</strong></span> <span class='ocrx_word' id='word_1_719' title='bbox 3484 2706 3529 2761; x_wconf 92' lang='lat' dir='ltr'><strong>si</strong></span> <span class='ocrx_word' id='word_1_720' title='bbox 3554 2706 3717 2762; x_wconf 90' lang='lat' dir='ltr'><strong>homo</strong></span> 
     </span>
    </p>
   </div>
   <div class='ocr_carea' id='block_1_88' title="bbox 2130 2775 3717 2865">
    <p class='ocr_par' dir='ltr' id='par_1_88' title="bbox 2130 2775 3717 2865">
     <span class='ocr_line' id='line_1_89' title="bbox 2130 2775 3717 2865; baseline 0.014 -35"><span class='ocrx_word' id='word_1_721' title='bbox 2130 2775 2184 2831; x_wconf 90' lang='lat' dir='ltr'><strong>in</strong></span> <span class='ocrx_word' id='word_1_722' title='bbox 2215 2787 2468 2848; x_wconf 88' lang='lat' dir='ltr'><strong>quantum</strong></span> <span class='ocrx_word' id='word_1_723' title='bbox 2498 2782 2654 2838; x_wconf 93' lang='lat' dir='ltr'><strong>homo</strong></span> <span class='ocrx_word' id='word_1_724' title='bbox 2694 2794 2794 2851; x_wconf 90' lang='lat' dir='ltr'><strong>est,</strong></span> <span class='ocrx_word' id='word_1_725' title='bbox 2849 2788 3008 2845; x_wconf 91' lang='lat' dir='ltr'><strong>arbor</strong></span> <span class='ocrx_word' id='word_1_726' title='bbox 3054 2790 3193 2848; x_wconf 89' lang='lat' dir='ltr'><strong>bona</strong></span> <span class='ocrx_word' id='word_1_727' title='bbox 3237 2802 3348 2860; x_wconf 83' lang='lat' dir='ltr'><strong>est;</strong></span> <span class='ocrx_word' id='word_1_728' title='bbox 3402 2794 3639 2865; x_wconf 88' lang='lat' dir='ltr'><strong>profecto</strong></span> <span class='ocrx_word' id='word_1_729' title='bbox 3662 2808 3717 2853; x_wconf 88' lang='lat' dir='ltr'><strong>et</strong></span> 
     </span>
    </p>
   </div>
   <div class='ocr_carea' id='block_1_89' title="bbox 2130 2868 3716 2949">
    <p class='ocr_par' dir='ltr' id='par_1_89' title="bbox 2130 2868 3716 2949">
     <span class='ocr_line' id='line_1_90' title="bbox 2130 2868 3716 2949; baseline 0.015 -28"><span class='ocrx_word' id='word_1_730' title='bbox 2130 2868 2352 2939; x_wconf 88' lang='lat' dir='ltr'><strong>angelus</strong></span> <span class='ocrx_word' id='word_1_731' title='bbox 2392 2871 2444 2925; x_wconf 92' lang='lat' dir='ltr'><strong>in</strong></span> <span class='ocrx_word' id='word_1_732' title='bbox 2474 2883 2729 2943; x_wconf 86' lang='lat' dir='ltr'><strong>quantum</strong></span> <span class='ocrx_word' id='word_1_733' title='bbox 2760 2880 2996 2949; x_wconf 87' lang='lat' dir='ltr'><strong>angelus,</strong></span> <span class='ocrx_word' id='word_1_734' title='bbox 3042 2882 3201 2938; x_wconf 89' lang='lat' dir='ltr'><strong>arbor</strong></span> <span class='ocrx_word' id='word_1_735' title='bbox 3256 2884 3394 2941; x_wconf 85' lang='lat' dir='ltr'><strong>bona</strong></span> <span class='ocrx_word' id='word_1_736' title='bbox 3440 2896 3540 2942; x_wconf 90' lang='lat' dir='ltr'><strong>est.</strong></span> <span class='ocrx_word' id='word_1_737' title='bbox 3590 2888 3716 2945; x_wconf 64' lang='lat' dir='ltr'><strong>Haec</strong></span> 
     </span>
    </p>
   </div>
   <div class='ocr_carea' id='block_1_90' title="bbox 2131 2961 3713 3042">
    <p class='ocr_par' dir='ltr' id='par_1_90' title="bbox 2131 2961 3713 3042">
     <span class='ocr_line' id='line_1_91' title="bbox 2131 2961 3713 3042; baseline 0.015 -28"><span class='ocrx_word' id='word_1_738' title='bbox 2131 2961 2273 3015; x_wconf 91' lang='lat' dir='ltr'><strong>enim</strong></span> <span class='ocrx_word' id='word_1_739' title='bbox 2308 2963 2398 3019; x_wconf 89' lang='lat' dir='ltr'><strong>Dei</strong></span> <span class='ocrx_word' id='word_1_740' title='bbox 2425 2977 2549 3020; x_wconf 90' lang='lat' dir='ltr'><strong>sunt</strong></span> <span class='ocrx_word' id='word_1_741' title='bbox 2569 2982 2755 3039; x_wconf 88' lang='lat' dir='ltr'><strong>opera,</strong></span> <span class='ocrx_word' id='word_1_742' title='bbox 2793 2971 2882 3042; x_wconf 90' lang='lat' dir='ltr'><strong>qui</strong></span> <span class='ocrx_word' id='word_1_743' title='bbox 2904 2982 3207 3030; x_wconf 91' lang='lat' dir='ltr'><strong>naturarum</strong></span> <span class='ocrx_word' id='word_1_744' title='bbox 3233 2978 3479 3034; x_wconf 89' lang='lat' dir='ltr'><strong>conditor</strong></span> <span class='ocrx_word' id='word_1_745' title='bbox 3506 2989 3589 3035; x_wconf 88' lang='lat' dir='ltr'><strong>est</strong></span> <span class='ocrx_word' id='word_1_746' title='bbox 3613 2980 3713 3036; x_wconf 81' lang='lat' dir='ltr'><strong>bo-</strong></span> 
     </span>
    </p>
   </div>
   <div class='ocr_carea' id='block_1_91' title="bbox 2129 3058 3718 3142">
    <p class='ocr_par' dir='ltr' id='par_1_91' title="bbox 2129 3058 3718 3142">
     <span class='ocr_line' id='line_1_92' title="bbox 2129 3058 3718 3142; baseline 0.013 -35"><span class='ocrx_word' id='word_1_747' title='bbox 2129 3069 2339 3110; x_wconf 74' lang='lat' dir='ltr'><strong>narum.</strong></span> <span class='ocrx_word' id='word_1_748' title='bbox 2380 3058 2457 3113; x_wconf 89' lang='lat' dir='ltr'><strong>Ac</strong></span> <span class='ocrx_word' id='word_1_749' title='bbox 2486 3075 2579 3128; x_wconf 91' lang='lat' dir='ltr'><strong>per</strong></span> <span class='ocrx_word' id='word_1_750' title='bbox 2603 3060 2704 3117; x_wconf 92' lang='lat' dir='ltr'><strong>hoc</strong></span> <span class='ocrx_word' id='word_1_751' title='bbox 2728 3064 2869 3119; x_wconf 87' lang='lat' dir='ltr'><strong>nulla</strong></span> <span class='ocrx_word' id='word_1_752' title='bbox 2892 3066 2997 3121; x_wconf 89' lang='lat' dir='ltr'><strong>erit</strong></span> <span class='ocrx_word' id='word_1_753' title='bbox 3023 3067 3183 3123; x_wconf 90' lang='lat' dir='ltr'><strong>arbor</strong></span> <span class='ocrx_word' id='word_1_754' title='bbox 3206 3070 3363 3137; x_wconf 86' lang='lat' dir='ltr'><strong>mala,</strong></span> <span class='ocrx_word' id='word_1_755' title='bbox 3395 3071 3462 3127; x_wconf 94' lang='lat' dir='ltr'><strong>de</strong></span> <span class='ocrx_word' id='word_1_756' title='bbox 3505 3088 3607 3142; x_wconf 88' lang='lat' dir='ltr'><strong>qua</strong></span> <span class='ocrx_word' id='word_1_757' title='bbox 3635 3072 3718 3128; x_wconf 88' lang='lat' dir='ltr'><strong>di-</strong></span> 
     </span>
    </p>
   </div>
   <div class='ocr_carea' id='block_1_92' title="bbox 2133 3150 3717 3233">
    <p class='ocr_par' dir='ltr' id='par_1_92' title="bbox 2133 3150 3717 3233">
     <span class='ocr_line' id='line_1_93' title="bbox 2133 3150 3717 3233; baseline 0.014 -35"><span class='ocrx_word' id='word_1_758' title='bbox 2133 3153 2277 3200; x_wconf 72' lang='lat' dir='ltr'><strong>ctum</strong></span> <span class='ocrx_word' id='word_1_759' title='bbox 2305 3155 2407 3217; x_wconf 88' lang='lat' dir='ltr'><strong>est,</strong></span> <span class='ocrx_word' id='word_1_760' title='bbox 2441 3150 2581 3219; x_wconf 89' lang='lat' dir='ltr'><strong>quod</strong></span> <span class='ocrx_word' id='word_1_761' title='bbox 2618 3168 2724 3208; x_wconf 91' lang='lat' dir='ltr'><strong>non</strong></span> <span class='ocrx_word' id='word_1_762' title='bbox 2760 3157 2926 3223; x_wconf 88' lang='lat' dir='ltr'><strong>possit</strong></span> <span class='ocrx_word' id='word_1_763' title='bbox 2950 3156 3125 3214; x_wconf 88' lang='lat' dir='ltr'><strong>facere</strong></span> <span class='ocrx_word' id='word_1_764' title='bbox 3145 3161 3348 3217; x_wconf 84' lang='lat' dir='ltr'><strong>fructus</strong></span> <span class='ocrx_word' id='word_1_765' title='bbox 3369 3162 3555 3218; x_wconf 91' lang='lat' dir='ltr'><strong>bonos.</strong></span> <span class='ocrx_word' id='word_1_766' title='bbox 3584 3163 3717 3233; x_wconf 84' lang='lat' dir='ltr'><strong>Quis</strong></span> 
     </span>
    </p>
   </div>
   <div class='ocr_carea' id='block_1_93' title="bbox 2129 3235 3700 3323">
    <p class='ocr_par' dir='ltr' id='par_1_93' title="bbox 2129 3235 3700 3323">
     <span class='ocr_line' id='line_1_94' title="bbox 2129 3235 3700 3323; baseline 0.013 -34"><span class='ocrx_word' id='word_1_767' title='bbox 2129 3235 2357 3292; x_wconf 90' lang='lat' dir='ltr'><strong>inﬁdelis</strong></span> <span class='ocrx_word' id='word_1_768' title='bbox 2382 3239 2451 3293; x_wconf 86' lang='lat' dir='ltr'><strong>ita</strong></span> <span class='ocrx_word' id='word_1_769' title='bbox 2482 3240 2766 3300; x_wconf 88' lang='lat' dir='ltr'><strong>inﬁdeliter</strong></span> <span class='ocrx_word' id='word_1_770' title='bbox 2786 3247 2999 3318; x_wconf 83' lang='lat' dir='ltr'><strong>sapiat?</strong></span> <span class='ocrx_word' id='word_1_771' title='bbox 3023 3247 3140 3304; x_wconf 85' lang='lat' dir='ltr'><strong>Non</strong></span> <span class='ocrx_word' id='word_1_772' title='bbox 3170 3251 3345 3321; x_wconf 86' lang='lat' dir='ltr'><strong>itaque</strong></span> <span class='ocrx_word' id='word_1_773' title='bbox 3371 3253 3421 3307; x_wconf 92' lang='lat' dir='ltr'><strong>in</strong></span> <span class='ocrx_word' id='word_1_774' title='bbox 3444 3263 3700 3323; x_wconf 87' lang='lat' dir='ltr'><strong>quantum</strong></span> 
     </span>
    </p>
   </div>
   <div class='ocr_carea' id='block_1_94' title="bbox 2128 3326 3710 3416">
    <p class='ocr_par' dir='ltr' id='par_1_94' title="bbox 2128 3326 3710 3416">
     <span class='ocr_line' id='line_1_95' title="bbox 2128 3326 3710 3416; baseline 0.014 -35"><span class='ocrx_word' id='word_1_775' title='bbox 2128 3326 2291 3383; x_wconf 85' lang='lat' dir='ltr'><strong>homo</strong></span> <span class='ocrx_word' id='word_1_776' title='bbox 2318 3339 2419 3398; x_wconf 87' lang='lat' dir='ltr'><strong>est,</strong></span> <span class='ocrx_word' id='word_1_777' title='bbox 2438 3334 2579 3402; x_wconf 90' lang='lat' dir='ltr'><strong>quod</strong></span> <span class='ocrx_word' id='word_1_778' title='bbox 2631 3346 2714 3390; x_wconf 91' lang='lat' dir='ltr'><strong>est</strong></span> <span class='ocrx_word' id='word_1_779' title='bbox 2741 3352 2873 3408; x_wconf 87' lang='lat' dir='ltr'><strong>cpus</strong></span> <span class='ocrx_word' id='word_1_780' title='bbox 2904 3341 2998 3397; x_wconf 92' lang='lat' dir='ltr'><strong>Dei</strong></span> <span class='ocrx_word' id='word_1_781' title='bbox 3028 3358 3044 3409; x_wconf 89' lang='lat'><strong>;</strong></span> <span class='ocrx_word' id='word_1_782' title='bbox 3068 3342 3161 3397; x_wconf 89' lang='lat' dir='ltr'><strong>sed</strong></span> <span class='ocrx_word' id='word_1_783' title='bbox 3195 3344 3245 3398; x_wconf 91' lang='lat' dir='ltr'><strong>in</strong></span> <span class='ocrx_word' id='word_1_784' title='bbox 3274 3357 3526 3416; x_wconf 90' lang='lat' dir='ltr'><strong>quantum</strong></span> <span class='ocrx_word' id='word_1_785' title='bbox 3553 3348 3710 3403; x_wconf 65' lang='lat' dir='ltr'><strong>malae</strong></span> 
     </span>
    </p>
   </div>
   <div class='ocr_carea' id='block_1_95' title="bbox 2130 3419 3711 3501">
    <p class='ocr_par' dir='ltr' id='par_1_95' title="bbox 2130 3419 3711 3501">
     <span class='ocr_line' id='line_1_96' title="bbox 2130 3419 3711 3501; baseline 0.015 -30"><span class='ocrx_word' id='word_1_786' title='bbox 2130 3419 2418 3475; x_wconf 86' lang='lat' dir='ltr'><strong>voluntatis</strong></span> <span class='ocrx_word' id='word_1_787' title='bbox 2446 3433 2548 3492; x_wconf 88' lang='lat' dir='ltr'><strong>est,</strong></span> <span class='ocrx_word' id='word_1_788' title='bbox 2577 3426 2801 3498; x_wconf 85' lang='lat' dir='ltr'><strong>quisque</strong></span> <span class='ocrx_word' id='word_1_789' title='bbox 2823 3431 2984 3486; x_wconf 88' lang='lat' dir='ltr'><strong>arbor</strong></span> <span class='ocrx_word' id='word_1_790' title='bbox 3026 3433 3163 3488; x_wconf 88' lang='lat' dir='ltr'><strong>mala</strong></span> <span class='ocrx_word' id='word_1_791' title='bbox 3193 3445 3293 3501; x_wconf 89' lang='lat' dir='ltr'><strong>est,</strong></span> <span class='ocrx_word' id='word_1_792' title='bbox 3327 3445 3380 3491; x_wconf 90' lang='lat' dir='ltr'><strong>et</strong></span> <span class='ocrx_word' id='word_1_793' title='bbox 3404 3437 3574 3494; x_wconf 89' lang='lat' dir='ltr'><strong>bonos</strong></span> <span class='ocrx_word' id='word_1_794' title='bbox 3597 3438 3711 3495; x_wconf 87' lang='lat' dir='ltr'><strong>fru-</strong></span> 
     </span>
    </p>
   </div>
   <div class='ocr_carea' id='block_1_96' title="bbox 2128 3512 3709 3597">
    <p class='ocr_par' dir='ltr' id='par_1_96' title="bbox 2128 3512 3709 3597">
     <span class='ocr_line' id='line_1_97' title="bbox 2128 3512 3709 3597; baseline 0.016 -33"><span class='ocrx_word' id='word_1_795' title='bbox 2128 3522 2248 3566; x_wconf 91' lang='lat' dir='ltr'><strong>ctus</strong></span> <span class='ocrx_word' id='word_1_796' title='bbox 2274 3512 2449 3570; x_wconf 86' lang='lat' dir='ltr'><strong>facere</strong></span> <span class='ocrx_word' id='word_1_797' title='bbox 2495 3532 2602 3573; x_wconf 90' lang='lat' dir='ltr'><strong>non</strong></span> <span class='ocrx_word' id='word_1_798' title='bbox 2632 3528 2826 3591; x_wconf 90' lang='lat' dir='ltr'><strong>potest.</strong></span> <span class='ocrx_word' id='word_1_799' title='bbox 2855 3522 2988 3579; x_wconf 80' lang='lat' dir='ltr'><strong>Vide</strong></span> <span class='ocrx_word' id='word_1_800' title='bbox 3027 3525 3205 3597; x_wconf 89' lang='lat' dir='ltr'><strong>itaque</strong></span> <span class='ocrx_word' id='word_1_801' title='bbox 3232 3536 3409 3585; x_wconf 88' lang='lat' dir='ltr'><strong>utrum</strong></span> <span class='ocrx_word' id='word_1_802' title='bbox 3440 3529 3709 3588; x_wconf 83' lang='lat' dir='ltr'><strong>inﬁdelem</strong></span> 
     </span>
    </p>
   </div>
   <div class='ocr_carea' id='block_1_97' title="bbox 2129 3602 3469 3675">
    <p class='ocr_par' dir='ltr' id='par_1_97' title="bbox 2129 3602 3469 3675">
     <span class='ocr_line' id='line_1_98' title="bbox 2129 3602 3469 3675; baseline 0.016 -22"><span class='ocrx_word' id='word_1_803' title='bbox 2129 3602 2454 3660; x_wconf 81' lang='lat' dir='ltr'><strong>voluntatem</strong></span> <span class='ocrx_word' id='word_1_804' title='bbox 2482 3607 2677 3664; x_wconf 87' lang='lat' dir='ltr'><strong>audeas</strong></span> <span class='ocrx_word' id='word_1_805' title='bbox 2702 3609 2894 3667; x_wconf 88' lang='lat' dir='ltr'><strong>bonam</strong></span> <span class='ocrx_word' id='word_1_806' title='bbox 2923 3613 3099 3671; x_wconf 87' lang='lat' dir='ltr'><strong>dicere</strong></span> <span class='ocrx_word' id='word_1_807' title='bbox 3124 3616 3469 3675; x_wconf 87' lang='lat' dir='ltr'><strong>voluntatem.</strong></span> 
     </span>
    </p>
   </div>
   <div class='ocr_carea' id='block_1_98' title="bbox 2200 3693 3709 3771">
    <p class='ocr_par' dir='ltr' id='par_1_98' title="bbox 2200 3693 3709 3771">
     <span class='ocr_line' id='line_1_99' title="bbox 2200 3693 3709 3771; baseline 0.017 -25"><span class='ocrx_word' id='word_1_808' title='bbox 2200 3694 2288 3747; x_wconf 77' lang='grc'><strong>51.</strong></span> <span class='ocrx_word' id='word_1_809' title='bbox 2308 3693 2413 3750; x_wconf 89' lang='lat' dir='ltr'><strong>Sed</strong></span> <span class='ocrx_word' id='word_1_810' title='bbox 2443 3696 2581 3754; x_wconf 87' lang='lat' dir='ltr'><strong>forte</strong></span> <span class='ocrx_word' id='word_1_811' title='bbox 2596 3699 2835 3757; x_wconf 89' lang='lat' dir='ltr'><strong>dicturus</strong></span> <span class='ocrx_word' id='word_1_812' title='bbox 2862 3718 2942 3771; x_wconf 92' lang='lat' dir='ltr'><strong>es,</strong></span> <span class='ocrx_word' id='word_1_813' title='bbox 2968 3705 3271 3763; x_wconf 84' lang='lat' dir='ltr'><strong>Misericors</strong></span> <span class='ocrx_word' id='word_1_814' title='bbox 3296 3710 3542 3767; x_wconf 90' lang='lat' dir='ltr'><strong>voluntas</strong></span> <span class='ocrx_word' id='word_1_815' title='bbox 3568 3707 3709 3771; x_wconf 82' lang='lat' dir='ltr'><strong>bona</strong></span> 
     </span>
    </p>
   </div>
   <div class='ocr_carea' id='block_1_99' title="bbox 2128 3784 3711 3868">
    <p class='ocr_par' dir='ltr' id='par_1_99' title="bbox 2128 3784 3711 3868">
     <span class='ocr_line' id='line_1_100' title="bbox 2128 3784 3711 3868; baseline 0.015 -30"><span class='ocrx_word' id='word_1_816' title='bbox 2128 3792 2231 3840; x_wconf 89' lang='lat' dir='ltr'><strong>est.</strong></span> <span class='ocrx_word' id='word_1_817' title='bbox 2254 3784 2417 3842; x_wconf 83' lang='lat' dir='ltr'><strong>Recte</strong></span> <span class='ocrx_word' id='word_1_818' title='bbox 2462 3788 2602 3845; x_wconf 87' lang='lat' dir='ltr'><strong>istud</strong></span> <span class='ocrx_word' id='word_1_819' title='bbox 2650 3792 2938 3861; x_wconf 90' lang='lat' dir='ltr'><strong>diceretur,</strong></span> <span class='ocrx_word' id='word_1_820' title='bbox 2976 3796 3021 3851; x_wconf 87' lang='lat' dir='ltr'><strong>si</strong></span> <span class='ocrx_word' id='word_1_821' title='bbox 3073 3785 3517 3868; x_wconf 86' lang='lat' dir='ltr'><strong>quemadmodum</strong></span> <span class='ocrx_word' id='word_1_822' title='bbox 3573 3804 3711 3863; x_wconf 85' lang='lat' dir='ltr'><strong>ﬁdes</strong></span> 
     </span>
    </p>
   </div>
   <div class='ocr_carea' id='block_1_100' title="bbox 2128 3874 3709 3965">
    <p class='ocr_par' dir='ltr' id='par_1_100' title="bbox 2128 3874 3709 3965">
     <span class='ocr_line' id='line_1_101' title="bbox 2128 3874 3709 3965; baseline 0.016 -38"><span class='ocrx_word' id='word_1_823' title='bbox 2128 3874 2346 3941; x_wconf 81' lang='lat' dir='ltr'><strong>Christi,</strong></span> <span class='ocrx_word' id='word_1_824' title='bbox 2385 3877 2436 3931; x_wconf 90' lang='lat' dir='ltr'><strong>id</strong></span> <span class='ocrx_word' id='word_1_825' title='bbox 2491 3888 2594 3947; x_wconf 90' lang='lat' dir='ltr'><strong>est,</strong></span> <span class='ocrx_word' id='word_1_826' title='bbox 2624 3880 2758 3938; x_wconf 90' lang='lat' dir='ltr'><strong>ﬁdes</strong></span> <span class='ocrx_word' id='word_1_827' title='bbox 2785 3900 2903 3954; x_wconf 80' lang='lat' dir='ltr'><strong>quae</strong></span> <span class='ocrx_word' id='word_1_828' title='bbox 2943 3901 3038 3956; x_wconf 88' lang='lat' dir='ltr'><strong>per</strong></span> <span class='ocrx_word' id='word_1_829' title='bbox 3088 3888 3426 3948; x_wconf 84' lang='lat' dir='ltr'><strong>dilecﬁonem</strong></span> <span class='ocrx_word' id='word_1_830' title='bbox 3458 3906 3709 3965; x_wconf 88' lang='lat' dir='ltr'><strong>operatur</strong></span> 
     </span>
    </p>
   </div>
   <div class='ocr_carea' id='block_1_101' title="bbox 2134 3967 3712 4047">
    <p class='ocr_par' dir='ltr' id='par_1_101' title="bbox 2134 3967 3712 4047">
     <span class='ocr_line' id='line_1_102' title="bbox 2134 3967 3712 4047; baseline 0.016 -26"><span class='ocrx_word' id='word_1_831' title='bbox 2134 3967 2327 4039; x_wconf 86' lang='lat' dir='ltr'><strong>(Galat.</strong></span> <span class='ocrx_word' id='word_1_832' title='bbox 2343 3987 2398 4035; x_wconf 89' lang='lat' dir='ltr'><strong>v,</strong></span> <span class='ocrx_word' id='word_1_833' title='bbox 2422 3971 2501 4042; x_wconf 89' lang='lat'><strong>6),</strong></span> <span class='ocrx_word' id='word_1_834' title='bbox 2548 3988 2760 4044; x_wconf 86' lang='lat' dir='ltr'><strong>semper</strong></span> <span class='ocrx_word' id='word_1_835' title='bbox 2802 3986 2884 4033; x_wconf 87' lang='lat' dir='ltr'><strong>est</strong></span> <span class='ocrx_word' id='word_1_836' title='bbox 2909 3978 3067 4047; x_wconf 91' lang='lat' dir='ltr'><strong>bona,</strong></span> <span class='ocrx_word' id='word_1_837' title='bbox 3093 3980 3163 4036; x_wconf 88' lang='lat' dir='ltr'><strong>ita</strong></span> <span class='ocrx_word' id='word_1_838' title='bbox 3185 3984 3543 4043; x_wconf 86' lang='lat' dir='ltr'><strong>misericordia</strong></span> <span class='ocrx_word' id='word_1_839' title='bbox 3569 4003 3712 4045; x_wconf 83' lang='lat' dir='ltr'><strong>sem-</strong></span> 
     </span>
    </p>
   </div>
   <div class='ocr_carea' id='block_1_102' title="bbox 2128 4066 3705 4142">
    <p class='ocr_par' dir='ltr' id='par_1_102' title="bbox 2128 4066 3705 4142">
     <span class='ocr_line' id='line_1_103' title="bbox 2128 4066 3705 4142; baseline 0.013 -26"><span class='ocrx_word' id='word_1_840' title='bbox 2128 4077 2223 4131; x_wconf 87' lang='lat' dir='ltr'><strong>per</strong></span> <span class='ocrx_word' id='word_1_841' title='bbox 2242 4074 2382 4120; x_wconf 89' lang='lat' dir='ltr'><strong>esset</strong></span> <span class='ocrx_word' id='word_1_842' title='bbox 2414 4066 2572 4121; x_wconf 88' lang='lat' dir='ltr'><strong>bona.</strong></span> <span class='ocrx_word' id='word_1_843' title='bbox 2622 4067 2677 4124; x_wconf 92' lang='lat' dir='ltr'><strong>Si</strong></span> <span class='ocrx_word' id='word_1_844' title='bbox 2714 4078 2889 4125; x_wconf 87' lang='lat' dir='ltr'><strong>autem</strong></span> <span class='ocrx_word' id='word_1_845' title='bbox 2950 4074 3214 4142; x_wconf 85' lang='lat' dir='ltr'><strong>reperitur</strong></span> <span class='ocrx_word' id='word_1_846' title='bbox 3242 4087 3294 4131; x_wconf 92' lang='lat' dir='ltr'><strong>et</strong></span> <span class='ocrx_word' id='word_1_847' title='bbox 3336 4079 3705 4137; x_wconf 88' lang='lat' dir='ltr'><strong>misericordia</strong></span> 
     </span>
    </p>
   </div>
   <div class='ocr_carea' id='block_1_103' title="bbox 2128 4154 3711 4240">
    <p class='ocr_par' dir='ltr' id='par_1_103' title="bbox 2128 4154 3711 4240">
     <span class='ocr_line' id='line_1_104' title="bbox 2128 4154 3711 4240; baseline 0.013 -33"><span class='ocrx_word' id='word_1_848' title='bbox 2128 4154 2306 4221; x_wconf 88' lang='lat' dir='ltr'><strong>mala,</strong></span> <span class='ocrx_word' id='word_1_849' title='bbox 2362 4172 2466 4226; x_wconf 91' lang='lat' dir='ltr'><strong>qua</strong></span> <span class='ocrx_word' id='word_1_850' title='bbox 2504 4173 2727 4227; x_wconf 89' lang='lat' dir='ltr'><strong>persona</strong></span> <span class='ocrx_word' id='word_1_851' title='bbox 2794 4164 3041 4232; x_wconf 82' lang='lat' dir='ltr'><strong>panperis</strong></span> <span class='ocrx_word' id='word_1_852' title='bbox 3100 4168 3358 4237; x_wconf 82' lang='lat' dir='ltr'><strong>accipitur</strong></span> <span class='ocrx_word' id='word_1_853' title='bbox 3407 4170 3464 4225; x_wconf 93' lang='lat' dir='ltr'><strong>in</strong></span> <span class='ocrx_word' id='word_1_854' title='bbox 3510 4172 3711 4240; x_wconf 89' lang='lat' dir='ltr'><strong>judicio</strong></span> 
     </span>
    </p>
   </div>
   <div class='ocr_carea' id='block_1_104' title="bbox 2133 4244 3711 4326">
    <p class='ocr_par' dir='ltr' id='par_1_104' title="bbox 2133 4244 3711 4326">
     <span class='ocr_line' id='line_1_105' title="bbox 2133 4244 3711 4326; baseline 0.013 -29"><span class='ocrx_word' id='word_1_855' title='bbox 2133 4244 2325 4316; x_wconf 79' lang='lat' dir='ltr'><strong>(Exod.</strong></span> <span class='ocrx_word' id='word_1_856' title='bbox 2356 4263 2504 4313; x_wconf 72' lang='grc' dir='ltr'><strong>χχιιι,</strong></span> <span class='ocrx_word' id='word_1_857' title='bbox 2538 4249 2594 4319; x_wconf 82' lang='grc'><strong>5)</strong></span> <span class='ocrx_word' id='word_1_858' title='bbox 2622 4265 2636 4314; x_wconf 88' lang='grc'>;</span> <span class='ocrx_word' id='word_1_859' title='bbox 2666 4260 2881 4321; x_wconf 90' lang='lat' dir='ltr'><strong>propter</strong></span> <span class='ocrx_word' id='word_1_860' title='bbox 2928 4270 3082 4324; x_wconf 88' lang='lat' dir='ltr'><strong>quam</strong></span> <span class='ocrx_word' id='word_1_861' title='bbox 3138 4267 3405 4326; x_wconf 82' lang='lat' dir='ltr'><strong>postremo</strong></span> <span class='ocrx_word' id='word_1_862' title='bbox 3447 4276 3540 4316; x_wconf 80' lang='lat' dir='ltr'><strong>rex</strong></span> <span class='ocrx_word' id='word_1_863' title='bbox 3582 4263 3711 4318; x_wconf 80' lang='lat' dir='ltr'><strong>Saﬁl</strong></span> 
     </span>
    </p>
   </div>
   <div class='ocr_carea' id='block_1_105' title="bbox 2128 4338 3707 4422">
    <p class='ocr_par' dir='ltr' id='par_1_105' title="bbox 2128 4338 3707 4422">
     <span class='ocr_line' id='line_1_106' title="bbox 2128 4338 3707 4422; baseline 0.012 -32"><span class='ocrx_word' id='word_1_864' title='bbox 2128 4338 2324 4393; x_wconf 88' lang='lat' dir='ltr'><strong>meruit</strong></span> <span class='ocrx_word' id='word_1_865' title='bbox 2348 4355 2375 4393; x_wconf 90' lang='lat' dir='ltr'><strong>a</strong></span> <span class='ocrx_word' id='word_1_866' title='bbox 2430 4340 2656 4405; x_wconf 86' lang='lat' dir='ltr'><strong>Domino</strong></span> <span class='ocrx_word' id='word_1_867' title='bbox 2679 4383 2694 4409; x_wconf 94' lang='lat'><strong>,</strong></span> <span class='ocrx_word' id='word_1_868' title='bbox 2720 4353 2774 4398; x_wconf 90' lang='lat' dir='ltr'><strong>et</strong></span> <span class='ocrx_word' id='word_1_869' title='bbox 2812 4346 2991 4415; x_wconf 89' lang='lat' dir='ltr'><strong>utique</strong></span> <span class='ocrx_word' id='word_1_870' title='bbox 3029 4348 3394 4417; x_wconf 86' lang='lat' dir='ltr'><strong>misericorde,</strong></span> <span class='ocrx_word' id='word_1_871' title='bbox 3444 4351 3707 4422; x_wconf 88' lang='lat' dir='ltr'><strong>damnari,</strong></span> 
     </span>
    </p>
   </div>
   <div class='ocr_carea' id='block_1_106' title="bbox 2128 4429 3708 4511">
    <p class='ocr_par' dir='ltr' id='par_1_106' title="bbox 2128 4429 3708 4511">
     <span class='ocr_line' id='line_1_107' title="bbox 2128 4429 3708 4511; baseline 0.011 -29"><span class='ocrx_word' id='word_1_872' title='bbox 2128 4429 2249 4497; x_wconf 90' lang='lat' dir='ltr'><strong>quia</strong></span> <span class='ocrx_word' id='word_1_873' title='bbox 2274 4439 2459 4485; x_wconf 88' lang='lat' dir='ltr'><strong>contra</strong></span> <span class='ocrx_word' id='word_1_874' title='bbox 2486 4432 2601 4501; x_wconf 88' lang='lat' dir='ltr'><strong>ejus</strong></span> <span class='ocrx_word' id='word_1_875' title='bbox 2646 4446 2969 4507; x_wconf 66' lang='lat' dir='ltr'><strong>pt&#39;aaceptum</strong></span> <span class='ocrx_word' id='word_1_876' title='bbox 2995 4440 3203 4509; x_wconf 84' lang='lat' dir='ltr'><strong>captivo</strong></span> <span class='ocrx_word' id='word_1_877' title='bbox 3244 4444 3355 4511; x_wconf 84' lang='lat' dir='ltr'><strong>regi</strong></span> <span class='ocrx_word' id='word_1_878' title='bbox 3398 4459 3491 4511; x_wconf 86' lang='lat' dir='ltr'><strong>per</strong></span> <span class='ocrx_word' id='word_1_879' title='bbox 3516 4444 3708 4501; x_wconf 89' lang='lat' dir='ltr'><strong>huma-</strong></span> 
     </span>
    </p>
   </div>
   <div class='ocr_carea' id='block_1_107' title="bbox 2127 4522 3705 4605">
    <p class='ocr_par' dir='ltr' id='par_1_107' title="bbox 2127 4522 3705 4605">
     <span class='ocr_line' id='line_1_108' title="bbox 2127 4522 3705 4605; baseline 0.012 -33"><span class='ocrx_word' id='word_1_880' title='bbox 2127 4535 2252 4573; x_wconf 90' lang='lat' dir='ltr'><strong>num</strong></span> <span class='ocrx_word' id='word_1_881' title='bbox 2289 4522 2523 4591; x_wconf 86' lang='lat' dir='ltr'><strong>pepercit</strong></span> <span class='ocrx_word' id='word_1_882' title='bbox 2550 4523 2797 4578; x_wconf 77' lang='lat' dir='ltr'><strong>affectant</strong></span> <span class='ocrx_word' id='word_1_883' title='bbox 2829 4526 2873 4605; x_wconf 89' lang='lat' dir='ltr'><strong>(l</strong></span> <span class='ocrx_word' id='word_1_884' title='bbox 2904 4528 3033 4599; x_wconf 78' lang='lat' dir='ltr'><strong>Reg.</strong></span> <span class='ocrx_word' id='word_1_885' title='bbox 3054 4528 3149 4600; x_wconf 84' lang='lat' dir='ltr'><strong>xv)</strong></span> <span class='ocrx_word' id='word_1_886' title='bbox 3184 4547 3195 4582; x_wconf 89' lang='lat'><strong>:</strong></span> <span class='ocrx_word' id='word_1_887' title='bbox 3227 4533 3479 4588; x_wconf 87' lang='lat' dir='ltr'><strong>attentius</strong></span> <span class='ocrx_word' id='word_1_888' title='bbox 3508 4538 3705 4605; x_wconf 86' lang='lat' dir='ltr'><strong>cogita,</strong></span> 
     </span>
    </p>
   </div>
   <div class='ocr_carea' id='block_1_108' title="bbox 2126 4602 3709 4698">
    <p class='ocr_par' dir='ltr' id='par_1_108' title="bbox 2126 4602 3709 4698">
     <span class='ocr_line' id='line_1_109' title="bbox 2126 4602 3709 4698; baseline 0.01 -32"><span class='ocrx_word' id='word_1_889' title='bbox 2126 4627 2195 4667; x_wconf 89' lang='lat' dir='ltr'><strong>ne</strong></span> <span class='ocrx_word' id='word_1_890' title='bbox 2225 4611 2361 4668; x_wconf 89' lang='lat' dir='ltr'><strong>forte</strong></span> <span class='ocrx_word' id='word_1_891' title='bbox 2390 4615 2752 4672; x_wconf 87' lang='lat' dir='ltr'><strong>misericordia</strong></span> <span class='ocrx_word' id='word_1_892' title='bbox 2785 4602 2921 4673; x_wconf 85' lang='lat' dir='ltr'><strong>bona</strong></span> <span class='ocrx_word' id='word_1_893' title='bbox 2965 4635 3072 4674; x_wconf 90' lang='lat' dir='ltr'><strong>non</strong></span> <span class='ocrx_word' id='word_1_894' title='bbox 3115 4622 3183 4676; x_wconf 88' lang='lat' dir='ltr'><strong>sit</strong></span> <span class='ocrx_word' id='word_1_895' title='bbox 3206 4662 3222 4688; x_wconf 96' lang='lat'><strong>,</strong></span> <span class='ocrx_word' id='word_1_896' title='bbox 3275 4624 3374 4678; x_wconf 87' lang='lat' dir='ltr'><strong>nisi</strong></span> <span class='ocrx_word' id='word_1_897' title='bbox 3404 4641 3523 4695; x_wconf 65' lang='lat' dir='ltr'><strong>qum</strong></span> <span class='ocrx_word' id='word_1_898' title='bbox 3553 4627 3709 4698; x_wconf 87' lang='lat' dir='ltr'><strong>hujus</strong></span> 
     </span>
    </p>
   </div>
   <div class='ocr_carea' id='block_1_109' title="bbox 2126 4702 3708 4780">
    <p class='ocr_par' dir='ltr' id='par_1_109' title="bbox 2126 4702 3708 4780">
     <span class='ocr_line' id='line_1_110' title="bbox 2126 4702 3708 4780; baseline 0.009 -22"><span class='ocrx_word' id='word_1_899' title='bbox 2126 4702 2279 4759; x_wconf 70' lang='lat' dir='ltr'><strong>bona:</strong></span> <span class='ocrx_word' id='word_1_900' title='bbox 2312 4704 2432 4758; x_wconf 89' lang='lat' dir='ltr'><strong>ﬁdei</strong></span> <span class='ocrx_word' id='word_1_901' title='bbox 2461 4704 2637 4761; x_wconf 89' lang='lat' dir='ltr'><strong>fuerit.</strong></span> <span class='ocrx_word' id='word_1_902' title='bbox 2686 4708 2795 4762; x_wconf 91' lang='lat' dir='ltr'><strong>lmo</strong></span> <span class='ocrx_word' id='word_1_903' title='bbox 2823 4710 3117 4780; x_wconf 84' lang='lat' dir='ltr'><strong>reSponde,</strong></span> <span class='ocrx_word' id='word_1_904' title='bbox 3149 4722 3207 4768; x_wconf 91' lang='lat' dir='ltr'><strong>ut</strong></span> <span class='ocrx_word' id='word_1_905' title='bbox 3234 4713 3335 4769; x_wconf 85' lang='lat' dir='ltr'><strong>hoc</strong></span> <span class='ocrx_word' id='word_1_906' title='bbox 3364 4715 3480 4771; x_wconf 89' lang='lat' dir='ltr'><strong>sine</strong></span> <span class='ocrx_word' id='word_1_907' title='bbox 3501 4716 3708 4772; x_wconf 85' lang='lat' dir='ltr'><strong>dubita-</strong></span> 
     </span>
    </p>
   </div>
   <div class='ocr_carea' id='block_1_110' title="bbox 2129 4797 3709 4867">
    <p class='ocr_par' dir='ltr' id='par_1_110' title="bbox 2129 4797 3709 4867">
     <span class='ocr_line' id='line_1_111' title="bbox 2129 4797 3709 4867; baseline 0.01 -17"><span class='ocrx_word' id='word_1_908' title='bbox 2129 4797 2272 4852; x_wconf 90' lang='lat' dir='ltr'><strong>tione</strong></span> <span class='ocrx_word' id='word_1_909' title='bbox 2298 4799 2610 4867; x_wconf 85' lang='lat' dir='ltr'><strong>pcrspicias,</strong></span> <span class='ocrx_word' id='word_1_910' title='bbox 2654 4810 2827 4855; x_wconf 88' lang='lat' dir='ltr'><strong>utrum</strong></span> <span class='ocrx_word' id='word_1_911' title='bbox 2853 4803 3046 4858; x_wconf 88' lang='lat' dir='ltr'><strong>bonam</strong></span> <span class='ocrx_word' id='word_1_912' title='bbox 3074 4805 3494 4862; x_wconf 87' lang='lat' dir='ltr'><strong>misericordiam</strong></span> <span class='ocrx_word' id='word_1_913' title='bbox 3523 4811 3709 4866; x_wconf 76' lang='lat' dir='ltr'><strong>existi-</strong></span> 
     </span>
    </p>
   </div>
   <div class='ocr_carea' id='block_1_111' title="bbox 2125 4889 3705 4968">
    <p class='ocr_par' dir='ltr' id='par_1_111' title="bbox 2125 4889 3705 4968">
     <span class='ocr_line' id='line_1_112' title="bbox 2125 4889 3705 4968; baseline 0.008 -24"><span class='ocrx_word' id='word_1_914' title='bbox 2125 4904 2241 4944; x_wconf 90' lang='lat' dir='ltr'><strong>mes</strong></span> <span class='ocrx_word' id='word_1_915' title='bbox 2288 4889 2579 4945; x_wconf 89' lang='lat' dir='ltr'><strong>inﬁdelem.</strong></span> <span class='ocrx_word' id='word_1_916' title='bbox 2627 4892 2794 4948; x_wconf 86' lang='lat' dir='ltr'><strong>Porro</strong></span> <span class='ocrx_word' id='word_1_917' title='bbox 2831 4895 2875 4948; x_wconf 87' lang='lat' dir='ltr'><strong>si</strong></span> <span class='ocrx_word' id='word_1_918' title='bbox 2921 4896 3102 4950; x_wconf 89' lang='lat' dir='ltr'><strong>vitium</strong></span> <span class='ocrx_word' id='word_1_919' title='bbox 3133 4909 3214 4953; x_wconf 91' lang='lat' dir='ltr'><strong>est</strong></span> <span class='ocrx_word' id='word_1_920' title='bbox 3261 4901 3399 4955; x_wconf 88' lang='lat' dir='ltr'><strong>male</strong></span> <span class='ocrx_word' id='word_1_921' title='bbox 3441 4901 3705 4968; x_wconf 86' lang='lat' dir='ltr'><strong>misereri,</strong></span> 
     </span>
    </p>
   </div>
   <div class='ocr_carea' id='block_1_112' title="bbox 2124 4982 3708 5059">
    <p class='ocr_par' dir='ltr' id='par_1_112' title="bbox 2124 4982 3708 5059">
     <span class='ocr_line' id='line_1_113' title="bbox 2124 4982 3708 5059; baseline 0.007 -23"><span class='ocrx_word' id='word_1_922' title='bbox 2124 4982 2494 5051; x_wconf 86' lang='lat' dir='ltr'><strong>proculdubio</strong></span> <span class='ocrx_word' id='word_1_923' title='bbox 2536 4984 2718 5038; x_wconf 83' lang='lat' dir='ltr'><strong>vitium</strong></span> <span class='ocrx_word' id='word_1_924' title='bbox 2746 4995 2823 5040; x_wconf 89' lang='lat' dir='ltr'><strong>est</strong></span> <span class='ocrx_word' id='word_1_925' title='bbox 2867 4986 3149 5044; x_wconf 90' lang='lat' dir='ltr'><strong>inﬁdeliter</strong></span> <span class='ocrx_word' id='word_1_926' title='bbox 3176 4986 3437 5046; x_wconf 81' lang='lat' dir='ltr'><strong>misereri.</strong></span> <span class='ocrx_word' id='word_1_927' title='bbox 3470 4992 3622 5059; x_wconf 89' lang='lat' dir='ltr'><strong>Quod</strong></span> <span class='ocrx_word' id='word_1_928' title='bbox 3661 4994 3708 5047; x_wconf 90' lang='lat' dir='ltr'><strong>si</strong></span> 
     </span>
    </p>
   </div>
   <div class='ocr_carea' id='block_1_113' title="bbox 2124 5075 3711 5152">
    <p class='ocr_par' dir='ltr' id='par_1_113' title="bbox 2124 5075 3711 5152">
     <span class='ocr_line' id='line_1_114' title="bbox 2124 5075 3711 5152; baseline 0.006 -24"><span class='ocrx_word' id='word_1_929' title='bbox 2124 5082 2179 5129; x_wconf 91' lang='lat' dir='ltr'><strong>et</strong></span> <span class='ocrx_word' id='word_1_930' title='bbox 2208 5075 2321 5144; x_wconf 90' lang='lat' dir='ltr'><strong>ipsa</strong></span> <span class='ocrx_word' id='word_1_931' title='bbox 2367 5090 2464 5145; x_wconf 88' lang='lat' dir='ltr'><strong>per</strong></span> <span class='ocrx_word' id='word_1_932' title='bbox 2490 5091 2549 5131; x_wconf 91' lang='lat' dir='ltr'><strong>se</strong></span> <span class='ocrx_word' id='word_1_933' title='bbox 2587 5076 2754 5146; x_wconf 88' lang='lat' dir='ltr'><strong>ipsam</strong></span> <span class='ocrx_word' id='word_1_934' title='bbox 2783 5079 3008 5133; x_wconf 83' lang='lat' dir='ltr'><strong>naturali</strong></span> <span class='ocrx_word' id='word_1_935' title='bbox 3054 5083 3421 5151; x_wconf 68' lang='lat' dir='ltr'><strong>compaSsionc</strong></span> <span class='ocrx_word' id='word_1_936' title='bbox 3469 5098 3603 5152; x_wconf 91' lang='lat' dir='ltr'><strong>opus</strong></span> <span class='ocrx_word' id='word_1_937' title='bbox 3628 5094 3711 5138; x_wconf 89' lang='lat' dir='ltr'><strong>est</strong></span> 
     </span>
    </p>
   </div>
   <div class='ocr_carea' id='block_1_114' title="bbox 2122 5165 3709 5241">
    <p class='ocr_par' dir='ltr' id='par_1_114' title="bbox 2122 5165 3709 5241">
     <span class='ocr_line' id='line_1_115' title="bbox 2122 5165 3709 5241; baseline 0.004 -21"><span class='ocrx_word' id='word_1_938' title='bbox 2122 5165 2361 5233; x_wconf 90' lang='lat' dir='ltr'><strong>bonum;</strong></span> <span class='ocrx_word' id='word_1_939' title='bbox 2409 5168 2567 5223; x_wconf 88' lang='lat' dir='ltr'><strong>etiam</strong></span> <span class='ocrx_word' id='word_1_940' title='bbox 2597 5169 2699 5224; x_wconf 90' lang='lat' dir='ltr'><strong>isto</strong></span> <span class='ocrx_word' id='word_1_941' title='bbox 2721 5169 2860 5224; x_wconf 87' lang='lat' dir='ltr'><strong>bono</strong></span> <span class='ocrx_word' id='word_1_942' title='bbox 2904 5172 3041 5226; x_wconf 89' lang='lat' dir='ltr'><strong>male</strong></span> <span class='ocrx_word' id='word_1_943' title='bbox 3084 5172 3247 5227; x_wconf 90' lang='lat' dir='ltr'><strong>utitur</strong></span> <span class='ocrx_word' id='word_1_944' title='bbox 3288 5173 3375 5241; x_wconf 89' lang='lat' dir='ltr'><strong>qui</strong></span> <span class='ocrx_word' id='word_1_945' title='bbox 3424 5171 3709 5227; x_wconf 85' lang='lat' dir='ltr'><strong>inﬁdeliter</strong></span> 
     </span>
    </p>
   </div>
   <div class='ocr_carea' id='block_1_115' title="bbox 2123 5261 3704 5334">
    <p class='ocr_par' dir='ltr' id='par_1_115' title="bbox 2123 5261 3704 5334">
     <span class='ocr_line' id='line_1_116' title="bbox 2123 5261 3704 5334; baseline 0.003 -19"><span class='ocrx_word' id='word_1_946' title='bbox 2123 5262 2309 5326; x_wconf 88' lang='lat' dir='ltr'><strong>utitur,</strong></span> <span class='ocrx_word' id='word_1_947' title='bbox 2341 5261 2517 5317; x_wconf 88' lang='lat' dir='ltr'><strong>ethoc</strong></span> <span class='ocrx_word' id='word_1_948' title='bbox 2544 5262 2740 5317; x_wconf 89' lang='lat' dir='ltr'><strong>bonum</strong></span> <span class='ocrx_word' id='word_1_949' title='bbox 2768 5263 2908 5318; x_wconf 90' lang='lat' dir='ltr'><strong>male</strong></span> <span class='ocrx_word' id='word_1_950' title='bbox 2937 5262 3084 5331; x_wconf 87' lang='lat' dir='ltr'><strong>facit,</strong></span> <span class='ocrx_word' id='word_1_951' title='bbox 3114 5265 3201 5334; x_wconf 89' lang='lat' dir='ltr'><strong>qui</strong></span> <span class='ocrx_word' id='word_1_952' title='bbox 3230 5264 3513 5319; x_wconf 91' lang='lat' dir='ltr'><strong>inﬁdeliter</strong></span> <span class='ocrx_word' id='word_1_953' title='bbox 3542 5263 3667 5319; x_wconf 89' lang='lat' dir='ltr'><strong>facit</strong></span> <span class='ocrx_word' id='word_1_954' title='bbox 3691 5283 3704 5320; x_wconf 87' lang='lat'><strong>:</strong></span> 
     </span>
    </p>
   </div>
   <div class='ocr_carea' id='block_1_116' title="bbox 2123 5352 3478 5423">
    <p class='ocr_par' dir='ltr' id='par_1_116' title="bbox 2123 5352 3478 5423">
     <span class='ocr_line' id='line_1_117' title="bbox 2123 5352 3478 5423; baseline 0 -17"><span class='ocrx_word' id='word_1_955' title='bbox 2123 5352 2210 5422; x_wconf 91' lang='lat' dir='ltr'><strong>qui</strong></span> <span class='ocrx_word' id='word_1_956' title='bbox 2239 5364 2416 5407; x_wconf 88' lang='lat' dir='ltr'><strong>autem</strong></span> <span class='ocrx_word' id='word_1_957' title='bbox 2440 5353 2577 5407; x_wconf 86' lang='lat' dir='ltr'><strong>male</strong></span> <span class='ocrx_word' id='word_1_958' title='bbox 2606 5353 2732 5408; x_wconf 88' lang='lat' dir='ltr'><strong>facit</strong></span> <span class='ocrx_word' id='word_1_959' title='bbox 2762 5354 2981 5423; x_wconf 87' lang='lat' dir='ltr'><strong>aliquid,</strong></span> <span class='ocrx_word' id='word_1_960' title='bbox 3017 5355 3250 5423; x_wconf 85' lang='lat' dir='ltr'><strong>profecto</strong></span> <span class='ocrx_word' id='word_1_961' title='bbox 3278 5363 3478 5423; x_wconf 76' lang='lat' dir='ltr'><strong>peccat.</strong></span> 
     </span>
    </p>
   </div>
   <div class='ocr_carea' id='block_1_117' title="bbox 2193 5434 3701 5514">
    <p class='ocr_par' dir='ltr' id='par_1_117' title="bbox 2193 5434 3701 5514">
     <span class='ocr_line' id='line_1_118' title="bbox 2193 5434 3701 5514; baseline -0.001 -14"><span class='ocrx_word' id='word_1_962' title='bbox 2193 5443 2282 5500; x_wconf 68' lang='lat'><strong>5‘).</strong></span> <span class='ocrx_word' id='word_1_963' title='bbox 2315 5445 2387 5498; x_wconf 79' lang='lat' dir='ltr'><strong>Ex</strong></span> <span class='ocrx_word' id='word_1_964' title='bbox 2416 5459 2520 5514; x_wconf 86' lang='lat' dir='ltr'><strong>quo</strong></span> <span class='ocrx_word' id='word_1_965' title='bbox 2545 5434 2816 5513; x_wconf 81' lang='lat' dir='ltr'><strong>colligitur</strong></span> <span class='ocrx_word' id='word_1_966' title='bbox 2836 5485 2851 5510; x_wconf 93' lang='lat'><strong>,</strong></span> <span class='ocrx_word' id='word_1_967' title='bbox 2892 5444 3052 5498; x_wconf 88' lang='lat' dir='ltr'><strong>etiam</strong></span> <span class='ocrx_word' id='word_1_968' title='bbox 3080 5444 3190 5513; x_wconf 88' lang='lat' dir='ltr'><strong>ipsa</strong></span> <span class='ocrx_word' id='word_1_969' title='bbox 3222 5445 3355 5497; x_wconf 70' lang='lat' dir='ltr'><strong>bona</strong></span> <span class='ocrx_word' id='word_1_970' title='bbox 3391 5460 3550 5513; x_wconf 69' lang='lat' dir='ltr'><strong>opera</strong></span> <span class='ocrx_word' id='word_1_971' title='bbox 3582 5461 3701 5514; x_wconf 66' lang='lat' dir='ltr'><strong>quae</strong></span> 
     </span>
    </p>
   </div>
   <div class='ocr_carea' id='block_1_118' title="bbox 2120 5535 3703 5608">
    <p class='ocr_par' dir='ltr' id='par_1_118' title="bbox 2120 5535 3703 5608">
     <span class='ocr_line' id='line_1_119' title="bbox 2120 5535 3703 5608; baseline 0.001 -17"><span class='ocrx_word' id='word_1_972' title='bbox 2120 5536 2321 5592; x_wconf 88' lang='lat' dir='ltr'><strong>faciunt</strong></span> <span class='ocrx_word' id='word_1_973' title='bbox 2358 5536 2635 5601; x_wconf 87' lang='lat' dir='ltr'><strong>inﬁdeles,</strong></span> <span class='ocrx_word' id='word_1_974' title='bbox 2685 5551 2790 5590; x_wconf 92' lang='lat' dir='ltr'><strong>non</strong></span> <span class='ocrx_word' id='word_1_975' title='bbox 2836 5536 3069 5606; x_wconf 84' lang='lat' dir='ltr'><strong>ipsorum</strong></span> <span class='ocrx_word' id='word_1_976' title='bbox 3099 5550 3252 5601; x_wconf 87' lang='lat' dir='ltr'><strong>esse,</strong></span> <span class='ocrx_word' id='word_1_977' title='bbox 3299 5535 3389 5589; x_wconf 88' lang='lat' dir='ltr'><strong>sed</strong></span> <span class='ocrx_word' id='word_1_978' title='bbox 3438 5536 3577 5591; x_wconf 88' lang='lat' dir='ltr'><strong>illius</strong></span> <span class='ocrx_word' id='word_1_979' title='bbox 3615 5541 3703 5608; x_wconf 89' lang='lat' dir='ltr'><strong>qui</strong></span> 
     </span>
    </p>
   </div>
   <div class='ocr_carea' id='block_1_119' title="bbox 2119 5627 3703 5699">
    <p class='ocr_par' dir='ltr' id='par_1_119' title="bbox 2119 5627 3703 5699">
     <span class='ocr_line' id='line_1_120' title="bbox 2119 5627 3703 5699; baseline -0.001 -17"><span class='ocrx_word' id='word_1_980' title='bbox 2119 5628 2258 5684; x_wconf 86' lang='lat' dir='ltr'><strong>bene</strong></span> <span class='ocrx_word' id='word_1_981' title='bbox 2287 5629 2453 5682; x_wconf 82' lang='lat' dir='ltr'><strong>utitur</strong></span> <span class='ocrx_word' id='word_1_982' title='bbox 2480 5628 2649 5682; x_wconf 86' lang='lat' dir='ltr'><strong>malis.</strong></span> <span class='ocrx_word' id='word_1_983' title='bbox 2682 5627 2921 5697; x_wconf 77' lang='lat' dir='ltr'><strong>ipsorum</strong></span> <span class='ocrx_word' id='word_1_984' title='bbox 2951 5636 3127 5681; x_wconf 89' lang='lat' dir='ltr'><strong>autem</strong></span> <span class='ocrx_word' id='word_1_985' title='bbox 3153 5641 3270 5680; x_wconf 75' lang='lat' dir='ltr'><strong>esse</strong></span> <span class='ocrx_word' id='word_1_986' title='bbox 3304 5637 3518 5696; x_wconf 86' lang='lat' dir='ltr'><strong>peccata</strong></span> <span class='ocrx_word' id='word_1_987' title='bbox 3539 5667 3554 5693; x_wconf 90' lang='lat'><strong>,</strong></span> <span class='ocrx_word' id='word_1_988' title='bbox 3582 5630 3703 5699; x_wconf 88' lang='lat' dir='ltr'><strong>qni-</strong></span> 
     </span>
    </p>
   </div>
   <div class='ocr_carea' id='block_1_120' title="bbox 2119 5716 3701 5786">
    <p class='ocr_par' dir='ltr' id='par_1_120' title="bbox 2119 5716 3701 5786">
     <span class='ocr_line' id='line_1_121' title="bbox 2119 5716 3701 5786; baseline -0.001 -12"><span class='ocrx_word' id='word_1_989' title='bbox 2119 5719 2218 5774; x_wconf 89' lang='lat' dir='ltr'><strong>bus</strong></span> <span class='ocrx_word' id='word_1_990' title='bbox 2242 5728 2295 5774; x_wconf 92' lang='lat' dir='ltr'><strong>ct</strong></span> <span class='ocrx_word' id='word_1_991' title='bbox 2320 5718 2454 5773; x_wconf 88' lang='lat' dir='ltr'><strong>bona</strong></span> <span class='ocrx_word' id='word_1_992' title='bbox 2485 5717 2622 5772; x_wconf 89' lang='lat' dir='ltr'><strong>male</strong></span> <span class='ocrx_word' id='word_1_993' title='bbox 2645 5718 2875 5782; x_wconf 89' lang='lat' dir='ltr'><strong>faciunt;</strong></span> <span class='ocrx_word' id='word_1_994' title='bbox 2916 5718 3035 5786; x_wconf 88' lang='lat' dir='ltr'><strong>quia</strong></span> <span class='ocrx_word' id='word_1_995' title='bbox 3057 5732 3122 5772; x_wconf 88' lang='lat' dir='ltr'><strong>ea</strong></span> <span class='ocrx_word' id='word_1_996' title='bbox 3148 5732 3252 5772; x_wconf 91' lang='lat' dir='ltr'><strong>non</strong></span> <span class='ocrx_word' id='word_1_997' title='bbox 3286 5716 3425 5772; x_wconf 87' lang='lat' dir='ltr'><strong>ﬁdeli</strong></span> <span class='ocrx_word' id='word_1_998' title='bbox 3451 5759 3465 5783; x_wconf 93' lang='lat'><strong>,</strong></span> <span class='ocrx_word' id='word_1_999' title='bbox 3492 5718 3587 5775; x_wconf 85' lang='lat' dir='ltr'><strong>sed</strong></span> <span class='ocrx_word' id='word_1_1000' title='bbox 3618 5718 3701 5773; x_wconf 83' lang='lat' dir='ltr'><strong>in-</strong></span> 
     </span>
    </p>
   </div>
   <div class='ocr_carea' id='block_1_121' title="bbox 2124 5808 3681 5885">
    <p class='ocr_par' dir='ltr' id='par_1_121' title="bbox 2124 5808 3681 5885">
     <span class='ocr_line' id='line_1_122' title="bbox 2124 5808 3681 5885; baseline 0.001 -21"><span class='ocrx_word' id='word_1_1001' title='bbox 2124 5811 2289 5879; x_wconf 78' lang='lat' dir='ltr'><strong>ﬁdeli,</strong></span> <span class='ocrx_word' id='word_1_1002' title='bbox 2319 5809 2419 5866; x_wconf 91' lang='lat' dir='ltr'><strong>hoc</strong></span> <span class='ocrx_word' id='word_1_1003' title='bbox 2441 5819 2541 5877; x_wconf 87' lang='lat' dir='ltr'><strong>est,</strong></span> <span class='ocrx_word' id='word_1_1004' title='bbox 2575 5810 2734 5864; x_wconf 89' lang='lat' dir='ltr'><strong>stulta</strong></span> <span class='ocrx_word' id='word_1_1005' title='bbox 2761 5820 2815 5866; x_wconf 91' lang='lat' dir='ltr'><strong>ct</strong></span> <span class='ocrx_word' id='word_1_1006' title='bbox 2841 5808 2995 5865; x_wconf 81' lang='lat' dir='ltr'><strong>noxia</strong></span> <span class='ocrx_word' id='word_1_1007' title='bbox 3022 5810 3508 5874; x_wconf 74' lang='lat' dir='ltr'><strong>[aciuntvohmtate</strong></span> <span class='ocrx_word' id='word_1_1008' title='bbox 3538 5831 3553 5869; x_wconf 90' lang='lat'><strong><em>:</em></strong></span> <span class='ocrx_word' id='word_1_1009' title='bbox 3579 5826 3681 5885; x_wconf 87' lang='lat' dir='ltr'><strong>qua</strong></span> 
     </span>
    </p>
   </div>
   <div class='ocr_carea' id='block_1_122' title="bbox 4022 5510 4040 6111">
    <p class='ocr_par' dir='ltr' id='par_1_122' title="bbox 4022 5756 4039 6079">
     <span class='ocr_line' id='line_1_123' title="bbox 4022 5756 4039 5911; baseline 0 0"><span class='ocrx_word' id='word_1_1010' title='bbox 4022 5756 4039 5911; x_wconf 66' lang='grc' dir='ltr'>ἲ</span> 
     </span>
     <span class='ocr_line' id='line_1_124' title="bbox 4025 5926 4039 5959; baseline -0.143 0"><span class='ocrx_word' id='word_1_1011' title='bbox 4025 5926 4039 5959; x_wconf 47' lang='grc' dir='ltr'><strong>1η</strong></span> 
     </span>
     <span class='ocr_line' id='line_1_125' title="bbox 4025 5988 4037 6079; baseline 0 0"><span class='ocrx_word' id='word_1_1012' title='bbox 4025 5988 4037 6079; x_wconf 72' lang='grc' dir='ltr'><strong>ε</strong></span> 
     </span>
    </p>
   </div>
  </div>
