4142 6496
427 530 498 588 iis
541 524 827 591 voluntas,
855 516 1001 578 nullo
1045 515 1333 573 christiano
1376 504 1672 574 dubitante,
1718 505 1878 561 arbor“
1923 510 2008 560 est

433 618 571 677 mala
593 662 609 688 ,
642 633 758 689 quae
787 614 962 669 facere
988 616 1093 664 non
1139 611 1313 677 potest
1341 601 1444 658 nisi
1475 600 1675 655 fructus
1717 598 1885 652 malos
1909 636 1923 663 ,
1956 594 2008 650 id

429 724 533 781 est,
562 712 672 767 sola
700 710 931 779 peccata.
959 701 1122 756 Omne
1140 699 1291 765 enim,
1317 694 1450 751 velis
1471 692 1631 759 nolis,
1653 689 1790 764 quod
1815 694 2009 781 nonest

430 824 493 862 ea:
532 804 633 875 ﬁde
655 845 669 867 ,
695 806 949 871 peccatum
983 802 1056 849 est
1085 793 1263 863 (Rom.
1293 796 1384 844 irv
1404 828 1420 856 ,
1448 784 1562 858 εδ).
1596 783 1663 839 Et
1702 782 1823 837 ideo
1869 780 2009 836 Deus

428 899 558 953 istas
586 895 805 949 arbores
829 894 935 945 non
957 891 1132 959 potest
1155 883 1377 955 diligere
1395 922 1412 949 ,
1441 886 1497 935 et
1522 879 1568 933 si
1592 876 1726 934 tales
1757 884 2007 945 perman-

427 989 594 1041 serint
617 1029 633 1054 ,
665 981 901 1055 disponit
933 978 1218 1036 excidere:
1255 972 1381 1047 quia
1418 971 1528 1027 sine
1564 969 1666 1040 ﬁde
1701 963 2012 1038 impossibile

428 1091 497 1135 est
526 1078 744 1152 placere.
777 1075 883 1133 Sed
910 1076 982 1131 ita
1005 1073 1095 1130 hic
1118 1073 1404 1136 immorer,
1436 1065 1587 1138 quasi
1633 1063 1761 1119 istas
1789 1060 2008 1117 arbores

429 1190 534 1230 non
577 1174 686 1245 jam
735 1180 791 1227 tn
823 1171 941 1242 ipse
977 1166 1184 1224 steriles
1230 1159 1680 1236 pronuntiaveris.
1729 1154 2009 1226 Quomodo

430 1265 604 1336 igitur,
635 1265 855 1320 obsecro
878 1302 893 1329 ,
922 1263 1027 1315 non
1064 1265 1155 1313 aut
1179 1256 1380 1328 iocaris
1419 1254 1473 1308 in
1512 1251 1597 1307 his
1630 1246 2006 1320 disputationi-

430 1356 548 1423 bus,
578 1366 666 1411 aut
687 1354 882 1411 deliras
905 1393 920 1419 ,
950 1350 1038 1421 qui
1068 1348 1326 1405 Sterilium
1369 1345 1573 1400 fructus
1610 1341 1863 1397 arborum
1890 1337 2008 1392 lau-

431 1449 565 1503 dus?
589 1448 688 1516 Qui
716 1446 897 1516 utique
919 1450 1012 1498 aut
1036 1440 1162 1496 nulli
1191 1448 1333 1503 sunt,
1361 1444 1452 1492 aut
1480 1436 1527 1491 si
1552 1432 1679 1490 mali
1704 1437 1865 1497 sunt,
1897 1428 2011 1484 lau-

432 1540 594 1596 dandi
639 1554 743 1594 non
788 1544 912 1593 sunt
940 1554 953 1590 :
980 1540 1070 1590 aut
1094 1534 1139 1589 si
1166 1530 1370 1588 fructus
1413 1529 1539 1585 boni
1584 1533 1738 1592 sunt,
1771 1520 2010 1596 profecto

427 1633 637 1689 steriles
658 1631 877 1687 arbores
898 1644 1001 1684 non
1030 1635 1174 1693 sunt,
1203 1627 1309 1681 imo
1334 1632 1388 1680 et
1426 1623 1580 1679 bonae
1612 1628 1757 1687 sunt,
1783 1630 2008 1690 quarum

431 1726 631 1781 'ructus
672 1723 797 1778 boni
834 1728 990 1789 sunt,
1023 1728 1076 1776 et
1100 1719 1297 1776 debent
1328 1717 1437 1773 Deo
1465 1714 1705 1787 placere,
1740 1711 1829 1768 cui
1854 1712 2010 1767 home

426 1819 648 1873 arbores
696 1832 801 1872 non
851 1818 1075 1886 possunt
1126 1812 1227 1868 nisi
1272 1810 1513 1883 placere,
1562 1806 1863 1875 falsumque
1910 1803 2011 1859 erit

427 1908 568 1981 quod
598 1908 853 1979 scriptum
878 1912 979 1974 est,
1010 1904 1135 1961 Sine
1164 1903 1264 1974 ﬁde
1286 1897 1596 1972 impossibile
1620 1906 1689 1952 est
1720 1895 1934 1967 placere.

499 2001 587 2056 55.
616 1998 724 2056 Sed
751 2008 1099 2068 responsurus
1125 2009 1182 2050 es
1201 2036 1216 2061 ,
1244 1988 1370 2065 quid
1390 2034 1404 2060 ,
1437 1990 1539 2047 nisi
1566 1988 1738 2044 vana?
1772 2000 1791 2040 t
1817 1987 1950 2058 Ego,
1985 2003 2005 2037 ι

429 2091 623 2161 inquis,
656 2088 976 2147 «steriliter‘
998 2087 1165 2143 bonos
1184 2084 1299 2141 dixi
1327 2082 1593 2148 homines,
1627 2079 1718 2151 qui
1744 2092 1849 2134 non
1882 2086 2010 2148 pro-

427 2193 547 2256 pter
566 2184 731 2239 Deum
768 2179 1011 2236 faciendo
1046 2178 1184 2234 bona
1205 2191 1323 2247 quae
1364 2174 1580 2240 faciunt,
1605 2187 1711 2227 non
1739 2171 1808 2226 ab
1842 2176 1909 2225 eo
1933 2168 2013 2222 vi-

429 2285 537 2332 tam
582 2281 979 2344 consequuntur
1024 2278 1300 2325 aeternam.
1338 2288 1357 2321 ι
1384 2266 1569 2322 Justus
1602 2272 1733 2335 ergo
1773 2262 1913 2317 Deus
1958 2268 2013 2315 et

427 2367 600 2423 bonus
626 2366 795 2421 bonos
818 2365 900 2420 est
925 2363 981 2418 in
1009 2367 1234 2417 mortem
1266 2359 1524 2415 missurus
1545 2352 1833 2412 mternam?
1861 2353 2012 2426 Piget

423 2457 535 2530 jam
578 2457 757 2513 dicere
797 2470 957 2527 quam
1005 2453 1169 2508 multa
1220 2460 1270 2507 te
1315 2457 1605 2521 sequantur
1632 2448 1854 2511 insana,
1886 2443 2010 2500 talia

426 2552 745 2609 sentientem
768 2592 783 2618 ,
812 2548 937 2605 talia
964 2546 1229 2604 dicentem
1250 2587 1263 2608 ,
1297 2543 1420 2599 talia
1460 2541 1782 2598 scribentem
1808 2582 1824 2607 ,
1852 2539 1905 2593 in
1933 2542 2013 2593 ta-

426 2642 566 2699 libus
592 2657 678 2697 me
716 2640 858 2712 quod
897 2638 1142 2694 similiter
1178 2650 1285 2691 non
1309 2635 1568 2705 desipiam
1593 2632 1737 2687 velut
1767 2629 2011 2686 censorio

429 2732 927 2805 reprehendentem.
951 2726 1058 2786 Sed
1080 2727 1311 2784 breviter
1330 2726 1530 2796 accipe,
1555 2740 1623 2780 ne
1647 2721 1785 2779 forte
1810 2736 1931 2777 cum
1958 2721 2012 2776 in

426 2827 590 2883 rebus
625 2826 754 2895 ipsis
790 2833 997 2878 tantum
1038 2835 1190 2878 erres
1231 2827 1487 2890 quantum
1517 2817 1684 2871 errari
1725 2814 2012 2886 plurimum

431 2926 623 2988 potest,
647 2916 827 2971 videar
863 2924 1035 2970 tecum
1081 2918 1287 2968 certare
1313 2909 1380 2966 de
1402 2908 1599 2964 verbis.
1640 2907 1747 2961 Aut
1771 2920 1898 2977 ergo
1925 2904 2010 2959 in-

428 3009 605 3080 tellige
630 3008 772 3080 quod
799 3008 874 3062 ait
904 3005 1159 3062 Dominus
1178 3047 1193 3073 ,
1225 3001 1286 3059 Si
1307 3001 1485 3057 oculus
1514 3010 1631 3055 tuus
1662 3014 1873 3072 nequam
1900 3007 1972 3054 est
1990 3037 2007 3065 ,

430 3109 584 3156 totum
612 3116 796 3169 corpus
836 3108 976 3153 tuum
1015 3095 1328 3152 tenebrosum
1362 3094 1495 3158 erit;
1525 3092 1572 3147 si
1618 3098 1785 3144 autem
1836 3088 2012 3144 oculus

430 3202 544 3249 tuus
598 3193 816 3263 simplex
874 3196 972 3258 cst,
1022 3196 1181 3244 totum
1226 3196 1410 3257 corpus
1457 3193 1598 3239 tuum
1647 3181 1871 3239 lucidum
1920 3182 2013 3236 erit

430 3281 640 3355 (Matth.
671 3297 744 3347 vt,
769 3282 860 3349 23,
888 3279 993 3350 22)
1033 3296 1046 3334 :
1078 3287 1132 3335 et
1162 3277 1304 3333 hunc
1323 3276 1537 3332 oculum
1573 3288 1802 3345 agnosce
1838 3272 2012 3327 inten-

431 3377 659 3442 tionem,
705 3384 810 3446 qua
849 3368 971 3430 facit
1012 3374 1234 3444 quisque
1276 3370 1418 3441 quod
1453 3368 1613 3434 facit;
1668 3376 1721 3423 et
1766 3382 1859 3438 per
1908 3365 2012 3423 hoc

428 3468 577 3525 disce
604 3483 748 3533 eum,
777 3466 866 3537 qui
892 3482 996 3523 non
1031 3464 1157 3520 facit
1183 3474 1346 3534 opera
1378 3463 1517 3517 bona
1562 3461 1856 3516 intentione
1888 3458 2010 3515 fidei

427 3558 603 3625 bona,
632 3558 733 3615 hoc
757 3565 839 3613 est
858 3598 874 3625 ,
903 3556 1019 3626 eius
1054 3571 1175 3626 quae
1219 3560 1317 3625 per
1350 3550 1692 3608 dilectionem
1720 3559 1971 3621 operatur
1992 3592 2008 3618 ,

432 3662 599 3707 totum
624 3651 772 3722 quasi
801 3658 1014 3720 corpus,
1045 3647 1186 3719 quod
1211 3646 1318 3702 illis
1337 3687 1353 3715 ,
1384 3644 1529 3701 velat
1564 3643 1817 3700 membris
1836 3686 1852 3713 ,
1879 3658 2011 3715 ope-

429 3745 575 3799 ribus
603 3750 829 3808 constat,
864 3740 1201 3797 tenebrosum
1241 3752 1396 3804 esse,
1429 3737 1529 3794 hoc
1555 3745 1657 3805 est,
1687 3734 1902 3808 plenum
1926 3737 2011 3790 ni-

428 3836 645 3908 gredine
681 3843 1037 3905 peccatorum.
1078 3833 1181 3888 Aut
1205 3839 1351 3888 certe
1388 3832 1640 3903 quoniam
1669 3830 1856 3885 saltem
1883 3843 2013 3884 con-

429 3927 572 3982 cedis
592 3940 750 3995 Opera
780 3926 1089 3992 infidelium,
1114 3941 1232 3996 qua:
1262 3925 1353 3979 tibi
1376 3938 1561 3980 eorum
1581 3922 1825 3977 videntur
1849 3921 2007 3988 bona,

430 4035 534 4072 non
568 4027 745 4073 tamen
774 4031 868 4072 eos
894 4016 960 4071 ad
996 4016 1223 4074 salutem
1262 4015 1641 4084 sempiternam
1685 4024 2012 4083 regnumque

429 4111 917 4183 perducere;scito
950 4124 1048 4163 nos
1074 4107 1200 4163 illud
1242 4107 1438 4161 bonum
1477 4105 1751 4160 hominum
1792 4104 1970 4159 dicere
1993 4146 2008 4171 ,

428 4206 575 4261 illam
598 4202 923 4261 voluntatem
963 4204 1177 4269 bonam,
1207 4202 1335 4257 illud
1362 4216 1495 4270 opus
1522 4199 1718 4254 bonum
1738 4240 1751 4264 ,
1778 4199 1893 4253 sine
1920 4197 2013 4253 Dei

429 4299 595 4370 gratia
625 4312 741 4371 quae
772 4297 930 4353 datur
958 4312 1053 4367 per
1078 4308 1240 4350 unum
1270 4290 1617 4349 Mediatorem
1645 4288 1735 4346 Dei
1764 4299 1817 4345 et
1841 4289 2012 4344 homi-

428 4404 577 4453 num,
599 4389 796 4444 nemini
838 4400 994 4457 posse
1025 4384 1284 4452 conferri;
1313 4398 1412 4456 per
1445 4382 1591 4454 quod
1628 4382 1801 4437 solum
1848 4380 2012 4437 homo

430 4488 605 4551 potest
649 4480 715 4535 ad
758 4488 1014 4535 aeternum
1046 4474 1139 4533 Dei
1167 4476 1365 4533 donum
1396 4487 1725 4546 regnumque
1768 4473 2009 4543 perduci.

429 4572 616 4629 Omnia
655 4568 874 4643 proinde
920 4574 1111 4628 caetera
1150 4585 1268 4642 qua:
1311 4568 1556 4624 videntur
1597 4568 1736 4621 inter
1765 4565 2013 4621 homines

434 4663 632 4719 habere
667 4663 866 4734 aliquid
902 4663 1071 4719 laudis
1096 4706 1109 4731 ,
1139 4661 1416 4718 videantur
1462 4659 1557 4715 tibi
1593 4658 1816 4713 virtutes
1845 4673 2009 4726 verae,

432 4754 717 4811 videantur
763 4764 922 4825 opera
956 4755 1123 4821 bona,
1171 4764 1225 4810 et
1266 4756 1382 4811 sine
1429 4752 1535 4807 ullo
1585 4746 1721 4805 facta
1768 4758 2009 4820 peccato.

429 4847 583 4916 Quod
611 4848 677 4904 ad
716 4865 802 4905 me
840 4849 1130 4918 pertinet”,
1154 4848 1254 4903 hoc
1298 4848 1443 4915 scio,
1475 4847 1596 4917 quia
1640 4864 1749 4903 non
1778 4862 1840 4903 ea
1888 4846 2015 4901 facit

433 4938 681 4995 voluntas
701 4939 840 4994 bona
871 4957 883 4993 :
914 4938 1156 4994 voluntas
1186 4939 1379 5008 quippe
1407 4938 1636 4994 infidelis
1662 4947 1821 5010 atque
1848 4939 2011 5009 impia

429 5044 539 5087 non
562 5040 646 5087 est
685 5032 844 5087 bona.
879 5032 1131 5086 Dicuntur
1178 5029 1467 5085 secundum
1498 5038 1547 5085 te
1587 5029 1888 5099 huiusmodi
1913 5044 2009 5084 vo-

429 5123 662 5180 luntates
681 5124 896 5180 arbores
919 5122 1093 5182 bonae,
1115 5116 1310 5176 sufﬁcit
1330 5121 1477 5190 quod
1495 5120 1632 5190 apud
1661 5120 1825 5175 Deum
1856 5121 2013 5176 steri-

431 5214 510 5273 les
534 5224 686 5283 suut,
713 5230 778 5272 ac
803 5231 897 5286 per
938 5214 1041 5269 hoc
1086 5229 1189 5267 non
1220 5213 1375 5268 bonre
1400 5230 1413 5266 :
1437 5212 1544 5267 sint
1584 5213 1720 5269 inter
1770 5212 2013 5269 homines

434 5307 718 5365 fructuosae
742 5349 757 5374 ,
782 5308 925 5363 inter
960 5318 1095 5378 quos
1120 5312 1244 5361 sunt
1280 5313 1334 5359 et
1360 5303 1545 5368 honre,
1576 5312 1626 5359 te
1667 5312 1885 5359 auctore
1909 5346 1923 5369 ,
1960 5313 2013 5361 te

432 5401 703 5455 laudatore
726 5441 741 5467 ,
769 5399 813 5454 si
842 5400 921 5454 vis
949 5399 1109 5454 etiam
1142 5397 1438 5467 plantatore
1462 5411 1477 5463 ;
1505 5396 1629 5451 dum
1673 5407 1849 5451 tamen
1880 5394 2011 5451 illud

430 5493 562 5546 velis
586 5491 722 5545 nolis
749 5489 1036 5550 obtineam.
1065 5487 1218 5559 quod
1240 5502 1391 5542 amor
1424 5487 1627 5553 mundi,
1655 5500 1763 5558 quo
1787 5487 2012 5558 quisque

436 5583 639 5638 amicus
662 5590 748 5637 est
791 5581 946 5652 hujus
990 5579 1207 5648 mundi,
1240 5595 1347 5636 non
1386 5586 1467 5635 est
1504 5595 1534 5634 a
1574 5579 1727 5647 Deo;
1754 5594 2012 5651 amorque

434 5669 638 5728 fruendi
667 5673 1090 5745 quibuscumque
1108 5672 1364 5729 creaturis
1382 5671 1497 5727 sine
1516 5686 1698 5728 amore
1719 5671 2009 5741 Creatoris,

495 5782 512 5843 ξ
546 5777 677 5843 Idem
702 5790 799 5843 “3.,
822 5783 1022 5836 steriles.

493 5841 513 5874 ²
545 5841 843 5896 submittet
870 5846 1222 5911 ναῦωιιια..
1255 5842 1381 5911 Quid
1412 5843 1480 5899 ad
1507 5857 1584 5901 me
1615 5846 1834 5911 pertinet.

1182 395 1452 456 CONTRA
1493 382 1835 451 JULIANUM
1873 382 2337 457 PELAGIANUM,
2379 390 2438 447 S.
2478 390 2843 450 AUGUSTINI

3590 396 3700 460 756

2116 517 2224 558 non
2267 513 2350 560 eSt
2383 514 2413 560 a
2439 500 2551 562 Deo
2584 524 2598 560 :
2627 518 2779 562 amor
2815 512 2993 563 autem
3018 500 3113 564 Dei
3139 516 3244 578 quo
3281 509 3590 580 pervenitur
3627 513 3697 571 ad

2116 593 2307 665 Deum,
2339 612 2445 655 non
2472 608 2553 655 est
2589 599 2689 655 nisi
2718 616 2749 655 a
2794 599 2907 655 Deo
2926 600 3082 657 Patre
3105 614 3200 672 per
3216 599 3403 658 Iesum
3424 602 3696 662 Christum

2113 700 2232 746 cum
2253 686 2454 763 Spiritu
2474 692 2677 750 sancto.
2707 693 2810 751 Per
2834 692 2976 751 hunc
2990 706 3229 753 amorem
3250 690 3540 765 Creatoris,
3558 700 3699 758 bene

2114 796 2337 855 qtllsqtle
2359 786 2524 841 utitur
2550 787 2711 843 etiam’
2740 788 3020 845 creaturis.
3051 782 3181 846 Sine
3209 790 3310 848 hoc
3330 807 3516 849 amore
3535 794 3699 855 Crea-

2115 875 2261 941 toris,
2297 872 2453 933 nullis
2480 883 2758 950 quisquam
2782 878 2919 937 bene
2946 882 3112 937 utitur
3134 884 3412 941 creaturis.
3436 885 3550 942 Hoc
3570 902 3696 959 ergo

2113 980 2294 1023 amore
2327 980 2459 1040 opus
2479 980 2561 1027 est
2596 980 2652 1027 ut
2693 975 2893 1028 b‘onum
2923 972 3224 1030 be‘atiiicum
3251 977 3321 1031 sit
3345 984 3400 1032 et
3440 978 3693 1048 pudicitia

2114 1058 2433 1131 coniugalis,
2480 1068 2538 1118 ut
2563 1064 2633 1120 sit
2670 1060 2787 1134 ejus
2817 1065 3041 1121 intentio
3075 1067 3287 1137 quando
3317 1070 3481 1124 utitur
3508 1071 3697 1140 conju-

2114 1151 2193 1222 gis
2222 1166 2401 1221 carne,
2430 1169 2536 1210 non
2564 1155 2617 1210 in
2640 1157 2913 1226 Voluptate
2938 1150 3193 1226 libidinis,
3217 1158 3316 1215 sed
3343 1160 3397 1214 in
3421 1160 3697 1217 voluntate

2114 1246 2449 1317 propaginis;
2482 1247 2528 1304 si
2552 1252 2727 1304 autem
2762 1248 2965 1317 vicerit,
2993 1258 3048 1305 et
3071 1259 3288 1322 propter
3306 1265 3367 1308 se
3398 1252 3568 1324 ipsam
3590 1270 3699 1309 non

2115 1344 2334 1407 propter
2379 1330 2515 1394 ﬁlios
2569 1341 2942 1411 propagan‘dos
2986 1338 3100 1397 ﬁeri
3157 1338 3358 1414 aliquid
3412 1344 3701 1399 extorserit

2114 1436 2170 1482 et
2212 1428 2455 1499 voluptas
2480 1431 2522 1498 ‘,
2552 1428 2761 1487 veniale
2806 1438 3086 1503 peccatum
3114 1434 3185 1490 sit
3225 1444 3445 1507 propter
3483 1434 3701 1506 nuptias

2114 1516 2448 1576 Christianas.

2185 1606 2413 1668 CAPUT
2441 1610 2530 1669 IV.
2560 1645 2628 1655 —
2651 1613 2739 1670 54.
2768 1613 2884 1671 Non
2912 1608 3091 1673 autem
3116 1616 3265 1688 dixi,
3288 1616 3429 1691 quod
3458 1619 3702 1690 interpo-

2115 1702 2231 1758 sitis
2259 1702 2376 1758 aliis
2395 1716 2461 1759 ex
2484 1705 2619 1760 libro
2640 1712 2760 1761 meo
2780 1706 2957 1762 verbis
2988 1722 3073 1764 me
3101 1704 3304 1766 dixisse
3328 1706 3544 1777 dixisti,
3572 1711 3702 1768 Ideo

2116 1794 2251 1865 ﬁlios
2275 1810 2380 1850 esse
2404 1794 2497 1850 sub
2521 1792 2714 1852 diaboli
2741 1806 3003 1869 potestate,
3030 1800 3148 1870 quia
3167 1799 3231 1855 de
3264 1816 3531 1873 corporum
3557 1820 3703 1858 com-

2114 1888 2355 1942 mixtione
2396 1894 2691 1943 nascuntur.
2741 1890 2900 1945 Aliud
2928 1902 3011 1947 est
3055 1892 3198 1948 enim
3228 1891 3435 1963 dicere,
3477 1896 3565 1964 qui
3590 1897 3613 1928 ³
3637 1895 3705 1951 de

2115 1990 2381 2052 corporum
2405 1981 2756 2038 commixtione
2778 1995 3055 2041 nascuntur
3081 2003 3101 2041 :
3120 1986 3262 2042 aliud
3283 2028 3300 2054 ,
3344 1986 3464 2059 quia
3488 1996 3552 2045 de
3587 2005 3706 2044 cor-

2117 2088 2297 2149 pOrum
2324 2082 2674 2136 commixtione
2718 2089 3014 2137 nascuntur.
3063 2081 3181 2140 Non
3207 2090 3385 2161 autem
3426 2082 3501 2139 ibi
3539 2098 3706 2142 causa

2116 2172 2240 2227 mali
2267 2172 2368 2240 est,
2410 2174 2530 2251 quia
2558 2172 2625 2230 de
2651 2188 2934 2246 corporum
2961 2176 3339 2232 cummixtione
3364 2186 3657 2233 nascuntur
3685 2195 3701 2235 :

2115 2280 2287 2338 neque
2315 2267 2457 2323 enim
2481 2267 2689 2324 etiamsi
2720 2275 2903 2324 natura
2933 2268 3164 2324 humana
3207 2269 3499 2340 primorum
3529 2270 3706 2326 homi-

2116 2372 2241 2414 num
2281 2366 2499 2431 peccato
2534 2361 2713 2416 vitiata
2740 2362 2847 2416 nOn
2871 2368 3048 2428 esset,
3094 2369 3313 2432 possent
3341 2361 3435 2417 lilii
3484 2361 3585 2417 nisi
3633 2361 3706 2418 de

2116 2454 2397 2521 corporum
2414 2450 2791 2508 commixtione
2809 2452 3071 2524 generari.
3083 2451 3187 2508 Sed
3205 2451 3323 2508 ideo
3339 2452 3437 2508 sub
3451 2450 3668 2508 diabolo
3681 2455 3705 2484 ‘

2116 2552 2265 2611 sunt,
2313 2534 2403 2616 qui
2446 2543 2514 2601 de
2544 2552 2829 2616 corporum
2851 2545 3232 2601 commixtione
3257 2550 3548 2601 nascuntur
3567 2587 3581 2612 ,
3604 2560 3708 2609 ,διι-

2117 2632 2325 2706 tequam
2350 2650 2445 2706 per
2467 2635 2710 2707 spiritum
2737 2644 3115 2703 renascantur;
3146 2636 3270 2707 quia
3297 2651 3395 2707 per
3436 2637 3578 2690 illam
3610 2651 3708 2692 na-

2116 2734 2338 2784 scuntur
2358 2726 2858 2798 concttpiscenti‘am,
2888 2738 2990 2800 qua
3017 2742 3143 2784 caro
3163 2727 3485 2798 concupiscit
3509 2726 3708 2783 adver-

2116 2828 2208 2876 sus
2236 2816 2501 2891 Spiritum,
2531 2820 2587 2876 et
2611 2820 2891 2876 adversum
2919 2835 2978 2876 se
3023 2821 3165 2891 cogit
3191 2820 3568 2891 concupiscere
3594 2820 3709 2890 spi-

2117 2916 2275 2971 ritum
2322 2913 2518 2987 (Galat.
2541 2926 2598 2981 v,
2628 2913 2742 2986 l7).
2770 2914 2899 2983 Qum
2944 2929 3115 2985 pugna
3150 2913 3273 2968 boui
3301 2921 3356 2969 et
3394 2911 3519 2968 mali
3557 2913 3709 2971 nulla

2116 3012 2293 3074 esset,
2333 3005 2377 3062 si
2406 3014 2564 3062 nemo
2592 3012 2881 3076 peccasset.
2928 3004 3079 3061 Sicut
3103 3014 3281 3060 autem
3325 3014 3448 3060 ante
3472 3003 3711 3061 homini!

2114 3096 2450 3168 iniquitatem
2489 3096 2631 3151 nulla
2668 3094 2785 3152 erat
2807 3136 2821 3162 ,
2860 3093 2932 3150 ita
2978 3102 3099 3166 post
3126 3093 3485 3152 infirmitatem
3514 3093 3536 3127 ‘
3558 3094 3709 3152 nulla

2115 3190 2236 3245 erit.

2184 3272 2412 3337 CAPUT
2440 3276 2503 3334 V.
2532 3308 2606 3320 --
2627 3271 2716 3336 35.
2743 3272 2848 3335 Sed
2876 3277 2979 3333 alia
3019 3291 3204 3334 rursus
3232 3292 3350 3334 mea
3375 3278 3532 3334 verba
3578 3292 3707 3348 pro-

2114 3372 2271 3445 ponis
2290 3415 2304 3438 ,
2336 3376 2390 3427 et
2415 3371 2779 3442 copiosissime
2819 3368 3058 3440 disputas
3089 3387 3103 3424 :
3137 3370 3387 3435 Quoniam
3409 3386 3471 3424 ex
3494 3370 3709 3440 impari-

2115 3465 2206 3518 bus
2231 3463 2374 3518 bonis
2393 3462 2656 3533 campositi
2682 3478 2856 3516 sumus
2877 3504 2890 3527 ,
2919 3462 3147 3516 animum
3172 3463 3375 3532 corpori
3399 3461 3575 3516 debere
3609 3460 3709 3517 do—

2115 3557 2300 3612 minari
2326 3573 2345 3612 :
2365 3564 2578 3627 quorum
2607 3557 2823 3610 alterum
2849 3555 2991 3610 nobis
3027 3572 3142 3610 cum
3178 3554 3276 3610 diis
3298 3597 3313 3620 ,
3344 3553 3559 3610 alterum
3587 3571 3710 3611 cum

2117 3648 2296 3704 belluis
2324 3662 2683 3703 connuemoras
2710 3663 2817 3703 esse
2835 3663 3117 3702 commune.
3150 3645 3219 3702 Et
3255 3646 3367 3702 ideo
3394 3647 3449 3701 id
3472 3646 3607 3719 quod
3631 3653 3712 3703 est

2115 3740 2292 3795 melius
2310 3782 2326 3809 ,
2356 3741 2412 3793 id
2428 3748 2524 3807 est,
2548 3740 2774 3793 animum
2802 3739 2984 3793 uirtute
3007 3738 3275 3803 praeditum
3303 3739 3436 3794 dicis
3462 3747 3511 3793 et
3547 3754 3712 3793 mem.

2116 3832 2218 3886 bris
2238 3832 2459 3902 corporis
2480 3832 2602 3886 bene
2620 3840 2665 3886 et
2693 3831 3051 3903 cupiditatibus
3070 3849 3316 3904 mtperare
3336 3832 3430 3904 (α).
3448 3831 3557 3888 Nec
3576 3847 3683 3889 con
3697 3862 3712 3877 -

2116 3923 2320 3979 sideras
2347 3923 2488 3995 quod
2509 3924 2885 3995 cupiditatibus
2908 3940 3013 3980 non
3040 3925 3119 3982 sic
3144 3926 3434 3995 imperatur
3459 3935 3516 3981 ut
3543 3942 3704 3981 mem-

2117 4014 2246 4070 bris.
2271 4014 2600 4085 Cupiditates
2628 4014 2770 4071 enim
2804 4016 2957 4071 mala:
2990 4024 3142 4081 sunt,
3174 4031 3307 4086 quas
3349 4018 3555 4072 ratione
3592 4015 3707 4073 frc~

2117 4112 2334 4174 namus,
2364 4110 2549 4164 contra
2589 4123 2720 4179 quas
2745 4116 2922 4163 mente
2948 4124 3244 4180 pugnamus
3274 4129 3287 4164 :
3311 4113 3548 4167 membra
3576 4128 3712 4170 vero

2116 4200 2255 4257 bOna
2277 4209 2421 4266 sunt,
2453 4215 2571 4271 quae
2599 4200 2886 4256 voluntatis
2907 4214 3181 4256 movemus
3202 4201 3440 4269 arbitrio,
3468 4205 3709 4274 exceptis

2116 4291 2436 4362 genitalibus
2455 4333 2469 4357 ,
2511 4292 2750 4361 quamvis
2777 4298 2831 4347 et
2857 4292 2967 4363 ipsa
2999 4307 3065 4348 ex
3104 4288 3199 4348 Dei
3226 4308 3385 4363 opere
3410 4294 3546 4350 bona
3574 4297 3707 4352 sint.

2116 4382 2245 4451 Quae
2275 4381 2394 4437 ideo
2424 4381 2670 4452 pudenda
2696 4380 2962 4449 dicuntur,
2988 4383 3109 4454 quia
3149 4384 3269 4454 plus
3298 4385 3351 4439 in
3381 4386 3457 4440 eis
3478 4400 3709 4442 moven-

2117 4471 2200 4528 dis
2231 4473 2512 4544 potestatis
2532 4474 2690 4529 habet
2727 4468 2914 4542 libido,
2942 4489 3105 4545 quam
3129 4476 3266 4532 ratio
3296 4494 3310 4531 :
3337 4492 3455 4548 qua:
3484 4486 3662 4534 tamen
3680 4480 3712 4533 γ’

2119 4580 2225 4622 non
2252 4560 2474 4621 sinimus
2495 4575 2803 4637 perpetrare
2830 4582 2936 4638 quo
2966 4570 3217 4637 provocat
3244 4568 3358 4641 ipsa
3380 4572 3669 4628 commotio
3689 4613 3711 4641 ,

2118 4664 2238 4713 cum
2269 4658 2506 4713 membra
2527 4665 2720 4714 caetera
2749 4657 2887 4713 facili
2913 4669 3184 4715 teneamus
3209 4661 3453 4731 imperio.
3480 4663 3711 4731 Quando

2117 4758 2293 4807 autem
2317 4751 2454 4806 male
2481 4752 2645 4806 otitur
2663 4749 2826 4807 homo
2852 4750 3106 4809 membris
3134 4755 3287 4809 bonis
3304 4796 3319 4821 ,
3357 4756 3456 4810 nisi
3492 4757 3714 4827 quando

2117 4844 2382 4899 consentit
2403 4843 2482 4899 eis
2506 4856 2624 4913 quae
2649 4841 2702 4897 in
2734 4843 2887 4898 nobis
2914 4840 3153 4899 habitant
3180 4843 3555 4916 cupiditatibus
3593 4861 3714 4902 ma-

2115 4932 2217 4989 lis?
2241 4934 2298 4989 in
2338 4934 2530 5004 quibus
2560 4928 2723 4988 libido
2751 4942 2863 5005 pra:
2887 4934 3093 4990 caeteris
3123 4932 3291 5004 turpis
3330 4944 3442 5003 est,
3470 4936 3554 4991 cui
3603 4937 3713 4993 nisi

2118 5026 2428 5093 resistatur,
2470 5020 2737 5080 horrenda
2764 5020 3033 5080 immunda
3078 5026 3385 5081 committit.
3416 5024 3532 5095 Quo
3559 5027 3713 5083 malo

2118 5116 2256 5173 bene
2303 5129 2410 5171 non
2451 5114 2648 5182 utitur,
2685 5114 2788 5172 nisi
2828 5115 2940 5172 sola
2964 5115 3211 5187 pudicitia
3236 5114 3550 5190 conjugalis.
3578 5118 3714 5176 Haec

2117 5219 2294 5266 autem
2319 5206 2483 5273 libido
2511 5207 2634 5265 ideo
2658 5209 2855 5264 malum
2883 5222 2990 5263 non
3010 5214 3093 5264 est
3116 5208 3169 5263 in
3199 5208 3390 5266 belluis
3410 5251 3426 5277 ,
3447 5210 3708 5281 quoniam

2181 5414 2200 5446 ί
2236 5423 2333 5462 Am.
2361 5418 2414 5463 et
2428 5417 2525 5472 En,
2547 5410 2775 5463 voltattas.

2181 5476 2203 5548 ἶ
2226 5472 2758 5548 Ξίαὲθειίιὲιίαξιῖρθπάν,
2772 5474 3209 5548 3?.

2318 5535 2664 5662 ﬁniuit???
2674 5534 3299 5660 ﬁmlbﬁﬁgfdsu
3326 5599 3560 5662 scriptum
3583 5605 3664 5651 est
3690 5611 3711 5652 :

2124 5676 2148 5708 ι
2168 5659 2310 5721 Alias,
2332 5659 2600 5711 sortitam
2625 5673 2651 5705 ι
2734 5659 2744 5660 “
3426 5659 3440 5662 ’

2178 5724 2200 5756 ⁵
2231 5723 2526 5789 ιιυιιξιτειιιθ
2545 5720 3181 5789 Ρὲοτίφεθυείξίιμρυεπίριί
3193 5722 3713 5789 mutantem.

2118 5797 2232 5836 esse
2255 5784 2332 5834 hic
2348 5781 2479 5847 torte
2501 5783 2789 5847 addendum,
2811 5781 3025 5847 difﬁcile.

2182 5847 2255 5910 (ιι)
2286 5846 2535 5900 Sallustius
2574 5847 2627 5897 in
2663 5845 2865 5910 prologo
2881 5845 3114 5898 Cautius.
