4142 6482
364 500 467 544 non
484 472 753 553 repugnat
778 467 990 555 rationi,
1012 489 1115 547 qua
1136 458 1470 531 ωλι-θυιξουὲ
1493 460 1672 525 autem
1695 481 1801 522 non
1814 458 1944 521 cre-

363 578 504 646 ditis,
528 566 834 650 hominibus
854 552 913 627 in
937 568 1182 642 paradiso
1202 565 1504 624 constitutis
1529 570 1652 650 ante
1671 552 1949 633 peccatum

363 670 616 729 divinitus
645 647 883 739 potuisse
923 656 1182 727 concedi,
1216 668 1272 715 ut
1296 647 1582 729 ‘tranquilla
1623 654 1858 710 motione
1900 658 1955 706 et

363 760 738 835 conjunctione
781 759 862 814 vel
887 753 1263 824 commixtione
1292 752 1655 808 membrorum
1696 746 1812 802 sine
1847 743 1956 799 ulla

364 838 586 911 libidine
613 852 753 907 [ilios
792 842 1175 920 ‘procrearent;
1203 838 1296 899 aut
1338 843 1390 897 in
1437 840 1517 897 eis
1558 840 1745 895 saltem
1791 835 1955 891 libido

365 949 485 1004 talis
505 956 670 1013 esset,
706 920 859 1014 cujus
886 930 1060 997 m‘o‘tus
1085 954 1185 1014 nec
1222 935 1568 1009 prmcederet,
1597 946 1696 988 nec
1718 926 1955 986 excede-

363 1050 452 1099 ret
486 1012 853 1095 voluntatem?
892 1036 972 1090 An
1000 1030 1149 1089 vobis
1172 1012 1339 1086 libido
1366 1020 1557 1101 parum
1587 1034 1669 1083 est
1695 1024 1817 1096 quia
1842 1022 1960 1092 pla-

360 1122 486 1201 Jcet,
533 1133 637 1187 nisi
676 1120 729 1187 et
772 1125 890 1203 talis
924 1112 1165 1199 placeat,
1192 1122 1312 1195 qua:
1338 1120 1583 1177 nolentes
1613 1114 1774 1175 etiam
1801 1110 1960 1186 repu-

360 1233 701 1298 gnantesque
721 1202 1004 1277 sellicitet?
1035 1219 1113 1273 De
1138 1233 1239 1288 qua
1264 1202 1537 1284 Pelagiani
1567 1209 1779 1281 quidem
1801 1207 1961 1263 etiam

362 1294 552 1373 ditibus
578 1294 902 1390 gloriantur,
932 1312 1179 1390 tanquam
1199 1309 1267 1365 de
1300 1296 1477 1377 aliquo
1502 1304 1686 1390 bono»:
1720 1299 1814 1358 sed
1845 1313 1963 1355 eam

364 1411 545 1467 :sancti
586 1386 874 1481 gemitibus
904 1386 1262 1481 conﬁtentur,
1317 1406 1374 1455 ut
1412 1388 1705 1481 liberentur
1741 1408 1773 1448 a
1800 1391 1963 1481 malo.

446 1476 674 1559 CAPUT
816 1529 887 1539 —
904 1478 1005 1553 Tiiii.
1031 1476 1268 1551 Ridenda
1293 1480 1642 1547 con'trr'irietate
1660 1478 1746 1540 ’τηε
1781 1476 1968 1538 dixisse

365 1590 750 1659 calumniaris,
783 1576 911 1645 alios
931 1582 1045 1643 reos
1085 1603 1146 1642 ea:
1171 1585 1299 1640 bono
1318 1624 1332 1650 ,
1361 1582 1488 1635 alios
1517 1568 1716 1633 sanctos
1745 1592 1807 1630 ex
1832 1574 1967 1630 malo

379 1703 529 1757 apere
550 1701 570 1740 :
602 1674 851 1755 quoniam
892 1674 1035 1749 dixi,
1062 1672 1360 1752 nuptiarum
1381 1670 1569 1729 bonum
1599 1664 1821 1727 homines
1846 1666 1968 1739 inﬁ-

382 1760 515 1836 deles
540 1778 816 1849 inﬁdeliter
840 1766 1026 1831 utendo
1047 1817 1061 1841 ,
1092 1772 1146 1828 in
1171 1770 1360 1828 malum
1384 1768 1741 1841 peccatumque
1765 1770 1972 1819 Conver-

384 1883 514 1939 tere;
540 1888 699 1942 eoque
723 1869 872 1924 modo
909 1856 1326 1942 concupiscentiis
1366 1861 1557 1915 malum
1581 1864 1865 1912 convertere
1903 1855 1972 1925 ﬁ-

384 1965 571 2018 delium
598 1940 801 2033 nuptias
836 1960 891 2015 in
917 1975 1062 2014 usum
1091 1940 1311 2028 jusliliw
1340 1953 1439 2026 (De
1469 1949 1677 2029 Nuptiis
1716 1956 1762 2003 et
1788 1964 1974 2002 concu-

385 2055 652 2128 piscentia,
681 2038 766 2111 lib.
797 2056 847 2121 1,
879 2071 949 2127 n._
1070 2036 1148 2107 Ac
1168 2066 1263 2122 per
1286 2036 1390 2103 hoc
1421 2048 1525 2100 non
1546 2036 1678 2109 dixi,
1701 2042 1833 2097 alios
1854 2054 1975 2095 reos

385 2167 450 2206 ex
475 2165 640 2220 opere
667 2149 808 2204 bono
828 2189 842 2213 ,
874 2140 969 2201 scd
998 2138 1061 2199 ex
1091 2156 1254 2213 opere
1270 2138 1429 2206 malo,
1462 2151 1567 2207 quo
1588 2134 1727 2190 male
1755 2138 1977 2188 utuntur

388 2236 574 2305 bonis;
600 2254 701 2294 nec
724 2239 857 2293 alios
880 2243 1090 2291 sanctos
1114 2250 1179 2288 ex
1207 2246 1368 2309 Opere
1392 2230 1531 2284 malo
1547 2269 1561 2295 ,
1600 2225 1695 2282 sed
1724 2240 1790 2280 ex
1815 2232 1979 2293 opere

389 2333 546 2400 bono,
580 2348 690 2420 qu‘o
720 2316 856 2387 bene
884 2336 1106 2385 utuntur
1131 2323 1305 2381 malis.
1335 2322 1391 2379 Si
1418 2337 1523 2377 non
1544 2319 1632 2415 ‘vis
1656 2316 1974 2405 intelligere,

387 2435 478 2478 aut
500 2396 546 2477 si
575 2396 627 2477 te
652 2402 809 2492 iingis
836 2436 940 2493 non
963 2405 1291 2493 intelligere;
1323 2412 1432 2469 noli
1457 2400 1767 2481 obstrepere
1791 2396 1977 2462 volen-
2014 2460 2021 2465 .

389 2514 526 2569 libus
571 2521 625 2567 ct
650 2492 951 2566 valentibus
981 2492 1298 2576 intelligere.

457 2582 686 2662 CAPUT
716 2578 824 2657 Vli.
850 2631 923 2642 ——
947 2580 1033 2655 37.
1070 2592 1129 2653 Si
1166 2594 1351 2666 aliquis
1391 2593 1556 2648 malus
1590 2580 1738 2675 condi
1783 2594 1978 2661 posset,

384 2676 581 2765 inquis,
606 2710 869 2764 nunquam
888 2692 940 2745 in
966 2689 1149 2745 bonum
1168 2676 1423 2741 ablatione
1447 2676 1698 2738 transiret.
1722 2678 1802 2736 Eo
1821 2677 1982 2735 modo

388 2785 618 2852 diceres,
646 2799 841 2853 corpus
870 2766 1010 2854 quod
1036 2779 1261 2836 mortale
1285 2772 1555 2833 conditum
1582 2782 1692 2839 est,
1726 2770 1843 2827 ﬂeri
1877 2770 1985 2825 im-

393 2878 614 2935 mortale
640 2894 748 2932 non
782 2870 938 2963 posSe
973 2892 985 2929 :
1015 2882 1069 2929 et
1103 2880 1280 2949 tamen
1300 2879 1354 2924 ut
1378 2858 1509 2922 illud
1528 2909 1543 2933 ,
1575 2865 1646 2920 ita
1672 2871 1728 2949 et
1754 2862 1857 2918 hoc
1886 2860 1984 2917 fal-

396 2985 508 3024 sum
538 2966 767 3024 diceres.
794 2954 910 3022 Non
941 2960 1082 3021 enim
1120 2956 1267 3045 Dens
1306 2959 1503 3014 malum
1545 2954 1819 3019 condidit,
1861 2967 1983 3009 cum

395 3063 663 3118 hominem
695 3057 970 3127 condidit:
1001 3055 1096 3113 sed
1123 3050 1321 3110 bonum
1369 3046 1509 3122 quod
1552 3051 1677 3131 ipse
1709 3044 1983 3131 condidit,

394 3152 588 3209 malum
621 3126 783 3207 trahit
809 3166 877 3206 ex
903 3156 1120 3222 peccato
1142 3187 1158 3213 ,
1186 3144 1327 3217 quod
1358 3142 1470 3212 ipse
1498 3156 1605 3196 non
1635 3126 1904 3222 condidit;
1932 3142 1989 3191 et

393 3254 541 3303 sanat
577 3246 681 3300 hoc
718 3218 918 3300 malum
936 3285 951 3311 ,
991 3240 1133 3314 quod
1172 3239 1289 3310 ipse
1328 3252 1435 3293 non
1460 3232 1733 3301 condidit,
1765 3233 1816 3287 i'n
1842 3218 1987 3286 bono

561 3322 823 3392 condidit.

469 3412 557 3485 δὲ.
582 3418 713 3485 cuii:
758 3433 937 3482 autem
976 3414 1074 3479 nos
1101 3428 1210 3478 non
1240 3412 1507 3481 dicamus,
1552 3416 1803 3471 dtemones
1843 3413 1988 3466 insti-

410 3500 556 3577 misse
578 3514 875 3575 connubium
894 3561 910 3585 ,
954 3514 1052 3572 nec
1081 3512 1373 3569 seminalem
1411 3508 1558 3564 sexus
1587 3506 1842 3578 utriusque
1866 3496 1992 3558 inin:-

414 3616 619 3680 tionem,
649 3629 740 3669 nec
764 3610 1073 3666 diabolicum
1097 3623 1226 3679 Opus
1255 3621 1358 3660 esse
1383 3598 1535 3658 causa
1562 3596 1839 3673 genei‘andi
1863 3615 1990 3653 con-

412 3707 619 3761 cubitum
642 3707 936 3779 conjugum;
965 3703 1214 3774 quoniam
1240 3697 1356 3752 haec
1376 3693 1553 3751 omnia
1577 3688 1715 3749 Deus
1741 3690 1989 3758 instituit,

406 3786 458 3854 et
485 3808 697 3868 possent
727 3796 846 3851 esse
885 3792 1062 3849 omnia
1090 3792 1205 3846 sine
1252 3786 1698 3858 concupiscentire
1729 3783 1869 3869 malo
1889 3826 1902 3849 ,
1945 3782 1992 3837 si

401 3889 590 3944 vulnus
636 3883 1125 3958 prmvaricationis,
1179 3868 1319 3935 unde
1370 3868 1683 3947 sequeretur
1728 3874 1993 3929 discordia

399 3980 572 4035 carnis
601 3956 658 4034 et
694 3976 910 4048 spiritus
934 4018 949 4043 ,
992 3966 1247 4028 indictum
1293 3985 1398 4024 non
1444 3966 1630 4049 fuisset
1657 3981 1686 4020 a
1732 3956 1991 4021 diabolo:

400 4090 573 4129 nonne
606 4082 659 4129 te
689 4058 946 4141 reSpicis,
980 4078 1033 4124 et
1057 4068 1123 4122 dc
1151 4050 1240 4121 ina
1261 4060 1469 4135 garrula
1500 4052 1850 4132 loquacitate,
1891 4075 1994 4131 qua

400 4166 572 4222 inania
602 4166 619 4197 ι
651 4148 915 4221 fabulatus
954 4176 1012 4237 es
1032 4201 1047 4227 ,
1079 4152 1386 4222 erubescis;
1418 4153 1553 4227 quod
1581 4153 1785 4237 scilicet
1809 4153 1994 4237 depre-

403 4255 622 4312 hendant
648 4252 902 4309 dwmones
928 4233 982 4306 in
1017 4247 1285 4305 concubitu
1311 4248 1607 4317 eonjugatos
1629 4287 1643 4313 ,
1677 4228 1723 4299 ει
1754 4232 1996 4316 tanquam

404 4346 453 4401 in
479 4364 570 4400 sua
595 4342 888 4415 operatione
910 4340 1263 4415 deprehensos,
1292 4353 1393 4415 non
1413 4337 1581 4391 sinant
1603 4351 1840 4405 generare
1860 4334 1996 4403 ﬁlios

406 4404 776 4509 "generatione
801 4410 1122 4489 liberandos?
1146 4430 1307 4500 Quasi
1331 4404 1574 4483 diabolus
1593 4404 1618 4493 ,ί
1636 4426 1680 4481 si
1709 4418 1849 4497 quod
1881 4426 1995 4481 vel-

405 4522 474 4586 let
502 4522 721 4593 facerct,
755 4522 859 4582 non
902 4520 1049 4596 ipsos
1075 4522 1306 4593 majores
1338 4514 1527 4591 impios
1565 4514 1741 4573 adhuc
1768 4510 1819 4571 in
1849 4512 1997 4587 ejus-

410 4621 522 4678 dem
574 4620 774 4677 diaboli
818 4618 1019 4690 positos
1069 4621 1359 4686 potestate,
1410 4606 1621 4681 quando
1650 4615 2001 4680 cognosceret

411 4712 687 4784 disponere
717 4704 831 4766 ﬁeri
874 4708 1224 4773 christianos,
1253 4706 1507 4784 continuo
1546 4694 1847 4759 suil‘ocarct.
1880 4701 2000 4759 Non

412 4782 640 4875 estergo
665 4799 1002 4872 consequens
1044 4788 1099 4854 ui
1132 4782 1438 4869 parentibus
1476 4788 1868 4865 regenerandos
1904 4808 2002 4864 ge-

414 4898 738 4962 ncrantibus,
764 4903 820 4950 et
845 4902 1064 4969 propter
1084 4890 1187 4946 hoc
1206 4887 1700 4953 concumbentibus,
1727 4886 2001 4969 daemones

414 4990 681 5043 minaciter
712 4996 767 5041 et
809 4966 1116 5041 terribiliter
1142 4968 1505 5037 contradicunt
1526 5022 1541 5045 ,
1564 4974 1719 5051 lsicut
1764 4966 1856 5032 tibi
1887 4977 2000 5046 ipse

414 5078 683 5149 contingis;
718 5070 855 5149 quia’
868 5092 965 5147 per
990 5070 1182 5130 vulnus
1210 5089 1238 5126 a
1261 5068 1472 5127 diabolo
1500 5056 1755 5125 indicium
1775 5112 1789 5135 ,
1822 5064 1873 5123 in
1896 5084 2001 5139 quo

416 5173 673 5228 claudicat
712 5180 882 5243 genus
923 5169 1245 5232 humanum,
1294 5162 1492 5234 aliquid
1530 5172 1747 5218 creante
1779 5152 1885 5218 Deo
1924 5161 2002 5232 gi-

416 5270 604 5333 gnitur,
637 5261 779 5334 quod
801 5277 869 5314 ex
888 5256 1058 5314 Adam
1082 5252 1427 5312 transferatur
1450 5253 1516 5309 ad
1544 5252 1809 5309 Christum
1834 5261 1844 5274 '
1878 5266 2000 5308 cum

418 5355 547 5426 legio
574 5355 882 5410 daemonum
921 5366 1020 5407 nec
1052 5364 1247 5422 porcos
1284 5348 1336 5402 in
1376 5355 1637 5417 potestate
1682 5340 1877 5400 habere
1902 5359 2000 5415 po-

422 5448 601 5514 tuerit,
651 5444 756 5499 nisi
800 5442 1102 5514 petentibus
1145 5439 1475 5510 permitteret
1515 5434 1757 5493 Christus
1785 5436 1997 5508 (Matth.

420 5551 505 5592 rm
524 5578 539 5603 ,
564 5536 655 5600 31,
677 5532 804 5606 32);
832 5542 885 5588 et
908 5532 1117 5587 noverit
1140 5526 1302 5586 etiam
1328 5529 1395 5584 de
1422 5528 1581 5598 ipsis,
1608 5542 1739 5598 quas
1766 5538 1885 5582 eum
1920 5526 2001 5581 fa-

420 5645 537 5688 cere
561 5627 844 5700 permittit,
874 5624 1075 5681 diaboli
1106 5614 1564 5694 persecutionibus
1582 5635 1808 5679 coronas
1834 5620 1998 5675 susci-

425 5732 531 5777 tare
573 5717 928 5792 martyribus,
961 5724 1117 5772 utens
1146 5714 1286 5772 bene
1321 5714 1465 5771 omni
1502 5725 1700 5786 genere
1740 5712 1999 5769 malorum

369 5854 413 5976 ἑ.
488 5844 1249 5935 ιήαῦωιιηίιηπαηὺιωιὶα.

368 6106 389 6137 θ

1924 278 2282 417 mam;
3530 335 3641 402 758

2054 459 2123 516 ad
2164 458 2441 515 utilitatem
2485 457 2767 514 bonorum.
2795 455 2902 515 Sed
2930 455 2987 513 in
3024 453 3134 513 illis
3161 469 3374 529 quoque
3399 454 3645 530 conjugi-

2052 552 2155 607 bus
2176 593 2191 619 ,
2240 549 2332 621 qui
2361 549 2587 605 ﬁliorum
2632 551 3090 623 regenerationem
3128 549 3215 606 vel
3234 560 3346 607 non
3371 550 3646 621 cogitant,

2056 645 2144 701 vel
2171 644 2332 699 etiam
2361 642 2720 710 detestantur,
2766 644 2965 699 bonum
3010 656 3146 715 opus
3173 650 3258 701 est
3297 642 3601 714 nuptiarum
3625 683 3647 712 ,

2058 724 2349 810 generandi
2375 750 2535 791 causa
2559 735 2869 792 commixtio
2911 736 3145 809 legitima
3188 748 3413 793 sexuum
3436 776 3452 803 ,
3495 734 3653 805 cujus

2054 830 2236 903 ‘operis
2264 829 2470 886 Yructus
2496 836 2577 885 eat
2600 830 2845 886 ordinata
2872 830 3141 902 susceptio
3166 830 3394 886 ﬁliorum
3418 847 3434 885 :
3459 836 3652 900 quam-

2062 920 2148 983 vis
2173 943 2239 983 eo
2256 928 2398 984 bono
2424 925 2560 982 male
2592 926 2805 981 Utantur
2824 969 2838 993 ,
2869 930 2925 982 et
2946 927 3004 982 in
3030 941 3095 982 eo
3124 933 3382 996 peccent,
3412 923 3554 996 quod
3582 922 3655 981 de

2062 1020 2225 1091 impia
2250 1021 2333 1076 vel
2363 1005 2699 1091 propaganda
2739 1020 2820 1074 vel
2842 1026 3132 1091 propagata
3161 1020 3310 1092 prole
3333 1017 3654 1091 gloriantur.

2058 1110 2323 1168 ‘Homines
2346 1113 2486 1167 enim
2510 1110 2743 1183 qualibet
2768 1100 2977 1182 peCcati
2999 1111 3316 1182 cantagiono
3340 1110 3427 1166 vel
3457 1124 3657 1181 perpe—

2068 1204 2295 1260 tra‘tiOne
2338 1204 2559 1275 polluti,
2582 1204 2639 1259 in
2678 1202 2934 1275 quantum
2976 1203 3225 1259 homines
3250 1206 3410 1270 Sunt,
3455 1203 3659 1259 bonum

2068 1308 2193 1355 sunt
2222 1300 2317 1356 :et
2351 1286 2481 1356 idco
2507 1288 2703 1356 bon’u'm
2724 1286 2813 1356 ie'st
2857 1308 2913 1356 ut
2946 1306 3267 1366 naScantur,
3299 1297 3423 1369 quia
3455 1298 3658 1355 bonum

2070 1394 2213 1448 'sunt.
3658 1404 3665 1413 ε

2128 1478 2233 1539 -39.
2261 1477 2369 1539 Nec
2398 1480 2574 1539 tam'e'n
2600 1484 2653 1538 u’t
2677 1482 2951 1555 gignamur
2974 1500 2989 1551 ;
3016 1482 3130 1538 ideo
3157 1482 3407 1537 adulteria
3430 1482 3508 1538 ret
3531 1498 3663 1553 quie-

2071 1591 2167 1646 que
2191 1566 2368 1647 stupra
2405 1570 2639 1647 facienda
2670 1568 2793 1630 lium
2819 1590 2837 1630 :
2861 1572 2928 1631 ad
2966 1590 3126 1646 quam
3154 1588 3253 1631 nos
3280 1573 3666 1632 absurditatem

2072 1675 2228 1738 putas
2249 1682 2405 1737 posse
2442 1668 2720 1737 compelli,
2750 1667 2875 1738 quia
2901 1667 3113 1738 nuptias
3140 1665 3207 1722 de
3242 1666 3390 1723 'malo
3428 1665 3666 1723 libidinis

2068 1748 2272 1814 bunum
2295 1754 2458 1829 prolis
2476 1754 2703 1815 dicimus
2728 1746 2958 1829 o‘p'ci-ai'i.
2982 1757 3095 1815 Sed
3117 1757 3263 1814 nullo
3291 1752 3451 1814 modo
3474 1772 3538 1815 ex
3565 1758 3668 1815 hac

2075 1846 2258 1906 nostra
2287 1850 2409 1906 vera
2452 1852 2704 1923 rectaque
2732 1834 2996 1907 sentenitia
3035 1849 3165 1906 illud
3206 1854 3517 1921 perverSum
3560 1848 3669 1905 n1-

2077 1954 2305 2012 sumque
2333 1939 2629 1997 conﬁcitur.
2675 1940 2858 2011 Neque
2893 1936 3037 1997 enim
3089 1940 3210 2011 quia
3253 1940 3508 1996 Dominus
3554 1940 3667 2008 ait,

2081 2027 2258 2088 Facite
2284 2030 2421 2088 'vobis
2450 2030 2638 2090 antica:
2657 2034 2721 2089 de
2740 2026 3027 2088 mammona
3048 2031 3328 2107 iniquitatis
3356 2031 3504 2104 (Luc.
3537 2046 3668 2101 xvr,

2080 2124 2162 2197 9);
2194 2124 2317 2181 ideo
2343 2124 2515 2182 adhuc
2535 2125 2734 2182 addere
2767 2124 3099 2197 iniquitatem
3124 2125 3383 2182 debemus
3402 2168 3418 2193 ,
3452 2133 3508 2182 et
3528 2124 3674 2183 furta

2079 2220 2398 2289 rapinasque
2436 2213 2772 2275 committere
2795 2262 2809 2286 ,
2841 2228 2899 2273 ut
2940 2214 3122 2289 plures
3160 2233 3420 2290 pauperes
3456 2226 3675 2276 sanctos

2081 2306 2446 2365 miSericordia
2480 2308 2707 2381 largiore
2732 2310 3030 2381 pascamus.
3074 2308 3221 2366 Sicut
3247 2312 3375 2381 ergo
3403 2306 3472 2365 de
3500 2323 3675 2365 mam-

2083 2404 2241 2455 mona
2270 2400 2562 2470 iniquitatis
2590 2384 2817 2455 faciéudi
2836 2398 2963 2454 sunt
2990 2400 3147 2455 amici
3171 2442 3186 2468 ,
3217 2400 3306 2471 qui
3332 2398 3592 2469 recipiant
3616 2399 3675 2455 in

2084 2492 2422 2549 tabernacula
2451 2492 2646 2547 aeterna
2679 2510 2692 2546 :
2720 2491 2796 2547 ita
2823 2490 3136 2563 coniugibus
3175 2491 3243 2548 de
3285 2492 3438 2563 plaga
3467 2491 3678 2563 peccati

2085 2583 2357 2654 originalis
2385 2582 2635 2653 gignendi
2663 2586 2789 2638 sunt
2816 2582 2934 2649 lilii,
2964 2583 3055 2653 qui
3078 2583 3134 2638 in
3159 2581 3321 2638 vitam
3350 2596 3677 2654 regeneren-

2086 2681 2173 2730 tur
2200 2680 2473 2729 aeternam.
2505 2674 2570 2727 Et
2614 2671 3060 2743 quemadmodum
3088 2672 3226 2728 furta
3246 2714 3261 2739 ,
3291 2671 3506 2728 fraudes
3525 2713 3540 2736 ,
3576 2672 3678 2726 de-

2086 2752 2442 2834 przedationes
2480 2763 2792 2835 adjiciendae
2818 2770 2925 2820 nun
2952 2772 3111 2831 sunt,
3151 2771 3212 2819 ut
3237 2779 3334 2834 per
3371 2764 3677 2834 iniquitates

2087 2864 2240 2911 aucta
2266 2856 2487 2926 pecunia
2506 2856 2691 2926 plures
2716 2856 2872 2911 anii‘ci
2890 2855 3019 2926 juSti
3042 2857 3229 2927 inopes
3253 2866 3630 2925 comparentur
3658 2871 3680 2910 :

2088 2948 2167 3003 sic
2194 2947 2482 3013 adulteria,
2525 2954 2740 3018 stupra,
2779 2946 3163 3002 fornicationes
3185 2988 3198 3012 ,
3242 2948 3384 3002 malo
3411 2961 3534 3002 eum
3569 2962 3681 3016 quo

2088 3038 2195 3093 nati
2226 3040 2411 3093 sumus
2434 3085 2447 3103 ,
2471 3037 2712 3094 addenda
2738 3050 2846 3093 n0n
2873 3044 2997 3093 sunt
3024 3040 3077 3107 ι,
3120 3038 3259 3095 unde
3295 3038 3386 3094 lilii
3424 3055 3681 3095 numero-

2082 3127 2233 3184 aiore
2269 3128 2436 3198 stirpe
2463 3134 2770 3184 nascantur.
2816 3125 2971 3184 Aliud
3009 3130 3206 3201 quippe
3244 3137 3324 3185 est
3362 3130 3506 3184 malo
3542 3130 3684 3186 bene

2090 3220 2198 3286 uti,
2225 3217 2369 3290 quod
2386 3220 2496 3290 jam
2519 3220 2689 3275 inerat
2708 3236 2723 3286 ;
2744 3226 2804 3276 'et
2830 3220 2973 3275 aliud
3000 3228 3085 3276 est
3110 3221 3306 3276 malum
3334 3227 3641 3291 perpetrare
3658 3260 3684 3288 ,

2091 3311 2232 3381 quod
2255 3326 2363 3367 non
2393 3320 2509 3368 erat
2539 3330 2554 3367 :
2582 3312 2710 3367 illud
2737 3313 2880 3368 enim
2903 3319 2987 3368 est
3021 3302 3090 3368 de
3115 3313 3259 3368 malo
3296 3319 3467 3368 tracto
3494 3327 3561 3368 ex
3586 3326 3685 3382 pa-

2089 3403 2333 3458 rentibus
2352 3402 2710 3458 voluntarium
2738 3402 2933 3459 bonum
2961 3404 3171 3469 facere;
3202 3403 3304 3458 hoc
3331 3408 3460 3459 vero
3483 3403 3685 3457 malum

2093 3506 2123 3548 a
2153 3494 2460 3564 parentibus
2488 3500 2712 3549 tractum
2754 3495 2872 3550 aliis
2917 3495 3072 3549 malis
3098 3494 3206 3564 jam
3238 3494 3468 3565 propriis
3492 3502 3545 3550 et
3588 3508 3686 3548 vo-

2092 3588 2338 3644 luntariis
2378 3596 2657 3659 aggerare.
2712 3586 2853 3644 Sane
2896 3588 3146 3653 lnt‘erest,
3192 3586 3331 3656 quod
3380 3598 3687 3642 mammona

2095 3681 2389 3751 iniquitatis
2424 3694 2545 3738 cum
2572 3681 2731 3735 laude
2754 3668 3116 3750 indigentibus
3145 3686 3424 3750 erogatur;
3454 3678 3690 3736 carnalis

2096 3786 2275 3832 autem
2309 3775 2740 3846 concupi's‘centia
2768 3774 3086 3831 laudabilius
3126 3772 3465 3829 continentia:
3491 3772 3688 3828 virtute

2094 3867 2335 3923 hortatur
2354 3911 2367 3934 ,
2397 3869 2552 3938 quam
2581 3856 2836 3924 ﬂuctibus
2859 3866 3184 3937 impenditur
3203 3866 3523 3937 nuptiarum.
3553 3862 3688 3921 Tam

2098 3960 2346 4029 magnum
2377 3958 2460 4014 est
2490 3959 2631 4013 enim
2662 3958 2859 4012 malum
2891 3958 3005 4027 ejus
3026 3998 3041 4023 ,
3069 3962 3127 4011 [τι
3147 3971 3215 4012 eo
3241 3962 3344 4012 non
3387 3955 3461 4010 uti
3483 3996 3498 4023 ,
3525 3970 3690 4026 quam

2097 4049 2235 4105 b'e'rl'e
2262 4049 2337 4103 uti
2365 4050 2436 4104 sit
2461 4049 2669 4104 uielius.

2169 4138 2396 4197 CAPUT
2426 4139 2556 4195 vni.
2590 4142 2657 4180 μ-
2681 4126 2771 4195 to.
2796 4139 2911 4194 sua
2934 4126 3131 4195 deinde
3155 4154 3272 4194 mea
3302 4140 3464 4194 verba
3490 4150 3689 4209 propo-

2100 4233 2183 4289 nis
2207 4276 2221 4301 ,
2254 4241 2309 4289 et
2354 4222 2575 4288 multum
2616 4230 2872 4288 adversus
2904 4247 2966 4287 ea
2992 4233 3013 4264 ¹
3047 4230 3174 4285 nihil
3205 4230 3340 4285 dicis
3364 4271 3378 4295 ,
3424 4230 3690 4299 replicans

2100 4325 2341 4395 quadam
2363 4339 2481 4392 quae
2506 4322 2785 4393 superiore
2812 4322 3167 4391 disputatione
3188 4320 3500 4389 consumpta
3524 4328 3687 4374 sunt:

2101 4431 2219 4485 qum
2258 4416 2301 4470 si
2332 4422 2387 4470 et
2430 4420 2529 4484 ego
2570 4418 2813 4484 repetere
2848 4414 3035 4478 v‘el’lm,
3068 4412 3188 4482 quis
3224 4413 3329 4466 erit
3362 4410 3518 4465 linis?
3548 4410 3691 4464 Inter

2100 4514 2221 4576 quae
2246 4505 2381 4561 dicis
2407 4506 2567 4559 etiam
2592 4505 2723 4559 illud
2754 4506 2988 4559 vestram
3015 4496 3199 4558 contra
3220 4502 3416 4557 Christi
3441 4502 3687 4570 gratiam,

2103 4598 2247 4667 Saepe
2271 4608 2298 4650 a
2328 4598 2478 4652 vehis
2521 4597 2751 4651 inaniter
2783 4596 3019 4660 dictum;
3048 4594 3187 4664 quod
3217 4592 3420 4648 scilicet
3456 4584 3693 4663 app’ella-

2102 4692 2238 4744 tione
2261 4691 2456 4761 gratiae,
2488 4688 2642 4743 bonos
2673 4688 2784 4757 ﬁeri
2807 4688 3034 4742 nonnae:
3062 4686 3207 4758 fatali
3234 4684 3526 4739 necesiitate
3549 4684 3695 4738 dica-

2104 4790 2217 4835 mus
2246 4795 2265 4835 :
2290 4790 2412 4834 cum
2442 4781 2592 4834 vobis
2620 4784 2710 4833 ora
2748 4779 3026 4834 obstruunt
3048 4820 3063 4844 ,
3092 4785 3147 4833 et
3181 4778 3384 4847 linguas
3410 4784 3690 4847 premant,

2105 4874 2193 4943 qui
2224 4873 2366 4940 IOqui
2398 4868 2630 4927 nondum
2654 4873 2848 4927 valent.
2877 4871 3010 4926 Cum
3040 4860 3181 4925 enim
3208 4868 3580 4940 loquacisstm'e
3610 4870 3692 4923 la-

2105 4964 2304 5020 boretis
2328 4962 2565 5020 astruere
2590 4974 2652 5018 ac
2683 4958 3003 5033 peréuadere
3023 5004 3037 5027 ,
3065 4961 3206 5033 quod
3233 4958 3479 5031 Pelagius
3506 4961 3559 5015 in
3597 4960 3697 5014 Pa-

2106 5057 2435 5112 laestinorum
2453 5058 2821 5127 e'piScopO’ruin
2838 5055 3141 5127 cognitione
3160 5056 3450 5121 damnavit,
3475 5054 3696 5126 gratiam

2106 5148 2205 5204 Dei
2232 5149 2503 5203 secundum
2530 5150 2706 5202 merita
2730 5152 2903 5204 no‘s’tra
2944 5148 3058 5202 dari
3083 5166 3102 5214 ;
3130 5148 3271 5203 nulla
3305 5155 3479 5201 tamen
3508 5148 3697 5201 merita

2106 5241 2329 5311 poteStis
2356 5254 2598 5295 asserere
2627 5241 2967 5310 parVulorum
2993 5280 3007 5305 ,
3038 5252 3137 5308 per
3174 5253 3291 5308 qure
3324 5238 3698 5292 discernantur

2107 5332 2194 5402 qui
2224 5338 2409 5387 eorum
2430 5332 2484 5385 in
2508 5326 2600 5387 Dei
2624 5332 2760 5386 (illos
2780 5331 3120 5401 adoptantur,
3148 5329 3216 5384 ab
3241 5330 3319 5385 eis
3344 5328 3435 5398 qui
3457 5329 3571 5381 sine
3594 5327 3696 5381 hu-

2102 5422 2190 5493 jus
2214 5423 2399 5495 gratiae
2424 5424 2795 5479 consecutione
2818 5421 3132 5477 moriuntur.

2180 5517 2269 5571 Μ.
2301 5516 2660 5571 Calumniaris
2707 5530 2794 5571 me
2820 5515 3018 5580 dicere,
3057 5531 3077 5565 ‹
3114 5512 3254 5567 Nihil
3305 5509 3467 5565 Studil
3509 5522 3700 5582 exspe-

2108 5607 2238 5664 ctari
2263 5607 2330 5664 ab
2360 5608 2585 5663 humana
2607 5607 2877 5662 voluntate
2902 5605 3117 5673 debere,
3142 5610 3327 5659 contra
3376 5601 3506 5659 illud
3534 5618 3697 5659 evan-

2173 5719 2627 5785 latss.,_attdend(e
2649 5712 2741 5769 non
2762 5722 2894 5785 sunt.
2999 5778 3029 5785 __
3142 5775 3154 5785 _
3422 5778 3434 5785 _
3529 5776 3540 5785 .

2112 5775 2648 5907 dgtiixcmrloriacensis
2686 5790 2763 5830 tus.
2791 5778 2939 5841 addit,
2977 5775 3437 5832 dicendowatlmm
3457 5776 3697 5843 quinque,

2278 5860 2291 5891 ί
2340 5858 2380 5895 s.
3042 5864 3043 5867 η

4054 4816 4055 4861 l

4042 4906 4056 5091 ET!

4043 5096 4056 5271 ἓ

4037 5312 4056 5353 d

4038 5362 4056 5451 Ξ

4040 5454 4056 5547 .‘i

4049 5554 4055 5579 i

4040 5586 4056 5641 Ξ

4042 5642 4056 5697 ηὲ

4036 5708 4055 5730 α

4034 5744 4056 5825 ε

4037 5832 4056 5885 tl

4037 5906 4056 5951 εὶ

4034 5972 4055 6020 ρ

4036 6032 4056 6133 i
