4142 6496
493 349 603 408 759

495 465 724 538 gelieum
745 479 852 537 quo
874 462 945 518 ait
974 458 1234 517 Dominus
1263 476 1276 510 :
1307 456 1491 524 Petite,
1534 464 1582 510 et
1618 453 1905 526 accipietis;
1940 466 2083 524 qua:-

495 563 611 623 rite,
641 568 687 613 et
716 555 1012 617 invenietis;
1039 552 1237 623 pulsate
1261 592 1275 617 ,
1325 559 1371 604 et
1414 549 1666 620 aperietur
1709 548 1848 602 vobis
1877 561 1896 602 :
1922 545 2085 601 omnis

498 653 631 705 enini
655 654 742 720 qui
769 637 912 719 pelit,
945 645 1127 717 accipit
1148 662 1166 710 ;
1186 656 1233 698 et
1261 642 1562 715 quiqttaarit,
1591 640 1815 705 invenit;
1861 648 1910 693 et
1961 637 2079 709 pul-

501 745 636 799 santi
665 744 918 811 aperietur
952 759 971 792 ι
1003 738 1232 810 (Matth.
1265 754 1354 802 vn,
1391 736 1529 806 7-8).
1575 734 1652 790 lbi
1703 732 1846 789 enim
1876 746 1993 797 vos,
2027 737 2085 784 ut

439 877 441 886 ,
496 836 674 911 video,
700 849 899 905 ponere
916 833 1027 903 jam
1052 831 1289 901 coepistis
1319 830 1507 885 merita
1528 828 1752 900 gratiam
1776 823 2087 898 praeceden-

495 931 588 994 tia,
619 926 759 1000 quod
786 933 868 981 est
891 936 1090 996 petere,
1120 938 1383 995 qumrere,
1407 920 1642 992 pulsare;
1671 926 1732 974 ut
1768 917 1853 972 his
1878 915 2086 971 meritis

495 1021 673 1077 debita
698 1020 786 1075 illa
817 1019 1090 1083 reddatur,
1119 1033 1181 1072 ac
1208 1017 1286 1072 sic
1312 1016 1481 1086 gratia
1526 1014 1757 1069 inaniter
1804 1026 2083 1081 nuncupe-

497 1126 584 1165 tttr
617 1132 631 1167 :
665 1123 911 1184 tauquam
938 1112 1107 1182 gratia
1133 1109 1275 1165 nulla
1303 1107 1656 1180 praecesserit,
1680 1117 1732 1162 et
1759 1120 1852 1162 cor
1893 1105 2081 1175 tetige-

496 1210 582 1271 rit,
620 1216 678 1262 ut
703 1206 1006 1261 beatiticum
1037 1205 1232 1259 bonum
1255 1208 1524 1272 peteretur
1552 1214 1583 1254 a
1613 1199 1744 1262 Deo,
1774 1206 1833 1252 ut
1874 1212 2086 1268 quaere-

494 1307 646 1356 retur
674 1300 834 1363 Deus,
864 1306 924 1354 ut
965 1297 1267 1368 pulsaretur
1305 1293 1371 1349 ad
1409 1294 1612 1357 Deum;
1659 1289 1962 1360 frustraque
2016 1288 2087 1343 sit

493 1391 776 1460 scriptum,
807 1387 1160 1443 Misericordia
1186 1387 1296 1456 ejus
1316 1383 1585 1456 prwveniet
1610 1397 1689 1435 me
1718 1378 1897 1452 (Psal.
1937 1395 2080 1445 Lvut,
2136 1446 2140 1450 δ

494 1481 859 1554 ll);frustra
882 1481 1043 1536 etiam
1088 1491 1187 1533 nos
1235 1491 1334 1548 pro
1378 1473 1611 1530 inimicis
1658 1471 1858 1528 nostris
1899 1471 2085 1542 jubeat

494 1588 656 1629 orare
677 1572 890 1644 (Matth.
921 1587 971 1637 v,
1000 1570 1116 1642 44),
1144 1568 1190 1623 si
1218 1582 1325 1624 non
1346 1574 1432 1623 est
1448 1565 1565 1636 ejus
1585 1578 1780 1621 aversa
1808 1570 1863 1619 et
1889 1561 2084 1618 adver-

495 1680 558 1720 sa
587 1664 749 1722 corda
774 1670 1109 1720 convertere.

567 1757 658 1814 42.
684 1757 793 1815 Sed
821 1756 974 1828 ponis
993 1753 1343 1825 apostolicum
1368 1749 1734 1807 testimonium
1764 1787 1780 1814 ,
1827 1755 1884 1802 et
1923 1745 1992 1802 ab
2017 1760 2083 1801 eo

493 1850 630 1909 dicis
657 1849 990 1919 pulsantibus
1032 1845 1248 1916 aperiri,
1280 1845 1367 1915 qui
1395 1858 1566 1897 omnes
1592 1841 1820 1895 homines
1844 1839 1950 1894 uult
1974 1837 2082 1891 sal-

491 1959 582 1998 vos
602 1943 734 2013 ﬁeri,
761 1952 807 1996 et
855 1942 909 1994 in
935 1938 1245 2011 agnitionem
1299 1935 1523 1990 ueritatis
1569 1933 1737 1988 venire
1782 1932 1825 2005 (l
1851 1929 1986 1985 Tim.
2020 1945 2077 1995 ιι,

490 2033 572 2104 4)
606 2051 621 2088 :
654 2041 712 2087 nt
740 2028 986 2086 videlicet
1011 2028 1389 2099 intelligamus,
1420 2023 1741 2081 docentibus
1766 2022 1939 2088 vobis,
1961 2020 2082 2075 ideo

490 2138 604 2178 non
631 2137 819 2177 omnes
848 2121 1025 2175 salvos
1066 2118 1202 2184 fieri,
1253 2125 1308 2173 et
1350 2117 1404 2172 in
1463 2114 1787 2185 agnitionem
1841 2111 2082 2168 veritatis

487 2216 695 2281 venire,
724 2215 847 2286 quia
874 2214 973 2284 ipsi
1001 2211 1190 2268 nolunt
1216 2219 1419 2280 petere,
1440 2223 1564 2263 cum
1587 2208 1730 2263 Deus
1756 2205 1887 2261 velit
1911 2205 2040 2260 dare
2064 2221 2081 2272 ;

491 2308 683 2363 nolunt
709 2320 973 2377 quaarere,
1005 2319 1127 2359 cum
1151 2304 1292 2358 Deus
1335 2301 1462 2357 velit
1514 2299 1842 2363 ostendere;
1898 2299 2086 2355 nolunt

489 2398 729 2468 pulsare,
758 2413 881 2452 cum
912 2398 1052 2452 Deus
1078 2395 1209 2451 velit
1232 2393 1463 2464 aperire.
1517 2391 1623 2449 Sed
1681 2391 1823 2447 hunc
1865 2406 2082 2447 sensum

491 2497 728 2545 vestrum
759 2488 992 2544 infantes
1035 2487 1109 2542 illi
1140 2487 1255 2557 ipsa
1305 2501 1399 2541 sua
1450 2486 1812 2541 taciturnitate
1858 2485 2082 2540 convin-

491 2590 645 2650 cunt,
671 2582 761 2652 qui
791 2597 890 2636 ncc
915 2588 1122 2651 petunt,
1146 2595 1245 2636 nec
1273 2588 1540 2649 quaerunt,
1571 2594 1673 2634 nec
1713 2579 1947 2648 pulsant;
1975 2578 2083 2634 imo

493 2675 658 2730 etiam
688 2688 809 2728 cum
842 2672 1180 2742 baptizantur
1204 2711 1219 2738 ,
1248 2670 1580 2736 reclamant,
1611 2677 1906 2739 respuunt,
1936 2669 2079 2724 relu-

494 2774 711 2823 ctantur
736 2783 749 2819 :
778 2774 832 2819 et
851 2765 1119 2833 accipiunt
1152 2772 1351 2828 tamen,
1377 2770 1432 2818 et
1459 2761 1770 2827 inveniunt,
1800 2769 1855 2816 et
1902 2762 2080 2831 aperi-

492 2867 585 2913 tur
611 2856 710 2922 eis,
744 2864 800 2911 et
826 2856 1025 2909 intrant
1045 2855 1101 2908 in
1127 2869 1351 2923 regnum
1376 2853 1490 2919 Dei,
1524 2852 1613 2907 ubi
1639 2852 1709 2906 sit
1752 2851 1832 2907 eis
1862 2852 2082 2907 aeterni-

492 2952 622 3008 tatis
663 2949 844 3005 salus‘
875 2957 930 3004 et
962 2947 1161 3019 agnitio
1187 2945 1475 3012 veritatis;
1523 2944 1677 3015 longe
1720 2944 1960 3015 pluribus
2002 2944 2084 2998 in-

491 3043 728 3099 fantibus
753 3042 805 3096 in
841 3041 995 3096 istam
1038 3039 1261 3111 gratiam
1290 3053 1396 3093 non
1428 3036 1693 3107 adoptatis
1731 3035 1799 3090 ab
1851 3050 1916 3090 eo
1939 3075 1954 3101 ,
1997 3036 2083 3105 qui

492 3133 602 3189 uult
625 3149 797 3188 omnes
816 3131 1045 3186 homines
1063 3130 1231 3185 salvos
1249 3129 1363 3199 ﬁeri
1382 3138 1430 3183 et
1472 3130 1527 3181 in
1555 3127 1858 3199 agnitionem
1900 3126 2070 3180 verita-

388 3218 391 3223 λ
493 3226 560 3279 tis
582 3225 768 3279 uenire.
800 3223 1005 3288 Quibus
1030 3220 1210 3276 dicere
1251 3235 1359 3274 non
1386 3226 1599 3289 potest,
1644 3216 1816 3285 Volui,
1838 3227 1887 3271 et
1915 3216 2080 3271 notui-

491 3319 585 3372 stis
611 3313 830 3389 (Matth.
860 3329 1010 3379 χιιιι,
1043 3310 1133 3384 57)
1160 3312 1311 3382 :quia
1339 3311 1386 3368 si
1406 3310 1661 3365 voluisset
1684 3351 1699 3377 ,
1731 3309 1852 3380 quis
1895 3322 2082 3363 eorum

492 3407 585 3478 qui
614 3405 849 3462 nondum
873 3404 1076 3459 habent
1099 3402 1386 3458 voluntatis
1420 3416 1530 3456 suae
1557 3401 1854 3465 arbitrium,
1886 3399 2081 3454 volun-

491 3501 590 3554 tati
611 3499 728 3569 ejus
753 3495 1290 3566 omnipotentissimae
1318 3492 1643 3549 restitisset?
1670 3490 1779 3546 Cur
1810 3505 1937 3561 ergo
1974 3505 2081 3545 non

491 3593 573 3649 sic
600 3591 889 3661 accipimus
914 3589 1056 3667 quod
1075 3588 1274 3644 dictum
1298 3596 1398 3651 est,
1431 3585 1532 3651 Qui
1561 3602 1732 3640 omnes
1774 3585 1880 3639 vult
1913 3585 2081 3639 homi-

491 3701 583 3740 nes
606 3683 772 3739 salvos
803 3683 936 3752 ﬁeri,
958 3691 1004 3736 et
1028 3681 1084 3736 in
1109 3681 1414 3752 agnitionem
1461 3679 1684 3733 veritatis
1712 3678 1880 3733 venire
1896 3695 1915 3743 ;
1946 3692 2082 3747 quo-

492 3774 656 3831 modo
680 3784 734 3830 et
760 3773 889 3829 illud
922 3772 1236 3841 accipimus,
1268 3769 1410 3840 quod
1439 3768 1583 3825 idem
1609 3768 1743 3824 dixit
1767 3768 2040 3838 apostolus
2063 3808 2079 3835 ,

489 3865 598 3921 Per
615 3866 766 3921 unius
786 3865 1205 3935 justiﬁcationem
1229 3863 1282 3916 in
1304 3877 1478 3915 omnes
1501 3861 1729 3915 homines
1744 3859 1813 3913 ad
1821 3860 2084 3930 justi/ica-

493 3959 682 4015 tionem
717 3959 831 4012 vita
881 3956 899 4028 (
926 3956 1074 4011 Rom.
1107 3971 1162 4023 v,
1188 3954 1256 4010 18
1274 3952 1338 4027 )?
1391 3954 1410 4025 (
1434 3953 1533 4008 hos
1561 3953 1702 4008 enim
1725 3967 1913 4008 omnes
1943 3953 2083 4008 Deus

490 4049 606 4104 vult
633 4047 811 4104 salvos
863 4047 998 4114 fieri,
1031 4054 1085 4101 et
1135 4045 1189 4101 in
1227 4045 1553 4117 agnitionem
1589 4044 1829 4099 veritatis
1856 4045 2037 4100 venire
2064 4087 2079 4111 ,

489 4141 547 4199 in
573 4157 710 4213 quos
734 4155 921 4196 omnes
947 4155 1040 4209 per
1064 4138 1221 4193 unius
1240 4136 1674 4208 justiﬁcationem
1700 4137 1869 4206 gratia
1890 4151 2083 4206 perve-

493 4234 577 4289 nit
603 4233 670 4287 ad
708 4231 1143 4302 justiticationem
1197 4227 1357 4299 vitae)
1393 4244 1406 4282 :
1440 4242 1508 4282 ne
1535 4226 1744 4282 dicatur
1789 4226 1976 4293 nobis,
2026 4225 2082 4283 Si

493 4324 642 4380 Deus
669 4323 782 4377 vult
801 4336 991 4377 omnes
1018 4320 1260 4376 homines
1287 4319 1464 4375 salvos
1510 4318 1627 4374 fieri
1645 4359 1660 4383 ,
1693 4326 1747 4373 et
1774 4319 1830 4373 in
1860 4318 2087 4389 agnitio-

491 4431 621 4472 nem
646 4415 889 4470 veritatis
913 4413 1122 4481 venire,
1152 4411 1247 4467 sed
1274 4411 1396 4467 ideo
1423 4427 1526 4467 non
1570 4410 1809 4477 veniunt,
1840 4411 1961 4481 quia
1985 4411 2084 4481 ipsi

494 4508 706 4573 nolunt;
729 4521 827 4561 cur
850 4513 930 4560 tot
958 4504 1125 4560 millia
1147 4501 1513 4575 parvulorum,
1544 4502 1636 4573 qui
1673 4516 1779 4556 non
1829 4511 2084 4573 percepto

491 4600 823 4670 Baptismate
851 4598 1170 4662 moriuntur,
1216 4611 1321 4651 non
1360 4595 1581 4650 veniunt
1624 4594 1678 4650 in
1702 4610 1923 4665 regnum
1953 4596 2078 4663 Dei,

493 4690 587 4745 ubi
611 4698 757 4745 certa
781 4698 867 4744 est
894 4689 1093 4759 agnitio
1120 4685 1363 4743 veritatis
1385 4686 1410 4740 ‘t
1432 4685 1698 4757 Numquid
1723 4694 1813 4741 aut
1840 4686 2084 4743 homines
2112 4758 2115 4763 η

497 4796 609 4838 non
633 4789 779 4845 sunt,
804 4788 992 4835 utnon
1014 4779 1317 4849 pertineant
1344 4778 1410 4833 ad
1463 4778 1516 4833 id
1546 4778 1686 4848 quod
1730 4778 1928 4834 dictum
1957 4788 2039 4834 est
2066 4820 2082 4845 ,

493 4888 669 4928 omnes
696 4871 920 4925 homines
937 4871 963 4925 Ρ
988 4878 1080 4924 aut
1102 4870 1296 4940 aliquis
1316 4870 1515 4939 poterit
1538 4869 1736 4935 dicere,
1773 4870 1913 4926 Deus
1961 4870 2086 4941 qui~

495 4963 620 5017 dem
647 4961 781 5026 vult,
809 4959 904 5015 sed
931 4959 1031 5030 ipsi
1062 4959 1269 5025 nolunt;
1292 4960 1382 5030 qui
1400 4959 1635 5014 nondum
1663 4960 1802 5016 velle
1823 4975 1919 5016 seu
1940 4962 2085 5017 nolle

491 5058 599 5110 lSta
627 5061 910 5118 noverunt,
944 5053 1157 5121 quando
1185 5067 1286 5106 nec
1313 5050 1372 5117 ii,
1396 5052 1485 5121 qui
1516 5052 1718 5122 parvuli
1749 5052 2083 5121 baptizantur

496 5155 661 5216 atque
684 5142 1009 5210 moriuntur,
1035 5149 1089 5197 et
1106 5154 1205 5212 per
1229 5141 1376 5196 illam
1406 5142 1631 5212 gratiam
1660 5141 1727 5197 ad
1756 5142 2083 5213 agnitionem

496 5235 740 5293 veritatis
764 5248 885 5305 qua:
911 5234 963 5287 in
991 5247 1158 5304 regno
1213 5232 1308 5287 Dei
1352 5241 1436 5288 est
1485 5232 1779 5288 certissima
1822 5233 2081 5303 veniunt,

496 5331 621 5388 ideo
641 5331 885 5395 veniunt,
907 5327 1030 5397 quia
1066 5325 1168 5396 ipsi
1207 5326 1453 5382 renovari
1507 5323 1704 5381 Christi
1757 5326 2084 5397 Baptismate

495 5420 805 5479 voluerunt?
825 5420 958 5474 Cum
991 5433 1121 5488 ergo
1148 5432 1249 5472 nec
1273 5418 1351 5473 illi
1379 5426 1657 5488 propterea
1684 5432 1790 5473 non
1812 5417 2085 5488 baptizen-

497 5525 584 5569 tur
606 5515 728 5585 quia
756 5513 965 5576 nolunt,
999 5525 1099 5565 nec
1124 5511 1211 5566 isti
1244 5518 1527 5580 pmpterea
1565 5509 1905 5580 baptizentur
1958 5511 2083 5581 quia

497 5606 872 5672 volunt';cur
896 5604 1037 5658 Deus
1081 5603 1169 5673 qui
1222 5601 1338 5657 vult
1387 5616 1573 5657 omnes
1622 5600 1867 5657 homines
1908 5602 2086 5658 salvos

559 5722 578 5749 ’ά
618 5716 840 5779 Plerique
859 5715 1251 5779 Mss.,a,'ternitas
1272 5712 1457 5779 salutis.

561 5779 584 5848 ξ
605 5778 680 5848 sic
856 5784 912 5827 At
934 5774 1069 5848 (aliti,
1095 5777 1210 5841 quia
1230 5777 1497 5838 notuerunt,
1520 5788 1608 5827 nec
1628 5774 1709 5836 isti
1730 5782 1985 5842 propterea
2003 5776 2086 5828 ba-

497 5839 737 5900 rt'uentttr
757 5836 872 5901 quia
891 5835 1071 5889 nolunt.

1276 338 1552 399 CONTRA
1589 334 1930 397 JULIANUM
1968 328 2431 402 PELAGIANUM,
2469 328 2527 388 S.
2567 328 2933 389 AUGUSTlNl

3681 328 3787 388 760

2192 446 2328 513 ﬁeri,
2356 454 2410 502 et
2430 445 2487 501 in
2505 443 2829 515 agnitionem
2865 441 3104 498 veritatis
3137 440 3338 509 venire,
3362 449 3473 498 tam
3496 440 3700 497 multos
3729 443 3784 497 in

2190 552 2414 608 regnum
2460 551 2637 604 suum,
2694 534 2784 590 ubi
2832 544 2915 589 est
2963 542 3108 592 certa
3140 534 3384 590 veritatis
3432 534 3657 605 agnitio,
3687 534 3782 605 qui

2191 627 2340 683 nullo
2366 627 2416 683 ei
2446 627 2703 684 resistunt
2727 625 3015 683 voluntatis
3034 624 3276 691 arbitrio,
3308 625 3507 695 patitur
3534 641 3644 682 non
3680 641 3780 682 vc-

2192 723 2342 780 nire?

2263 817 2354 873 i5.
2375 815 2489 872 Nisi
2512 815 2651 872 forte
2678 814 2919 873 dicturus
2944 828 3042 881 es,
3091 812 3212 869 ideo
3266 812 3516 883 parvulos
3566 827 3674 868 non
3724 812 3783 868 in

2192 922 2376 962 eorum
2403 922 2626 963 numero
2652 904 3001 977 deputandos,
3049 918 3187 975 quos
3234 904 3378 960 Deus
3422 919 3614 961 omnes
3665 906 3783 960 vult

2192 1001 2368 1056 salvos
2396 1000 2533 1065 fieri,
2563 999 2683 1070 quia
2712 1012 2776 1053 ea
2806 996 2999 1063 salute,
3029 1011 3151 1067 qua:
3178 995 3265 1052 hic
3293 995 3635 1066 intelligenda
3653 1007 3735 1053 est
3760 1038 3777 1066 ,

2192 1093 2323 1148 salvi
2353 1101 2478 1148 sunt
2494 1091 2617 1162 ipsi,
2647 1090 2779 1146 nihil
2802 1089 3073 1145 trahentes
3101 1089 3320 1145 omnino
3346 1089 3575 1160 peccati.
3602 1090 3781 1161 Atque

2190 1185 2262 1241 ita
2290 1196 2341 1242 te
2370 1185 2755 1241 iutolerabilior
2798 1191 3055 1255 sequetur
3106 1182 3427 1239 absurditas.
3477 1183 3587 1240 lsto
3634 1184 3782 1241 enim

2191 1275 2352 1332 modo
2380 1276 2868 1332 benevolentiorem
2894 1274 3024 1330 facis
3051 1275 3219 1330 Deum
3244 1275 3492 1331 omnibus
3526 1276 3788 1347 impiissi-

2190 1368 2293 1423 mis
2318 1377 2373 1423 et
2396 1366 2822 1423 sceleratissimis
2850 1365 3178 1432 hominibus,
3209 1354 3368 1437 quam
3394 1366 3783 1422 innocentissi-

2191 1463 2294 1521 mis
2319 1473 2373 1519 et
2399 1461 2702 1533 purissimis
2726 1460 2793 1517 ab
2818 1459 2966 1516 omni
3006 1459 3129 1515 labe
3176 1459 3421 1531 peccati:
3446 1458 3789 1530 quandoqui-

2190 1552 2313 1609 dem
2333 1553 2476 1621 illos,
2504 1553 2627 1624 quia
2647 1552 2758 1607 vult
2786 1566 2882 1607 eos
2907 1565 3096 1606 omnes
3122 1550 3302 1607 salvos
3330 1550 3467 1616 ﬁeri,
3484 1551 3599 1605 vult
3616 1550 3786 1606 etiam

2190 1647 2394 1703 intrare
2421 1647 2475 1702 in
2495 1661 2717 1717 regnum
2747 1659 2903 1701 suum
2933 1660 2947 1698 :
2979 1643 3084 1699 hoc
3108 1652 3193 1699 est
3246 1643 3388 1699 enim
3434 1642 3541 1697 illis
3587 1658 3788 1699 conse-

2191 1753 2383 1810 quens,
2414 1738 2460 1793 si
2484 1737 2615 1792 salvi
2656 1736 2854 1792 fuerint
2885 1753 2899 1789 :
2926 1734 3020 1791 sed
3063 1735 3151 1806 qui
3187 1734 3396 1799 nolunt,
3428 1734 3528 1803 ipsi
3555 1733 3655 1788 sibi
3678 1732 3786 1788 ob-

2191 1836 2333 1885 sunt.
2378 1829 2702 1883 lmmensum
2748 1841 2878 1882 vero
2928 1840 3209 1881 numerum
3262 1822 3627 1895 parvulorum,
3687 1822 3787 1894 qui

2189 1922 2308 1976 sine
2348 1920 2672 1990 Baptismate
2717 1919 3058 1985 moriuntur,
3102 1931 3199 1972 suo
3243 1930 3410 1988 regno
3459 1915 3617 1984 adjici
3671 1931 3786 1972 non

2190 2012 2324 2080 vult,
2355 2026 2490 2084 quos
2516 2025 2689 2082 neque
2716 2010 2825 2065 ulla
2852 2018 3090 2081 peccata,
3132 2008 3269 2063 sicut
3324 2007 3522 2078 putatis
3547 2048 3563 2074 ,
3611 2005 3791 2077 impe-

2189 2106 2361 2173 diunt;
2390 2115 2463 2169 et,
2491 2104 2634 2175 quod
2660 2103 2836 2158 nullus
2856 2102 3097 2173 ambigit,
3121 2101 3239 2171 ejus
3283 2100 3539 2156 resistere
3581 2099 3786 2155 volun—

2190 2199 2286 2254 tati
2311 2196 2575 2254 contraria
2615 2196 2885 2250 voluntate
2928 2208 3033 2249 non
3058 2202 3304 2263 possunt.
3353 2190 3443 2247 Sic
3493 2189 3553 2246 lit
3579 2199 3789 2247 utesse

2189 2290 2508 2345 christianos
2527 2302 2715 2345 omnes
2728 2287 2875 2354 velit,
2893 2300 3119 2356 quorum
3137 2283 3291 2339 multi
3310 2282 3519 2348 nolunt;
3537 2298 3644 2337 non
3660 2297 3789 2338 om-

2189 2398 2286 2438 nes
2310 2383 2455 2446 velit,
2483 2395 2709 2452 quorum
2737 2387 2822 2435 est
2836 2392 2993 2433 nemo
3008 2376 3099 2449 qui
3113 2376 3281 2431 nolit:
3305 2374 3447 2446 quod
3474 2373 3731 2430 abhorret
3749 2389 3785 2428 a

2187 2489 2337 2530 vero.
2361 2470 2519 2530 Novit
2537 2473 2792 2528 Dominus
2812 2472 2902 2543 qui
2922 2479 3044 2526 sunt
3065 2469 3181 2541 ejus
3212 2468 3276 2543 (ll
3303 2467 3439 2524 Tim.
3460 2484 3520 2536 ιι,
3551 2466 3641 2540 19)
3678 2486 3692 2522 :
3723 2476 3789 2524 et

2188 2565 2243 2622 in
2263 2582 2448 2624 eorum
2482 2567 2654 2622 salute
2677 2572 2833 2637 atque
2861 2565 2914 2619 in
2942 2579 3097 2619 suum
3128 2578 3352 2634 regnum
3381 2561 3786 2619 introductione

2188 2669 2332 2715 certa
2358 2667 2441 2715 est
2468 2658 2714 2714 voluntas
2754 2655 2891 2726 ejus.
2922 2655 3012 2710 Sic
3038 2669 3166 2726 ergo
3197 2653 3357 2709 debet
3384 2653 3601 2724 intelligi
3629 2651 3785 2724 quod

2187 2751 2390 2807 dictum
2415 2759 2517 2818 est,
2551 2750 2736 2805 Omnes
2756 2748 2982 2803 homines
3010 2745 3113 2800 uult
3133 2746 3297 2801 salvos
3317 2746 3449 2814 ﬁeri,
3473 2753 3519 2799 et
3541 2745 3595 2798 in
3621 2744 3785 2816 agni-

2189 2843 2374 2896 tionem
2414 2842 2636 2896 veritatis
2682 2839 2849 2894 venire
2875 2839 2932 2904 ¹;
2965 2835 3413 2908 quemadmodum
3463 2835 3788 2907 intelligitur

2188 2932 2329 3003 quod
2351 2931 2549 2988 dictum
2568 2939 2671 2997 est,
2694 2929 2798 2984 Per
2822 2930 2970 2984 unius
2984 2929 3401 3002 justiﬁcationem
3414 2927 3468 2982 in
3485 2943 3659 2982 omnes
3680 2927 3787 2981 Ito-

2187 3026 2347 3081 tttines
2367 3024 2434 3079 ad
2450 3025 2867 3096 justi/icationem
2892 3024 3025 3078 uiue.

2258 3116 2351 3174 44.
2382 3116 2535 3185 Quod
2555 3115 2906 3187 apostolicum
2938 3113 3300 3169 testimonium
3324 3113 3370 3168 si
3406 3127 3473 3169 eo
3501 3111 3662 3169 modo
3691 3112 3788 3168 in-

2189 3209 2531 3280 telligendum
2572 3218 2748 3279 putas,
2783 3217 2839 3262 ut
2859 3206 3005 3262 dicas
3057 3222 3227 3261 omnes
3273 3205 3478 3278 positos
3521 3219 3790 3276 esse-pro

2188 3300 2386 3365 Multis,
2414 3301 2499 3369 qui
2521 3299 2881 3369 justiticantur
2907 3299 2960 3353 in
2990 3296 3205 3353 Christo
3234 3294 3430 3369 (multi
3462 3297 3659 3368 quippe
3688 3296 3788 3352 alii

2188 3408 2297 3449 non
2328 3392 2664 3448 viviﬁcantur
2710 3390 2765 3446 in
2813 3391 3030 3447 Christo
3060 3389 3118 3463 ²)
3147 3408 3160 3444 :
3185 3387 3595 3461 respondebitur
3634 3389 3733 3447 tibi
3765 3431 3786 3458 ,

2190 3482 2271 3539 sic
2298 3483 2459 3538 etiam
2490 3483 2597 3538 illic
2624 3482 2715 3538 ubi
2737 3482 2935 3537 dictum
2962 3489 3066 3548 est,
3085 3479 3272 3537 Omnes
3298 3481 3523 3536 homines
3540 3479 3650 3535 vult
3671 3481 3791 3536 sat-

2188 3588 2275 3628 vos
2298 3573 2434 3643 fieri,
2457 3582 2504 3627 et
2525 3573 2579 3628 in
2604 3573 2911 3643 agnitionem
2931 3573 3156 3627 ueritatis
3184 3572 3349 3626 venire
3370 3587 3392 3638 ;
3419 3570 3604 3626 Omnes
3632 3572 3792 3642 posi-

2189 3673 2274 3720 tos
2294 3679 2414 3721 esse
2441 3679 2537 3735 pro
2566 3664 2760 3731 Multis,
2793 3678 2928 3734 quos
2954 3664 3022 3719 ad
3073 3664 3231 3720 istam
3273 3663 3500 3734 gratiam
3534 3663 3653 3719 vult
3694 3679 3791 3720 ve-

2189 3755 2324 3810 nire.
2356 3754 2509 3823 Quod
2530 3754 2699 3811 multo
2726 3755 3129 3810 c0uvenientius
3160 3764 3377 3826 propter
3401 3754 3504 3809 hoc
3529 3755 3793 3825 intelligi-

2191 3855 2279 3901 tur
2305 3846 2529 3912 dictum,
2560 3846 2684 3916 quia
2710 3861 2870 3900 nemo
2897 3846 3076 3912 venit,
3108 3845 3211 3900 nisi
3250 3860 3411 3916 quem
3437 3845 3617 3901 venire
3666 3845 3791 3916 ipse

2189 3936 2435 3993 voluerit.
2467 3936 2634 3993 Nemo
2661 3945 2817 4007 potest
2842 3937 3012 3991 venire
3039 3935 3107 3990 ad
3134 3953 3233 4004 me,
3259 3936 3430 4007 inquit
3453 3935 3622 3990 Filius
3645 3977 3662 4002 ,
3680 3936 3790 3990 nisi

2199 4026 2374 4097 Pater,
2399 4029 2486 4101 qui
2506 4028 2642 4083 misit
2666 4046 2766 4098 me,
2793 4030 3005 4083 traxerit
3030 4045 3167 4096 eum;
3196 4036 3270 4097 et,
3304 4027 3471 4083 Nemo
3503 4037 3665 4100 potest
3693 4044 3789 4083 oe-

2191 4121 2300 4173 nire
2325 4118 2393 4173 ad
2417 4136 2514 4186 me,
2536 4119 2634 4173 nisi
2659 4118 2813 4189 fuerit
2833 4120 2880 4173 ei
2899 4119 3075 4173 datum
3095 4135 3127 4173 a
3152 4118 3305 4174 Patre
3349 4136 3459 4175 meo
3485 4118 3664 4191 (Joan.
3701 4134 3786 4187 vt,

2190 4208 2320 4264 Met
2334 4208 2445 4281 66).
2474 4208 2674 4264 Omnes
2701 4223 2829 4279 ergo
2856 4209 2945 4280 qui
2968 4208 3098 4263 salvi
3123 4207 3275 4275 ﬁunt,
3305 4218 3361 4265 et
3387 4210 3442 4265 in
3456 4210 3785 4281 agnitionem

2191 4299 2414 4354 veniunt
2440 4300 2698 4364 veritatis,
2732 4314 2799 4355 eo
2822 4300 3037 4356 volente
3082 4300 3214 4356 salvi
3265 4300 3417 4368 fiunt,
3451 4315 3517 4357 eo
3567 4301 3788 4357 volente

2190 4391 2432 4446 veniunt.
2455 4390 2589 4458 Quia
2617 4400 2673 4446 et
2699 4392 2792 4462 qui
2820 4391 3056 4448 nondum
3085 4391 3128 4457 ³,
3158 4380 3300 4448 sicui
3344 4392 3546 4463 parvuli
3570 4434 3587 4461 ,
3614 4401 3787 4448 utun-

2191 4490 2280 4538 tur
2305 4483 2596 4538 voluntatis
2620 4482 2863 4551 arbitrio,
2893 4498 2959 4539 eo
2986 4482 3198 4539 volente
3221 4492 3606 4555 regenerantur
3633 4526 3649 4552 ,
3672 4498 3787 4555 quo

2191 4583 2410 4630 creante
2452 4583 2819 4645 generantur:
2852 4583 2909 4630 et
2954 4575 3042 4645 qui
3074 4574 3183 4645 jam
3224 4583 3444 4630 utuntur
3490 4574 3787 4631 voluntatis

2191 4664 2435 4733 arbitrio,
2465 4665 2570 4721 nisi
2590 4680 2656 4720 eo
2677 4666 2891 4721 volente
2910 4679 2974 4720 ac
2993 4666 3345 4721 subveniente
3364 4682 3395 4720 a
3419 4681 3525 4737 quo
3566 4682 3783 4738 ιιι-τερε-

2192 4768 2341 4814 ratur
2364 4759 2615 4815 voluntas
2637 4757 2823 4830 (Prov.
2846 4775 2957 4826 vui,
2980 4775 3082 4814 sec.
3122 4757 3320 4831 LXX),
3362 4760 3501 4816 velle
3525 4776 3633 4816 non
3657 4775 3789 4833 pos—

2191 4862 2335 4907 sunt.

2263 4943 2358 5000 45.
2385 4943 2487 5000 Ubi
2514 4943 2559 4999 si
2581 4943 2781 4998 dixeris
2802 4942 2955 5010 mihi,
2978 4943 3086 5000 Cur
3102 4958 3229 5015 ergo
3250 4958 3357 4998 non
3379 4944 3785 5001 convertitom-

2192 5035 2337 5089 nium
2366 5034 2661 5090 nolentium
2691 5032 2713 5066 ‘
2738 5034 3069 5089 voluntates?
3111 5034 3481 5104 respondebo,
3514 5033 3626 5089 Cur
3672 5051 3783 5092 non

2192 5142 2378 5183 omnes
2406 5125 2694 5181 morituros
2719 5125 2937 5196 adoptat
2960 5126 3171 5180 lavacro
3225 5126 3651 5195 regenerationis
3701 5128 3787 5182 in-

2192 5216 2387 5286 fantes,
2409 5231 2636 5287 quorum
2659 5215 2835 5272 adhuc
2854 5216 3024 5271 nullas
3043 5256 3060 5284 ,
3090 5222 3146 5271 et
3196 5215 3319 5270 ideo
3360 5231 3459 5272 nec
3483 5219 3787 5275 contrarias

2191 5310 2395 5367 invenit
2420 5309 2756 5367 voluntates?
2782 5309 2839 5367 Si
2867 5309 2972 5369 hoc
3001 5307 3315 5381 profundius
3334 5325 3457 5366 esse
3493 5312 3781 5383 perspicis,

2256 5529 2275 5561 ι
2310 5527 3778 5593 Am.Er.etuss.,onmeshominesvultventre;aniasisin~

2191 5590 2445 5641 termediis
2466 5592 2649 5643 verbis.

2255 5654 2276 5684 ²
2309 5660 2403 5703 Hac
2424 5655 2671 5726 sententia
2691 5661 2868 5726 carent.
2894 5651 3079 5726 aliquot
3108 5655 3422 5726 manuscript!
3447 5668 3460 5705 :
3487 5662 3542 5707 et
3560 5657 3786 5710 nonnulli
3835 5719 3843 5723 η
3894 5695 3903 5702 .

2258 5839 2279 5869 δ
2313 5839 2521 5889 Vaticani
2542 5837 2849 5903 manuscripti
2862 5839 3033 5899 etcfere
3059 5837 3231 5892 Omnes
3250 5837 3491 5906 Gallicani,
3508 5840 3793 5897 uolantem.
