4142 6534
329 406 425 464 76,
1654 390 1861 448 LIBER
1896 391 2242 462 QUARTUS.

251 502 266 517 θ
315 516 652 593 quamutabs
673 526 729 573 te
750 515 927 573 valeat
954 512 1200 581 inveniri;
1233 520 1518 584 utrumque
1558 511 1771 582 utrique
1796 527 1896 568 no-

312 624 477 672 strum
502 610 834 683 profundum
855 610 945 679 sit,
969 625 1065 665 cur
1084 616 1140 665 et
1164 608 1219 664 in
1267 605 1561 677 majoribus
1596 614 1651 661 et
1696 605 1748 661 in
1798 603 1901 661 mi-

310 705 532 763 noribus
552 705 697 760 Deus
719 704 853 760 velit
879 702 1032 758 alteri
1073 709 1130 757 et
1180 700 1315 756 nolit
1364 699 1519 754 alteri
1571 697 1893 754 subvenire:

3494 427 3598 488 763

2010 527 2130 610 mea
2159 529 2370 584 ponam,
2397 519 2536 577 unde
2577 523 2793 582 videant
2819 527 2911 599 qui
2953 527 3067 587 haec
3094 531 3300 606 legunt,
3331 544 3592 610 quemad-

2008 607 2229 664 modum
2253 611 2466 682 scriptis
2494 616 2628 672 meis
2657 618 2923 678 insidieris
2946 664 2961 690 ,
3007 631 3063 681 et
3114 642 3216 698 qua
3261 607 3589 694 conscientia

307 803 431 859 dum
460 813 643 857 tamen
686 809 894 856 eertum
913 807 969 856 et
995 796 1267 854 immobile
1306 805 1602 863 teneamus,
1643 810 1750 851 non
1770 807 1896 850 esse

311 894 647 966 iniquitatem
668 893 812 964 apud
831 893 1001 949 Deum
1032 889 1206 964 (Rom.
1224 905 1300 957 1x,
1323 889 1432 960 14),
1449 903 1553 959 qua
1573 902 1893 959 quemquam

303 989 423 1044 sine
448 986 609 1043 malis
627 987 835 1042 meritis
854 985 1106 1051 damnet;
1147 990 1202 1040 et
1238 997 1360 1061 esse
1404 981 1696 1037 bonitatem
1752 979 1892 1051 apud

301 1080 489 1143 Deum,
522 1094 629 1149 qua
657 1079 857 1134 multos
876 1078 991 1136 sine
1014 1076 1168 1133 bonis
1196 1074 1403 1131 meritis
1420 1073 1643 1129 liberet:
1667 1072 1890 1128 demon-

299 1181 473 1227 strans
502 1172 558 1227 in
587 1173 668 1228 eis
692 1187 828 1244 quos
847 1171 1063 1227 damnat
1087 1169 1215 1242 quid
1240 1168 1489 1225 omnibus
1516 1166 1792 1232 debeatur;
1828 1174 1889 1221 ut

299 1264 426 1320 hinc
454 1264 670 1321 discant
696 1280 831 1336 quos
851 1264 1061 1333 liberat,
1088 1278 1207 1334 quae
1232 1262 1334 1318 sibi
1382 1274 1540 1331 poena
1568 1258 1746 1314 debita
1792 1272 1883 1314 re-

299 1355 527 1423 laxetur,
557 1367 613 1412 et
632 1373 754 1427 quae
774 1356 1008 1412 indebita
1033 1355 1201 1427 gratia
1225 1353 1576 1410 eondonetur.

360 1447 609 1503 46.1]th
633 1458 688 1503 ut
714 1447 1019 1504 christianis
1044 1445 1296 1502 cordibus
1347 1444 1598 1500 convenit
1646 1443 1881 1514 cogitare

292 1539 528 1604 nescitis,
557 1549 613 1594 et
629 1555 725 1595 vos
746 1540 922 1610 potius
954 1537 1249 1594 secundum
1301 1545 1535 1591 vestram
1561 1534 1878 1590 sententiam

289 1630 396 1686 fato
415 1631 515 1685 ista
540 1630 719 1686 dicitis
749 1631 884 1687 ﬁeri.
914 1630 1104 1685 Vestra
1132 1628 1347 1700 quippe,
1380 1625 1487 1682 notl
1519 1634 1699 1681 nostra
1748 1640 1876 1679 sen-

288 1724 449 1777 tentia
471 1732 578 1788 est,
612 1741 631 1774 t
676 1722 787 1778 fato
817 1722 931 1778 fieri
969 1720 1112 1791 quod
1163 1719 1358 1775 merito
1392 1734 1500 1774 non
1544 1717 1620 1771 fit.
1661 1735 1680 1769 ι
1713 1716 1781 1770 Et
1808 1731 1876 1771 ne

286 1815 578 1871 secundum
607 1815 767 1872 istam
792 1813 1158 1871 deﬁnitionem
1196 1812 1307 1867 fato
1350 1810 1479 1866 ﬁant
1522 1808 1832 1866 hominibus
1854 1849 1870 1876 ,

281 1908 326 1963 si
355 1907 565 1962 meritis
586 1922 693 1962 non
740 1906 890 1973 ﬁant,
920 1919 1268 1977 quascumque
1297 1905 1464 1969 fiunt;
1518 1902 1638 1958 ideo
1680 1902 1870 1957 merita

278 1999 359 2054 vel
377 1999 516 2054 bona
546 1999 631 2053 vel
656 1998 815 2063 mala,
844 2007 1099 2068 quantum
1130 1996 1373 2067 potestis,
1398 1993 1639 2050 asseritis
1663 2035 1678 2060 ,
1706 2008 1775 2049 ne
1794 1991 1872 2048 fa-

278 2102 387 2148 tum
430 2092 503 2147 sit
541 2106 909 2162 consequens,
955 2091 1002 2146 si
1040 2090 1231 2145 merita
1268 2086 1612 2159 negaveritis.
1646 2088 1725 2141 Ae
1772 2100 1869 2155 per

276 2182 377 2239 hoc
401 2182 600 2238 dieitur
624 2183 797 2250 vobis,
821 2182 878 2239 Si
908 2198 970 2238 ea
990 2198 1110 2254 quae
1131 2181 1294 2236 nullis
1312 2181 1519 2236 meritis
1542 2186 1865 2251 praestantur

275 2274 597 2344 hominibus,
634 2276 745 2332 fato
772 2277 886 2332 ﬁeri
912 2277 1023 2347 jam
1054 2291 1276 2333 necesse
1299 2283 1403 2343 est,
1432 2283 1489 2331 et
1513 2272 1636 2330 ideo
1673 2273 1863 2329 merita

271 2367 555 2423 astruenda
583 2378 731 2436 sunt,
764 2384 834 2425 ne
858 2369 1023 2424 fatum
1057 2369 1123 2423 sit
1150 2382 1486 2439 consequens
1513 2407 1529 2434 ,
1574 2366 1620 2422 si
1672 2364 1862 2421 merita

270 2472 373 2514 non
392 2469 519 2515 sunt
552 2478 565 2514 :
596 2458 708 2516 fato
739 2459 1097 2530 baptizantur,
1130 2458 1239 2514 fato
1290 2460 1489 2514 intrant
1540 2458 1594 2513 in
1636 2472 1859 2527 regnum

269 2549 361 2605 Dei
386 2550 616 2620 parvuli,
649 2532 879 2621 quorum
898 2552 1033 2606 bona
1062 2551 1251 2605 merita
1276 2551 1421 2606 nulla
1448 2560 1606 2616 sunt;
1638 2558 1693 2604 et
1738 2564 1859 2603 rur-

266 2654 374 2708 sus,
403 2639 510 2695 fato
538 2656 646 2695 non
667 2640 1025 2710 baptizantur,
1049 2640 1158 2696 fato
1185 2655 1294 2697 non
1323 2640 1523 2696 intrant
1548 2640 1602 2695 in
1630 2654 1851 2709 regnum

266 2731 357 2787 Dei
380 2733 610 2802 parvuli,
635 2747 864 2803 quorum
903 2732 1044 2787 mala
1093 2733 1282 2789 merita
1337 2731 1479 2787 nulla
1534 2738 1678 2786 sunt.
1714 2730 1855 2787 Ecce

268 2824 438 2895 pusilli
464 2824 558 2894 qui
584 2823 687 2878 fari
723 2835 1013 2896 nequeunt,
1064 2840 1158 2880 vos
1205 2826 1380 2896 potius
1421 2832 1715 2880 assertores
1758 2824 1854 2879 fati

263 2929 377 2970 esse
398 2915 748 2970 convincunt.
777 2915 887 2971 Nos
914 2925 1092 2972 autem
1119 2930 1239 2971 eum
1267 2916 1465 2971 vitiata:
1490 2917 1711 2988 originis
1737 2932 1851 2971 ma-

262 3005 309 3060 la
335 3007 521 3062 merita
545 3023 668 3070 esse
697 3007 962 3076 dicamus,
991 3008 1161 3079 gratia
1180 3008 1407 3064 dicimus
1434 3009 1634 3063 intrare
1657 3022 1849 3078 parvus

263 3096 441 3152 lumin
467 3113 696 3168 regnum
754 3100 871 3165 Dei,
919 3100 1168 3170 quoniam
1214 3098 1389 3154 bonus
1431 3107 1515 3154 est
1561 3099 1740 3164 Deus;
1796 3107 1851 3155 et

259 3188 413 3244 alium
441 3191 639 3245 merito
660 3206 768 3246 non
793 3192 1014 3258 intrare,
1047 3192 1298 3262 quoniam
1331 3192 1509 3260 justus
1533 3200 1615 3246 est
1668 3192 1842 3257 Deus;

259 3283 380 3338 etin
415 3291 609 3339 neutro
661 3299 786 3339 esse
836 3282 1043 3349 fatum,
1092 3283 1341 3354 quoniam
1394 3283 1536 3353 quod
1568 3282 1683 3338 vult
1722 3283 1846 3338 facit

257 3374 416 3430 Deus.
447 3374 554 3430 Sed
573 3391 696 3429 cum
721 3374 957 3430 sciamus
1004 3374 1177 3441 abeo,
1208 3376 1295 3429 cui
1345 3374 1765 3430 misericordiam
1791 3383 1845 3431 et

256 3464 510 3536 iudicium
528 3466 666 3519 ﬁdeli
694 3481 830 3521 voce
877 3474 1156 3521 cantamus
1183 3464 1355 3539 (Paul.
1383 3481 1435 3532 c,
1467 3467 1547 3537 l),
1574 3466 1735 3520 istum
1753 3480 1843 3521 se-

257 3555 495 3611 cundum
516 3555 766 3626 judicium
796 3556 1062 3621 damnari,
1094 3556 1243 3611 illum
1287 3556 1581 3612 secundum
1628 3556 1841 3613 miseri-

257 3648 495 3703 cordiam
532 3649 780 3716 liberari;
812 3663 911 3704 cur
945 3650 1108 3705 istum
1140 3651 1317 3719 potius
1354 3665 1512 3720 quam
1562 3650 1709 3705 illum
1747 3650 1841 3705 da-

250 3750 393 3795 mnet
410 3749 502 3794 aut
518 3740 727 3805 liberet,
746 3756 845 3796 nos
860 3741 949 3812 qui
966 3756 1152 3797 sumus
1163 3741 1252 3812 qui
1273 3742 1689 3812 respondeamus
1709 3741 1842 3797 Deo?

248 3828 514 3901 Numquid
543 3831 678 3886 dicit
706 3830 1020 3902 ﬁgmentum
1050 3834 1100 3887 ei
1121 3831 1211 3903 qui
1235 3846 1296 3888 se
1327 3832 1477 3887 finxit
1500 3873 1514 3899 ,
1543 3833 1719 3901 Quare
1762 3833 1841 3889 sie

250 3938 331 3978 me
346 3923 762 3979 fecistiiAnnon
795 3924 953 3981 habet
979 3934 1297 3995 potestatem
1328 3924 1523 3997 ﬁgulus
1546 3926 1639 3981 luti
1664 3942 1730 3981 ex
1744 3942 1839 3982 ea-

251 4016 366 4072 dem
416 4033 598 4072 massa
655 4019 877 4090 originis
921 4019 1118 4075 vitiata:
1156 4028 1318 4092 atque
1359 4020 1624 4075 damnatae
1664 4019 1839 4078 lacere

251 4108 385 4164 aliud
404 4124 497 4163 vas
527 4109 581 4163 in
630 4109 894 4165 honorem
944 4111 1234 4166 secundum
1277 4112 1734 4179 misericordiam,
1784 4125 1839 4169 et

252 4198 388 4253 aliud
418 4199 471 4253 in
501 4200 886 4256 contumeliam
917 4202 1209 4257 secundum
1230 4202 1491 4273 judicium
1537 4202 1727 4277 (Rom.
1752 4220 1832 4274 ιχ,

251 4288 335 4356 Ἦ),
359 4289 489 4362 21)?
516 4290 646 4346 ldeo
671 4306 778 4347 non
805 4302 1085 4365 utrumque
1113 4295 1169 4350 in
1194 4294 1474 4361 honorem,
1504 4312 1573 4352 ne
1596 4296 1698 4353 hoc
1717 4312 1833 4354 me-

252 4384 417 4438 ruisse
441 4400 501 4439 se
527 4385 799 4440 existimet
836 4394 1085 4457 tanquam
1131 4388 1398 4458 inculpata
1453 4397 1639 4444 natura
1674 4407 1686 4443 :
1715 4389 1835 4447 ideo

252 4492 351 4532 non
382 4485 673 4548 utrumque
702 4479 755 4532 in
782 4480 1179 4547 contumeliam,
1222 4491 1277 4535 ut
1327 4481 1531 4551 judicio
1573 4497 1833 4553 superex-

250 4568 407 4624 sultet
436 4570 454 4601 ι
479 4569 847 4626 misericordia
878 4570 1080 4640 (Jacobi
1107 4588 1165 4640 ll,
1198 4572 1310 4645 1'5).
1359 4573 1437 4628 Ae
1460 4589 1557 4644 per
1590 4573 1693 4630 hoc
1736 4589 1835 4632 nec

253 4659 528 4716 damnatus
553 4679 621 4718 ex
649 4663 832 4720 debito
859 4663 926 4719 de
954 4666 1213 4735 supplicio
1246 4667 1388 4737 juste
1432 4668 1691 4737 queritur,
1734 4686 1834 4726 nec

252 4748 503 4806 liberatus
532 4753 699 4823 gratis
729 4754 795 4808 de
824 4755 1017 4811 merito
1045 4756 1275 4826 superbe
1299 4757 1576 4825 gloriatur;
1609 4759 1703 4814 sed
1733 4775 1832 4829 po-

252 4843 351 4899 tius
377 4844 655 4901 humiliter
668 4846 871 4916 gratias
891 4848 1017 4917 agit,
1049 4848 1260 4917 quando
1299 4849 1351 4903 in
1379 4849 1470 4903 illo
1494 4865 1522 4903 a
1545 4865 1651 4920 quo
1677 4850 1832 4906 debi-

251 4942 356 4991 tum
382 4937 634 5009 exigitur,
666 4938 794 5009 quid
821 4939 875 4994 in
902 4940 1087 4995 eadem
1131 4956 1288 4996 causa
1339 4938 1439 4997 sibi
1480 4942 1707 4999 donetur
1735 4958 1831 5015 ag-

251 5030 433 5084 noscit.

313 5123 402 5176 47.
426 5123 635 5179 Asseris
662 5138 750 5179 me
773 5124 824 5179 in
851 5123 957 5179 alio
982 5125 1121 5181 libro
1152 5141 1272 5182 meo
1297 5127 1497 5184 dixisse
1522 5169 1536 5193 ,
1572 5146 1592 5180 ‹
1638 5128 1830 5199 Negari

251 5213 469 5270 liberum
492 5216 796 5284 arbitrium,
820 5220 864 5272 si
888 5219 1055 5289 gratia
1084 5219 1487 5275 commendetur
1511 5237 1524 5287 ;
1558 5231 1613 5277 et
1639 5223 1829 5276 itermn

250 5306 423 5375 negari
441 5307 692 5379 gratiam,
724 5308 767 5362 si
790 5308 1013 5363 liberum
1032 5310 1439 5366 commendetur
1464 5312 1762 5366 arbitrium.
1804 5332 1823 5364 ι

250 5395 593 5455 Calumniaris
627 5418 641 5455 :
674 5416 779 5456 non
806 5401 906 5456 hoc
934 5417 966 5456 a
993 5418 1078 5458 me
1094 5401 1292 5457 dictqu
1320 5414 1418 5469 est,
1453 5405 1546 5460 sed
1603 5418 1830 5477 propter

249 5488 409 5560 ipsius
432 5493 740 5563 quaestionis
769 5493 1132 5550 difficultatem
1185 5494 1350 5550 videri
1405 5495 1505 5551 hoc
1546 5512 1702 5567 posse
1749 5498 1828 5551 di-

251 5591 389 5639 ctum
415 5595 575 5642 estet
599 5589 795 5657 putari.
819 5587 935 5643 Non
978 5598 1059 5644 est
1112 5588 1335 5645 multum
1391 5601 1449 5645 ut
1503 5592 1613 5661 ipsa
1669 5593 1825 5646 verba

307 5850 328 5883 ί
357 5860 459 5907 Alt.
480 5858 534 5904 et
552 5860 682 5918 item,
705 5856 1045 5919 stipa-exultet.

2007 700 2088 755 vel
2116 701 2299 768 tardis,
2325 705 2410 761 vel
2442 705 2640 777 ignaris
2667 712 2917 772 cordibus
2956 717 3189 777 abutaris
3211 765 3226 790 ,
3262 732 3321 781 ut
3368 726 3490 783 ideo
3536 738 3589 787 te

2003 791 2311 851 existiment
2330 800 2677 868 respondere,
2704 806 2826 875 quia
2853 822 2961 864 non
2987 810 3065 866 vis
3095 820 3289 873 tacere.
3323 816 3379 872 in
3406 821 3586 877 novis-

2001 885 2151 942 simis
2171 889 2314 945 enim
2341 893 2579 961 partibus
2612 897 2768 966 primi
2794 899 2914 955 libri
2954 903 3058 959 mei
3104 906 3171 960 ad
3218 918 3457 966 sanctum
3492 914 3583 968 Pi-

1999 978 2234 1047 nianum,
2266 984 2421 1053 cujus
2470 994 2553 1041 est
2597 989 2814 1057 titulus,
2861 993 2938 1048 De
2978 996 3147 1065 gratia
3190 1010 3373 1057 contra
3426 1003 3580 1059 Pela-

1993 1070 2137 1141 gium
2162 1073 2179 1104 ¹
2214 1090 2227 1127 :
2266 1092 2284 1126 ι
2325 1076 2447 1143 ista,
2472 1095 2491 1130 ι
2521 1078 2755 1150 inquam,
2787 1100 2807 1135 ‹
2838 1086 3062 1155 (ιυωειίο
3110 1088 3199 1144 ubi
3252 1091 3321 1148 de
3359 1095 3579 1152 arbitrio

1992 1161 2281 1221 voluntatis
2309 1177 2363 1221 et
2394 1167 2486 1223 Dei
2515 1171 2679 1240 gratia
2705 1171 3026 1244 disputatur,
3051 1177 3121 1251 ita
3149 1189 3233 1235 est
3270 1182 3337 1237 ad
3372 1184 3572 1242 discer-

1992 1254 2224 1310 nendum
2246 1256 2500 1327 difﬁeilis,
2526 1269 2586 1316 ut
2609 1264 2822 1333 quando
2856 1265 3159 1325 defenditur
3186 1271 3409 1329 liberum
3436 1278 3574 1333 arbi-

1990 1345 2169 1412 trium,
2199 1349 2377 1418 negari
2405 1350 2497 1406 Dei
2524 1355 2693 1423 gratia
2717 1356 2993 1427 videatur;
3023 1363 3234 1431 quando
3288 1375 3463 1423 autem
3488 1384 3572 1425 as-

1986 1437 2182 1494 seritur
2210 1439 2303 1495 Dei
2324 1445 2512 1511 gratia,
2544 1444 2769 1503 liberum
2801 1450 3077 1510 arbitrium
3108 1466 3324 1525 putetur
3344 1458 3565 1527 auferri,

1985 1537 2041 1583 et
2063 1538 2256 1585 cratera
2281 1551 2301 1584 ι
2335 1531 2435 1606 (De
2463 1533 2642 1591 Gratia
2661 1537 2850 1595 Christi
2873 1584 2889 1610 ,
2913 1560 2966 1597 η.
2998 1543 3115 1616 52).
3141 1546 3217 1601 Tu
3266 1556 3442 1605 autem
3491 1551 3571 1606 vir

1982 1618 2240 1679 honestus
2270 1633 2324 1679 et
2345 1640 2528 1696 verax,
2555 1629 2819 1686 abstulisti
2849 1634 3009 1690 verba
3041 1652 3159 1707 quae
3201 1637 3332 1705 dixi,
3379 1650 3432 1695 et
3481 1640 3565 1696 di-

1981 1712 2102 1768 xisti
2123 1716 2264 1785 quod
2281 1717 2397 1789 ipse
2415 1719 2631 1777 tinxisti.
2660 1723 2775 1797 Ego
2795 1726 2936 1782 enim
2962 1728 3093 1798 dixi,
3120 1729 3275 1786 ibtam
3312 1735 3566 1803 quaestio-

1978 1819 2102 1860 nem
2129 1806 2196 1861 ad
2218 1807 2629 1868 discernendum
2674 1831 2794 1872 esse
2819 1818 3089 1875 difﬁcilem
3117 1839 3129 1874 :
3153 1837 3258 1878 non
3283 1833 3460 1880 autem
3485 1825 3565 1885 di-

1976 1898 2051 1965 xi,
2083 1914 2189 1955 non
2217 1917 2371 1971 posse
2400 1903 2653 1961 discerni.
2683 1907 2846 1965 Multo
2894 1911 3073 1966 minus
3119 1928 3247 1984 ergo
3291 1915 3559 1983 dicerem,

1974 1989 2115 2060 quod
2132 2006 2219 2046 me
2243 1992 2441 2050 dixisse
2468 1997 2734 2066 mentiris,
2760 2017 2780 2051 (
2813 2002 2996 2071 negari
3012 2002 3237 2059 liberum
3259 2006 3556 2074 arbitrium,

1973 2080 2023 2135 si
2053 2081 2223 2152 gratia
2250 2086 2675 2155 commendetur;
2707 2097 2763 2144 et
2785 2093 2965 2161 negari
2990 2095 3235 2164 gratiam,
3266 2095 3313 2150 si
3332 2096 3558 2154 liberum

1971 2174 2373 2230 commendetur
2396 2177 2695 2235 arbitrium.
2718 2200 2736 2233 ›
2762 2181 2944 2239 Redde
2982 2186 3144 2241 verba
3181 2204 3298 2244 mea
3325 2230 3340 2255 ,
3370 2198 3425 2244 et
3462 2206 3556 2262 va-

1969 2272 2156 2319 nescet
2174 2264 2439 2322 calumnia
2459 2276 2567 2323 tua.
2594 2269 2815 2340 Repone
2839 2272 2953 2330 suis
2982 2274 3141 2344 locis,
3166 2276 3255 2332 ubi
3281 2278 3413 2346 dixi,
3431 2299 3451 2331 ι
3476 2281 3556 2335 vi-

1967 2351 2190 2422 deatur;
2231 2374 2250 2408 ι
2285 2358 2374 2413 ubi
2401 2358 2533 2428 dixi,
2571 2378 2592 2413 ι
2627 2370 2877 2431 putetur:
2914 2384 2935 2419 ι
2971 2375 3029 2421 ut
3073 2378 3334 2438 appareat
3370 2370 3439 2427 de
3491 2388 3573 2429 re'

1966 2452 2110 2501 tanta
2131 2449 2321 2518 quibus
2348 2452 2443 2507 abs
2471 2462 2521 2508 te
2549 2453 2825 2512 fraudibus
2869 2458 3189 2530 disputetur.
3232 2462 3347 2518 Non
3393 2465 3542 2533 dixi,

1970 2557 1991 2591 ι
2019 2542 2199 2612 negari
2224 2544 2482 2614 gratiam;
2515 2548 2668 2613 ised,
2698 2566 2718 2601 ς
2751 2559 2810 2604 ut
2834 2553 3016 2621 negari
3039 2554 3206 2624 gratia
3232 2554 3496 2612 videatur.
3521 2577 3541 2612 ι

1959 2629 2078 2689 Non
2101 2633 2231 2703 dixi,
2270 2653 2290 2687 ι
2322 2639 2502 2708 negari
2528 2640 2805 2696 arbitrium
2827 2643 3054 2700 liberum
3079 2687 3094 2713 ,
3120 2646 3206 2703 vel
3246 2648 3483 2716 auferri;
3523 2669 3542 2704 ι

1959 2724 2056 2779 sed
2084 2724 2212 2792 dixi,
2242 2745 2260 2778 ι
2290 2736 2349 2782 ut
2380 2737 2595 2798 putetur
2642 2732 2860 2788 auferri.
2891 2752 2911 2787 ι
2945 2735 3013 2790 Ει
3044 2732 3345 2807 promitlis,
3375 2759 3394 2791 ι
3425 2756 3548 2796 cum

1957 2813 2080 2869 libri
2107 2814 2206 2887 ipsi
2232 2818 2479 2874 ventilari
2505 2824 2785 2892 coeperint,
2818 2824 2963 2894 quod
2994 2826 3088 2882 abs
3135 2835 3187 2882 te
3207 2828 3294 2883 illa
3324 2840 3547 2887 senten~

1956 2905 2148 2961 tiarum
2180 2922 2420 2964 mearum
2459 2920 2514 2966 et
2548 2912 2835 2969 nudabitur
2876 2924 2931 2971 et
2975 2915 3309 2973 confodietur
3353 2919 3546 2993 impie-

1955 3004 2058 3052 tas.
2090 3018 2110 3052 ι
2140 2999 2272 3068 Quis
2320 3018 2429 3059 non
2460 3005 2481 3036 ’
2511 3015 2785 3076 exspectet
2833 3009 3148 3078 sapientiam
3197 3010 3506 3070 disserentis
3525 3055 3542 3082 ,

1952 3092 2042 3161 qui
2064 3091 2223 3149 ﬁdem
2253 3098 2564 3165 cognoverit
2592 3101 2946 3155 mentientis?

2021 3182 2108 3238 48.
2133 3184 2271 3253 Quid
2292 3195 2375 3242 est
2394 3197 2569 3243 autem
2591 3191 2733 3260 quod
2761 3190 2996 3262 loqueris
3014 3235 3028 3258 ,
3061 3211 3082 3245 ι
3117 3193 3259 3249 Nihil
3280 3196 3545 3265 pertinere

1949 3270 2017 3327 ad
2048 3272 2258 3331 laudem
2298 3278 2483 3347 gratia:
2506 3319 2522 3345 ,
2574 3280 2617 3334 si
2649 3280 2701 3335 id
2751 3280 2914 3337 donet
2953 3283 3098 3351 suis,
3145 3284 3286 3355 quod
3329 3295 3545 3356 peccata

1949 3363 2126 3436 impiis
2151 3367 2484 3438 largiuntur?
2521 3390 2540 3424 ι
2577 3372 2801 3443 PrOpter
2826 3374 3135 3444 pudicitiam
3165 3377 3369 3434 scilicet
3408 3394 3543 3436 con-

1942 3454 2209 3541 iugalem,
2238 3477 2396 3532 quam
2447 3464 2539 3518 tibi
2587 3464 2784 3521 habere
2821 3466 3068 3522 videntur
3091 3478 3145 3523 et
3174 3469 3344 3541 impii.
3373 3470 3543 3528 Homo

1944 3534 2316 3616 eontentiose,
2346 3554 2516 3609 virtus
2563 3554 2793 3610 donatur
2820 3572 2945 3612 vera
2988 3572 3084 3627 per
3124 3560 3388 3629 gratiam,
3433 3578 3540 3618 non

1945 3655 2065 3710 quae
2090 3652 2308 3699 vocatur
2327 3685 2342 3710 ,
2373 3653 2428 3700 et
2449 3661 2554 3700 non
2585 3656 2686 3701 est.
2712 3645 2916 3718 thuid
2936 3657 3111 3703 autem
3155 3650 3458 3719 pudicitiam
3488 3663 3543 3708 et

1944 3733 2302 3803 virginitatem
2328 3737 2479 3806 quasi
2519 3736 2762 3807 ejusdem
2790 3740 3006 3809 generis
3031 3739 3249 3811 jungis?
3279 3741 3538 3800 Pudicitia

1944 3838 2033 3879 res
2056 3832 2140 3880 est
2179 3825 2376 3893 animi;
2407 3827 2680 3898 virginitas
2704 3870 2719 3895 ,
2773 3830 3032 3900 corporis.
3089 3831 3324 3902 Denique
3371 3843 3419 3888 ct
3450 3834 3538 3889 illa

1943 3914 2149 3986 integra
2176 3916 2229 3970 in
2251 3916 2431 3972 animo
2455 3928 2803 3988 permanente
2826 3962 2842 3988 ,
2872 3928 3047 3991 potest
3075 3922 3178 3978 ista
3220 3922 3287 3979 de
3317 3938 3540 3995 corpore

1944 4006 2207 4063 violenter
2227 4009 2422 4066 auferri
2446 4027 2461 4078 ;
2487 4021 2540 4066 et
2568 4027 2689 4067 eum
2716 4013 2825 4070 ista
2846 4013 3051 4085 integra
3080 4024 3262 4072 manet
3285 4019 3494 4088 corpori
3518 4059 3535 4087 ,

1943 4106 2120 4168 potest
2147 4100 2235 4155 illa
2262 4100 2317 4155 in
2355 4101 2533 4158 animo
2574 4103 2767 4160 lasciva
2794 4104 3065 4162 voluntate
3087 4109 3375 4178 corrumpi.
3404 4109 3538 4165 Pro-

1942 4199 2064 4260 pter
2090 4192 2233 4267 quod
2263 4208 2362 4265 ego
2392 4209 2497 4250 non
2551 4196 2682 4266 dixi,
2716 4197 2909 4254 Verum
2937 4200 3240 4272 conjugium
3259 4243 3274 4267 ,
3314 4203 3427 4260 sive
3454 4205 3535 4260 vi-

1939 4280 2152 4350 duitas,
2187 4285 2306 4341 sive
2334 4285 2638 4357 virginitas;
2685 4288 2815 4357 sed,
2871 4308 2890 4343 t
2925 4290 3061 4348 Vera
3111 4292 3393 4362 pudicitia,
3425 4296 3537 4353 sive

1939 4372 2234 4445 conjttgalis
2251 4416 2266 4442 ,
2294 4377 2405 4432 sive
2430 4377 2656 4435 vidualis
2674 4420 2690 4446 ,
2719 4382 2835 4437 sive
2860 4382 3154 4454 virginalis,
3180 4384 3405 4443 dicenda
3430 4403 3534 4443 non

1940 4473 2024 4520 est
2043 4506 2057 4533 ,
2089 4465 2190 4521 nisi
2216 4482 2337 4537 quae
2367 4484 2507 4526 verm
2549 4470 2669 4526 ﬁdei
2700 4474 3037 4545 mancipatur
3071 4496 3090 4529 ι
3125 4476 3229 4548 (De
3255 4477 3464 4550 Nuptiis
3487 4489 3536 4534 et

1940 4555 2359 4630 Concupiscentia
2380 4603 2395 4629 ,
2439 4562 2527 4617 lib.
2562 4565 2625 4630 l,
2657 4582 2710 4619 η.
2740 4566 2819 4637 5).
2871 4565 3139 4639 Conjugcs
3177 4570 3318 4624 enim
3352 4580 3407 4627 et
3451 4571 3535 4626 vi-

1939 4647 2059 4704 duae
2086 4658 2141 4704 et
2166 4651 2400 4722 virgines
2429 4664 2653 4725 possunt
2680 4670 2801 4711 esse
2825 4699 2840 4723 ,
2871 4666 2925 4713 et
2945 4659 3151 4728 pudicae
3182 4677 3286 4715 non
3307 4676 3458 4730 esse,
3486 4662 3534 4717 si
3616 4682 3626 4690 ·

1939 4742 2299 4797 contaminata
2329 4747 2600 4802 voluntate
2626 4747 2998 4819 mtecltantur,
3032 4752 3077 4806 si
3104 4752 3293 4823 spiritu
3323 4754 3535 4825 impuro

1937 4843 2119 4905 stupra
2150 4837 2499 4907 perpetranda
2553 4839 2842 4896 decernunt
2872 4859 2887 4894 :
2939 4843 2991 4897 in
3019 4844 3209 4914 quibus
3240 4853 3414 4901 tamen
3441 4860 3534 4901 ve-

1937 4941 2052 4982 ram
2078 4928 2383 4998 pudicitiam
2406 4930 2542 4985 dieis
2557 4946 2676 4987 esse
2695 4974 2710 4999 ,
2742 4934 2949 4989 etiamsi
2970 4936 3149 4990 animo
3164 4935 3529 5004 fornieentur;

1937 5019 2079 5089 quod
2109 5018 2301 5075 facere
2327 5038 2515 5079 omnes
2557 5023 2747 5094 impios
2785 5025 2993 5095 eloquia
3037 5026 3216 5083 divina
3248 5037 3530 5085 testantutx

2009 5111 2098 5165 49.
2126 5111 2257 5178 Quis
2275 5121 2450 5168 autem
2473 5124 2714 5170 nostrum
2735 5116 2889 5183 dicit,
2918 5136 2938 5169 ι
2973 5123 3332 5191 conjugalium
3358 5137 3534 5177 mem-

1938 5202 2156 5259 brorum
2187 5206 2386 5263 malum
2409 5223 2527 5262 esse
2548 5217 2852 5266 consertum
2873 5252 2890 5279 ,
2930 5229 2950 5263 ι
2978 5212 3030 5266 in
3054 5229 3161 5283 quo
3180 5214 3378 5284 nuptiae
3395 5214 3531 5270 bene

1939 5307 2155 5352 utuntur
2181 5299 2246 5353 ad
2277 5302 2644 5371 propagandns
2674 5302 2811 5357 ﬁlios
2841 5306 3288 5376 concupiscentia:
3341 5306 3482 5361 malo
3507 5306 3531 5355 ?

1938 5389 2065 5458 Qua:
2091 5393 2516 5462 concupiscentia
2544 5395 2743 5450 malum
2772 5412 2877 5451 non
2907 5406 3090 5466 esset,
3132 5398 3177 5453 si
3222 5398 3333 5453 sola
3359 5414 3527 5469 gene-

1938 5481 2086 5536 randi
2114 5497 2272 5537 eansa
2300 5483 2365 5538 ad
2410 5485 2606 5541 licitutn
2637 5487 2977 5544 concubitum
3022 5498 3348 5546 moveretur.
3377 5490 3527 5547 Nunc

1962 5683 2016 5757 με
2036 5681 2242 5757 ριξψιοῐ.
2253 5691 2377 5757 Mss.,
2394 5694 2498 5757 pro
2511 5686 2671 5750 gratia
2687 5691 2852 5736 contra
2871 5684 3139 5751 pelagum.
3154 5687 3295 5751 sum,
3319 5696 3393 5740 De
3409 5702 3526 5757 gra-

1936 5746 2114 5811 tia‘nei
2135 5750 2301 5795 contra
2323 5746 2582 5811 i‘elagiziin.

1968 5807 2131 5916 1:nﬂic
2154 5817 2417 5919 ntigétntem
2436 5807 2735 5872 "particulam
2774 5816 3078 5873 praetereunt
3096 5811 3195 5865 duo
3226 5826 3259 5865 θ
3288 5813 3529 5867 Vw

1937 5880 1968 5916 n
2049 5881 2201 5919 USCI'II:
2231 5883 2241 5915 l
2275 5906 2284 5916 .

2049 5881 2284 5931 USCI'l]:llS.
