4142 6514
625 407 733 474 763

625 541 757 587 vero
801 535 922 586 cum
949 524 1000 581 el
1039 522 1239 579 riasistit
1269 521 1562 593 coniugalis
1601 521 1852 592 pudicitia
1876 561 1891 585 ,
1943 521 2096 575 limes
2123 528 2205 575 est

629 621 790 687 mali;
813 627 866 674 et
891 619 1008 672 ideo
1037 617 1233 670 bonum
1259 624 1358 670 est.
1387 613 1543 670 Unde
1571 629 1676 668 non
1708 631 1728 666 ‹
1763 614 1968 669 crimen
1993 615 2109 682 ejus
2132 653 2146 678 ,
2179 631 2198 665 ι

627 714 765 768 sicut
791 707 1162 765 calumniando
1191 706 1421 778 loqueris
1441 746 1454 771 ,
1488 723 1506 757 ι
1543 705 1860 775 impunitum
1887 705 1945 759 ﬁt
1978 719 2072 774 per
2115 717 2206 759 re-

627 801 915 871 ligionem;
967 818 985 850 ι
1019 799 1140 868 quia
1191 798 1384 852 nullius
1407 805 1488 852 est
1533 797 1806 864 criminis,
1863 795 2075 867 quando
2115 809 2209 866 per

626 891 750 947 fidei
777 892 973 946 bonum
1003 889 1140 946 bene
1165 890 1326 944 utitur
1353 887 1585 944 libidinis
1605 888 1763 944 malo.
1786 889 1969 956 Neque
1994 888 2078 943 hic
2102 887 2208 943 dici

627 992 836 1054 potest,
891 992 952 1038 ut
994 991 1180 1053 putas,
1235 981 1510 1036 Faciamus
1555 981 1692 1035 mala
1739 990 1793 1034 ut
1834 982 2034 1036 veniant
2081 980 2210 1034 bona

625 1074 804 1145 (Rom.
834 1091 925 1143 ιιι,
971 1073 1068 1145 8);
1099 1073 1222 1144 quia
1241 1087 1309 1129 ex
1357 1074 1500 1128 nulla
1540 1073 1623 1128 sui
1661 1081 1813 1144 parte
1841 1073 2039 1127 malum
2085 1079 2211 1127 sunt

626 1165 844 1235 nuptiae.
873 1165 988 1221 Non
1010 1166 1152 1221 enim
1176 1179 1356 1220 earum
1385 1164 1580 1219 malum
1619 1171 1732 1230 est,
1765 1164 1905 1234 quod
1934 1164 1986 1218 in
2033 1161 2208 1217 homi-

627 1257 786 1313 nibus
811 1271 945 1327 quos
970 1265 1214 1328 parentes
1233 1257 1486 1328 gignunt,
1518 1271 1622 1310 non
1644 1255 1880 1311 fecerunt
1898 1298 1913 1323 ,
1943 1256 2036 1311 sed
2065 1256 2209 1311 inve-

627 1360 836 1406 nerunt.
869 1351 926 1405 ln
955 1351 1140 1420 primis
1160 1360 1337 1406 autem
1366 1349 1674 1419 coniugibus
1694 1391 1709 1416 ,
1733 1350 1824 1419 qui
1849 1361 1914 1404 ex
1936 1350 2094 1404 nullis
2113 1361 2211 1418 pa-

624 1443 866 1498 rentibus
913 1442 1022 1496 nati
1065 1449 1218 1508 sunt,
1267 1455 1363 1511 per
1411 1448 1684 1510 peccatum
1731 1437 1921 1495 accidit
1981 1441 2210 1496 carnalis

625 1533 1068 1602 concupiscentia;
1127 1531 1515 1588 discordiosum
1563 1531 1800 1599 malum,
1864 1547 1971 1603 quo
2013 1533 2210 1602 nuptiae

623 1625 762 1682 bene
791 1633 1082 1692 uterentur;
1107 1640 1214 1681 non
1235 1639 1328 1696 per
1347 1625 1488 1695 ipsas
1513 1624 1743 1694 nuptias,
1767 1632 1824 1679 ut
1848 1625 1971 1680 inde
1990 1627 2211 1682 ‘m‘erito

623 1718 1024 1775 damnarentur.
1047 1717 1185 1787 Quid
1231 1733 1359 1789 ergo
1403 1717 1631 1788 quaaris,
1667 1735 1686 1768 ι
1723 1727 1898 1772 utrum
1932 1719 1986 1773 in
2024 1720 2212 1788 coniu-

623 1811 776 1878 gibus
818 1809 1122 1866 christianis
1167 1807 1521 1867 conventuum
1552 1813 1574 1844 ²
1601 1811 1925 1880 voluptatem
1948 1851 1963 1876 ,
2009 1811 2218 1880 pudici-9

628 1902 755 1958 tiam
776 1943 790 1967 ,
816 1918 882 1958 an
910 1903 1291 1973 impudicitiam
1313 1905 1604 1960 nominem.
1644 1923 1663 1956 ι
1699 1903 1838 1960 Ecce
1863 1904 2162 1974 respondeo
2194 1948 2210 1973 ,

624 1993 741 2050 Non
769 1995 878 2066 ipsa
907 1997 1212 2051 nominatur
1237 1997 1484 2066 pudicitia
1505 2039 1520 2065 ,
1549 1998 1641 2052 scd
1664 1998 1781 2068 eius
1811 1999 1935 2052 mali
1967 2011 2091 2053 usus
2113 1999 2212 2054 bo-

627 2097 762 2154 nus;
791 2103 895 2159 quo
923 2105 1022 2144 usu
1046 2089 1188 2145 bon'o
1215 2090 1272 2144 ﬁt
1290 2099 1345 2144 ut
1374 2090 1502 2145 illud
1529 2091 1724 2146 malum
1754 2105 1852 2146 nec
1885 2091 2215 2162 impudicitia

627 2180 732 2236 dici
782 2183 968 2251 possit.
1001 2181 1332 2253 lmpudicitia
1359 2191 1441 2238 est
1469 2169 1610 2238 enim
1640 2183 1877 2255 eiusdem
1919 2185 2040 2239 mali
2087 2197 2214 2242 usus

627 2271 950 2342 ﬂagitiosus;
977 2274 1116 2328 sicut
1145 2273 1394 2343 pudicitia
1425 2274 1725 2345 virginalis,
1755 2275 1776 2306 ³
1819 2275 2018 2331 nullus.
2057 2275 2214 2333 Salva

623 2363 784 2434 igitur
807 2365 1061 2435 pudicitia
1101 2367 1399 2436 coniugali,
1449 2369 1648 2422 malum
1675 2367 1740 2423 de
1767 2369 1908 2424 malo
1949 2369 2213 2426 nascendo

623 2455 874 2523 trahitur,
909 2458 1050 2527 quod
1079 2458 1408 2513 renascendo
1439 2469 1693 2529 purgetur
1717 2459 1758 2512 ⁸.

692 2547 780 2603 50.
819 2565 838 2598 ι
872 2548 979 2604 Sed
1005 2549 1049 2604 si
1079 2559 1292 2620 propter
1311 2550 1441 2617 hoc,
1485 2571 1504 2604 ι
1537 2552 1745 2622 inquis,
1785 2569 1804 2604 ι
1837 2551 2072 2608 libidinis
2096 2559 2213 2608 ma-

622 2639 764 2708 lum,
795 2642 952 2695 etiam
1003 2641 1069 2696 de
1107 2642 1418 2712 coniugibus
1446 2642 1752 2698 christianis
1803 2644 1978 2713 proles
2028 2641 2214 2698 crimi-

625 2743 757 2785 nosa
786 2732 1080 2801 profertur,
1107 2733 1348 2803 sequitur
1373 2741 1432 2788 ut
1461 2735 1712 2804 pudicitia
1737 2736 2008 2805 virginalis
2034 2736 2104 2791 sit
2137 2736 2215 2790 fe-

625 2823 843 2879 licitatis
879 2825 1074 2879 illatrix
1111 2845 1124 2879 :
1156 2829 1209 2880 et
1239 2826 1360 2893 quia
1409 2827 1461 2881 in
1511 2827 1688 2896 impiis
1725 2828 2017 2894 invenitur,
2060 2847 2078 2880 ι
2133 2825 2216 2882 in-

621 2915 761 2985 quis,
788 2933 806 2967 c
827 2917 1151 2972 antecellunt
1169 2916 1410 2973 inﬁdeles
1423 2917 1690 2988 pudicitia:
1705 2920 1900 2974 virtute
1923 2919 2178 2973 sublimes
2197 2960 2211 2984 ,

620 3005 924 3062 chriStianis
966 3007 1201 3064 libidinis
1245 3009 1368 3065 tabe
1416 3011 1655 3082 pollutis.
1692 3030 1711 3064 ι
1766 3011 1880 3066 Νοη
1927 3021 2011 3066 est
2065 3012 2134 3066 ita
2157 3019 2217 3066 ut

622 3097 794 3165 dicis;
825 3100 1048 3156 multum
1099 3100 1314 3156 falleris.
1343 3101 1451 3156 Nec
1499 3102 1734 3158 libidinis
1763 3103 1904 3159 enim
1935 3103 2056 3158 tabe
2096 3102 2216 3173 pol-

623 3189 842 3244 luuntur
861 3232 875 3256 ,
904 3191 992 3260 qui
1015 3189 1234 3246 libidine
1261 3192 1398 3248 bene
1421 3201 1679 3261 utuntur;
1702 3194 1943 3264 quamvis
1958 3201 2217 3265 gen‘erent

624 3280 858 3337 libidinis
875 3282 994 3337 tabe
1024 3281 1282 3352 pollutos,
1316 3291 1371 3338 et
1411 3283 1532 3339 ideo
1561 3283 1956 3354 regenerandos
1987 3301 2000 3338 :
2032 3299 2134 3339 nec
2160 3284 2216 3339 in

624 3371 801 3441 impiis
839 3373 1105 3428 invenitur
1135 3373 1381 3443 pudicitia
1434 3373 1729 3444 virginalis,
1763 3375 2006 3444 quamvis
2063 3375 2214 3429 inve-

531 3484 542 3493 -
633 3463 815 3518 hiathr
841 3465 1118 3534 virginitas
1145 3465 1358 3529 carnis;
1390 3464 1510 3534 quia
1542 3479 1670 3520 vera
1701 3465 1950 3535 pudicitia
1987 3480 2092 3520 non
2121 3471 2216 3536 po-

625 3559 731 3610 test
759 3555 998 3610 habitare
1030 3555 1052 3588 ⁸
1077 3557 1132 3610 in
1159 3556 1337 3610 animo
1375 3555 1690 3611 fornicante.
1733 3558 1810 3611 Ac
1837 3571 1934 3628 per
1977 3555 2080 3612 hoc
2105 3563 2214 3614 non

623 3646 970 3716 antepon-itur
997 3645 1256 3717 virginale
1285 3646 1485 3701 bonum
1531 3647 1818 3717 impiorum
1855 3647 1998 3703 bono
2025 3648 2216 3718 coniu-

622 3737 729 3808 gali
750 3735 986 3792 ﬁdelium
1019 3755 1032 3790 :
1065 3737 1159 3792 sed
1191 3737 1447 3808 coniuges
1481 3737 1619 3793 bene
1645 3747 1856 3794 utentes
1881 3739 2020 3794 malo
2067 3747 2217 3795 ante-

622 3831 892 3900 ponuntu‘r
912 3827 1205 3898 virginibus
1253 3829 1394 3883 male
1444 3827 1714 3884 utentibus
1761 3829 1924 3884 bono.
1975 3829 2045 3885 Et
2092 3830 2217 3886 ideo

624 3933 745 3974 cum
773 3917 962 3973 ﬁdeles
990 3917 1260 3989 coniugati
1309 3919 1448 3974 bene
1495 3927 1724 3974 utuntur
1755 3921 1896 3975 malo
1933 3919 2165 3976 libidinis
2197 3964 2213 3990 ,

625 4021 734 4065 non
771 4025 790 4062 ι
825 4009 972 4081 apud
995 4016 1120 4075 eus,
1161 4019 1182 4062 υ
1213 4017 1274 4064 ut
1303 4009 1683 4079 calumniaris,
1733 4029 1754 4064 ι
1799 4022 2018 4083 prepter
2059 4013 2216 4070 ﬁdem

623 4109 904 4157 exercetur
931 4102 1218 4171 impunitus
1243 4100 1481 4156 criminis
1499 4143 1515 4169 ,
1549 4120 1568 4155 ι
1595 4103 1690 4158 sed
1715 4103 1769 4157 in
1795 4103 1873 4159 eis
1899 4113 2118 4176 propter
2155 4105 2220 4161 ii-

623 4193 748 4249 dem
775 4207 903 4248 vera
930 4193 951 4225 ⁸
973 4205 1078 4247 n‘on
1107 4193 1236 4248 falsa
1261 4189 1430 4249 virtus
1453 4203 1536 4248 est
1561 4195 1841 4253 castitatis.

697 4287 786 4342 5i.
807 4285 946 4354 Quid
973 4295 1152 4342 autem
1179 4286 1244 4341 ad
1271 4299 1374 4344 nos
1405 4288 1635 4358 pertinet
1657 4327 1672 4353 ,
1723 4289 1844 4358 quia
1897 4289 2219 4348 Manicbaaos

624 4377 806 4433 dicere
841 4375 1116 4446 afﬁrmas,
1171 4389 1190 4432 ε
1247 4379 1304 4434 Si
1335 4380 1453 4450 quis
1499 4379 1845 4436 homicidium
1895 4385 2218 4441 conscientia

625 4467 948 4524 formidante
972 4471 1334 4536 commiserit,
1363 4483 1488 4526 rcus
1513 4482 1630 4537 est,
1656 4473 1777 4542 quia
1807 4474 1983 4528 timuit
2013 4493 2027 4527 :
2057 4475 2102 4530 si
2125 4491 2220 4532 au-

627 4565 736 4614 tem
778 4559 994 4630 aliquod
1021 4559 1228 4616 facinus
1251 4562 1554 4617 exsultante
1589 4565 1906 4633 perpetrarit
1953 4565 2170 4621 audacia
2199 4610 2216 4636 ,

625 4652 774 4706 velut
792 4654 1019 4709 credens
1044 4667 1104 4710 se
1127 4663 1193 4710 ex
1219 4655 1322 4710 ﬁde
1347 4654 1524 4711 facere
1551 4655 1694 4725 quod
1717 4657 1854 4712 male
1880 4657 2025 4728 facit,
2053 4661 2222 4715 evasit

626 4741 880 4811 culpam?
916 4761 938 4795 ν
971 4745 1124 4812 Quod
1143 4746 1356 4816 quidem
1387 4761 1656 4818 nunquam
1683 4749 1860 4805 audivi
1888 4750 2066 4806 dicere
2105 4753 2220 4808 Ma-

629 4833 886 4889 nichazos.
916 4835 1022 4890 Sed
1069 4838 1195 4907 quid
1236 4838 1303 4892 ad
1331 4855 1465 4908 nos,
1496 4841 1610 4896 sive
1647 4840 1859 4910 dicant,
1913 4844 2032 4900 sive
2061 4845 2220 4900 etiam

629 4928 760 4997 ipsis
789 4929 1163 4997 calumnieris;
1192 4945 1312 4986 cum
1341 4932 1444 4987 hoc
1467 4933 1728 4990 catholica
1757 4935 1888 4990 ﬁdes
1913 4947 2018 4991 non
2040 4937 2219 5004 dicat,

629 5035 788 5092 quam
829 5027 1106 5089 tenemus,
1139 5031 1192 5076 et
1238 5024 1389 5094 cujus
1432 5035 1483 5080 te
1509 5026 1744 5096 pondere
1787 5029 2070 5097 urgemus?
2114 5029 2222 5085 Nos

629 5113 774 5168 enim
813 5127 875 5167 ea
907 5127 1026 5183 quin
1053 5113 1303 5169 videntur
1327 5131 1490 5184 opera
1519 5117 1689 5183 bona,
1719 5117 1942 5173 dicimus
1972 5134 2076 5173 non
2103 5134 2223 5174 esse

629 5217 759 5260 vere
784 5204 805 5236 "
833 5205 972 5259 bona
997 5207 1112 5260 sine
1142 5205 1244 5260 ﬁde
1277 5225 1289 5260 :
1321 5207 1571 5276 quoniam
1593 5221 1756 5276 opera
1797 5223 1924 5263 vero
1961 5209 2098 5264 bona
2124 5225 2224 5266 nco

635 5307 789 5352 cesse
810 5303 894 5352 est
921 5297 1032 5351 Deo
1058 5297 1269 5366 placere
1289 5337 1304 5362 ,
1345 5297 1430 5351 cui
1457 5297 1572 5352 sine
1597 5297 1702 5353 ﬁde
1745 5299 1866 5369 quia
1893 5299 2225 5370 impossibile

693 5483 714 5516 ι
731 5483 870 5544 mu,
893 5481 1022 5534 wide
1060 5489 1190 5544 Mss,
1213 5487 1270 5534 ut
1288 5485 1420 5534 inde.

701 5547 724 5608 ?
755 5552 856 5594 Am.
875 5551 950 5594 Er.
973 5557 1031 5608 ac
1051 5544 1278 5608 plerique
1300 5551 1428 5608 uss,
1454 5552 1772 5608 conventum:
1804 5550 1963 5601 minus
1983 5557 2138 5602 recte.

696 5607 719 5666 9
747 5608 833 5658 Hic
850 5608 902 5658 in
928 5606 1072 5656 editis
1090 5606 1299 5666 additur,
1323 5606 1541 5666 ejusdem
1573 5607 1692 5660 mali
1713 5623 1843 5662 usus.

695 5664 720 5738 ξ
751 5673 1175 5738 εισιι-ῃιιτραιμτ..
1193 5664 1366 5719 Caneri
1400 5668 1528 5734 libri,
1573 5679 1826 5738 purgetur.

699 5729 722 5792 ς
751 5733 806 5778 ιη
827 5728 988 5792 editis,
997 5728 1190 5781 natm.

697 5786 724 5854 ξ
757 5799 858 5854 am.
879 5798 954 5854 Er.
973 5786 1184 5854 etuas,
1209 5804 1392 5844 veram.

702 5847 721 5877 ‘
755 5849 859 5903 Sola
879 5853 1027 5905 editio
1047 5847 1180 5918 10v.,'
1202 5866 1332 5905 uera.

1437 404 1709 463 CONTRA
1745 401 2085 461 JULIANUM
2123 397 2586 474 PELAGIANUM,
2621 403 2678 461 S.
2721 403 3090 466 AUGUSTINI

3795 412 3916 471 764

2315 527 2396 573 est
2434 520 2644 589 placere
2669 522 2854 592 (Hebr.
2881 541 2965 592 ιι,
3019 524 3075 598 6)
3097 567 3113 594 ,
3163 528 3399 597 profecto
3421 528 3564 601 quod
3611 545 3742 587 vero
3767 543 3918 602 opus

2311 619 2395 664 est
2424 611 2655 680 bonum,
2687 613 2806 670 sine
2837 615 2943 671 ﬁde
2971 631 3078 671 non
3129 625 3310 688 potest
3353 627 3490 676 esse.
3526 620 3920 678 Verumtamen

2312 701 2399 756 illa
2427 717 2588 772 Opera
2613 719 2730 773 qua:
2749 707 3083 774 apertissime
3107 709 3243 762 mala
3271 718 3396 764 sunt
3415 753 3430 776 ,
3473 726 3580 766 non
3623 711 3750 768 facit
3772 711 3918 768 ﬁdes

2311 809 2430 863 quae
2469 809 2566 864 per
2605 796 2946 853 dilectionem
2983 807 3234 870 Operatur
3277 800 3475 871 (Gaiat.
3507 819 3572 870 v,
3629 802 3686 873 6)
3722 821 3737 859 :
3781 805 3918 874 quia

2312 883 2524 941 dilectio
2549 889 2777 957 proximi
2805 889 3001 946 malum
3029 905 3134 946 non
3157 901 3406 961 operatur
3425 892 3604 962 (Rom.
3639 910 3754 960 xm,
3787 895 3916 966 l0).

2383 978 2472 1035 52.
2501 997 2520 1032 ι
2554 980 2698 1036 Bona
2723 983 2882 1052 igitur
2897 985 3324 1054 concupiscentia
3345 987 3630 1054 naturalis,
3671 1006 3691 1040 ι
3723 988 3916 1058 inquis

2313 1071 2614 1144 (erubescis
2639 1075 2780 1130 enim
2817 1075 2996 1132 dicere
3039 1075 3330 1148 carnalis),
3366 1096 3388 1130 ι
3423 1095 3540 1148 qua:
3597 1095 3718 1134 cum
3763 1080 3918 1134 intra

2309 1165 2530 1220 modum
2557 1181 2708 1222 suum
2737 1177 2974 1236 tenetur,
3031 1190 3050 1223 ι
3095 1159 3292 1240 inquis,
3327 1189 3346 1223 ‹
3383 1171 3530 1226 nulla
3571 1171 3696 1226 mali
3723 1187 3919 1240 asper-

2314 1256 2464 1312 sione
2495 1268 2736 1328 lurpatur
2763 1261 2802 1314 ¹.
2851 1280 2870 1314 ι
2914 1262 3194 1329 Quomodo
3237 1269 3448 1318 tenetur
3499 1266 3640 1318 intra
3691 1262 3920 1317 modum

2314 1363 2468 1404 suum
2489 1392 2502 1414 ,
2526 1367 2708 1421 quzeso
2737 1361 2822 1419 te;
2853 1355 3118 1424 quomodo
3167 1363 3377 1412 tenetur
3395 1396 3411 1423 ,
3443 1355 3546 1410 nisi
3573 1371 3696 1410 cum
3723 1355 3774 1410 ei
3821 1371 3920 1410 re-

2315 1440 2555 1496 sistitur?
2581 1441 2687 1497 Cur
2711 1452 2886 1500 autem
2919 1445 3186 1500 resistitur
3209 1487 3224 1510 ,
3259 1446 3360 1500 nisi
3389 1461 3457 1500 ne
3495 1446 3716 1515 impleat
3761 1444 3916 1500 desi-

2313 1530 2461 1587 deria
2482 1534 2661 1588 mala?
2691 1535 2968 1602 Quomodo
2995 1547 3078 1592 est
3105 1537 3264 1608 igitur
3287 1537 3468 1592 bona?

2385 1624 2610 1683 CAPUT
2645 1628 2733 1682 IX.
2763 1660 2833 1668 —
2855 1630 2944 1684 55.
2975 1630 3137 1684 Venis
3163 1632 3183 1662 ³
3205 1631 3362 1698 etiam
3383 1630 3452 1684 ad
3481 1629 3643 1686 verba
3673 1630 3764 1684 illa
3793 1630 3920 1685 libri

2317 1717 2456 1782 mei,
2485 1718 2572 1772 ubi
2610 1719 2754 1786 dixi,
2791 1739 2810 1772 ε
2855 1720 3040 1776 Nonne
3072 1721 3150 1776 illi
3179 1723 3434 1792 coniuges
3465 1723 3657 1791 primi,
3684 1737 3924 1792 quorum

2315 1810 2524 1878 nuptias
2555 1811 2825 1866 benedixit
2847 1813 3016 1878 Deus,
3048 1813 3264 1879 dicens,
3291 1811 3541 1880 Crescite,
3566 1823 3616 1868 et
3657 1813 3920 1883 multipli-

2315 1901 2501 1954 camini
2532 1900 2680 1972 (Gen.
2711 1901 2903 1972 1,28),
2936 1902 3060 1958 nudi
3083 1912 3254 1971 erant,
3281 1913 3336 1958 et
3372 1919 3476 1958 non
3507 1902 3921 1972 confundeban-

2319 1999 2404 2044 tur
2433 1991 2540 2062 (Id.
2575 2009 2608 2046 η
2629 2033 2643 2058 ,
2687 1991 2820 2064 25)ἳ
2848 1993 2954 2048 Cur
2983 2010 3108 2064 ergo
3154 2010 3220 2049 ex
3249 1995 3352 2049 illis
3393 1995 3648 2050 membris
3669 1993 3926 2050 confusio

2317 2091 2440 2151 post
2465 2092 2742 2152 peccatum
2761 2123 2776 2148 ,
2801 2085 2900 2140 nisi
2929 2085 3050 2154 quia
3078 2085 3282 2140 exstitit
3300 2085 3409 2140 illic
3431 2085 3688 2140 indecens
3712 2093 3922 2152 motus,

2318 2189 2477 2244 quem
2499 2215 2514 2240 ,
2555 2176 2658 2230 nisi
2685 2176 2925 2232 homines
2949 2163 3290 2246 peccassent,
3315 2177 3496 2246 procul
3525 2177 3688 2232 dubio
3711 2178 3926 2246 nuptias

2318 2282 2424 2322 non
2455 2268 2717 2324 baberent
2753 2288 2770 2320 ι
2803 2269 2902 2340 (De
2947 2268 3158 2339 Nuptiis
3197 2280 3244 2323 et
3271 2269 3711 2340 Concupiscentia,
3743 2267 3838 2322 lib.
3867 2269 3926 2336 1,

2317 2375 2370 2412 n.
2398 2359 2492 2430 6)?
2551 2360 2674 2415 Haec
2719 2360 2880 2415 verba
2905 2375 3022 2415 mea
3043 2377 3164 2416 cum
3197 2361 3402 2416 videres
3419 2361 3712 2416 secundum
3733 2361 3930 2431 Scrip-

2319 2456 2464 2504 turas
2503 2449 2576 2504 ita
2611 2449 2781 2520 posita
2803 2489 2818 2516 ,
2849 2458 2908 2504 ut
2931 2450 3251 2521 quicumque
3295 2451 3544 2506 eumdem
3593 2451 3772 2506 locum
3799 2451 3930 2505 libri

2317 2540 2589 2596 Gencseos
2621 2540 2748 2610 legit
2775 2549 2867 2594 aut
2893 2541 3113 2610 legerit,
3155 2539 3413 2611 approbet
3441 2541 3558 2596 sine
3582 2541 3930 2596 dubitatione

2317 2632 2458 2703 quod
2479 2631 2619 2694 dixi;
2643 2632 2850 2702 prolixa
2873 2631 3245 2687 contradicens
3267 2632 3287 2662 ³
3309 2632 3668 2703 disputatione
3689 2634 3930 2688 multum

2317 2723 2551 2788 sudasti,
2586 2721 2679 2776 sed
2705 2737 2810 2778 non
2839 2722 3138 2778 sincerasti.
3167 2723 3450 2778 Perstitisti
3471 2723 3670 2794 quippe
3699 2725 3754 2778 in
3795 2739 3932 2780 sen-

2319 2815 2483 2869 tentia
2513 2823 2600 2868 tua
2629 2829 2822 2884 prava;
2855 2815 3096 2885 quamvis
3136 2831 3311 2871 meam
3350 2825 3552 2872 rectam
3605 2817 3724 2886 ipso
3751 2833 3930 2886 expe-

2319 2906 2547 2960 rimento
2601 2905 2859 2976 probares
2902 2921 3008 2961 non
3055 2905 3152 2962 abs
3198 2915 3250 2962 te
3295 2907 3531 2978 potuisse
3575 2909 3830 2964 convelli.
3859 2907 3930 2967 In

2321 3013 2422 3068 qua
2450 3005 2539 3052 tua
2565 2999 2985 3054 contradictione
3012 3007 3275 3068 praetereo
3303 3009 3484 3070 gestus
3507 3013 3562 3056 et
3595 3000 3926 3070 iactationes

2335 3100 2449 3144 tuas
2469 3129 2486 3157 ,
2517 3099 2766 3161 tanquam
2793 3092 3023 3146 hominis
3049 3091 3348 3148 anhelantis
3371 3133 3386 3157 ,
3417 3101 3472 3150 et
3501 3095 3784 3166 pervenire
3813 3108 3928 3164 quo

2327 3181 2513 3236 nititur
2537 3197 2644 3236 non
2671 3182 2896 3238 valentis
2914 3223 2930 3251 ,
2955 3191 3006 3238 et
3036 3183 3088 3238 in
3117 3183 3326 3240 nebulis
3347 3192 3524 3240 tamen
3545 3199 3678 3255 quas
3699 3195 3922 3254 pertur-

2321 3273 2476 3330 batus
2504 3273 2735 3330 oil‘undit
2759 3273 2781 3306 ⁸
2799 3313 2816 3342 ,
2867 3291 2926 3330 se
2951 3277 3258 3345 pervenisse
3285 3277 3552 3348 ﬁngentis.
3593 3277 3700 3334 Sed
3731 3293 3926 3334 neces-

2319 3365 2492 3422 sarios
2533 3366 2786 3422 articulos
2831 3368 3095 3424 sermonis
3141 3369 3250 3434 tui,
3281 3379 3538 3439 quantum
3575 3385 3662 3426 me
3699 3370 3926 3441 adiuvat

2321 3458 2613 3524 Dominus,
2651 3457 3046 3528 comprehendo
3097 3466 3257 3530 atque
3300 3460 3608 3530 confringe;
3651 3471 3710 3515 ut
3747 3468 3924 3516 totum

2321 3563 2514 3619 corpus
2539 3551 2735 3606 victum
2760 3549 2942 3621 jacere
2967 3551 3292 3622 conspiciat,
3317 3551 3408 3622 qui
3426 3560 3482 3608 et
3499 3551 3588 3608 illa
3609 3561 3697 3607 tua
3725 3563 3780 3608 et
3805 3553 3926 3609 hare

2321 3650 2504 3697 nostra
2533 3643 2854 3714 perlegerit:
2901 3645 3198 3715 praesertim
3245 3643 3370 3714 quia
3422 3644 3514 3700 illa
3557 3660 3678 3716 quae
3723 3646 3822 3702 abs
3865 3653 3928 3700 te

2321 3733 2506 3788 multis
2532 3734 2707 3790 modis
2749 3744 3096 3805 repetuntur,
3145 3735 3306 3791 etiam
3353 3750 3384 3790 a
3431 3735 3590 3792 nobis
3633 3750 3779 3806 saepe
3825 3735 3928 3792 de-

2324 3831 2524 3878 structa
2549 3833 2695 3879 sunt.

2393 3915 2483 3970 54.
2510 3915 2652 3970 Dicis
2675 3914 2758 3970 hic
2783 3915 2920 3969 inter
2945 3923 3172 3982 caetera,
3209 3931 3228 3968 ‹
3259 3913 3318 3970 In
3347 3914 3450 3972 hoc
3475 3914 3616 3988 quod
3647 3924 3768 3986 post
3797 3931 3930 3986 pee-

2323 4016 2498 4062 catum
2533 4007 2688 4078 primi
2730 4007 2973 4062 homines
3013 4007 3390 4064 erubescentes
3419 4009 3657 4064 membra
3689 4009 3816 4076 illa,
3867 4009 3928 4064 in

2323 4101 2514 4171 quibus
2538 4109 2622 4156 est
2650 4099 2814 4155 libido
2837 4137 2854 4166 ,
2888 4107 3168 4168 texerunt,
3200 4101 3473 4157 invenisse
3511 4117 3600 4156 me
3625 4101 3764 4156 unde
3793 4117 3924 4171 per-

2323 4190 2644 4256 suaderem,
2693 4191 2861 4245 Deum
2893 4192 3038 4247 aeria
3079 4192 3420 4248 constituisse
3459 4192 3726 4263 coniugia.
3785 4211 3806 4245 ι
3865 4191 3928 4246 Si

2325 4296 2454 4352 ergo
2478 4283 2618 4338 aeria
2646 4289 2830 4338 essent
2864 4283 3111 4354 coniugia
3147 4283 3264 4338 sine
3289 4283 3539 4350 libidine,
3589 4285 3734 4340 aeria
3761 4295 3928 4340 erunt

2327 4384 2380 4430 te
2406 4383 2624 4430 auctore
2643 4389 2864 4444 corpora
2885 4415 2899 4442 ,
2929 4375 3140 4446 quando
3167 4376 3332 4432 libido
3371 4391 3476 4432 non
3505 4377 3628 4431 erit.
3649 4375 3734 4430 An
3763 4377 3928 4432 istam

2325 4465 2601 4521 libidinem
2643 4466 2722 4520 sic
2761 4467 2986 4533 amatis,
3044 4476 3102 4522 ut
3145 4467 3413 4538 quomodo
3455 4483 3572 4522 eam
3613 4469 3760 4538 prius
3799 4479 3928 4526 ante

2325 4569 2602 4629 peccatum
2651 4561 2702 4612 in
2741 4559 2990 4628 paradiso
3021 4559 3242 4630 positis,
3285 4562 3356 4614 ita
3386 4560 3546 4616 etiam
3591 4563 3926 4617 resnscitatis

2325 4650 2640 4720 corporibus
2679 4649 2970 4722 ingeratis?
3022 4652 3136 4722 Ego
3164 4661 3338 4706 autem
3371 4667 3478 4708 non
3525 4651 3684 4721 dico,
3731 4663 3790 4708 ut
3835 4670 3928 4710 me

2325 4743 2505 4798 dicere
2533 4742 2772 4797 afﬁrmas
2791 4783 2804 4806 ,
2842 4761 2860 4793 ι
2892 4743 3132 4797 naturale
3160 4759 3264 4799 non
3281 4759 3398 4800 esse
3415 4744 3436 4776 ⁵
3461 4744 3577 4799 sine
3601 4759 3710 4816 quo
3735 4757 3928 4803 natura

2327 4849 2434 4888 non
2460 4841 2544 4889 est
2571 4851 2584 4887 :
2626 4853 2644 4884 ›
2675 4833 2770 4888 sed
2795 4833 2914 4889 dico
2933 4873 2950 4899 ,
2985 4835 3226 4890 naturale
3251 4835 3508 4906 appellari
3535 4835 3722 4892 vitium
3743 4879 3758 4904 ,
3807 4838 3928 4892 sine

2327 4939 2436 4994 quo
2461 4937 2604 4978 nunc
2635 4931 2822 4978 natura
2873 4923 3103 4979 humana
3147 4941 3253 4979 non
3281 4926 3544 4992 nascitur,
3593 4943 3716 4998 qua:
3745 4937 3930 4984 tamen

2329 5028 2434 5068 non
2476 5013 2552 5066 sic
2571 5011 2811 5066 instituta
2836 5023 2920 5068 est
2949 5014 3016 5068 ab
3041 5014 3212 5068 initio.
3244 5013 3475 5086 ideoque
3501 5024 3557 5072 et
3597 5017 3700 5072 hoc
3724 5020 3928 5074 malum

2329 5119 2437 5159 non
2459 5103 2527 5158 ab
2574 5103 2668 5158 illa
2704 5105 2877 5173 prima
2907 5105 3238 5162 institutione
3267 5118 3500 5176 natura},
3549 5109 3646 5164 sed
3683 5125 3716 5162 a
3769 5111 3930 5180 primi

2330 5198 2562 5252 hominis
2591 5197 2731 5252 mala
2752 5197 3020 5252 voluntate
3039 5199 3298 5268 originem
3343 5201 3526 5256 ducit:
3561 5217 3662 5258 nec
3707 5218 3928 5274 perma-

2331 5291 2517 5357 nebit,
2545 5289 2636 5345 sed
2661 5299 2752 5344 aut
2773 5290 3108 5346 damnabitur
3126 5333 3140 5357 ,
3167 5303 3258 5347 aut
3281 5295 3570 5350 sanabitur.

2405 5383 2493 5440 55.
2535 5408 2554 5436 ι
2590 5383 2921 5440 Sententiam
2969 5399 3144 5440 meam
3165 5386 3408 5440 cimicem
3435 5405 3455 5440 ι
3489 5387 3657 5454 dicis,
3694 5407 3716 5441 ι
3749 5390 3844 5461 qui
3873 5399 3932 5446 ut

2401 5556 2419 5626 ξ
2445 5555 2583 5626 Editi,
2607 5554 2846 5626 turbatur.
2871 5557 3195 5626 timendantur
3216 5571 3282 5609 ex
3303 5561 3659 5624 manuscriptis.

2398 5618 2420 5650 ³
2451 5623 2553 5666 Am.
2581 5625 2632 5667 et
2655 5624 2752 5678 Er.,
2781 5618 2974 5668 Venisti.

2401 5680 2422 5712 ³
2445 5680 2580 5739 Editi,
2605 5679 2970 5730 contradicendi
2992 5691 3010 5730 :
3031 5682 3193 5731 minus
3213 5681 3361 5732 bene.

2399 5743 2422 5771 ’δ
2440 5747 2489 5789 In
2513 5748 2639 5801 Mss,
2659 5740 2870 5803 offendit.

2401 5803 2664 5882 :yaticani
2697 5804 2915 5882 quinque
2937 5805 3308 5882 Mss.,.nq_tprlale
3327 5819 3460 5872 esse;
3495 5810 3674 5864 enim
3715 5823 3940 5882 negante

2341 5863 2587 5926 particula,
2611 5863 2728 5928 quae
2746 5863 2894 5916 estin
2915 5867 3111 5917 ceteris
3131 5865 3280 5920 libris.
