4142 6498
211 412 309 473 765

214 526 508 589 moleStiam
557 512 744 591 vivus,
791 524 869 581 sic
910 523 1130 581 fetorem
1185 526 1405 594 praestat
1445 520 1656 576 attritus
1695 536 1709 573 :
1772 536 1792 570 ι

216 620 356 694 quasi
390 636 410 672 ι
449 617 869 682 verecunderis,
915 635 935 670 ι
968 625 1025 671 ut
1049 615 1281 685 loqueris
1306 656 1322 682 ,
1376 632 1395 666 ι
1424 611 1685 669 vincendo
1713 623 1801 666 me

216 722 473 778 atterere;
510 729 531 763 ι
559 710 647 766 vel
682 728 702 762 ι
737 719 986 780 tanquam
1017 707 1185 763 victus
1211 707 1276 767 ad
1304 707 1456 774 loca,
1493 724 1511 758 ι
1547 713 1605 760 ut
1628 703 1797 770 dicis,

223 823 241 856 σ
266 816 481 859 emnosa
512 799 868 872 confugerim,
894 798 1185 854 exhorrcas
1215 797 1469 868 consequi
1497 805 1655 866 atque
1678 808 1796 866 per-

219 899 370 954 imere
401 912 415 948 :
445 895 574 966 quia
605 893 854 950 videlicet
898 901 1075 964 partes
1113 890 1486 962 disputationis
1518 897 1656 956 tute,
1688 887 1805 959 qui-

220 989 307 1045 bus
340 987 662 1042 atterendus
688 974 775 1041 vel
800 983 1137 1056 perimendus
1162 998 1279 1040 sum
1301 1025 1316 1050 ,
1344 981 1596 1053 quoniam
1623 981 1691 1036 de
1717 996 1807 1052 pu~

222 1080 398 1137 dandis
416 1079 569 1151 loqui
597 1079 828 1150 cogeris,
845 1078 989 1134 velut
1006 1077 1218 1149 quidam
1245 1076 1470 1133 aedituus
1486 1075 1656 1148 pudor
1685 1083 1806 1132 tuus

220 1190 248 1230 ι
268 1174 577 1241 verborum,
614 1192 634 1227 ι
652 1172 792 1228 sicut
817 1170 1064 1243 perhibes
1087 1211 1103 1236 ,
1136 1190 1155 1223 ι
1183 1169 1425 1225 libertate
1463 1168 1749 1225 submovit.
1779 1186 1799 1221 ι

221 1268 387 1334 Quare
412 1280 527 1321 non
556 1264 734 1335 potius
761 1263 830 1319 de
858 1262 1012 1318 bonis
1039 1277 1156 1333 qum
1178 1260 1362 1316 laudas
1382 1300 1400 1327 ,
1430 1260 1599 1316 libere
1624 1259 1808 1330 loque-

222 1356 324 1414 ris?
350 1371 524 1428 quare
553 1372 662 1411 non
692 1366 774 1411 est
800 1354 866 1411 de
890 1368 1052 1425 opere
1099 1352 1196 1408 Dei
1236 1353 1521 1409 verborum
1552 1352 1802 1418 libertas,

222 1450 263 1517 si
283 1450 398 1519 ejus
434 1449 755 1507 intemerata
777 1455 1053 1517 permanet
1076 1445 1305 1517 dignitas
1322 1487 1339 1512 ,
1367 1460 1467 1503 nec
1510 1444 1709 1516 aliquid
1732 1443 1807 1499 ibi

222 1542 318 1612 egit
345 1548 663 1611 peccatum,
706 1537 849 1594 unde
885 1538 1064 1609 potius
1118 1537 1381 1594 incuteret
1407 1534 1701 1607 pudorem,
1751 1541 1808 1591 et

225 1631 502 1688 verborum
535 1630 909 1701 comprimeret
932 1618 1263 1685 libertatem?

282 1720 512 1778 CAPUT
542 1714 612 1776 X.
650 1750 725 1761 —
750 1720 842 1776 56.
872 1739 891 1773 ι
928 1719 985 1775 Si
1006 1735 1110 1773 non
1140 1727 1298 1786 sunt,
1336 1735 1356 1771 ι
1382 1717 1591 1789 inquis,
1619 1735 1639 1771 ι
1672 1730 1809 1787 nup-

223 1814 300 1868 tize
322 1813 441 1869 sine
475 1811 734 1880 libidine,
761 1820 816 1867 et
851 1810 1171 1882 generaliter
1199 1824 1229 1863 a
1268 1810 1419 1865 vobis
1448 1808 1612 1864 libido
1656 1807 1808 1863 dam-

222 1914 401 1973 natur,
457 1903 732 1960 damnatis
756 1912 812 1959 et
859 1903 1091 1974 nuptias.
1148 1920 1168 1955 ι
1201 1902 1395 1958 Posses
1435 1901 1613 1957 dicere
1636 1942 1651 1968 ,
1683 1900 1807 1971 quia

221 1997 557 2054 damnabitur
584 2012 735 2053 mors
752 2036 769 2064 ,
796 2011 982 2052 omnes
1010 1994 1339 2050 damnandos
1365 2008 1485 2049 esse
1528 1993 1803 2048 mortales.

220 2080 269 2144 Si
291 2098 472 2144 autem
524 2088 691 2144 libido
735 2086 804 2143 de
851 2085 1117 2142 connubio
1167 2093 1342 2150 esset,
1400 2084 1639 2155 proiecto
1682 2090 1807 2139 ante

219 2181 539 2237 connubium
577 2170 663 2235 vel
692 2188 888 2250 prmter
915 2176 1238 2233 connubium
1266 2175 1411 2231 nulla
1438 2183 1602 2231 esset.
1639 2192 1659 2226 ι
1687 2173 1807 2230 Non

222 2280 412 2341 potest,
453 2290 475 2324 ι
521 2270 739 2341 inquis,
790 2288 809 2321 ι
845 2268 949 2323 dici
997 2267 1248 2335 morbus,
1298 2266 1413 2322 sine
1438 2281 1543 2337 quo
1588 2279 1696 2321 non
1725 2272 1808 2321 est

218 2363 535 2418 connubium
571 2381 585 2417 :
612 2364 735 2433 quia
755 2370 930 2431 potest
953 2374 1073 2415 esse
1101 2358 1425 2414 connubium
1454 2367 1647 2429 praeter
1682 2373 1809 2429 pec-

217 2467 420 2521 catum;
448 2442 674 2509 morbus
695 2461 904 2518 autem,
942 2471 960 2505 ι
988 2452 1186 2521 inquis,
1217 2470 1236 2504 ι
1271 2452 1338 2508 ab
1365 2450 1623 2521 Apostolo
1676 2464 1805 2521 pec-

217 2555 381 2600 catum
412 2545 638 2599 dicitur.
685 2563 705 2595 ι
766 2542 871 2599 Sed
917 2541 1271 2613 respondetur
1312 2541 1409 2596 tibi
1442 2558 1455 2594 :
1489 2539 1605 2595 Non
1632 2540 1807 2597 omnis

215 2638 424 2693 morbus
447 2646 733 2708 peccatum
781 2622 993 2691 dicitur.
1027 2634 1130 2690 iste
1172 2641 1350 2689 autem
1402 2634 1623 2690 morbus
1650 2646 1806 2703 poma

215 2729 409 2800 peccati
436 2738 560 2795 est,
592 2728 714 2782 sine
739 2742 842 2797 qua
872 2742 976 2781 non
996 2734 1172 2798 potest
1198 2740 1318 2782 esse
1344 2724 1573 2780 humana
1591 2735 1802 2792 natura,

218 2819 441 2873 nondum
474 2835 543 2874 ex
571 2820 720 2872 omni
743 2827 893 2889 parte
917 2826 1120 2873 sanata.
1148 2816 1202 2873 Si
1232 2826 1410 2871 autem
1438 2825 1717 2887 propterea
1742 2816 1806 2872 li-

216 2908 330 2964 bido
356 2909 555 2964 malum
584 2925 695 2964 non
728 2918 842 2977 est,
869 2907 992 2979 quia
1015 2909 1129 2965 sine
1151 2909 1240 2963 illa
1271 2924 1380 2963 non
1411 2908 1472 2963 ﬁt
1498 2909 1802 2978 nuptiarum

216 2994 400 3055 bonum
434 3017 448 3053 :
474 3016 506 3056 e
532 2998 808 3055 contrario
838 3015 937 3055 nec
958 3014 1152 3070 corpus
1172 2998 1369 3055 bonum
1387 3002 1468 3054 est
1488 3041 1504 3067 ,
1535 2999 1657 3070 quia
1687 3000 1805 3056 sine

215 3086 298 3145 illo
317 3107 422 3146 non
447 3090 507 3146 tit
537 3084 789 3146 adulterii
822 3091 1041 3146 malum.
1073 3084 1185 3145 Hoc
1228 3099 1405 3145 autem
1449 3089 1642 3145 falsum
1670 3097 1755 3146 est
1785 3107 1800 3143 :

213 3184 283 3238 sic
307 3199 435 3256 ergo
460 3191 519 3240 et
546 3182 696 3238 illud.
730 3181 864 3251 Quis
912 3190 1089 3239 autem
1118 3181 1290 3238 nescit
1331 3182 1628 3253 coniugatis
1657 3184 1804 3253 Apo-

212 3273 397 3331 stolutn
430 3277 777 3349 praecepisse,
793 3277 850 3330 ut
865 3274 1028 3331 sciret
1053 3274 1417 3346 unusquisque
1437 3289 1621 3330 eorum
1644 3282 1804 3330 suum

212 3386 297 3426 tas
320 3364 599 3441 possidere
617 3412 633 3438 ,
657 3368 763 3425 hoc
787 3379 905 3438 est,
938 3384 1155 3424 uxorem
1182 3383 1331 3424 suam
1350 3410 1365 3433 ,
1398 3383 1504 3423 non
1544 3368 1595 3422 in
1615 3369 1805 3445 morbo

209 3454 499 3530 desiderii,
527 3464 657 3518 sicut
682 3472 871 3535 gentes
914 3478 1034 3533 quze
1074 3462 1319 3532 ignorant
1356 3461 1521 3516 Deum
1549 3458 1591 3534 (l
1626 3459 1800 3515 Thess.

209 3568 263 3611 tv
288 3599 303 3623 ,
349 3556 386 3611 4
407 3599 422 3622 ,
451 3548 529 3627 5).
559 3553 657 3624 Qui
682 3571 802 3628 ergo
847 3544 915 3612 de
945 3554 1045 3611 hac
1091 3570 1149 3610 re
1179 3554 1491 3624 Apostolum
1536 3554 1700 3624 legit,
1752 3562 1805 3610 te

208 3638 456 3721 negligi}.
490 3638 554 3704 Et
577 3665 678 3704 non
717 3648 987 3705 erubescis
1014 3648 1173 3703 istum
1202 3647 1448 3702 morbum
1468 3644 1608 3712 ,γει
1661 3646 1805 3717 quod

209 3744 262 3796 tu
291 3756 421 3797 esse
444 3784 458 3808 ,
488 3742 723 3813 quamvis
752 3741 772 3775 ⁸
802 3728 1141 3813 pudibundus
1164 3783 1178 3808 ,
1203 3740 1382 3796 fateris
1407 3778 1422 3804 ,
1470 3738 1623 3794 istam
1680 3739 1804 3795 libi-

208 3822 385 3891 dinem
417 3822 759 3893 introd'ucere
784 3834 840 3890 in
879 3834 1180 3906 paradisum
1204 3874 1219 3899 ,
1250 3841 1304 3889 et
1347 3831 1580 3887 tribuere
1616 3832 1807 3903 coniu-

206 3927 353 3997 gibus
369 3936 496 3982 ante
536 3918 855 3999 peccatum?
900 3926 1094 3982 ldeone
1115 3933 1170 3980 tu
1198 3940 1303 3979 non
1330 3924 1382 3979 in
1401 3938 1557 3980 coeno
1580 3924 1805 3979 abscon-

208 4004 343 4074 ditus
369 4009 553 4074 l'ati'tas
571 4060 586 4085 ,
610 4019 737 4090 quia
758 4016 780 4051 ⁸
809 4012 1027 4073 libidine
1053 4018 1229 4073 carnis
1253 4026 1307 4072 et
1343 4010 1614 4088 sanguinis
1652 4016 1806 4087 quasi

208 4111 429 4180 paradisi
454 4111 590 4166 ﬂore
610 4126 771 4167 roseo
796 4119 846 4165 te
869 4125 1097 4166 coronas
1122 4151 1139 4177 ,
1177 4116 1233 4165 et
1280 4116 1531 4179 tanquam
1577 4108 1805 4164 libenter

209 4200 292 4258 tali
311 4205 493 4260 colore
533 4200 780 4275 perfusus
796 4244 818 4274 ,
846 4214 900 4259 et
927 4203 1195 4259 erubescis
1221 4210 1275 4258 et
1300 4190 1522 4258 laudas?

271 4286 498 4353 CAPUT
516 4282 610 4352 XI.
631 4326 706 4337 —
729 4290 820 4352 57.
848 4294 1005 4365 Quid,
1020 4294 1160 4367 quod
1180 4303 1231 4350 te
1250 4302 1449 4350 tantum
1468 4294 1698 4351 delectat
1714 4295 1801 4352 lo-

209 4385 315 4457 qui,
346 4397 406 4443 ut
434 4388 580 4459 quod
611 4386 934 4443 conﬁtemur
967 4395 1022 4443 et
1048 4385 1325 4452 docemus,
1354 4396 1603 4457 tanquam
1628 4402 1795 4457 nege-

209 4492 339 4544 mus,
362 4472 639 4548 superﬂua
670 4479 975 4549 prolixitate
1001 4477 1265 4534 sermonis
1292 4478 1520 4548 probare
1550 4477 1803 4533 coneris?

211 4558 330 4635 Quis
358 4571 503 4624 enim
535 4579 696 4640 negat
724 4567 963 4625 futurum
999 4562 1164 4624 fuisse
1193 4567 1555 4637 concubitum,
1586 4569 1797 4625 etiamsi

211 4660 481 4728 peccatum
505 4676 612 4715 non
647 4658 1047 4730 princessisset?
1077 4659 1183 4715 Sed
1204 4652 1412 4714 futurus
1432 4657 1628 4729 fuerat,
1658 4660 1798 4717 sicut

211 4748 320 4805 aliis
344 4752 628 4818 membris,
672 4753 742 4807 ita
768 4753 927 4808 etiam
954 4752 1275 4825 genitalibus
1309 4751 1574 4809 voluntate
1613 4754 1794 4821 motis,

215 4846 310 4896 non
338 4842 563 4898 libidine
588 4836 898 4909 comitatis;
946 4852 1038 4899 aut
1060 4853 1207 4900 certe
1246 4844 1404 4900 etiam
1441 4845 1552 4915 ipsa
1579 4843 1799 4901 libidine

221 4934 301 5006 (ut
327 4953 435 4991 non
458 4951 561 4999 vos
588 4926 656 4991 de
682 4936 771 4991 illa
802 4935 1023 4991 nimium
1052 4936 1489 5010 contristemus),
1528 4952 1632 4992 non
1663 4952 1797 5009 qua-

215 5015 274 5081 lis
300 5044 439 5084 nunc
463 5030 569 5096 est,
601 5022 701 5085 sed
745 5028 812 5084 ad
862 5035 1045 5083 nutum
1101 5027 1458 5085 voluntarium
1504 5030 1794 5085 serviente.

216 5118 403 5178 Verum
431 5139 529 5178 vos
553 5138 650 5193 pro
675 5134 921 5192 suscepta
944 5131 1115 5177 vestra
1142 5132 1247 5178 tam
1267 5122 1496 5180 ﬁdeliter
1516 5124 1795 5194 laboratis,

214 5219 266 5266 ut
291 5214 392 5268 vim
422 5214 721 5285 patiamini,
760 5215 860 5269 nisi
882 5229 999 5269 eam
1026 5216 1195 5288 qualis
1235 5232 1376 5272 nunc
1405 5226 1515 5284 est,
1544 5218 1706 5274 etiam
1747 5219 1799 5274 in

215 5305 452 5372 paradiso
472 5306 784 5375 collocetis;
813 5322 919 5362 non
949 5307 1018 5363 ibi
1040 5309 1108 5363 de
1139 5318 1358 5379 peccato
1382 5309 1619 5367 dicentes
1641 5312 1799 5367 talem

215 5393 423 5466 factam,
462 5399 559 5455 sed
601 5401 762 5456 talem
790 5400 936 5456 nullo
962 5410 1219 5472 peccante
1265 5403 1429 5460 fuisse
1471 5419 1797 5473 mansuram,

217 5506 335 5550 cum
353 5511 455 5567 qua
481 5496 534 5550 in
570 5492 656 5550 illa
684 5504 818 5568 pace
842 5495 1208 5566 dimicaretur,
1227 5507 1317 5554 aut
1341 5514 1407 5555 ne
1433 5499 1796 5568 dimicaretur,

216 5586 654 5675 «incassumque
688 5598 935 5658 surgeret
966 5588 1293 5659 expleretur.
1319 5588 1365 5646 Ο
1396 5598 1610 5647 sanctas
1640 5605 1799 5661 para-

218 5677 318 5737 disi
365 5680 621 5737 deliciasl
645 5681 703 5738 Θ*
738 5679 969 5738 ﬂentem
1019 5683 1484 5756 qualiumcumque
1522 5684 1801 5758 episcopo-

276 5836 642 5901 !Er.etl.ov.,
692 5838 801 5901 vel,

278 5839 1318 5931 {ﬁe‘lﬁ'aaﬁff‘l‘mi
1357 5842 1564 5906 οωίδεοθ
1585 5854 1704 5896 “‘6-

314 5905 445 5965 ων..
460 5903 563 5966 φά.
587 5903 764 5957 επιειυὶ

854 5903 917 5966 ri,
938 5903 1069 5967 quia.

72 6482 307 6498 μιωῶ-

1516 392 1722 459 LIBER
1755 384 2102 469 QUARTUS.

3374 402 3483 464 766

1911 506 2062 570 rum!
2092 512 2137 569 Ο
2165 512 2322 569 ﬁdem
2351 504 2815 589 qualiumcumque
2840 522 3108 577 castorum
3126 518 3182 577 ‘l

1976 604 2197 663 CAPUT
2236 596 2351 662 ΧΠ.
2382 637 2453 649 -
2491 608 2581 665 58.
2634 609 2739 665 Sed
2787 612 2972 667 volens
3019 612 3327 685 ostendere,
3375 628 3486 674 non

1905 701 2082 757 omnia
2105 716 2225 772 quae
2268 710 2536 773 teguntur,
2567 718 2632 759 ex
2669 713 2890 777 peccato
2923 706 3284 765 erubescenda
3314 710 3490 781 putari

1905 805 2179 867 oportere,
2211 796 2433 853 multum
2465 797 2693 853 inaniter
2720 799 2883 854 multa
2926 815 3340 870 commemoras,
3367 818 3489 873 quae

1907 890 1960 946 in
1986 899 2170 947 nostro
2194 906 2419 962 corpore
2444 891 2757 947 naturaliter
2800 899 2939 949 tecta
2978 901 3132 960 sunt;
3173 894 3323 965 quasi
3368 902 3491 966 post

1907 992 2179 1055 peccatum
2209 992 2344 1039 tecta
2370 984 2496 1051 sint,
2526 984 2663 1039 sicut
2682 983 2758 1038 illi
2782 983 3042 1052 homines,
3075 985 3213 1041 unde
3230 987 3368 1042 inter
3392 1002 3490 1045 nos

1906 1076 2129 1149 quaestio
2143 1086 2245 1145 est,
2274 1094 2392 1149 qum
2433 1086 2557 1132 ante
2575 1084 2848 1147 peccatum
2866 1092 2965 1132 nec
2984 1077 3250 1149 pudenda,
3279 1093 3378 1135 nec
3408 1088 3493 1137 te:

1907 1179 1992 1226 cta
2019 1171 2252 1235 fuerant,
2286 1178 2407 1242 post
2435 1178 2711 1242 peceatum
2743 1170 2987 1240 pudenda
3017 1177 3283 1226 texerunt.
3321 1190 3340 1223 ι
3368 1173 3492 1227 Bal-

1907 1260 2026 1328 bus,
2057 1280 2077 1313 ι
2109 1260 2301 1331 inquis,
2341 1280 2358 1314 ι
2396 1260 2536 1330 apud
2556 1260 2785 1316 Tullium
2809 1275 2929 1337 cum
2951 1260 3101 1329 Cotta
3116 1276 3244 1316 vere
3266 1260 3492 1331 diligen-

1908 1360 2092 1423 terque
2113 1353 2365 1408 disseruit
2400 1372 2419 1406 »
2453 1352 2555 1426 (De
2581 1352 2785 1407 Natura
2799 1352 3028 1420 deorum,
3057 1353 3146 1407 lib.
3167 1352 3255 1423 2:).
3284 1370 3304 1405 r
3338 1352 3494 1410 Unde

1908 1443 1977 1499 ob
2004 1443 2105 1499 hoc
2136 1460 2304 1514 pauca
2330 1446 2506 1516 ponis,
2554 1464 2574 1498 ι
2605 1453 2663 1500 ut
2686 1444 2843 1511 dicis,
2877 1462 2898 1496 ‹
2933 1452 2991 1499 ut
3015 1459 3208 1500 oneres
3233 1442 3494 1514 pudorem

1907 1531 2108 1605 meum,
2143 1552 2247 1593 non
2286 1553 2348 1593 ea
2394 1553 2480 1593 me
2510 1537 2833 1593 intellexisse
2857 1536 2957 1593 sub
2984 1536 3289 1607 magisterio
3325 1549 3495 1591 sacrae

1909 1629 2062 1701 legis,
2089 1628 2155 1685 ad
2184 1645 2407 1700 quorum
2432 1629 2703 1686 notionem
2732 1628 2972 1686 Gentiles
3000 1629 3121 1684 solo
3146 1628 3367 1684 rationis
3392 1614 3491 1683 du-

1908 1729 1995 1776 ctu
2024 1722 2306 1791 pervenire
2344 1730 2669 1793 potuerunt:
2711 1740 2730 1775 ι
2766 1730 2821 1777 et
2850 1721 3003 1792 ponis
3030 1721 3180 1778 Balbi
3219 1721 3383 1777 verba
3424 1734 3495 1778 ex

1907 1811 2183 1868 Ciceronis
2210 1812 2369 1879 libro,
2402 1828 2500 1884 per
2521 1828 2640 1884 quae
2665 1827 2765 1869 nos
2797 1812 3015 1880 doceas,
3061 1798 3188 1884 quid
3230 1811 3497 1870 senserint

1907 1903 2069 1959 Stoici
2094 1904 2161 1960 de
2191 1904 2496 1959 animalium
2523 1913 2790 1959 mutorum
2812 1904 3116 1961 masculinis
3132 1918 3194 1958 ac
3223 1903 3497 1961 femininis

1908 1996 2323 2064 diversitatibus,
2373 1999 2441 2055 de
2487 1999 2726 2071 partibus
2769 1998 3011 2069 corporis
3053 1998 3395 2070 genitalibus,
3440 2005 3497 2058 et

1909 2089 2059 2144 miris
2109 2089 2625 2146 commiscendorum
2669 2105 2953 2160 corporum
2998 2089 3323 2145 libidinibus.
3363 2089 3496 2158 Qute

1910 2188 2091 2235 tamen
2141 2180 2322 2246 verba,
2374 2181 2458 2236 vel
2507 2181 2773 2246 Tulliana,
2817 2180 2902 2236 vel
2943 2180 3226 2251 cujuslibet
3252 2179 3492 2248 alterius,

1908 2280 2195 2343 antequam
2246 2274 2636 2343 interponeres,
2681 2273 2991 2329 cautissime
3044 2273 3362 2343 praelocutus
3413 2286 3496 2340 es,

1915 2383 1935 2417 ‹
1971 2365 2111 2436 quod
2142 2365 2261 2421 ideo
2286 2366 2386 2421 sub
2408 2365 2696 2421 bestiarum
2725 2364 3008 2421 occasione
3055 2380 3279 2421 sexuum
3319 2370 3498 2434 tangat

1909 2455 2187 2523 effectum,
2228 2458 2350 2527 quia
2391 2465 2606 2527 propter
2648 2456 2983 2512 honestatem
3024 2455 3126 2510 hoc
3170 2456 3224 2511 in
3263 2454 3498 2511 hominis

1908 2546 2265 2620 descriptione
2296 2548 2570 2618 prteteriit.
2605 2567 2625 2601 ι
2652 2547 2788 2616 Quid
2813 2555 2917 2614 est,
2942 2565 2961 2600 ι
3000 2555 3216 2616 propter
3244 2546 3499 2601 honesta-

1909 2636 2057 2698 tem?
2085 2661 2103 2694 ι
2130 2642 2210 2696 An
2237 2642 2289 2695 in
2317 2656 2451 2696 sexu
2474 2640 2706 2696 hominis
2731 2640 2985 2696 honestas
3020 2639 3381 2707 confunditur,
3409 2638 3501 2695 ubi

1911 2736 2052 2791 Deus
2082 2744 2335 2805 tanquam
2365 2734 2418 2788 in
2445 2732 2824 2790 excellentiore
2851 2741 3041 2788 natura
3070 2732 3278 2804 dignius
3304 2745 3498 2813 opera-

1910 2830 2035 2885 tur?
2080 2828 2187 2884 Sed
2228 2828 2523 2883 docuerunt
2567 2836 2620 2883 te
2666 2827 2832 2883 Stoici
2861 2826 3135 2896 disputare
3160 2824 3230 2881 de
3254 2824 3499 2894 occultis,

1910 2935 2009 2975 nee
2060 2918 2356 2974 docuerunt
2412 2919 2732 2974 erubescere
2792 2916 2862 2973 de
2907 2916 3190 2988 pudendis.
3240 2914 3502 2986 Adiungis

1909 3013 2126 3079 deinde,
2163 3031 2183 3066 ι
2221 3012 2490 3084 quomodo
2528 3012 2703 3083 ipsum
2740 3011 3013 3069 hominem
3042 3010 3282 3066 oratione
3314 3009 3502 3081 depin-

1908 3117 2018 3176 gat,
2058 3125 2077 3159 ›
2114 3115 2171 3161 ut
2196 3106 2351 3173 dicis,
2399 3123 2419 3159 ‹
2467 3113 2521 3161 et
2549 3105 2819 3177 quomodo
2862 3103 3092 3160 disserat
3117 3103 3221 3158 alvi
3257 3110 3502 3157 naturam

1909 3197 2185 3252 stomacho
2212 3211 2331 3252 esse
2355 3196 2668 3267 subiectam,
2699 3194 2842 3268 quod
2888 3194 2992 3251 cibi
3020 3203 3074 3251 et
3117 3193 3355 3265 potionis
3401 3192 3493 3261 sit,

1909 3290 2306 3358 receptaculum
2346 3290 2664 3360 :pulmones
2701 3295 2879 3343 autem
2927 3295 2982 3343 et
3026 3301 3122 3342 cor
3169 3285 3504 3343 extrinsecus

1909 3383 2155 3452 spiritum
2182 3381 2448 3438 adducant
2479 3401 2492 3435 :
2520 3383 2687 3438 multa
2719 3382 2769 3437 in
2796 3382 2917 3438 alvo
2946 3380 3260 3439 mirabiliter
3286 3380 3500 3452 effecta,

1909 3489 2030 3544 qua:
2046 3482 2356 3530 constarent
2377 3490 2441 3530 ex
2466 3474 2674 3541 nervis;
2694 3481 2749 3530 et
2767 3473 2908 3546 quod
2927 3474 2999 3529 sit
3022 3473 3299 3545 multiplex
3318 3481 3373 3529 et
3392 3481 3502 3531 tor-

1912 3574 2084 3631 tuosa,
2116 3573 2398 3636 arceatque
2440 3573 2496 3621 et
2537 3566 2835 3633 contineat,
2865 3565 2978 3622 sive
3013 3564 3144 3627 illud
3169 3565 3378 3621 aridum
3404 3566 3495 3635 sit,

1910 3657 2024 3713 sive
2070 3656 2346 3712 humidum
2404 3657 2547 3729 quod
2600 3659 2903 3729 receperit”
2951 3675 2965 3711 :
3029 3677 3049 3712 ι
3083 3666 3138 3715 et
3182 3667 3377 3715 caetera
3404 3658 3505 3714 hu-

1904 3746 2333 3819 iusmodiusqne
2376 3748 2442 3804 ad
2481 3749 2635 3818 illud,
2693 3767 2713 3802 ι
2763 3749 3210 3821 quemadmodum
3262 3751 3503 3823 reliquiae

1909 3840 2016 3896 cibi
2063 3841 2417 3912 depellantur,
2464 3850 2572 3896 tum
2626 3844 3044 3914 astringentibus
3099 3858 3159 3901 se
3210 3845 3502 3915 intestinis,

1911 3939 2026 3987 tum
2052 3932 2433 3988 relaxantibus.
2472 3952 2492 3986 ι
2521 3933 2654 3989 Cum
2680 3950 2808 4007 ergo
2833 3943 3018 4006 posset
3046 3936 3208 3993 etiam
3236 3937 3289 3993 in
3313 3938 3503 3996 bestiis

1910 4023 2013 4079 ista
2043 4024 2370 4093 describere,
2393 4041 2491 4081 cur
2510 4026 2634 4083 inde
2654 4027 2721 4083 ad
2743 4027 3017 4085 hominem
3044 4030 3324 4087 transitum
3350 4029 3499 4102 fecit,

1910 4114 2015 4171 nisi
2044 4115 2167 4186 quia
2194 4115 2294 4171 ista
2325 4116 2569 4187 pudenda
2600 4132 2708 4173 non
2743 4128 2899 4187 sunt;
2943 4121 3083 4176 sicut
3111 4136 3211 4178 nec
3234 4123 3287 4178 in
3313 4121 3503 4179 bestiis

1912 4206 2006 4263 illa
2028 4205 2097 4264 de
2127 4222 2357 4263 sexuum
2389 4208 2710 4280 genitalibus
2738 4219 2897 4282 atque
2932 4205 3157 4281 naturis,
3184 4229 3301 4284 quae
3329 4222 3508 4270 tamen

1911 4296 1970 4353 in
2001 4298 2217 4355 homine
2239 4298 2487 4371 pudenda
2516 4300 2679 4357 sunt?
2720 4317 2782 4358 ea
2811 4312 2969 4359 causa
3001 4304 3183 4374 utique
3202 4345 3219 4372 ,
3249 4320 3352 4375 qua
3395 4304 3505 4376 pri-

1908 4390 2068 4447 mitus
2117 4399 2232 4463 post
2272 4402 2545 4464 peccatum
2577 4393 2716 4449 foliis
2761 4395 3001 4452 ﬁculneis
3043 4396 3299 4466 adoperta
3341 4405 3493 4453 sunt.

1908 4476 2040 4537 Nam
2079 4496 2200 4538 cum
2236 4482 2288 4538 in
2328 4482 2685 4554 descriptione
2713 4474 2932 4542 humani
2958 4487 3203 4557 corporis
3231 4502 3399 4559 usque
3432 4487 3503 4543 ad

1908 4576 1999 4631 illa
2025 4583 2263 4631 extrema
2290 4576 2547 4641 venisset,
2578 4592 2679 4648 qua
2708 4577 2819 4633 cibi
2842 4579 3078 4649 reliquiae
3107 4570 3450 4649 depelluntur
3482 4595 3500 4634 :

1914 4684 1934 4720 ι
1970 4666 2448 4735 Quemadmodum,
2487 4687 2508 4721 ι
2539 4669 2726 4739 inquit,
2768 4688 2788 4721 ι
2822 4669 2933 4736 ﬂat,
2966 4662 3104 4726 haud
3133 4686 3261 4725 sane
3289 4660 3509 4726 diilicile

1906 4758 2051 4817 dictu
2077 4767 2157 4815 est
2187 4777 2200 4815 :
2232 4754 2325 4815 sed
2358 4767 2535 4815 tamen
2563 4761 2988 4831 praetereundum
3007 4804 3022 4829 ,
3064 4778 3132 4818 ne
3156 4763 3282 4836 quid
3313 4762 3508 4818 habeat

1906 4852 2308 4924 iniucunditatis
2343 4854 2533 4909 oratio.
2575 4873 2594 4907 ι
2629 4852 2745 4910 Ndn
2787 4854 2940 4924 dixit,
2987 4850 3357 4923 Confusionis;
3392 4858 3504 4927 vel,

1907 4934 1984 5000 Ne
2014 4943 2137 5014 quid
2169 4942 2469 5015 pudendum
2502 4945 2694 5001 habeat
2714 4946 2889 5002 oratio
2916 4965 2928 5001 :
2956 4946 3074 5017 sed,
3109 4966 3127 5000 ‹
3170 4962 3238 5005 ne
3265 4948 3391 5020 quid
3418 4948 3510 5004 in-

1902 5034 2270 5106 iucunditatis.
2310 5054 2329 5088 i
2360 5032 2475 5091 Alia
2497 5044 2623 5091 sunt
2642 5037 2784 5093 enim
2806 5052 2925 5109 quae
2948 5037 3225 5094 horrorem
3257 5041 3508 5112 ingerunt

1907 5126 2173 5201 sensibus,
2222 5127 2364 5197 quod
2411 5127 2666 5183 deformia
2722 5129 2863 5196 sint;
2917 5128 3017 5184 alia
3070 5144 3189 5200 quae
3243 5128 3505 5201 pudorem

1893 5194 2192 5283 Omenti‘bus,
2238 5194 2447 5273 etiamsi
2478 5217 2710 5274 formosa
2734 5194 2856 5273 sint
2881 5235 2895 5273 :
2943 5218 3065 5290 quia
3088 5194 3195 5273 illa
3222 5194 3502 5274 offendunt

1908 5308 2315 5368 delectationem
2335 5352 2353 5379 ,
2389 5314 2729 5369 commovent
2751 5320 2928 5369 autem
2959 5312 3061 5368 ista
3088 5308 3386 5381 libidinem,
3412 5312 3500 5368 vel

1906 5396 2126 5460 libidine
2149 5410 2569 5459 commoventur.

1979 5495 2069 5551 59.
2116 5492 2254 5563 Quid
2294 5494 2456 5566 igitur
2497 5504 2550 5552 te
2587 5486 2842 5566 adiuvant
2879 5480 3033 5550 hinc?
3066 5510 3087 5547 ι
3119 5493 3254 5564 Quia
3297 5493 3439 5566 ipse,
3475 5513 3496 5548 ι

1984 5716 2002 5749 ι
2021 5715 2336 5787 Michaellnus
2367 5715 2546 5787 codex,
2568 5715 2709 5787 _et_in
2736 5713 2850 5787 aliis
2886 5713 3506 5787 ad_.rnarginemApl_tn;i_bnn

1908 5787 2037 5853 pass”
2062 5783 2352 5853 castrorum.
2366 5775 2605 5853 auore},
2624 5775 2859 5827 Eleatem.
2882 5776 3059 5837 Critia,
3084 5775 3365 5841 pagg.»ﬂ8,
3379 5776 3499 5843 217,

1908 5840 2054 5904 legit.
2077 5840 2469 5891 chriam.
2533 5847 2593 5888 Μ.
3158 5840 3161 5841 ⁷
3352 5840 3357 5841 ⁷

1976 5904 1997 5936 ¹
2020 5910 2072 5957 tu
2090 5909 2198 5957 Mss.
2211 5934 2230 5967 ,
2259 5900 2358 5958 sive
2378 5899 2503 5958 illud
2525 5897 2735 5964 aridum,
2758 5909 2853 5957 sne
2867 5899 3120 5958 humidum
3148 5898 3412 5968 receperit.
