4142 6506
689 369 792 427 767

687 489 884 558 inquis,
917 505 934 538 (
960 484 1138 556 cpifex
1159 495 1340 540 uoster
1362 482 1567 538 nullum
1597 497 1708 538 suae
1729 481 1857 536 artis
1878 481 2081 535 crimen
2105 495 2270 550 agno-

688 585 783 646 vit,
821 591 873 634 ut
901 580 1079 634 vitalia
1104 587 1282 632 nostra
1311 585 1416 632 tam
1447 577 1729 647 diligenter
1754 575 2040 631 occuleret.
2069 593 2087 625 ι
2120 573 2274 628 Absit

689 677 862 744 piaue,
899 681 954 724 ut
974 671 1103 724 artis
1132 685 1242 724 suae
1265 677 1441 723 tantus
1461 667 1647 722 artifex
1671 667 1838 721 ullum
1869 663 2270 736 agnoveritcri-

687 782 830 820 tuen.
881 763 988 818 Sed
1027 779 1121 817 cur
1147 763 1246 816 ista
1292 761 1517 826 texerit,
1545 761 1652 830 jam
1686 759 1842 830 paulo
1871 758 2114 827 superius
2159 756 2274 826 ipse

688 856 887 920 dixisti,
923 874 940 904 ‹
972 871 1035 908 ne
1066 855 1270 909 scilicet
1298 874 1314 906 ι
1349 854 1428 908 vel
1458 854 1741 918 intereant,
1773 851 1854 906 vel
1889 850 2142 904 horreant
2167 864 2271 918 pu-

687 947 898 1000 blicata.
943 966 960 997 ι
995 947 1085 1000 llla
1114 961 1241 1000 vero
1267 961 1385 1016 qua:
1425 945 1566 998 foliis
1597 944 1836 998 ficulneis
1865 951 2114 996 texerunt
2139 955 2270 994 con-

682 1036 841 1105 juges
869 1035 1020 1104 primi
1050 1034 1068 1106 (
1093 1033 1219 1089 Gen.
1251 1051 1326 1100 lli,
1355 1035 1422 1104 7)
1449 1076 1462 1098 ,
1501 1049 1598 1088 nec
1631 1031 1916 1087 interibant
1943 1032 2142 1100 utique,
2174 1045 2272 1084 nec

687 1123 1010 1190 horrebant,
1041 1125 1252 1193 quando
1281 1125 1406 1178 nudi
1436 1135 1616 1189 erant,
1646 1133 1699 1178 et
1726 1139 1829 1177 non
1867 1122 2269 1177 confundeban-

687 1225 771 1268 tur
800 1213 907 1286 (Id.
945 1231 1001 1280 ll,
1033 1215 1146 1287 25).
1193 1216 1261 1270 Et
1290 1232 1426 1269 nunc
1467 1215 1729 1286 pudicitia:
1767 1215 1969 1280 cautio,
2003 1215 2177 1283 potius
2205 1229 2273 1269 ne

684 1305 866 1372 libeat,
896 1323 1052 1377 quam
1081 1325 1146 1363 ne
1172 1308 1385 1362 horreat
1415 1309 1501 1362 illa
1522 1309 1746 1378 species,
1771 1307 2078 1363 ecrumdem
2099 1322 2274 1360 mem-

683 1397 896 1453 brorum
941 1399 1137 1454 devitat
1173 1411 1464 1470 aspectum.
1498 1399 1716 1455 Frustra
1760 1401 1920 1470 igitur
1965 1399 2271 1455 testimonio

683 1489 982 1546 Stoicorum
1031 1492 1316 1560 juvaudam
1365 1493 1560 1564 putasti
1607 1501 1748 1546 tuam
1787 1507 1908 1546 esse
1945 1500 2269 1560 susceptam,

683 1599 792 1638 non
825 1599 949 1638 sane
986 1585 1088 1638 illis
1125 1586 1371 1652 amicam,
1415 1585 1504 1654 qui
1546 1585 1746 1638 nullam
1791 1584 2099 1654 particulam
2146 1583 2273 1637 boni

685 1677 902 1732 humani
933 1679 983 1732 in
1016 1679 1254 1748 corporis
1275 1679 1540 1748 voluptate
1565 1687 1871 1748 posuerunt.
1909 1679 2140 1748 Denique
2167 1677 2276 1732 cle-

683 1779 876 1840 gerunt
902 1771 955 1824 in
984 1772 1261 1840 pecoribus
1310 1771 1484 1841 potius
1510 1787 1668 1842 quam
1699 1773 1749 1825 in
1781 1770 2102 1836 hominibus,
2131 1769 2272 1841 quod

685 1869 744 1915 tu
789 1861 944 1926 facis,
978 1861 1193 1917 laudare
1235 1862 1499 1918 libidines.
1549 1863 1746 1918 Eorum
1793 1863 1990 1933 quippe
2034 1862 2272 1934 Opinioui

684 1952 1071 2008 convenienter
1097 1955 1171 2008 ait
1199 1954 1428 2024 quodam
1471 1955 1589 2009 loco
1609 1955 1838 2022 .Tullius,
1870 1971 1930 2010 se
1953 1972 2060 2009 non
2086 1965 2272 2025 putare

681 2043 826 2099 idem
853 2061 972 2100 esse
1009 2046 1186 2100 arietis
1217 2056 1269 2100 et
1295 2047 1468 2101 Publii
1494 2045 1728 2100 Africani
1758 2047 1977 2101 bonum.
2009 2047 2123 2116 QUa
2150 2062 2268 2102 ma-

681 2135 764 2204 gis
791 2136 1053 2191 sententia
1087 2146 1138 2192 te
1165 2135 1398 2206 oportuit
1422 2137 1697 2192 admoneri
1717 2179 1734 2204 ,
1785 2137 1909 2210 quid
1945 2137 2012 2194 de
2041 2139 2270 2196 humana

680 2225 901 2282 libidine
929 2229 1128 2284 sentire
1157 2229 1404 2284 deberes.

725 2303 728 2306 ’
754 2317 840 2373 60.
863 2319 967 2374 Sed
995 2321 1040 2374 si
1070 2321 1262 2376 talibus
1288 2322 1478 2377 litteris
1505 2331 1561 2376 ut
1584 2321 1781 2392 aliquid
1810 2337 2051 2394 agamus,
2074 2324 2266 2394 placet,

680 2413 803 2482 quia
827 2421 878 2468 et
905 2413 956 2466 iu
986 2413 1114 2483 ipsis
1131 2416 1468 2483 reperiuntur
1484 2416 1738 2470 nonnulla
1757 2417 1978 2487 vestigia
1995 2418 2231 2473 veritatis
2251 2435 2265 2486 ;

679 2503 892 2558 interim
919 2519 1036 2573 quae
1067 2506 1179 2574 ipse
1211 2507 1450 2574 posuisti,
1481 2507 1611 2561 nihil
1636 2508 1891 2564 adversus
1930 2523 2029 2564 nos
2063 2511 2266 2574 valere,

678 2605 809 2666 puto
838 2595 977 2666 quod
1004 2597 1113 2666 jam
1139 2597 1335 2653 debeas
1355 2599 1617 2655 confiteri.
1641 2600 1770 2656 Vide
1797 2618 1936 2656 nunc
1959 2612 2139 2658 utrum
2169 2603 2268 2658 ista

678 2703 797 2756 qua:
825 2686 996 2742 dicam
1018 2729 1032 2754 ,
1065 2704 1170 2742 non
1198 2700 1438 2744 evertant
1464 2691 1812 2746 assertionem
1852 2701 2015 2747 tuam.
2043 2693 2099 2747 In
2132 2693 2268 2750 libro

678 2779 837 2832 tertio
879 2777 945 2833 de
989 2779 1306 2848 Republica,
1351 2781 1491 2836 idem
1537 2781 1741 2836 Tullius
1789 2783 2058 2838 hominem
2107 2783 2264 2850 dicit,

683 2887 703 2919 ι
741 2884 845 2923 non
873 2878 930 2923 ut
962 2885 992 2924 a
1025 2879 1210 2934 matre,
1243 2871 1336 2927 sed
1367 2881 1472 2926 uta
1505 2887 1731 2928 noverca
1761 2884 1947 2928 natura
1971 2875 2172 2931 editum
2213 2876 2266 2931 in

679 2961 868 3028 vitam,
892 2977 1116 3032 corpore
1141 2963 1302 3030 nudo,
1330 2965 1519 3036 fragili,
1548 2977 1600 3021 et
1627 2967 1841 3021 infirmo
1861 2984 1874 3034 ;
1893 2969 2072 3023 animo
2087 2979 2265 3025 autem

675 3052 834 3106 anxio
861 3053 926 3106 ad
949 3055 1239 3118 molestias,
1275 3055 1459 3110 hutnili
1487 3055 1554 3110 ad
1581 3057 1821 3122 timores,
1853 3059 1998 3112 molli
2021 3058 2088 3112 ad
2114 3059 2265 3114 labo-

675 3160 786 3212 res,
821 3159 990 3215 prono
1033 3145 1099 3200 ad
1131 3145 1378 3202 libidines
1409 3167 1421 3200 :
1456 3147 1506 3200 in
1535 3163 1642 3218 quo
1691 3157 1868 3204 tamen
1918 3149 2116 3204 inesset
2150 3159 2265 3204 tan-

675 3251 836 3305 quam
857 3236 1078 3291 obrutus
1098 3237 1307 3306 quidam
1330 3237 1542 3293 divinus
1563 3239 1696 3310 ignis
1714 3239 1908 3310 ingenii
1925 3249 1977 3294 et
1995 3241 2208 3294 mentis.
2237 3259 2257 3292 ι

674 3327 810 3393 Quid
836 3327 900 3382 ad
937 3327 1050 3382 bare
1079 3327 1248 3383 dicis?
1277 3327 1391 3382 Non
1423 3329 1522 3384 hoc
1557 3341 1742 3386 auctor
1771 3331 1872 3386 iste
1902 3333 2042 3386 male
2079 3333 2262 3386 viven-

675 3419 807 3476 tium
837 3419 1075 3475 moribus
1101 3420 1236 3474 dixit
1275 3421 1544 3486 effectum,
1573 3423 1666 3476 sed
1697 3432 1937 3477 naturam
1965 3423 2138 3493 potius
2168 3437 2261 3476 ac-

673 3509 894 3565 cusavit.
925 3509 1056 3565 Rem
1087 3511 1250 3578 vidit,
1294 3527 1509 3567 causam
1552 3513 1796 3569 nescivit.
1851 3513 2076 3568 Latebat
2117 3513 2259 3569 enim

647 3605 795 3659 'eum
842 3616 939 3656 cur
980 3612 1122 3659 esset
1153 3620 1304 3674 grave
1333 3605 1521 3676 jugum
1563 3623 1715 3675 super
1751 3607 1885 3676 ﬁlios
1912 3607 2097 3672 Adam,
2127 3623 2158 3659 a
2181 3606 2263 3662 die

676 3696 838 3750 exitus
865 3695 929 3750 de
953 3705 1117 3750 ventre
1155 3697 1332 3752 matris
1363 3715 1555 3766 eorum,
1587 3716 1742 3770 usque
1775 3701 1828 3754 in
1856 3701 1988 3754 diem
2030 3702 2261 3770 sepultu-

673 3801 748 3841 rw
765 3787 817 3840 in
838 3796 1044 3842 matrem
1064 3790 1286 3843 omnium
1313 3788 1500 3860 (Eccli.
1528 3807 1618 3856 XL,
1649 3791 1725 3861 1);
1756 3792 1878 3862 quia
1905 3791 2071 3846 sacris
2092 3791 2258 3847 Litte-

674 3875 750 3931 ris
779 3890 882 3930 uon
911 3877 1180 3944 eruditus,
1236 3879 1516 3948 ignorabat
1559 3881 1816 3951 originale
1859 3891 2154 3952 peccatum.
2199 3881 2255 3938 Si

675 3975 848 4040 autem
871 3965 940 4022 de
959 3969 1200 4036 libidine,
1227 3987 1386 4040 quam
1420 3971 1681 4039 defendis,
1716 3973 1851 4028 bene
1871 3973 2116 4038 sentiret,
2151 3985 2259 4028 non

673 4057 724 4114 ei
754 4072 951 4128 pronus
975 4059 1026 4114 in
1049 4059 1296 4116 libidines
1321 4063 1528 4117 animus
1554 4065 1875 4133 displiceret.

744 4170 832 4226 6i.
874 4171 976 4227 Sed
1003 4173 1045 4227 si
1073 4172 1186 4227 haec
1214 4184 1464 4245 tanquam
1499 4176 1705 4230 minora
1739 4177 1878 4232 bona
1913 4177 2175 4244 defendis,
2205 4179 2258 4234 in

674 4275 793 4330 qua:
823 4277 930 4315 non
952 4261 1108 4317 debet
1134 4279 1164 4318 a
1191 4266 1438 4334 supernis
1462 4267 1670 4321 animus
1701 4268 1968 4336 inclinari,
2003 4285 2108 4324 non
2135 4271 2258 4342 quia

673 4349 838 4405 libido
861 4351 1044 4405 vitium
1067 4362 1168 4416 est,
1193 4353 1286 4408 sed
1319 4355 1439 4424 quia
1463 4355 1705 4410 infimum
1733 4357 1928 4412 bonum
1952 4376 1966 4424 ;
1995 4359 2118 4413 audi
2147 4375 2258 4414 ma-

679 4441 955 4496 nifestiora
981 4459 1098 4513 qua:
1121 4443 1261 4500 dicat
1284 4445 1336 4500 iu
1362 4447 1548 4502 eodem
1578 4448 1693 4518 ipso
1715 4449 1849 4504 libro
1874 4449 1941 4504 de
1967 4449 2260 4520 Republica

673 4535 855 4602 tertio,
885 4551 1006 4591 cum
1041 4547 1222 4608 ageret
1260 4539 1328 4596 de
1352 4555 1510 4597 causa
1541 4542 1856 4612 imperandi.
1895 4561 1912 4594 ι
1937 4547 2035 4598 -An
2065 4560 2192 4610 non,
2232 4563 2253 4598 ι

672 4635 868 4706 inquit,
900 4654 918 4687 ι
956 4637 1222 4692 cernimus
1245 4639 1446 4709 optimo
1469 4641 1662 4712 cuique
1686 4641 2014 4698 dominatum
2047 4645 2114 4699 ab
2142 4646 2257 4714 ipsa

673 4739 862 4786 natura
893 4747 1012 4786 cum
1042 4747 1246 4788 summa
1279 4737 1504 4792 utilitate
1547 4738 1852 4796 infimorum
1883 4740 2108 4796 datum?
2149 4741 2257 4796 Cur

675 4820 834 4889 igitur
863 4823 878 4853 ⁸
913 4823 1052 4878 Deus
1081 4825 1282 4882 homini
1309 4868 1323 4894 ,
1353 4829 1560 4884 animus
1591 4831 1817 4900 imperat
1845 4833 2090 4902 corpori,
2121 4835 2257 4888 ratio

673 4911 882 4968 libidini
911 4915 1304 4988 iracuttdimque
1334 4929 1387 4974 et
1409 4922 1618 4976 caeteris
1641 4923 1841 4978 vitiosis
1869 4923 2107 4992 ejusdem
2139 4925 2258 4980 atti-

673 5005 747 5060 mi
780 5007 1061 5075 partibus?
1104 5029 1124 5062 ›
1155 5011 1342 5067 Jamtte
1367 5013 1554 5068 saltem
1585 5014 1810 5070 docente
1843 5017 1945 5070 isto
1978 5017 2092 5081 has,
2123 5033 2257 5088 quas

671 5097 840 5154 bonas
865 5113 984 5156 esse
1009 5101 1268 5168 defendis,
1301 5105 1520 5160 vitiosas
1544 5115 1720 5176 partes
1751 5108 1912 5162 animi
1942 5109 2258 5166 confiteris?

675 5189 870 5246 Adhuc
887 5183 1031 5247 audi'.
1055 5193 1221 5248 Paulo
1245 5208 1366 5265 post
1386 5197 1528 5252 enim
1557 5215 1569 5252 :
1600 5217 1616 5250 ι
1651 5197 1752 5253 Sed
1775 5208 1830 5254 et
1857 5200 2178 5271 imperandi,
2202 5211 2259 5258 et

671 5283 940 5340 serviendi
977 5303 995 5336 ι
1031 5287 1218 5357 inquit,
1249 5307 1268 5340 ‹
1298 5297 1422 5344 sunt
1443 5291 1906 5348 dissimilitudines
1926 5309 2255 5365 cognoscen-

671 5377 773 5432 dae.
805 5377 936 5433 Nam
963 5389 1022 5434 ut
1051 5381 1259 5436 animus
1283 5385 1494 5452 corpori
1520 5383 1714 5440 dicitur
1743 5385 2025 5456 imperare,
2057 5387 2252 5442 dicitur

671 5469 832 5525 etiam
861 5471 1068 5526 libidini
1103 5491 1115 5526 :
1148 5473 1242 5528 sed
1273 5476 1518 5546 corpori,
1553 5485 1608 5531 ut
1637 5493 1730 5533 rex
1765 5477 1968 5533 civibus
1997 5479 2130 5544 suis,
2163 5488 2255 5535 aut

671 5575 865 5631 parens
903 5561 1123 5628 liberis;
1165 5563 1369 5620 libidini
1415 5577 1590 5623 autem
1617 5609 1632 5635 ,
1671 5577 1729 5622 ut
1755 5569 1922 5624 servis
1968 5568 2250 5639 dominus,

676 5650 814 5721 quod
839 5667 957 5708 eam
983 5663 1198 5710 coercet
1229 5667 1282 5712 et
1325 5655 1535 5730 frangit.
1571 5659 1660 5714 Sic
1685 5675 1886 5730 regum,
1918 5663 1995 5716 sic
2023 5661 2254 5733 impera-

737 5784 759 5858 :
781 5783 1050 5858 ἓεξὲιθιιεῑε
1069 5797 1172 5858 λίβον
1188 5799 1307 5858 (ἶὲηη
1329 5791 1492 5858 ifilli?-

737 5845 760 5876 ⁸
783 5845 921 5910 aditi,
943 5861 1052 5913 quo.
1078 5845 1320 5904 sic'etiam
1343 5845 1564 5908 iiallicani
1595 5864 1700 5910 Mss.
1729 5865 1783 5910 At
1805 5861 2032 5924 vaticani,
2055 5861 2200 5926 quod.

1474 361 1750 420 CONTRA
1786 361 2126 418 JULIANUM
2165 361 2626 430 PELAGIANUM,
2668 362 2726 418 S.
2767 361 3134 420 AUGUSTlNl

3863 376 3980 436 768

2387 489 2559 536 torum
2584 520 2598 546 ,
2627 480 2708 535 sic
2744 481 3145 551 magistratuum
3171 523 3187 550 ,
3233 482 3311 539 sic
3355 491 3566 555 patrum
3591 527 3606 553 ,
3638 488 3715 544 sic
3743 493 3954 564 populo

2381 588 2501 627 rum
2527 572 2750 642 imperia
2775 573 2978 628 civibus
3004 574 3268 644 sociisque
3297 590 3552 645 praesunt,
3577 587 3636 635 ut
3655 583 3980 650 corporibus

2379 665 2626 719 animus:
2657 664 2858 719 domini
2888 673 3064 720 autem
3095 681 3280 721 servos
3307 667 3376 722 ita
3407 668 3650 740 fatigant,
3681 681 3740 726 ut
3767 675 3976 744 optima

2379 769 2503 826 pars
2527 754 2710 822 animi,
2745 754 2797 809 id
2823 763 2904 810 est
2925 796 2942 820 ,
2974 757 3231 825 sapientia
3253 798 3266 820 ,
3297 757 3535 827 ejusdem
3559 762 3724 816 animi
3755 765 3984 821 vitiosas

2381 847 2778 916 imbecillasque
2811 857 2986 916 partes
3009 888 3025 914 ,
3059 855 3114 902 ut
3145 848 3393 906 libidines
3413 893 3429 918 ,
3461 859 3522 906 ut
3559 851 3882 920 iracundias,
3917 867 3980 911 ut

2379 935 2808 1006 perturbationes
2828 945 3065 992 caeteras.
3105 955 3123 990 ι
3153 937 3400 996 Habesne
3425 941 3598 996 adhuc
3617 945 3756 1014 quod
3777 956 3980 1001 contra

2379 1041 2479 1082 nos
2520 1026 2587 1080 de
2635 1027 2972 1083 swcularinm
3023 1027 3316 1084 litterarum
3368 1031 3673 1089 auctoribus
3715 1037 3980 1106 garrias‘!

2381 1116 2486 1172 Sed
2527 1117 2570 1170 si
2599 1127 2783 1172 contra
2823 1119 3102 1189 episcopos
3125 1121 3456 1192 eloquiorum
3477 1123 3777 1180 divinorum
3821 1143 3974 1196 pra:-

2379 1207 2703 1262 clarissimos
2747 1215 3062 1266 tractatores
3085 1252 3098 1276 ,
3161 1227 3259 1282 pro
3301 1214 3404 1268 isto
3436 1215 3636 1286 (quem
3664 1231 3694 1270 a
3729 1227 3780 1272 te
3825 1219 3974 1273 Deus

2379 1296 2622 1367 avertat)
2650 1313 2834 1354 errore
2861 1299 3183 1369 quaesiturus
3209 1317 3267 1357 es
3296 1303 3420 1373 quid
3448 1304 3618 1372 dicas,
3649 1323 3826 1376 quove
3853 1325 3974 1364 mo-

2379 1388 2450 1444 do
2469 1389 2679 1444 illorum
2702 1393 2967 1446 sanctitati
2992 1394 3244 1461 resistas;
3269 1396 3396 1466 quid
3425 1398 3517 1453 tibi
3539 1399 3640 1454 erit
3663 1399 3893 1470 Tullius,
3917 1413 3974 1458 ut

2379 1495 2486 1535 non
2509 1497 2628 1536 eum
2654 1482 2710 1536 in
2734 1481 2833 1538 hac
2861 1485 3126 1540 sententia
3151 1485 3448 1556 desipuisse
3475 1505 3538 1544 ac
3557 1489 3820 1548 delirasse
3843 1508 3970 1547 con-

2381 1572 2594 1626 tendas?
2612 1573 2891 1644 Taeeergo
2906 1575 2974 1630 de
2990 1577 3129 1631 illius
3141 1577 3350 1648 generis
3361 1577 3533 1647 libris,
3545 1581 3721 1636 etnoli
3739 1598 3840 1638 nos
3853 1585 3970 1640 inde

2378 1663 2574 1734 aliquid
2601 1667 2990 1723 contumeliose
3012 1667 3209 1724 docere
3229 1672 3433 1738 conari,
3451 1687 3520 1727 ne
3535 1687 3764 1742 quorum
3791 1685 3845 1730 te
3865 1675 3968 1731 ina-

2377 1757 2516 1812 niter
2534 1759 2801 1814 sublevari
2820 1759 3015 1828 credis,
3033 1775 3218 1816 eorum
3240 1763 3558 1820 testimoniis
3573 1769 3969 1836 comprimaris.

2447 1847 2672 1906 CAPUT
2691 1851 2908 1906 Xlll.—
2925 1853 3012 1909 ϐξ.
3031 1854 3168 1922 Quid
3181 1863 3357 1911 autem
3378 1857 3446 1912 de
3458 1869 3602 1913 motu
3617 1859 3857 1929 feminae,
3875 1877 3969 1918 cu-

2372 1938 2461 2010 jus
2480 1949 2533 1995 et
2557 1941 2726 2010 ipsam
2755 1943 2960 2014 puduit,
2984 1946 3212 2002 inaniter
3230 1950 3714 2018 argumentandum
3737 1955 3972 2022 putasti?

2375 2031 2494 2088 Non
2522 2035 2707 2104 utique
2733 2035 2929 2091 femina
2969 2047 3172 2093 motum
3211 2040 3473 2096 visibilem
3509 2042 3686 2098 texit:
3719 2045 3820 2100 sed
3849 2061 3972 2102 cum

2375 2125 2430 2181 in
2481 2127 2682 2182 eisdem
2722 2130 2976 2186 membris
3027 2132 3132 2186 tale
3157 2133 3355 2204 aliquid
3403 2136 3626 2192 sentiret
3677 2141 3968 2207 occultius,

2375 2217 2534 2286 quale
2559 2219 2640 2272 vir
2665 2229 2940 2288 senserat;
2974 2223 3132 2278 ambo
3171 2231 3439 2292 texerunt,
3467 2227 3610 2298 quod
3645 2229 3970 2287 alterutrum

2373 2310 2606 2367 videndo
2631 2312 2684 2366 in
2725 2314 3042 2370 alterutrum
3068 2319 3322 2374 commoti
3349 2321 3509 2376 ambo
3547 2333 3860 2390 senserunt,
3915 2335 3974 2381 et

2373 2403 2456 2458 vel
2483 2406 2847 2476 unusquisque
2875 2407 2974 2462 sibi
3006 2409 3090 2464 vel
3127 2409 3264 2466 alter
3288 2411 3442 2467 alteri
3468 2414 3824 2474 erubuerunt.
3858 2417 3966 2474 Sed

2375 2493 2599 2565 loquens
2629 2511 2784 2563 vana,
2815 2515 2835 2550 ι
2873 2500 3011 2568 petis
3039 2510 3098 2554 ut
3129 2501 3406 2571 ignoscant
3429 2506 3748 2562 verecundae
3775 2521 3964 2575 aures,

2373 2595 2428 2642 et
2452 2589 2846 2658 eongemiscant
2873 2591 3066 2661 potius,
3099 2609 3258 2663 quam
3289 2595 3627 2668 indignentur
3649 2603 3968 2658 necessitati

2374 2685 2497 2734 tuae.
2529 2699 2548 2732 ι
2584 2679 2759 2748 Quare
2787 2682 3130 2739 confunderis
3153 2685 3222 2741 de
3250 2686 3346 2742 Dei
3373 2689 3625 2758 operibus
3649 2691 3972 2762 disputare?

2373 2773 2550 2842 Quare
2571 2775 2707 2844 petis
2735 2786 2792 2830 ut
2837 2777 3142 2848 ignoscatur
3185 2779 3318 2834 tibi?
3354 2779 3544 2838 Nonne
3581 2783 3676 2839 abs
3714 2793 3768 2841 te
3793 2787 3972 2842 venia:

2370 2867 2658 2936 postulatio
2708 2869 2866 2923 etiam
2907 2870 3018 2940 ipsa
3057 2879 3139 2926 est
3167 2871 3401 2927 libidinis
3429 2875 3743 2930 accusatio?
3789 2895 3808 2928 ι
3857 2877 3970 2934 Sed

2369 2959 2416 3013 si
2446 2967 2670 3029 poterat,
2703 2979 2721 3013 ι
2753 2961 2948 3032 inquis,
2982 2981 3002 3016 ι
3048 2963 3204 3019 virile
3231 2963 3529 3020 membrum
3559 2973 3614 3020 et
3645 2977 3802 3022 antea
3847 2984 3972 3024 mo-

2369 3049 2512 3112 veri,
2543 3049 2675 3104 nibil
2711 3065 2841 3122 ergo
2871 3052 3121 3108 novitatis
3151 3053 3353 3110 invexit
3382 3055 3652 3112 delictum.
3691 3075 3712 3110 ι
3739 3057 3970 3114 Poterat

2368 3141 2525 3214 plane
2553 3145 2714 3199 etiam
2744 3154 2898 3200 antea
2937 3149 3162 3214 moveri,
3195 3147 3291 3204 sed
3319 3165 3426 3206 non
3452 3159 3568 3206 erat
3593 3152 3868 3222 indecens,
3903 3165 3964 3210 ut

2367 3237 2593 3306 puderet
2619 3238 2658 3304 ις
2685 3238 2936 3310 quoniam
2967 3239 3019 3298 id
3047 3241 3296 3298 movebat
3333 3243 3623 3301 voluntatis
3649 3245 3960 3317 imperium,

2367 3341 2474 3380 non
2515 3342 2641 3382 caro
2683 3331 3070 3402 concupiscens
3115 3331 3376 3390 adversus
3423 3335 3690 3404 spiritum.
3745 3337 3806 3392 ln
3857 3339 3966 3395 hoc

2366 3417 2506 3472 enim
2536 3419 2740 3474 exstitit
2779 3421 2989 3476 novitas
3019 3422 3294 3492 pudenda,
3326 3439 3486 3495 quam
3515 3423 3752 3483 defendit
3777 3429 3964 3500 impu-

2365 3509 2556 3565 denter
2585 3511 2792 3566 uovitas
2811 3524 3008 3570 vestra.
3044 3514 3324 3586 Nunquam
3353 3505 3482 3574 vero
3509 3535 3609 3592 ego
3635 3531 3840 3578 motum
3867 3539 3966 3595 ge-

2367 3602 2605 3658 nitalium
2621 3605 2950 3675 reprehendi
2973 3609 3490 3681 generaliter,quod
3533 3621 3587 3668 tu
3608 3612 3776 3680 dicis,
3807 3635 3828 3668 ι
3859 3615 3965 3673 de-

2365 3693 2592 3750 dicative
2625 3713 2638 3749 :
2675 3714 2694 3748 ι
2727 3696 2821 3752 sed
2859 3698 3006 3753 illum
3031 3709 3233 3756 motum
3268 3702 3620 3774 reprehendi,
3645 3721 3806 3776 quem
3834 3705 3968 3764 facit

2365 3789 2794 3858 concupiscentia
2812 3832 2828 3859 ,
2859 3807 2964 3862 qua
2999 3807 3125 3847 caro
3154 3795 3485 3866 concupiscit
3510 3796 3769 3854 adversus
3797 3801 3968 3871 spiri-

2365 3885 2478 3933 tum
2512 3896 2524 3932 :
2557 3896 2713 3950 quatn
2767 3881 2910 3937 velut
2949 3882 3146 3939 bonum
3169 3900 3293 3942 cum
3328 3886 3578 3944 defendat
3611 3903 3765 3946 error
3807 3899 3958 3958 tuus,

2363 3974 2547 4029 nescio
2585 3976 3028 4044 quemadmodum
3059 3977 3316 4035 adversus
3348 3981 3494 4038 illam
3527 3983 3670 4040 velut
3689 3985 3956 4042 adversus

2365 4066 2563 4121 malum
2592 4069 2932 4139 concupiscat
2958 4071 3174 4141 spiritus
3203 4081 3344 4128 tuus.

2438 4158 2526 4213 65.
2566 4179 2584 4210 ι
2605 4159 2664 4216 Si
2693 4159 2746 4214 in
2777 4159 2950 4218 fructu
2978 4161 3104 4233 ligni
3143 4163 3313 4232 illius,
3345 4183 3366 4218 ι
3391 4165 3606 4238 inquis,
3639 4185 3660 4220 ι
3707 4167 3830 4226 haec
3863 4170 3966 4226 fuit

2365 4249 2559 4318 libido;
2603 4267 2632 4306 a
2659 4253 2769 4307 Deo
2793 4251 2935 4308 facta
2962 4263 3306 4324 monstratur,
3330 4266 3384 4314 et
3409 4274 3505 4328 per
3529 4258 3634 4316 hoc
3659 4259 3800 4316 bona
3825 4277 3968 4334 quo-

2364 4357 2466 4412 que
2492 4343 2606 4413 ipsa
2645 4343 2968 4399 defenditur.
3003 4364 3022 4396 ι
3055 4345 3160 4402 Sed
3191 4349 3546 4418 respondetur
3574 4351 3669 4406 tibi
3697 4368 3711 4405 :
3743 4351 3864 4408 Non
3905 4355 3962 4410 in

2363 4431 2540 4489 fructu
2565 4434 2693 4506 ligni
2736 4433 2834 4490 fuit
2864 4435 3028 4492 libido
3051 4479 3066 4503 ,
3099 4447 3151 4492 et
3189 4439 3311 4494 ideo
3339 4439 3540 4495 bonum
3567 4451 3682 4498 erat
3711 4443 3916 4514 lignum
3943 4463 3960 4512 ;

2363 4527 2458 4582 sed
2499 4528 2636 4582 mala
2674 4537 2756 4584 cst
2801 4528 3158 4584 inobedientia
3207 4531 3482 4601 libidinis,
3529 4549 3650 4604 quas
3691 4535 3964 4594 adversus

2365 4618 2596 4674 hominis
2636 4619 3047 4676 inobedientiam
3085 4637 3242 4694 quam
3273 4625 3326 4679 in
3371 4625 3516 4696 ligno
3543 4626 3794 4696 admisit,
3845 4629 3964 4686 Deo

2364 4711 2643 4769 deserente
2671 4715 2928 4769 surrexit.
2949 4714 3106 4770 Absit
3135 4717 3276 4772 enim
3301 4727 3356 4772 ut
3381 4717 3524 4774 Deus
3547 4717 3616 4774 de
3641 4719 3784 4791 ligno
3811 4719 3964 4776 bono

2363 4807 2678 4876 cuicumque
2717 4805 2856 4862 aetati
2893 4807 3101 4862 illorum
3143 4807 3418 4864 hominum
3447 4826 3786 4882 quocumque
3823 4821 3966 4869 tem-

2363 4911 2492 4966 pore
2519 4897 2832 4953 beneficium
2861 4899 2964 4954 tale
2991 4898 3291 4968 conferret,
3317 4913 3376 4956 ut
3403 4903 3662 4960 haberent
3691 4905 3748 4959 in
3783 4921 3964 4961 mem-

2363 4989 2474 5044 bris
2501 4990 2857 5046 adversariam
2890 4993 2910 5023 ²
2937 5001 3120 5048 contra
3161 5010 3317 5064 quam
3355 4997 3605 5066 pudicitia
3651 4997 3960 5056 dimicaret.

2434 5083 2522 5136 64.
2563 5081 2818 5139 Novitnus
2865 5093 3042 5140 autem
3091 5103 3109 5136 ‹
3151 5083 3412 5142 Joannem
3461 5089 3806 5160 apostolum,
3851 5109 3964 5148 non

2362 5175 2620 5230 mundum
2651 5176 2844 5245 istum,
2877 5176 2930 5231 id
2957 5185 3038 5233 est
3059 5217 3074 5237 .
3105 5178 3304 5234 cmlum
3330 5187 3388 5236 et
3417 5190 3644 5248 terram,
3683 5191 3738 5236 et
3777 5185 3960 5238 omnia

2361 5281 2480 5337 qua:
2507 5266 2559 5321 in
2585 5281 2650 5322 eo
2676 5267 2696 5298 ³
2727 5267 3144 5324 substantialiter
3181 5281 3336 5338 sunt,
3377 5271 3469 5342 qui
3511 5273 3750 5328 mundus
3791 5275 3960 5330 factus

2361 5367 2444 5414 est
2481 5375 2512 5413 a
2539 5359 2698 5416 Patre
2725 5375 2821 5431 per
2845 5359 3037 5416 Filium
3060 5403 3074 5426 ,
3103 5361 3512 5433 reprehendisse
3529 5405 3546 5432 ,
3575 5380 3698 5420 cum
3727 5365 3956 5432 diceret,

2365 5450 2549 5506 Omnia
2573 5467 2684 5524 qua:
2707 5453 2760 5507 in
2785 5454 2976 5508 mundo
3001 5465 3146 5522 sunt,
3173 5456 3578 5528 concupiscentia
3589 5459 3762 5514 carnis
3787 5469 3885 5528 est,
3913 5469 3962 5514 et

2425 5617 2442 5646 ί
2467 5616 2799 5687 Lovanienses
2807 5627 3067 5678 perperam
3087 5623 3430 5687 correxerunt,
3447 5617 3626 5687 decens
3645 5621 3702 5669 ut
3711 5619 3956 5687 puderet.

2359 5683 2466 5727 Mox
2487 5685 2654 5728 autem
2673 5678 2803 5741 quod
2825 5691 2928 5746 pro,
2953 5678 3204 5742 quoniam
3233 5685 3524 5742 posuerunt,
3553 5678 3780 5746 quando,
3795 5682 3854 5734 in
3869 5681 3965 5734 lno

2359 5747 2518 5789 secuti
2539 5747 2654 5790 sunt
2675 5749 2776 5788 Am.
2801 5748 2854 5790 et
2875 5745 2950 5788 Er.

2425 5804 2540 5874 asc
2561 5809 2666 5874 uss.
2687 5802 2823 5874 ιῖλςιίιίι

2427 5865 2449 5895 ³
2469 5871 2677 5923 Quatuor
2697 5871 2822 5926 Mss,
2849 5863 2902 5916 in
2917 5863 3002 5915 eis.
3023 5871 3168 5928 Unus,
3191 5863 3246 5916 in
3261 5877 3338 5916 ea.
