4142 6534
185 443 292 501 769

183 559 600 633 concupiscentia
617 561 906 630 oculorum,
921 570 967 617 et
981 558 1185 616 ambitio
1200 559 1374 615 amuli
1392 577 1411 625 ;
1427 575 1540 631 qua
1560 576 1660 614 non
1679 568 1756 614 est
1767 575 1798 612 a

188 653 471 720 Patre,sed
495 669 563 709 ea:
581 655 781 710 mundo
792 663 864 710 est
890 672 910 709 ι
933 654 977 726 (1
995 654 1150 709 Joan.
1172 669 1229 721 ιι,
1251 653 1363 724 16).
1388 652 1644 708 Novimus
1659 651 1795 720 haec,

189 749 311 804 nolo
336 761 441 802 nos
480 745 709 805 doceas.
737 747 843 804 Sed
869 762 1024 818 quam
1053 765 1073 799 ι
1115 745 1600 818 concupiscentiam
1621 745 1798 801 carnis

188 838 384 894 dixerit
407 852 440 892 a
460 837 628 896 Patre
656 853 765 895 non
786 855 960 905 esse,»
983 847 1038 894 tu
1063 838 1247 895 volens
1271 852 1563 910 exponere,
1588 855 1607 890 ι
1641 838 1798 893 luxu-

193 936 319 990 riam
347 931 757 1003 intelligendam
781 947 938 989 esset
956 932 1156 988 dixisti.
1185 931 1291 988 Sed
1320 947 1441 988 cum
1468 931 1562 987 abs
1581 938 1632 986 te
1647 944 1799 1002 qua:-

197 1043 284 1090 ro,
313 1025 404 1080 cui
427 1025 805 1082 eonsentiatur
830 1036 888 1081 ut
909 1026 980 1082 sit
1003 1025 1230 1091 luxuria,
1252 1025 1336 1081 vel
1365 1023 1452 1080 cui
1475 1033 1800 1094 repugnetur

198 1129 372 1172 utnon
401 1117 498 1183 sit,
530 1127 618 1173 tua
646 1118 740 1173 tibi
764 1128 1010 1188 suscepta
1027 1117 1259 1173 occurrit
1285 1117 1337 1171 in
1373 1115 1595 1182 faciem;
1619 1123 1800 1170 utrum

196 1210 367 1264 adhuc
413 1209 716 1276 laudanda,
767 1221 822 1266 tu
861 1211 1086 1275 videris,
1137 1211 1222 1266 cui
1251 1209 1557 1266 consentire
1594 1208 1801 1264 luxuria

197 1311 294 1366 est,
320 1301 410 1356 cui
428 1316 737 1373 repugnare
757 1303 1082 1359 continentia
1113 1313 1214 1358 est.
1234 1303 1332 1360 Ubi
1356 1303 1521 1358 miror
1549 1302 1593 1356 si
1609 1300 1804 1356 delibe-

198 1411 300 1459 ras,
323 1404 507 1451 utrum
526 1411 648 1452 eam
669 1398 838 1468 magis
857 1397 1054 1453 debeas
1067 1413 1186 1453 cum
1212 1397 1418 1452 luxuria
1449 1397 1752 1466 vituperare
1780 1434 1797 1461 ,

200 1504 314 1560 quae
336 1487 398 1543 fit
429 1503 530 1560 per
553 1490 672 1560 ejus
683 1505 961 1547 assensum
991 1507 1006 1556 ;
1037 1507 1103 1546 an
1121 1506 1239 1546 eam
1259 1490 1474 1546 [amiare
1492 1504 1612 1544 cum
1627 1489 1800 1544 conti-

203 1581 402 1648 nentia,
423 1596 548 1652 quae
560 1582 640 1638 illi
661 1583 852 1654 ingerit
865 1584 1084 1649 bellum;
1109 1584 1161 1638 in
1176 1599 1282 1654 quo
1298 1584 1440 1659 bello
1455 1581 1706 1653 pudicitia
1721 1591 1804 1637 est

203 1675 422 1729 victoria
452 1677 821 1742 continentiae,
842 1677 1042 1732 luxnria
1073 1678 1294 1732 victoria
1330 1676 1798 1747 concupiscentia.

205 1767 280 1821 Tu
298 1775 486 1822 autem
504 1767 671 1838 jndex
701 1768 1040 1840 incorruptus
1059 1778 1220 1840 atque
1248 1770 1452 1840 integer
1473 1784 1595 1824 cum
1619 1768 1802 1824 laudes

206 1857 614 1926 continentiam,
641 1859 1015 1930 vituperesque
1039 1859 1332 1924 luxuriam;
1355 1860 1433 1915 sic
1458 1868 1636 1914 tamen
1660 1860 1803 1914 acci-

208 1951 283 2020 pis
327 1965 626 2020 personam
667 1952 1110 2022 concupiscentia:
1143 1953 1337 2024 (quam
1369 1961 1424 2008 tu
1466 1952 1664 2008 videris
1709 1967 1805 2007 cur

209 2041 480 2098 oil‘endere
513 2043 786 2116 timeas),
819 2053 878 2099 ut
922 2059 1038 2100 eam
1085 2060 1188 2100 non
1234 2043 1519 2100 erubescas
1545 2059 1668 2099 eum
1707 2060 1803 2099 sua

211 2133 426 2190 laudare
452 2134 780 2201 adversaria,
800 2150 902 2191 nee
924 2135 1123 2191 audeas
1146 2150 1265 2190 cum
1294 2151 1391 2192 sua
1407 2135 1713 2206 vituperare
1728 2137 1808 2191 vi-

212 2227 396 2283 etoria.
422 2225 532 2283 Sed
557 2227 696 2282 absit
725 2238 782 2282 ut
808 2228 1029 2299 quilibet
1051 2228 1211 2284 homo
1239 2229 1329 2284 Dei
1355 2229 1433 2285 sic
1457 2238 1508 2285 te
1533 2229 1711 2285 audiat
1729 2230 1807 2285 vi-

216 2328 574 2390 tuperatorem
601 2319 844 2385 luxurizc,
873 2329 930 2375 ut
952 2319 1210 2390 approbet
1229 2321 1672 2391 concupiscentiae
1692 2322 1808 2378 lau-

215 2413 472 2481 datorem;
492 2421 550 2468 et
564 2427 632 2469 ex
654 2421 745 2468 tuo
769 2427 1016 2469 sermone
1040 2413 1328 2469 arbitretur
1353 2415 1570 2479 bonum,
1593 2415 1736 2486 quod
1753 2415 1808 2470 in

218 2519 271 2560 se
301 2505 420 2576 ipso
451 2506 729 2575 experitur
763 2505 980 2560 malum.
1021 2505 1262 2576 Denique
1295 2506 1384 2576 qui
1419 2507 1808 2576 concupiscen-

218 2595 336 2649 tiam
355 2635 374 2660 ,
405 2610 565 2666 quam
595 2610 760 2666 prave
786 2596 1006 2664 laudas,
1037 2597 1370 2668 confligendo
1399 2599 1618 2664 vicerit;
1651 2599 1804 2654 luxu-

217 2687 366 2752 riam,
385 2702 546 2758 quam
567 2697 714 2743 recte
730 2688 1020 2760 vituperas,
1040 2703 1142 2743 non
1165 2687 1401 2744 habebit.
1419 2689 1698 2756 Quomodo
1715 2705 1810 2744 au-

218 2787 317 2834 tem
347 2778 540 2835 Joanni
574 2779 820 2849 apostolo
849 2776 1278 2851 obtemperamus
1297 2824 1313 2849 ,
1347 2781 1394 2836 si
1424 2782 1808 2852 concupiscen-

221 2873 338 2926 tiam
361 2872 543 2928 carnis
556 2872 864 2943 diligimus?
880 2873 1268 2944 Respondebis,
1291 2873 1412 2929 Non
1437 2883 1508 2931 est
1530 2875 1642 2945 ipsa
1657 2891 1810 2943 quam

222 2966 386 3022 laudo.
429 2965 500 3023 Et
537 2982 657 3037 qua:
688 2967 779 3022 illa
823 2975 906 3022 est
928 3008 942 3033 ,
974 2983 1131 3038 quant
1173 2968 1405 3024 Joannes
1434 2967 1562 3023 dicit
1591 2983 1620 3022 a
1653 2968 1810 3024 Patre

224 3072 318 3112 non
373 3059 546 3114 esse?
601 3057 837 3114 Luxuria
868 3100 883 3126 ,
941 3059 1167 3129 inquies.
1225 3057 1333 3114 Sed
1386 3059 1646 3114 luxuriosi
1701 3073 1807 3114 non

222 3149 432 3215 erimus,
463 3149 565 3204 nisi
588 3150 744 3205 istam
772 3165 931 3222 quam
963 3151 1147 3206 laudas
1171 3151 1654 3222 concupiscentiam
1689 3152 1811 3207 dili-

219 3255 420 3310 gamus.
458 3241 537 3296 Ac
577 3255 674 3311 per
710 3240 833 3307 hoc,
881 3241 1050 3296 Nolite
1093 3241 1313 3312 diligere
1354 3243 1531 3297 carnis
1558 3243 1811 3313 concupi-

220 3334 476 3388 scentiam
513 3349 634 3390 eum
661 3334 907 3402 dicebat,
938 3335 1239 3391 luxuriosos
1271 3351 1377 3392 non
1415 3350 1535 3391 esse
1573 3336 1807 3393 nolebat.

219 3425 302 3480 Ab
342 3425 450 3480 hac
491 3428 649 3496 igitur
684 3427 781 3482 abs
824 3436 873 3482 te
917 3427 1125 3482 laudata
1157 3429 1336 3483 carnis
1378 3429 1810 3498 concupiscentia

219 3516 497 3588 diligenda
539 3518 914 3588 prohibemur,
946 3519 1159 3590 quando
1217 3535 1244 3573 a
1295 3519 1502 3575 luxuria
1554 3519 1810 3590 prohibe—

221 3626 352 3665 mur
377 3629 393 3665 :
425 3609 541 3665 btec
560 3619 730 3665 autem
757 3626 914 3681 quam
944 3611 1166 3682 diligere
1193 3611 1568 3680 prohibemur,
1598 3627 1702 3667 non
1729 3620 1813 3668 est

222 3717 252 3757 a
279 3702 481 3758 Patre:
511 3702 621 3758 haec
648 3705 802 3775 igitur
831 3704 1258 3774 concupiscentia
1287 3720 1447 3775 quam
1472 3703 1675 3774 laudas,
1704 3720 1810 3760 non

223 3802 306 3852 est
332 3808 363 3847 a
399 3795 573 3851 Patre.
600 3797 709 3850 Duo
747 3797 891 3852 enim
925 3797 1061 3852 bona
1092 3813 1212 3868 qua:
1237 3811 1267 3850 a
1290 3796 1449 3852 Patre
1482 3806 1640 3864 sunt,
1672 3797 1813 3853 inter

225 3907 282 3948 se
304 3895 538 3964 pugnare
560 3907 667 3947 non
688 3901 910 3962 possunt
935 3910 948 3946 :
978 3899 1214 3963 pugnant
1237 3900 1415 3946 autem
1440 3892 1580 3948 inter
1601 3907 1660 3948 se
1687 3909 1815 3948 con-

228 3985 441 4040 tinentia
461 3997 516 4040 et
543 3983 970 4054 concupiscentia
997 4003 1009 4038 :
1040 3984 1164 4054 quid
1191 3984 1382 4039 horum
1407 4000 1437 4038 a
1465 3983 1624 4041 Patre
1647 3985 1815 4056 magis

228 4077 354 4132 velis
389 4092 511 4133 esse
551 4076 841 4148 responde.
872 4075 1041 4132 Video
1077 4091 1208 4147 quas
1243 4076 1462 4146 patiaris
1499 4079 1811 4148 angustias:

231 4168 370 4224 faves
409 4168 628 4239 quidem
672 4168 1138 4238 concupiscentizc,
1187 4168 1282 4224 sed
1328 4170 1600 4225 erubescis
1640 4171 1816 4225 conti-

233 4263 436 4316 nentiae.
459 4261 652 4316 Vincat
675 4260 845 4331 pudor
867 4269 1006 4328 tuus,
1035 4275 1204 4330 eoque
1234 4261 1474 4316 vincatur
1497 4277 1648 4316 error
1672 4271 1812 4318 tuus.

233 4352 360 4408 Cum
383 4353 541 4422 igitur
564 4369 594 4407 a
615 4353 776 4408 Patre
797 4353 866 4408 sit
890 4353 1235 4420 continentia,
1264 4369 1366 4425 qua
1389 4353 1682 4410 debellatur
1702 4370 1818 4410 car-

234 4448 311 4502 nis
334 4449 763 4519 concupiscentia
793 4466 807 4512 ;
844 4464 994 4505 sume
1028 4465 1059 4504 a
1087 4449 1242 4506 Patre
1270 4450 1651 4506 continentiam
1677 4491 1692 4517 ,
1731 4450 1817 4506 cui

237 4549 371 4594 recta
422 4539 599 4596 fronte
648 4541 948 4596 erubuisti:
995 4551 1050 4598 et
1098 4543 1252 4598 vince
1292 4542 1813 4613 concupiscentiam,

239 4647 386 4700 quam
414 4647 666 4700 perverso
697 4648 794 4688 ore
823 4632 1070 4688 laudasti.

300 4722 525 4779 CAPUT
554 4724 695 4780 XIV.
717 4755 791 4765 —
818 4725 904 4781 65.
941 4725 1076 4792 Quin
1117 4725 1277 4781 etiam
1315 4727 1548 4796 putasti,
1581 4727 1817 4782 omnium

242 4832 484 4872 sensuum
516 4819 839 4889 voluptatem
872 4821 925 4874 in
955 4821 1208 4877 auxilium
1239 4824 1633 4878 convocandam
1660 4867 1674 4890 ,
1707 4833 1819 4879 tan-

243 4925 386 4980 quam
415 4912 665 4981 voluptas
694 4913 999 4982 genitalium
1030 4929 1128 4969 nec
1157 4922 1301 4989 tanto
1330 4922 1552 4985 patrono
1579 4915 1678 4970 sibi
1707 4917 1818 4971 sola

244 5002 502 5058 sufﬁceret
527 5045 540 5069 ,
572 5004 674 5058 nisi
697 5003 960 5058 sociarum
984 5018 1184 5060 cuneus
1211 5005 1535 5062 subveniret.
1569 5025 1586 5058 ι
1616 5006 1821 5062 Conse-

243 5109 400 5164 quens
425 5096 568 5150 enim
599 5109 718 5151 esse
748 5116 766 5148 ι
813 5096 1091 5152 existimas
1114 5138 1130 5164 ,
1178 5115 1196 5150 ‹
1220 5107 1278 5152 ιιι
1317 5112 1533 5154 sensum
1574 5099 1822 5166 videndi,

243 5185 481 5241 audiendi
506 5227 523 5252 ,
549 5187 801 5258 gustandi
826 5228 840 5251 ,
871 5187 1154 5243 olfaciendi
1175 5229 1190 5255 ,
1215 5197 1371 5257 atque
1399 5190 1646 5260 tangendi
1672 5233 1686 5257 ,
1715 5206 1824 5245 non

243 5292 267 5330 a
295 5278 398 5334 Deo
416 5321 428 5342 ,
457 5280 554 5334 sed
582 5295 612 5335 a
640 5279 853 5335 diabolo
874 5281 1025 5336 nobis
1057 5281 1313 5335 fateamur
1333 5295 1452 5337 esse
1473 5282 1755 5349 collatum;
1780 5283 1824 5338 si

244 5372 659 5427 concesserimus
689 5387 808 5428 eam
849 5373 1333 5443 concupiscentiam
1377 5375 1583 5438 carnis,
1615 5377 1700 5430 cui
1732 5389 1827 5445 per

247 5462 614 5518 continentiam
660 5479 1055 5535 repugnamus,
1103 5481 1209 5520 non
1271 5465 1433 5521 fuisse
1477 5467 1528 5520 in
1580 5465 1828 5536 paradiso

247 5562 361 5608 ante
384 5563 662 5624 peccatum
685 5597 699 5623 ,
723 5565 778 5611 et
796 5571 862 5611 ex
884 5557 973 5611 illo
999 5557 1258 5612 accidisse
1281 5566 1503 5628 peccato
1520 5599 1535 5624 ,
1559 5559 1698 5629 quod
1723 5559 1831 5629 pri-

251 5658 383 5700 mum
406 5647 424 5677 ³
453 5647 624 5717 primo
655 5647 857 5705 homini
878 5648 1122 5704 diabolus
1143 5649 1424 5720 persuasit.
1459 5669 1476 5702 ι
1501 5649 1589 5706 Sic
1614 5652 1828 5722 ignoras

253 5736 328 5792 vel
351 5736 600 5808 ignorare
621 5748 672 5796 te
697 5738 851 5810 ﬁngis
872 5782 888 5808 ,
922 5753 1018 5812 per
1037 5741 1331 5822 quemlibet
1351 5741 1589 5812 corporis
1608 5757 1826 5800 sensum

309 5946 323 5976 ι
349 5940 765 6012 rloriacensistts.
791 5942 983 6008 omittit,
1002 5942 1233 6009 primum.

1557 439 1761 496 LIBER
1797 438 2139 510 QUARTUS.

3389 454 3494 512 770

1904 559 2044 614 aliud
2080 573 2198 615 esse
2241 561 2502 617 sentiendi
2527 561 2862 619 vivacitatem
2883 604 2899 631 ,
2928 564 3015 620 vel
3055 563 3335 623 utilitatem
3356 607 3371 631 ,
3400 568 3491 624 vel

1904 651 2274 707 necessitatem
2303 693 2318 719 ,
2375 653 2519 708 aliud
2567 654 2832 710 sentiendi
2880 655 3173 712 libidinem.
3221 657 3488 714 Vivacitas

1904 742 2166 798 sentiendi
2195 752 2308 810 est,
2340 759 2443 815 qua
2485 745 2652 816 magis
2694 747 2863 814 alius,
2899 747 3034 802 alius
3064 749 3240 804 minus
3265 749 3318 804 in
3363 748 3495 819 ipsis

1904 838 2268 906 corporalibus
2316 838 2478 894 rebus
2520 853 2616 909 pro
2667 854 2849 894 earum
2895 840 3054 896 modo
3095 852 3254 912 atque
3301 852 3492 897 natura

1905 929 2045 1000 quod
2074 946 2257 986 verum
2281 941 2362 987 est
2388 931 2642 1001 percipit,
2670 940 2828 1000 atque
2863 931 2915 986 id
2951 947 2981 986 a
3021 931 3152 987 falso
3181 933 3348 1004 magis
3387 933 3494 988 mi-

1906 1035 2073 1076 nusve
2110 1022 2382 1079 discernit.
2404 1022 2614 1078 Utilitas
2638 1022 2900 1077 sentiendi
2926 1031 3040 1088 est,
3066 1039 3161 1093 per
3190 1039 3347 1093 quam
3373 1040 3498 1080 eor-

1906 1113 2026 1183 pori
2051 1114 2281 1184 vitmque
2311 1130 2467 1184 quam
2495 1114 2748 1185 gerimus,
2777 1114 2843 1168 ad
2871 1115 3068 1184 aliquid
3091 1117 3494 1184 approbandum

1905 1204 1991 1259 vel
2022 1202 2452 1274 improbandum,
2475 1204 2790 1259 sumendum
2820 1204 2902 1260 vel
2930 1203 3300 1275 rejiciendum,
3333 1222 3498 1276 appe-

1909 1295 2126 1350 tendum
2150 1297 2256 1350 vita
2266 1295 2497 1350 ndumve
2512 1295 2839 1350 consulimus
2856 1296 2894 1350 ί.
2918 1293 3220 1351 Necessitas
3235 1295 3503 1350 sentiendi

1907 1393 2019 1450 est,
2052 1385 2266 1455 quando
2293 1387 2537 1441 sensibus
2567 1387 2765 1440 nOSIris
2789 1387 2948 1441 etiam
2993 1402 3111 1456 qua:
3136 1387 3384 1440 nolumus
3412 1387 3503 1440 in-

1907 1487 2185 1547 geruntur.
2219 1476 2409 1531 Libido
2438 1487 2614 1532 autem
2657 1477 2921 1533 sentiendi
2948 1487 3063 1544 est,
3107 1477 3174 1533 de
3215 1493 3315 1548 qua
3359 1492 3502 1534 nunc

1906 1569 2113 1638 agimus
2137 1611 2152 1634 ,
2184 1585 2303 1640 qua:
2327 1585 2425 1624 nos
2469 1570 2535 1624 ad
2563 1569 2896 1625 sentiendum
2919 1611 2934 1636 ,
2967 1570 3079 1626 sive
3103 1570 3504 1625 consentientes

1908 1671 2088 1716 mente
2110 1705 2124 1728 ,
2157 1662 2269 1717 sive
2295 1673 2681 1732 repugnantes,
2707 1662 2941 1732 appetitu
2965 1662 3192 1716 carnalis
3216 1662 3504 1730 voluptatis

1909 1753 2156 1824 impellit.
2189 1753 2314 1808 Hmc
2357 1761 2438 1808 est
2489 1753 2755 1807 contraria
2805 1753 3074 1807 dilectioni
3122 1752 3395 1822 sapientiae
3439 1754 3504 1820 ³,

1909 1842 2024 1898 haec
2045 1842 2330 1898 virtutibus
2353 1842 2587 1897 inimica.
2620 1843 2731 1898 lloc
2753 1843 2910 1907 malo,
2945 1851 3199 1914 quantum
3223 1844 3411 1898 attinet
3434 1842 3504 1898 ad

1909 1935 2025 2004 ejus
2045 1949 2164 1989 eam
2192 1933 2212 1964 ³
2243 1943 2446 2004 partem
2494 1948 2597 2004 qua
2646 1934 2747 1989 sibi
2784 1948 2944 1989 sexus
2989 1942 3212 2004 uterque
3229 1934 3505 2000 miscetur,

1908 2025 2046 2081 bene
2071 2032 2290 2078 utuntur
2318 2026 2547 2094 nuptiae,
2593 2039 2713 2080 cum
2744 2026 3000 2095 conjuges
3039 2033 3321 2096 procreant
3365 2024 3506 2079 ﬁlios

1909 2130 2006 2187 per
2035 2116 2198 2183 illam,
2255 2115 2491 2185 nihilque
2534 2115 2733 2170 faciunt
2775 2125 2994 2186 propter
3047 2117 3189 2170 illam
3212 2115 3254 2170 ⁸.
3284 2116 3434 2171 Hanc
3458 2115 3508 2170 si

1909 2209 2174 2284 vqluisses
2197 2208 2276 2263 vel
2307 2209 2569 2263 valuisses
2593 2223 2623 2262 a
2640 2208 2903 2263 sentiendi
2922 2209 3223 2274 vivacitate,
3253 2209 3502 2273 utilitate,

1912 2300 2227 2355 necessitate
2250 2299 2580 2366 discernere,
2615 2299 2830 2355 videres
2877 2315 3036 2369 quam
3079 2299 3349 2369 superﬂue
3392 2309 3502 2354 tam

1910 2391 2078 2445 multa
2107 2390 2355 2446 dixisses.
2400 2391 2514 2446 Non
2539 2393 2683 2446 enim
2733 2392 2808 2446 ait
2835 2392 3114 2459 Dominus,
3161 2391 3261 2460 Qui
3301 2391 3498 2446 viderit

1910 2481 2212 2548 mulierem,
2269 2481 2384 2548 sed,
2432 2482 2518 2552 qui
2569 2481 2747 2535 viderit
2775 2481 2842 2534 ad
2883 2482 3352 2548 concupiscendum,
3390 2483 3507 2552 jam

1913 2573 2186 2627 moechatus
2219 2582 2292 2627 est
2335 2590 2444 2626 eam
2468 2574 2522 2626 in
2560 2573 2710 2626 corde
2751 2588 2843 2626 suo
2884 2571 3096 2644 (Matth.
3126 2588 3180 2638 v,
3221 2571 3335 2643 28).
3370 2574 3512 2627 Ecce

1911 2679 2132 2720 sensum
2165 2665 2376 2718 videndi
2403 2681 2433 2720 a
2463 2665 2681 2719 libidine
2699 2663 2984 2728 sentiendi,
3016 2663 3060 2717 si
3107 2665 3355 2733 pervicax
3399 2679 3508 2719 non

1912 2755 2006 2821 sis,
2041 2755 2274 2810 breviter
2315 2763 2606 2824 aperteque
2631 2753 2900 2809 discrevit.
2923 2753 3058 2808 illud
3085 2754 3226 2808 Deus
3245 2753 3504 2822 condidit,

1913 2846 2225 2902 instruendo
2254 2862 2451 2918 corpus
2481 2847 2773 2902 humanum
2806 2864 2820 2901 :
2853 2846 2984 2902 illud
3007 2846 3253 2903 diabolus
3277 2848 3510 2904 semina-

1913 2939 2008 3006 vit,
2034 2938 2406 3010 persuadendo
2444 2950 2743 3009 peccatum.

1983 3029 2075 3084 66.
2105 3028 2348 3086 Laudent
2376 3045 2508 3101 ergo
2549 3030 2744 3092 ctelum
2771 3038 2826 3086 et
2854 3038 3050 3086 terram
3095 3038 3151 3086 et
3180 3031 3357 3086 omnia
3387 3046 3508 3101 quas

1912 3121 1970 3175 in
2019 3120 2098 3176 eis
2145 3131 2267 3176 sunt
2305 3121 2549 3178 homines
2594 3123 2685 3194 pii,
2737 3132 2792 3179 et
2823 3138 2888 3178 ex
2929 3123 3012 3179 his
3059 3124 3306 3179 omnibus
3343 3125 3511 3179 Deum

1912 3212 2338 3270 consideratione
2387 3215 2810 3285 pulchritudinis,
2864 3231 2971 3271 non
3017 3217 3208 3272 ardore
3247 3216 3506 3272 libidinis.

1913 3301 2061 3359 Sicut
2085 3305 2197 3359 auri
2215 3305 2378 3360 decus
2401 3307 2554 3360 aliter
2576 3305 2755 3361 laudat
2773 3306 3068 3376 religiosus,
3097 3306 3256 3361 aliter
3281 3322 3510 3362 avarus:

1914 3395 2038 3460 iste,
2064 3411 2183 3450 cum
2215 3395 2410 3466 pietate
2445 3397 2730 3451 venerandi
2757 3397 3066 3452 Creatorem
3087 3437 3102 3463 ,
3125 3397 3215 3452 ille
3235 3439 3250 3464 ,
3287 3413 3406 3452 cum
3442 3398 3510 3452 li-

1916 3483 2099 3541 bidine
2117 3486 2420 3556 possidendi
2444 3496 2762 3542 creaturam.
2786 3488 3022 3544 Movetur
3043 3500 3188 3544 certe
3213 3490 3420 3544 animus
3441 3487 3512 3544 ad

1915 3577 2130 3648 pietatis
2155 3578 2423 3648 affectum,
2449 3581 2631 3636 divino
2655 3583 2864 3637 cantico
2889 3583 3069 3638 audito
3099 3600 3113 3637 :
3145 3591 3320 3638 tamen
3349 3582 3512 3639 etiam

1916 3668 2024 3725 illic
2047 3669 2091 3725 si
2121 3686 2330 3738 sonum,
2361 3688 2472 3728 non
2501 3689 2717 3729 sensum
2740 3674 2905 3730 libido
2933 3675 3183 3730 audiendi
3213 3675 3507 3742 desideret,

1916 3761 2274 3831 improbatur;
2331 3773 2529 3836 quanto
2579 3765 2747 3835 magis
2797 3766 2843 3821 si
2880 3767 3233 3822 cantiunculis
3264 3767 3510 3824 inanibus

1916 3851 2001 3907 vel
2027 3853 2188 3908 etiam
2219 3856 2460 3926 turpibus
2475 3856 2808 3912 delectetur?
2842 3857 3030 3913 Cteteri
3051 3869 3158 3914 tres
3183 3873 3373 3914 sensus
3393 3874 3514 3915 cor-

1917 3943 2281 4013 pulentiores,
2309 3956 2364 4001 et
2391 3946 2623 4016 quodam
2650 3947 2810 4002 modo
2837 3949 3132 4018 grossiores
3178 3958 3302 4006 sunt
3343 3951 3385 4017 ³,
3417 3965 3516 4006 nec

1917 4051 1978 4092 se
2003 4035 2146 4093 foras
2176 4038 2482 4109 projiciunt,
2509 4039 2605 4096 sed
2646 4039 2867 4096 interius
2891 4039 3034 4111 quod
3060 4041 3126 4096 ad
3152 4056 3246 4096 eos
3279 4041 3516 4113 pertinet

1918 4137 2099 4198 agunt.
2127 4128 2274 4184 Odor
2317 4129 2387 4185 ab
2425 4129 2715 4186 olfaciente
2759 4130 3102 4200 discernit-ur,
3151 4146 3311 4202 sapor
3353 4147 3383 4186 a
3412 4147 3515 4204 gu-

1919 4228 2114 4288 stante,
2148 4227 2318 4277 tactus
2345 4239 2376 4276 a
2408 4231 2655 4294 tangente
2691 4223 2942 4294 plurima.
2966 4223 3081 4278 Non
3119 4223 3262 4278 enim
3307 4225 3407 4279 hoc
3431 4230 3516 4280 est
3576 4227 3593 4242 ⁸

1919 4313 2149 4369 calidum
2175 4323 2228 4370 et
2255 4314 2524 4385 frigidum,
2553 4315 2692 4386 quod
2724 4317 2844 4372 lene
2865 4316 2886 4347 ⁸
2912 4326 2966 4371 et
2993 4331 3241 4387 asperum
3261 4357 3275 4382 ,
3301 4326 3392 4372 aut
3412 4317 3514 4373 ista

1920 4404 2024 4460 hoc
2047 4413 2170 4460 sunt
2189 4405 2330 4476 quod
2357 4406 2518 4461 molle
2545 4421 2608 4460 ac
2634 4406 2861 4472 durum;
2894 4416 2948 4462 et
2966 4407 3033 4461 ab
3056 4406 3137 4462 his
3161 4408 3408 4464 omnibus
3433 4408 3516 4466 di-

1921 4504 2027 4552 stat
2073 4495 2217 4567 quod
2262 4496 2455 4552 dicitur
2507 4497 2622 4552 leve
2673 4513 2768 4553 seu
2813 4513 2994 4568 grave.
3031 4498 3086 4553 In
3138 4498 3222 4553 his
3262 4500 3511 4557 omnibus

1922 4587 2135 4659 quando
2161 4588 2388 4644 molesta
2411 4590 2672 4655 vitantur,
2704 4597 2764 4644 ut
2806 4596 3056 4658 putores,
3098 4589 3515 4661 amaritudines,

1924 4688 2107 4745 aestus,
2134 4678 2347 4750 frigora,
2375 4687 2430 4735 et
2453 4695 2678 4750 quaeque
2709 4694 2896 4750 aspera
2917 4722 2932 4746 ,
2956 4688 3010 4733 et
3029 4679 3160 4734 dura
3181 4722 3195 4745 ,
3224 4689 3275 4734 et
3295 4682 3475 4751 gravia
3497 4722 3516 4751 ,

1924 4769 2316 4826 commoditatis
2344 4770 2608 4840 provisio,
2650 4785 2756 4825 non
2787 4770 2952 4826 libido
2979 4780 3061 4826 est
3102 4771 3402 4842 voluptatis.
3443 4772 3522 4829 Ea

1925 4877 2054 4918 vero
2081 4877 2202 4933 quae
2233 4861 2315 4917 his
2357 4863 2623 4918 contraria
2649 4863 2930 4919 commode
2956 4863 3214 4919 sumimus
3238 4906 3253 4931 ,
3297 4866 3341 4918 si
3383 4863 3518 4920 nihil

1926 4970 2110 5011 eorum
2134 4955 2359 5011 interest
2384 4955 2454 5010 ad
2476 4955 2700 5012 salutem
2723 4997 2738 5023 ,
2771 4957 2854 5012 vel
2881 4955 2947 5011 ad
2971 4955 3337 5011 declinandam
3364 4955 3522 5011 dolo-

1927 5045 2002 5100 ris
2028 5045 2292 5101 laborisve
2316 5045 2638 5114 molestiam,
2661 5047 2870 5102 etiamsi
2894 5061 3014 5102 cum
3039 5047 3214 5118 aliqua
3233 5055 3517 5104 sumuntur

1930 5137 2284 5196 delectatione
2332 5155 2454 5197 cum
2498 5148 2695 5211 praesto
2744 5149 2906 5207 sunt,
2943 5149 3119 5196 tamen
3165 5155 3286 5196 cum
3329 5141 3528 5196 absunt

1931 5231 2074 5286 nulla
2098 5240 2222 5287 sunt
2246 5231 2601 5288 desideranda
2625 5232 2868 5289 libidine.
2899 5232 2956 5289 Si
2994 5242 3170 5288 autem
3210 5232 3522 5289 desideran-

1997 5393 2014 5421 ι
2051 5389 2420 5460 nonnulli
2451 5388 2639 5460 milites
2947 5394 3048 5460 est,
3089 5401 3201 5460 qua:
3222 5388 3383 5440 noxiis
3404 5387 3522 5460 reji-

1932 5449 2116 5564 mis
2153 5459 2200 5502 et
2242 5449 2440 5503 utilibus
2482 5450 2764 5516 appetendis
2808 5450 3012 5503 consulit
3033 5449 3173 5502 vitae
3203 5463 3351 5513 quam
3393 5449 3525 5516 geri-

1975 5576 2018 5648 f
2051 5584 2150 5648 am.
2171 5581 2244 5626 Er.
2272 5582 2325 5627 et
2344 5583 2452 5628 Mss.
2490 5575 2716 5628 Gallicani
2761 5589 2818 5627 ac
2853 5576 3080 5637 Vaticani,
3128 5572 3434 5628 detectam
3454 5584 3531 5625 sa-

2205 5705 2280 5748 Er.
2322 5701 2468 5772 Lugd.
2497 5708 2550 5753 et
2579 5708 2700 5752 Ven.
2719 5701 2864 5752 deest
2903 5713 3019 5762 vox,
3039 5710 3162 5751 eam.
3186 5704 3299 5750 ιον.
3323 5704 3533 5762 praeter-

1939 5770 2480 5890 ευῗξιιξίὲιῗθιιείξᾙεη
2611 5823 2796 5888 faciunt
2816 5828 3010 5890 propter
3026 5822 3181 5876 illum.

2000 5887 2170 5949 l[Apud
2193 5892 2328 5949 Dom,
2352 5887 2618 5949 crassiores
2635 5893 2763 5938 sunt.

2003 5945 2025 5980 ⁸
2048 5945 2182 6013 Εἱιιιι,
2206 5945 2324 6000 leve.
2349 5953 2547 6012 Atlas,
2566 5948 2686 6000 tene.
