4142 6482
651 388 751 452 πί

653 511 758 573 tur,
785 520 894 567 non
931 513 1012 562 est
1034 505 1250 562 bonum.
1299 507 1356 564 in
1394 512 1712 580 quibuslibet
1751 519 1891 576 enim
1915 521 2074 578 rebus
2097 523 2216 580 talis

648 598 942 655 domandus
967 608 1020 653 et
1039 601 1303 657 sanandus
1321 612 1402 658 est
1418 609 1696 676 appetitus.
1719 611 1848 678 Quis
1873 614 2036 680 enim,
2059 631 2220 685 quan.

644 697 955 758 tnscumque
995 692 1064 746 sit
1099 695 1324 750 carnalis
1350 701 1802 768 concupiscentiae
1829 706 2135 775 castigator,
2169 709 2214 762 si

643 778 818 834 locum
845 780 1186 852 thymiamate
1202 786 1472 844 intraverit
1492 792 1790 859 odoratum,
1822 797 2215 864 possitcfiicere
2317 803 2331 856 i

639 879 698 922 ut
725 870 774 924 ei
795 887 901 926 non
931 876 1163 930 suaviter
1183 877 1340 944 cleat,
1369 879 1470 936 nisi
1489 897 1643 938 nares
1665 885 1894 952 claudat,
1921 899 2010 948 aut
2035 889 2214 946 inten-

637 961 780 1017 tione
815 963 1116 1022 vehementi
1152 969 1412 1026 alienatur
1452 988 1482 1026 a
1523 977 1762 1044 corporis
1789 980 2065 1036 sensibus?
2103 979 2209 1040 Sed

637 1054 894 1122 numquid
938 1070 1057 1110 eum
1101 1057 1224 1114 inde
1267 1059 1424 1116 fuerit
1465 1078 1744 1133 egressus,
1777 1067 1828 1124 id
1854 1069 1998 1128 domi
2028 1072 2043 1102 ⁵
2074 1086 2204 1138 sum,

633 1142 716 1195 vel
745 1159 1075 1216 quacumque
1103 1149 1306 1218 pergit,
1349 1151 1817 1214 desiderabitiaut
1844 1160 1891 1216 si
1931 1161 2202 1218 desidera-

637 1231 794 1296 verit,
824 1235 1014 1290 satiare
1045 1236 1202 1292 debet
1245 1240 1397 1294 istam
1439 1242 1744 1311 libidinem,
1775 1263 1880 1302 non
1912 1249 2122 1308 frenare
2149 1263 2203 1310 et

630 1331 814 1378 contra
833 1326 1294 1394 concupiscentem
1317 1346 1532 1388 carnem
1571 1337 1761 1404 Spiritu
1801 1344 2197 1412 concupiscere,

630 1411 799 1468 donec
825 1415 892 1470 ad
911 1417 1054 1472 illam
1077 1420 1571 1489 redeatsanitatem,
1591 1442 1692 1495 qua
1716 1428 1844 1484 nihil
1870 1411 1978 1486 tale
1991 1411 2200 1488 deside-i-

627 1506 746 1560 ret?
773 1506 1046 1564 Minimum
1087 1509 1186 1564 hoc
1211 1512 1423 1580 quidem
1457 1532 1470 1568 :
1504 1517 1598 1570 sed
1637 1519 1724 1586 qui
1750 1520 1956 1576 minima
1982 1525 2189 1592 spernit,

620 1595 758 1652 sicut
784 1599 1035 1667 scriptum
1061 1610 1161 1666 est,
1191 1605 1436 1673 pautatim
1459 1605 1640 1662 decidit
1665 1609 1684 1682 (
1705 1609 1866 1668 Eccti.
1897 1629 2010 1682 xxx,
2042 1616 2120 1684 ί).

692 1685 779 1740 67.
824 1689 1212 1750 Alimentorum
1238 1699 1608 1756 sustentaculis
1639 1701 1931 1772 indigemus
1962 1723 1975 1760 :
2002 1707 2046 1762 si
2071 1721 2192 1766 sua-

622 1778 706 1834 via
735 1793 842 1836 non
861 1782 966 1836 sint
994 1798 1112 1852 quae
1137 1801 1229 1840 ore
1249 1800 1550 1860 sumuntur,
1578 1807 1676 1848 nec
1703 1797 1840 1850 sumi
1869 1808 2113 1868 possunt,
2135 1810 2189 1856 et

616 1872 921 1932 nauseando
949 1889 1092 1944 saepe
1133 1891 1484 1949 respuuntur;
1527 1895 1582 1940 et
1621 1889 1913 1956 perniciosa
1943 1901 2068 1950 sunt
2093 1908 2184 1948 ca-

613 1963 781 2017 venda
809 1964 1016 2021 fastidia
1045 1987 1057 2022 :
1091 1985 1196 2026 non
1227 1974 1398 2028 solum
1428 1991 1556 2047 ergo
1583 1979 1722 2046 cibo,
1753 1983 1848 2036 sed
1892 1984 2050 2040 etiam
2079 1987 2183 2042 cibi

607 2063 800 2122 sapore
829 2056 1026 2128 indiget
1055 2061 1334 2119 infirmitas
1349 2069 1587 2136 corporis
1613 2073 1807 2137 nostri;
1837 2089 1942 2130 non
1968 2085 2183 2146 propter

609 2147 1020 2204 exsaturandam
1049 2151 1340 2222 libidinem,
1371 2157 1466 2211 sed
1505 2169 1723 2230 propter
1755 2165 2002 2221 tuendam
2029 2169 2179 2242 salu-

604 2239 733 2290 tem.
763 2235 896 2294 Cum
936 2255 1063 2310 ergo
1103 2252 1288 2302 natura
1327 2247 1556 2316 quodam
1582 2251 1742 2308 modo
1769 2257 1938 2324 poscit
1963 2237 2178 2329 supple-

600 2335 780 2383 nenta
801 2345 922 2398 quas
948 2332 1158 2401 desunt,
1189 2351 1298 2392 non
1311 2349 1528 2396 vocatur
1547 2343 1727 2410 libido,
1762 2347 1857 2403 sed
1892 2348 2060 2407 fames
2085 2363 2178 2410 aut

597 2415 746 2472 sitis:
770 2434 890 2474 cum
915 2437 1042 2478 vero
1067 2427 1306 2494 suppleta
1331 2433 1648 2490 necessitate
1663 2451 1815 2492 amor
1835 2439 2026 2498 edendi
2051 2446 2172 2501 ani-.-

594 2522 741 2564 mum
783 2512 1048 2582 sollicitat,
1088 2516 1196 2586 jam
1226 2520 1388 2576 libido
1407 2533 1510 2590 est,
1534 2525 1644 2595 jam
1685 2531 1886 2588 malum
1931 2544 2033 2601 est,
2081 2539 2166 2594 cui

592 2600 888 2657 cedendum
911 2619 1016 2660 non
1041 2616 1140 2674 est,
1162 2610 1254 2664 sed
1275 2613 1650 2672 resistendum.
1675 2620 1799 2676 [hec
1824 2623 1949 2690 duo,
1976 2600 2031 2681 id
2060 2637 2162 2696 est,

593 2689 790 2754 famem
825 2701 878 2747 et
904 2694 1096 2750 edendi
1131 2713 1370 2758 amorem
1397 2706 1554 2760 etiam
1583 2720 1738 2777 poeta
1772 2689 2048 2782 discrevit,
2074 2720 2164 2789 qui

586 2789 709 2850 post
723 2784 884 2838 maris
897 2785 1260 2858 jactationem,
1291 2795 1450 2852 sociis
1478 2795 1670 2854 Eneae
1689 2803 1960 2876 naufragis
1988 2819 2044 2864 et
2063 2825 2160 2879 pe-

585 2873 812 2942 regrinis
836 2878 965 2931 satis
986 2893 1106 2934 esse
1121 2880 1367 2950 judicans
1395 2895 1596 2946 tantum
1624 2907 1836 2974 sumere
1869 2899 2155 2960 alimento-.-

581 2975 735 3032 rum,
785 2977 1038 3036 quantum
1085 2973 1389 3035 refectionis
1435 2983 1459 3026 ἓ
1495 2973 1782 3056 indigentia
1811 2993 2149 3065 postularet,

579 3052 692 3120 ait,

572 3377 789 3450 hospes,
816 3384 1090 3442 decentius
1107 3391 1394 3450 arbitratus
1422 3377 1708 3472 ampliores
1738 3377 1977 3470 exhiberi
2007 3432 2142 3488 epu-

572 3464 644 3488 .--
676 3486 723 3488 μ
1269 3483 1281 3488 -

1512 3464 1527 3472 .
1701 3469 1704 3472 .
1849 3464 1858 3466 ~
1877 3464 1888 3466 -
1907 3464 1950 3468 ν-
1963 3464 1976 3470 -
2011 3464 2111 3488 'r"

567 3464 646 3522 ias
675 3472 864 3542 regias,
893 3490 1050 3546 quam
1079 3483 1366 3541 necessitas
1391 3501 1652 3566 posceret,
1683 3513 1788 3556 non
1807 3505 1934 3566 satis
1964 3506 2061 3564 fuit
2085 3519 2141 3578 ut

571 3557 616 3578 .I!
629 3573 646 3578 Α
663 3575 675 3578 -
749 3571 760 3578 Α

563 3557 795 3632 diceret,

684 3659 940 3721 Postquam
959 3669 1180 3730 exempta
1199 3667 1352 3732 mines
1360 3685 1384 3735 ;

559 3733 654 3790 sed
675 3737 894 3811 addidit,
1361 3733 1380 3744 ”

1127 3846 1180 3890 et
1199 3853 1333 3894 amor
1354 3857 1662 3911 compressus
1686 3855 1881 3910 edendi.

1436 3909 1642 3971 (Μ.
1669 3914 1755 3967 tib.
1778 3921 1825 3981 8,
1849 3909 1970 3974 uera.
1995 3925 2128 3992 184.)

555 3967 764 4036 Quanto
786 3975 952 4046 magis
978 3995 1076 4040 nos
1099 3981 1402 4045 discernere
1424 3967 1486 4046 ac
1515 4011 1674 4053 nosse
1699 3967 1976 4072 debemus,

555 4064 848 4122 necessitas
873 4069 1195 4142 refectionis,
1225 4079 1350 4147 quid
1381 4081 1546 4140 libido
1562 4087 1836 4148 edacitatis
1847 4064 2116 4168 exposcat,

551 4169 772 4224 quorum
797 4164 1062 4230 negotium
1087 4177 1170 4224 est
1196 4181 1380 4238 contra
1401 4183 1868 4250 concupiscentem
1900 4205 2122 4250 carnem

548 4247 736 4315 spiritu
778 4255 1172 4326 concupiscere,
1203 4272 1256 4318 et
1291 4247 1644 4327 condolectari
1671 4276 1776 4348 legi
1805 4279 1898 4336 Dei

545 4338 670 4396 dum
699 4343 1004 4404 interiorem
1033 4353 1298 4412 hominem
1317 4400 1332 4426 ,
1361 4364 1582 4434 ejusque
1621 4338 1988 4434 delectationis
2027 4395 2115 4436 se—

542 4433 824 4492 renitatem
853 4441 1008 4498 nuilis
1047 4444 1346 4507 libidinosis
1371 4433 1814 4521 delectationibus
1836 4471 2116 4529 nubilare?

539 4519 672 4580 Nam
717 4527 816 4584 iste
851 4545 1002 4586 amor
1039 4535 1230 4594 edendi
1271 4555 1378 4598 non
1406 4546 1632 4620 edendo,
1661 4554 1758 4609 sed

538 4623 619 4674 est
637 4621 1086 4688 comprimendos.

605 4705 692 4760 68.
731 4709 862 4775 Quis
887 4724 1064 4770 autem
1093 4731 1272 4778 mente
1311 4725 1522 4786 sobrius
1545 4746 1652 4788 non
1679 4737 1878 4807 mallet,
1911 4744 1960 4798 si
1987 4745 2106 4802 ﬂeri

531 4793 732 4866 poeset,
761 4801 878 4857 sine
903 4806 1006 4861 ulla
1029 4811 1262 4869 mendaci
1287 4817 1554 4889 voluptate
1581 4793 1780 4886 earnaii
1803 4793 2100 4896 ,ivei‘ar-ida

529 4899 742 4944 sumere
765 4890 1018 4952 alimenta
1041 4939 1057 4965 ,
1085 4902 1169 4956 vel
1209 4903 1458 4977 humida,
1503 4915 1640 4972 sicut
1685 4890 2100 4988 sumimusvbtec

525 4977 688 5042 aeria,
711 4994 830 5049 quae
846 4983 914 5040 de
929 4987 1262 5050 circumfusis
1281 5002 1426 5056 auris
1446 5009 1754 5075 respirando
1775 4977 2098 5088 «spirando

523 5069 800 5130 sor-bemus
825 5083 878 5130 et
917 5075 1227 5138 fundimus?
1270 5087 1420 5155 Quod
1457 5069 1802 5172 alimentum,

519 5170 586 5214 ac
633 5162 851 5220 naribus
889 5167 1006 5226 sine
1056 5177 1355 5235 cessatione
1407 5197 1705 5256 sumamus,
1757 5162 1858 5252 nec
1919 5205 2086 5274 sapit,

517 5263 620 5306 nec
656 5253 764 5309 olet
795 5259 1080 5330 quidquam
1137 5283 1151 5320 :
1199 5285 1297 5326 nec
1337 5283 1511 5333 tamen
1554 5283 1669 5339 sine
1712 5287 1804 5344 illo
1841 5295 1924 5350 vel
1973 5253 2091 5354 tran:

515 5341 630 5398 title
676 5348 845 5418 spatio
893 5357 1184 5434 temporis,
1227 5365 1366 5430 sicut
1403 5375 1508 5436 tam
1559 5377 1768 5444 Pretiae
1813 5383 1929 5450 sine
1966 5389 2088 5456 cibo

513 5441 570 5489 et
589 5445 738 5507 potu,
768 5455 1052 5510 possumus
1085 5451 1263 5510 vivere
1295 5475 1308 5511 :
1335 5474 1436 5515 nec
1464 5441 1578 5532 ejus
1607 5468 1890 5543 indigentia
1918 5485 2086 5552 senti-

1492 5531 1504 5532 ,
1717 5531 1746 5543 ,ι
1884 5531 1889 5532 κ
1919 5531 2054 5552 -----τ

507 5531 630 5596 tur,
671 5531 776 5588 nisi
811 5535 1054 5594 molestia
1080 5582 1094 5608 ,
1138 5544 1186 5598 si
1211 5561 1302 5602 ora
1334 5565 1595 5625 naresque
1623 5551 1934 5625 claudantur
1953 5615 1970 5642 ,
1999 5577 2084 5636 vel

506 5627 638 5684 nutu
665 5625 952 5692 voluntatis
973 5673 990 5700 ,
1035 5647 1292 5705 quantum
1315 5644 1444 5702 sinit
1478 5648 1592 5720 ipsa
1615 5657 1879 5730 molestia,

567 5763 592 5843 ς
611 5763 714 5863 gn-
737 5763 811 5804 Er-
837 5765 892 5816 et

671 5825 740 5875 v.,
759 5819 1014 5880 1'8me
1038 5861 1051 5876 .
1081 5841 1164 5880 me
1229 5845 1318 5884 cae

1418 395 1689 458 CONTRA
1727 403 2064 465 JULIANUM
2099 408 2555 486 PELAGIANUM,
2587 421 2644 478 S.
2683 423 3048 486 AUGUSTINI

3794 449 3906 512 ’ΠΩ

2323 543 2448 597 sper
2489 535 2794 601 pulmonum
2835 542 3168 602 inhibeamus
3207 547 3476 620 ofﬁcium,
3523 559 3718 628 quibus
3751 571 3902 628 velut

2319 619 2532 678 follibus
2573 625 2866 688 alternante
2904 643 3050 690 metu
3085 639 3269 695 vitales
3313 619 3472 701 ﬂatus
3517 619 3892 718 haurimus;

2309 985 2432 1044 bum
2460 995 2852 1063 perciperemus
2873 1011 2926 1058 et
2951 1013 3154 1075 potum,
3177 1024 3284 1080 quo
3309 1021 3508 1072 tantam
3535 1023 3836 1084 molestiam
3864 1031 3880 1064 '

2309 1080 2392 1134 vel
2419 1086 2704 1149 perniciem
2737 1091 3054 1158 pellet-emus
3079 1100 3099 1132 ³
3122 1101 3145 1154 ?
3172 1101 3304 1158 Nam
3341 1107 3385 1160 si
3415 1109 3468 1163 in
3498 1119 3742 1180 praesenti

2315 1176 2672 1239 temperanter
2698 1179 2946 1240 alimenta
2976 1200 3278 1260 sumentes,
3309 1200 3642 1260 continentes
3683 1223 3882 1265 vocan-

2305 1266 2389 1316 tur
2415 1270 2470 1316 et
2497 1265 2682 1331 sobrii,
2715 1273 3007 1345 meritoque
3032 1279 3172 1338 laudi
3200 1284 3462 1348 habentur
3486 1292 3528 1360 '-,
3557 1310 3660 1352 nec
3685 1297 3881 1357 desunt

2303 1348 2628 1423 hujusmodi,
2658 1362 2748 1429 qui
2773 1376 3026 1432 quantum
3052 1382 3242 1432 natura
3271 1387 3438 1448 petat,
3467 1348 3561 1442 adt
3589 1388 3766 1446 minus
3789 1408 3878 1449 re-

2300 1443 2542 1510 fectionis
2583 1467 2894 1524 assumant.
2942 1464 3238 1535 malentes,
3273 1443 3330 1528 si
3571 1485 3874 1542 lmessltati

2298 1548 2532 1606 congruo
2557 1540 2580 1572 ‘
2623 1542 2906 1616 falluntur,
2953 1554 3129 1611 minus
3157 1558 3208 1616 id
3235 1567 3528 1634 sumpsisse
3555 1585 3714 1640 quam
3753 1540 3874 1634 ηιξ

2295 1626 2433 1694 plius
2462 1647 2476 1682 :
2505 1643 2702 1702 quanto
2730 1641 2896 1709 magis
2933 1642 2988 1697 in
3025 1645 3118 1700 illa
3147 1626 3406 1719 dignitate
3431 1626 3718 1722 honestum
3747 1626 3870 1724 il;-

2293 1715 2418 1780 dum
2467 1719 2630 1782 fuisse
2675 1728 3000 1792 credendum
3045 1746 3128 1794 est
3169 1715 3552 1810 sumendernm
3594 1756 3871 1818 alituuntoe

2291 1819 2430 1876 rum,
2457 1825 2562 1880 quo
2589 1823 2642 1872 et
2666 1818 2879 1876 animali
2905 1827 3114 1896 corpori
3141 1837 3442 1896 necessaria
3471 1843 3864 1918 pmberentur,

2289 1901 2554 1958 etmodus
2579 1909 2834 1965 naturalis
2871 1915 3172 1982 nullatenus
3195 1901 3584 2002 excederetur;
3627 1938 3768 2000 sicut
3805 1901 3866 2000 il;

2286 1991 2533 2058 paradiso
2571 1995 2772 2064 primos
2798 2002 3040 2068 homines
3072 2011 3270 2070 vixisse
3297 1991 3620 2086 credendum
3655 2033 3789 2088 est?

2355 2079 2442 2138 69.
2474 2082 2722 2150 Quamvis
2737 2097 2998 2166 nonnulli,
3017 2115 3188 2174 neque
3213 2105 3266 2162 bi
3291 2079 3745 2188 contemptibiles,
3763 2079 3858 2182 di-

2281 2173 2388 2230 vini
2416 2176 2612 2252 eloquii
2645 2191 2986 2260 tractatores,
3023 2173 3170 2252 nullo
3196 2173 3559 2272 hujuscemodi
3583 2173 3862 2274 vietu'eoa

2282 2263 2573 2338 indiguisse
2601 2276 2778 2344 potius
2803 2281 3090 2352 opinentur
3113 2327 3131 2358 ,
3173 2299 3232 2352 ut
3264 2263 3340 2354 ea
3365 2296 3476 2352 sola
3495 2263 3498 2264 ν
3597 2263 3858 2374 “paradiso

2275 2357 2518 2430 voluptas
2547 2365 2630 2420 vel
2659 2367 2910 2434 alimonia
2953 2357 3291 2444 existimetur
3321 2384 3520 2458 fuisse,
3563 2357 3854 2463 quadele-F

2275 2457 2483 2510 ctantur
2505 2465 2560 2514 et
2585 2459 2798 2518 aluntur
2817 2467 2976 2528 corda
2999 2473 3338 2542 sapientium.
3365 2480 3470 2542 Sed
3495 2457 3597 2554 ego
3623 2501 3740 2544 cum
3765 2491 3850 2548 eis

2272 2545 2462 2612 sentio,
2495 2551 2586 2619 qui
2611 2553 2746 2612 sicut
2771 2557 2900 2614 illud
2929 2563 3071 2632 quod
3107 2566 3306 2632 dictum
3337 2583 3440 2642 est,
3473 2545 3848 2644 Herculanae;

2269 2635 2507 2704 feminam
2533 2643 2651 2712 fecit
2675 2661 2780 2716 eos,
2809 2658 2856 2704 et
2880 2649 3130 2714 benedixit
3159 2659 3276 2720 illos
3305 2635 3461 2732 Dens,
3487 2635 3694 2740 dicenti,
3725 2635 3842 2734 Cr;

2265 2728 2385 2786 scite
2410 2739 2457 2794 et
2495 2735 2899 2806 multiplicamini
2919 2785 2938 2811 ,
2973 2756 3020 2801 et
3055 2749 3253 2821 implete
3289 2728 3472 2818 terrain
3493 2801 3509 2826 ,
3549 2767 3840 2828 secundum

2261 2917 2403 2964 ctum
2436 2927 2450 2966 :
2485 2913 2554 2976 ita
2583 2917 2910 2992 etiamquod
2949 2929 3106 2996 paulo
3145 2913 3266 3003 post
3299 2941 3538 3010 sequitur
3553 2913 3680 3012 ,Ἧι
3705 2949 3836 3012 dicit

2256 2995 2416 3064 Deus,
2443 3002 2574 3064 Ecce
2589 3007 2703 3066 dedi
2730 3013 2862 3070 vobis
2877 2995 3022 3078 omne
3039 2995 3211 3092 femim
3231 2995 3446 3088 satiqu
3468 3039 3722 3102 seminans
3746 3061 3834 3100 u-

2255 3106 2368 3146 men
2391 3133 2407 3160 ,
2433 3100 2571 3168 quod
2595 3110 2669 3156 est
2701 3121 2850 3176 super
2887 3126 3081 3176 omnem
3108 3126 3294 3182 terram
3313 3163 3327 3190 ,
3371 3133 3419 3188 et
3451 3143 3599 3186 omne
3634 3133 3830 3204 lignum

2252 3185 2387 3251 quod
2425 3187 2571 3245 habet
2604 3193 2658 3248 in
2697 3212 2751 3250 se
2777 3203 2997 3268 fructum
3021 3210 3226 3266 seminis
3263 3215 3438 3280 satiei;
3477 3222 3614 3278 vobis
3655 3185 3748 3282 sirit
3771 3229 3828 3285 in

2250 3287 2448 3354 escam,
2479 3289 2526 3334 et
2555 3285 2781 3350 omnibus
2808 3290 2972 3350 bestiis
2999 3305 3158 3368 term,
3201 3313 3246 3357 et
3275 3307 3503 3366 omnibus
3539 3314 3824 3376 volatilibus

2247 3369 2378 3444 ctuti,
2411 3382 2458 3426 et
2480 3379 2616 3442 omni
2639 3387 2858 3453 serpenti
2883 3396 3076 3459 repenti
3100 3396 3121 3426 ⁸
3145 3413 3298 3468 super
3325 3411 3528 3472 terram,
3557 3415 3692 3482 quod
3721 3417 3820 3472 lia.

2248 3455 2322 3482 Ι.-.
2354 3461 2400 3482 2--
2597 3471 2606 3480 ·
2804 3477 2814 3482 ·

2939 3455 2948 3459 -
3061 3455 3066 3458 .
3209 3455 3220 3468 .
3558 3455 3692 3482 V.m-
3721 3455 3816 3472 uu-

2244 3455 2322 3512 bet
2351 3461 2403 3518 in
2441 3482 2494 3520 se
2521 3471 2744 3528 animum
2768 3477 2878 3532 vita:
2893 3497 2914 3545 ;
2939 3491 2987 3538 et
3015 3501 3160 3550 antire
3183 3492 3356 3560 fenum
3383 3500 3540 3556 viride
3573 3505 3626 3560 ίη
3653 3523 3816 3566 θυαε,

2243 3547 2393 3620 (Gen.
2422 3572 2476 3624 ι,
2508 3557 2732 3636 27-50);
2763 3583 2868 3630 non
2909 3573 3063 3642 aliter

2237 3651 2464 3716 uterque
2491 3665 2651 3709 sexus
2677 3655 2760 3712 his
2789 3660 3058 3732 alimentis
3077 3651 3266 3742 quibus
3285 3688 3338 3734 et
3356 3651 3810 3751 animalia'czetera

2235 3743 2586 3810 corporaliter
2615 3751 2876 3820 utebatur,
2907 3766 2962 3818 et
2987 3759 3218 3826 habebat
3235 3785 3298 3832 ex
3319 3743 3422 3829 hoc
3441 3778 3580 3836 victu
3601 3791 3812 3842 susten-

2234 3829 2466 3886 taculum
2495 3848 2786 3918 congruum
2807 3885 2824 3912 ,
2865 3845 2988 3904 licet
3025 3855 3187 3911 modo
3213 3829 3442 3930 quodam
3480 3869 3764 3932 immortali
3787 3917 3808 3945 ,

2234 3921 2407 3945 Mm“
2434 3923 2642 3945 μεν..
2869 3935 2880 3945 .

2233 3921 2410 3974 tamen
2432 3923 2644 3988 animali
2673 3935 2884 4002 corpori
2910 3921 3292 4018 necessarium,
3315 3968 3382 4014 ne
3403 3955 3686 4029 indigentia
3709 3921 3806 4022 lae:

2233 4007 2410 4029 ,ψη
2525 4015 2538 4029 .
2604 4017 2635 4029 ..

2228 4007 2474 4080 dcretur;
2507 4015 2574 4071 de
2604 4017 2743 4098 ligno
2769 4035 2946 4084 autem
2976 4030 3116 4100 vitae,
3151 4051 3218 4093 ne
3245 4007 3802 4118 senectuteuperduce-

2226 4107 2373 4155 retur
2409 4105 2474 4158 ad
2507 4119 2753 4176 mortem,
2805 4116 2910 4174 Sed
2941 4123 3082 4178 nulla
3113 4129 3319 4192 ratione
3355 4138 3708 4212 crediderim,
3741 4149 3798 4204 in

2226 4188 2311 4212 επ,
2341 4200 2468 4212 ,__.,
2539 4199 2557 4212 .
2589 4199 2670 4212 ...
2756 4205 2767 4212 .
2841 4208 2852 4212 -

2223 4188 2316 4244 illo
2341 4200 2499 4250 tanta:
2535 4199 2798 4260 felicitatis
2837 4208 2994 4278 loco,
3041 4227 3133 4272 aut
3175 4235 3390 4288 carnem
3429 4188 3794 4303 concupiﬁ's,se

2223 4277 2470 4303 ...l-.-_-__-
2499 4288 2572 4303 ,ηε
2607 4289 2638 4303 ι.
2897 4299 2907 4303 -
2945 4301 2953 4303 .

2979 4277 2987 4278 ,
3248 4277 3256 4278 ,
3314 4277 3390 4288 ἡ
3431 4277 3794 4303 -.ν-Ὕηηψ

2221 4277 2473 4339 adversus
2495 4288 2732 4356 spiritum
2758 4303 2810 4348 et
2830 4299 3072 4376 spiritum
3098 4308 3355 4368 adversus
3375 4331 3610 4390 carnem,
3633 4333 3794 4398 atque

2221 4367 2270 4398 ε..
2301 4369 2394 4398 που.
2442 4377 2646 4398 ..---ne-.
2690 4383 2722 4398 ,ι
2891 4390 2902 4398 .
3013 4394 3024 4398 -

2861 4367 2875 4376 ἶ
3335 4367 3348 4368 κ
3383 4367 3610 4390 -------ι
3633 4367 3664 4378 -ι
3727 4367 3792 4390 που

2217 4367 2271 4424 in
2298 4369 2398 4426 ista
2438 4377 2832 4442 conﬂictatione
2859 4390 2976 4448 sine
3010 4394 3216 4456 interna
3255 4419 3387 4472 pace
3425 4367 3792 4482 v'ixissegjut

2216 4464 2459 4532 spiritum
2498 4469 2778 4546 desideriis
2817 4497 2922 4548 non
2961 4503 3287 4561 repugnasse
3313 4503 3650 4574 carnalibus,
3689 4512 3786 4568 sed

2212 4556 2465 4628 quidquid
2497 4565 2864 4642 undecumque
2891 4556 3052 4636 libido
3071 4556 3422 4660 suggesserat,
3452 4556 3782 4666 turn—{ser}:

2211 4646 2284 4700 tio
2315 4652 2602 4722 peregisse.
2633 4657 2888 4732 Remanet
2925 4667 3110 4740 igitur,
3220 4687 3313 4734 aut
3337 4646 3480 4739 nuila
3513 4646 3582 4743 ibi
3621 4689 3782 4750 fuerit

2207 4743 2436 4797 carnalis
2456 4749 2902 4824 concupiscentia,
2927 4762 3020 4816 sed
3043 4764 3130 4820 ille
3155 4765 3310 4824 fuerit
3331 4773 3540 4832 vivendi
3565 4782 3775 4854 modus,

3568 4833 3775 4854 κ-----,

2205 4837 2265 4883 ut
2313 4833 2490 4889 omnia
2539 4845 2838 4898 necessaria
2889 4855 3134 4924 congruis
3177 4862 3538 4926 membrorum
3587 4873 3778 4934 officiis

2201 4923 2318 4979 sine
2365 4925 2523 4984 ullius
2565 4943 2710 4988 motu
2756 4936 3383 5020 libidinisimplerentur
3429 4959 3576 5030 (non
3625 4970 3768 5026 enim

2198 5014 2318 5082 quia
2349 5023 2488 5072 terra
2514 5037 2616 5076 non
2644 5025 2880 5100 libidine,
2913 5035 3006 5090 sed
3037 5041 3302 5102 voluntate
3327 5052 3488 5108 motis
3513 5057 3772 5126 agricola-

2197 5117 2314 5158 rum
2357 5109 2600 5167 manibus
2640 5118 2964 5194 seminatur,
3015 5128 3132 5186 ideo
3175 5149 3303 5194 suos
3339 5141 3625 5209 pariendos
3661 5167 3770 5210 non

2195 5195 2425 5264 concipit
2449 5197 2624 5273 fetus)
2659 5223 2671 5258 :
2703 5217 2826 5276 aut,
2856 5227 2922 5268 ne
2952 5216 3171 5276 nimium
3199 5195 3472 5288 videamur
3495 5235 3768 5300 offendere

2193 5283 2438 5345 homines
2457 5334 2470 5359 ,
2515 5295 2604 5364 qui
2635 5300 2958 5372 voluptatem
2989 5317 3228 5384 corporis
3269 5328 3766 5406 quomodocumque

2255 5440 2734 5526 ξῐξέἱίέἱιὲἨιηιξθ
2759 5463 2884 5526 Μεεις
2910 5466 3093 5516 mm
3111 5469 3390 5526 antestare.

2253 5502 3668 5609 ἲκῖέἲτῗὲῗὲἑῇὶιυέέὲἐέξὲἶρῖὲἐέἓὲῖὴῖῗὲἑὲωιω.
3693 5549 3762 5609 an

2186 5567 2242 5611 ιιι
2255 5573 2380 5632 Post.
2389 5567 2724 5670 ὦειιᾳτεηιιεεε
2759 5567 3710 5670 ρὲὸὶῖὧὲἐῖὼῖιῖιῖᾦζ“ε“ἕὲιῗῑ“εἶιᾨῗαξ

2186 5636 2368 5670 unum
2453 5645 2600 5670 mmo:
2623 5649 2800 5670 sna-dam
2823 5645 3116 5670 .....d.....a--...
3148 5661 3208 5670 η.

2185 5636 2368 5688 Ρηηεοε
2389 5636 2600 5692 nomines
2623 5636 2800 5690 vixisse
2819 5636 3230 5705 credendum—esti:

2250 5687 2271 5718 ³
2296 5695 2423 5728 Amm
2447 5699 2765 5728 lnvnnianann
2791 5710 2973 5728 .--“...
3017 5708 3089 5728 .-.,
3116 5713 3129 5728 .
3201 5717 3230 5728 ..

2247 5687 2271 5778 ἰ
2291 5687 3312 5788 ὲξίξίὲςὲοἰέηέἓξξξέέζείὲἕιῐιὲἕ
3329 5721 3586 5784 tam.

2291 5753 2994 5852 eﬂtjjnsi
3011 5753 3312 5834 Μ
3615 5798 3756 5850 ινα-ω

2179 5803 2463 5875 legendum,
2483 5815 2528 5866 si
2555 5803 2617 5869 iri
2626 5803 2784 5878 modo:

2247 5871 2270 5904 ⁸
2293 5873 2424 5937 Editi,
2447 5883 2669 5940 reptanti.
