4142 6544
286 436 403 500 773

285 548 625 627 defendunt,
647 548 721 605 ita
747 543 819 619 ibi
837 543 1088 609 credatur
1111 536 1404 603 carnalium
1428 549 1686 607 senSuum
1716 545 1878 613 luisse

286 642 597 703 libidinem.
631 648 689 696 ut
714 640 859 696 omni
882 638 1041 695 modo
1066 638 1318 693 rationali
1346 637 1555 694 subdita
1583 636 1839 703 voluntati
1864 676 1878 702 ,

285 751 405 792 non
429 734 568 790 alias
594 732 830 798 adesset,
863 732 962 787 nisi
989 746 1113 786 cum
1146 746 1241 801 per
1268 731 1415 789 illam
1443 731 1527 787 vel
1557 730 1715 786 saluti
1740 739 1885 786 esset

287 826 561 897 corporis,
592 824 679 881 vel
704 825 886 895 stirpis
915 823 1191 894 propagini
1220 823 1641 890 consulendum;
1664 832 1717 879 et
1739 831 1882 879 tanta

282 919 545 986 adesset,
586 926 647 974 ut
683 917 825 972 nulla
864 931 930 975 ex
961 924 1111 987 parte
1148 923 1381 988 mentem
1420 916 1488 973 de
1529 930 1883 987 supernorum

283 1012 678 1083 cogitationum
717 1009 1075 1069 delectatione
1116 1008 1443 1079 deponeret,
1489 1009 1667 1067 nullus
1696 1024 1884 1079 super-

282 1117 492 1157 vacuus
519 1103 635 1157 sive
661 1101 999 1171 importunus
1018 1108 1196 1157 motus
1216 1109 1360 1167 esset
1385 1115 1453 1156 ex
1479 1100 1585 1167 illa,
1619 1100 1753 1156 nihil
1780 1099 1884 1156 nisi

282 1193 431 1265 quod
465 1194 749 1267 prodesset
776 1193 927 1263 lieret
959 1208 1057 1267 per
1086 1193 1271 1265 illam,
1302 1193 1439 1251 nihil
1467 1194 1689 1267 omnino
1727 1193 1881 1255 ﬁeret

281 1294 513 1363 propter
538 1286 704 1345 illam.

363 1376 453 1432 70.
495 1376 648 1432 Nunc
672 1392 802 1433 vero
830 1392 990 1451 quam
1018 1392 1077 1434 se
1100 1377 1254 1447 aliter
1274 1377 1485 1447 habeat,
1509 1379 1600 1451 qui
1626 1379 1882 1449 dimicant

280 1466 546 1537 adversus
577 1483 695 1537 eam
716 1508 730 1533 ,
761 1467 816 1523 hi
843 1469 1071 1541 maxime
1094 1469 1347 1541 sentiunt.
1380 1468 1579 1545 ingerit
1605 1486 1664 1529 se
1691 1472 1879 1543 uidene

282 1560 433 1615 tibus
457 1559 544 1615 vel
572 1558 911 1631 audientibus
947 1558 1167 1635 aliquid,
1200 1561 1443 1631 quamvis
1480 1570 1699 1636 propter
1735 1562 1879 1633 aliud

279 1651 504 1707 videant
530 1658 585 1709 et
610 1650 855 1731 audiant,
885 1659 941 1721 ut
971 1650 1180 1721 etiamsi
1203 1651 1454 1722 tangendi
1477 1666 1581 1711 non
1606 1652 1734 1709 inde
1761 1668 1880 1733 per-

283 1742 422 1811 cipit
462 1743 827 1826 voluptatem,1
867 1740 1055 1813 saltem
1104 1742 1460 1813 voluptariam
1504 1745 1879 1815 cogitationem

277 1833 429 1897 inter
469 1833 772 1907 necessaria
812 1849 931 1905 qua:
975 1833 1042 1895 ad
1085 1848 1209 1907 eam
1242 1850 1349 1891 non
1389 1837 1678 1906 pertinent,
1728 1846 1878 1905 motu

276 1927 583 1999 obrepente
604 1926 830 2001 l'qretur.
858 1926 911 1995 In
934 1925 1063 1999 ipsis
1083 1941 1245 1999 porro
1264 1928 1692 2001 cogitationibus,
1715 1930 1876 2001 etiam

276 2018 502 2089 quando
531 2017 667 2091 nihil
694 2017 1068 2087 illecebrosum
1093 2017 1302 2086 adiacet
1327 2018 1518 2083 oculis,
1545 2027 1637 2085 aut
1662 2019 1879 2091 insonat

195 2130 203 2137 -
273 2111 508 2184 auribus
528 2151 543 2178 ,
573 2126 693 2181 quae
727 2125 837 2175 non
863 2118 1088 2167 conatur
1114 2110 1274 2169 etiam
1317 2110 1556 2177 obsoleta
1584 2121 1744 2183 atque
1782 2126 1875 2168 so-

277 2204 399 2275 pita
429 2201 893 2261 recordationibus
916 2202 1169 2275 inquietis
1194 2218 1319 2261 cum
1349 2203 1489 2273 turpi
1518 2203 1875 2275 delectatione

278 2296 545 2363 refricare
562 2334 587 2371 ,ι
611 2305 665 2363 et
692 2296 854 2353 castis
880 2295 1188 2366 sanctisque
1231 2295 1619 2351 intentionibus
1648 2298 1875 2365 tumultu

280 2386 520 2457 quodam
569 2385 802 2443 sordidae
852 2385 1299 2457 interpellationis
1343 2386 1701 2457 obstrepere?
1755 2388 1875 2461 Jam

275 2492 413 2549 vero
439 2494 562 2545 cum
586 2478 655 2543 ad
679 2493 829 2545 usum
855 2485 1073 2543 ventum
1103 2477 1265 2541 fuerit
1287 2479 1603 2541 necessaria:
1628 2479 1872 2550 volupta-

275 2570 376 2637 tis,
404 2584 503 2641 per
530 2567 973 2643 quamqreiicimus
997 2582 1245 2650 corpora,
1275 2568 1394 2639 quis
1416 2567 1593 2625 verbis
1618 2569 1873 2643 explicet,

276 2661 742 2734 quemadmodum
772 2676 869 2717 nos
905 2659 1123 2725 modum,
1160 2659 1495 2717 necessitatis
1524 2661 1726 2717 sentire
1766 2678 1873 2717 non

278 2755 462 2821 sinat,
494 2762 550 2813 et
574 2753 747 2823 ipsum
776 2751 995 2825 limitem
1020 2750 1372 2822 procurandae
1397 2751 1601 2823 salutis,
1648 2752 1701 2809 in
1727 2768 1874 2823 quae-

278 2860 408 2916 que,
445 2844 491 2898 si
518 2836 712 2909 adsunt
750 2843 765 2874 ¹
791 2882 806 2909 ,
833 2842 1167 2913 delectabilia
1197 2841 1475 2913 rapiendo,
1504 2842 1797 2909 abscondat
1820 2851 1875 2899 et

282 2947 552 3005 transeat;
587 2936 898 3015 putantibus
936 2936 1090 2999 nobis
1132 2935 1262 3007 satis
1291 2950 1397 2991 non
1426 2949 1547 2993 esse
1575 2934 1719 3013 quod
1744 2935 1873 2993 satis

281 3041 386 3098 est,
415 3030 543 3087 dum
571 3030 802 3097 libenter
827 3029 946 3100 ejus
971 3027 1438 3099 provocationibus
1462 3026 1728 3093 ducimur,
1758 3026 1873 3083 exi-

280 3123 559 3181 Stimantes
587 3135 687 3189 nos
706 3120 884 3175 adhuc
909 3135 1067 3193 agere
1092 3120 1362 3193 negotium
1381 3118 1719 3184 valetudinis,
1749 3133 1870 3187 cum

280 3229 500 3286 agamus
528 3213 706 3285 potius
729 3211 1053 3268 cruditatis?
1081 3210 1219 3283 Quid
1239 3212 1381 3277 enim
1407 3211 1532 3275 mali
1560 3210 1865 3278 fecerimus,

280 3296 497 3376 crapula
532 3304 843 3377 paenitenda
870 3305 890 3336 ¹
920 3310 1178 3369 testatur;
1208 3303 1356 3375 quod
1390 3313 1688 3363 metuentes
1707 3344 1723 3370 ,
1759 3304 1871 3373 ple-

283 3414 515 3470 rumque
576 3399 794 3461 minus,
860 3412 1027 3475 quam
1080 3396 1381 3469 “finienda:
1434 3395 1562 3451 fami
1622 3394 1821 3459 sufﬁcit
1851 3435 1868 3463 ,

284 3492 556 3557 vescimur
596 3508 611 3545 :
654 3490 729 3559 ita
764 3488 937 3563 nescit
976 3486 1239 3560 cupiditas
1264 3526 1282 3555 ,
1326 3486 1418 3543 ubi
1457 3485 1638 3551 [initur
1684 3500 1871 3557 neces-

284 3583 420 3641 sitas
450 3581 493 3636 ⁸.

363 3676 459 3743 7t.
486 3673 561 3745 Et
583 3671 697 3745 haec
723 3671 935 3745 quidem
961 3669 1223 3741 vescendi
1239 3677 1399 3742 atque
1428 3669 1650 3741 potandi
1676 3669 1871 3737 tolera-

288 3767 413 3824 bilis
440 3774 527 3825 est
550 3765 837 3843 voluptas,
868 3772 1067 3836 quanta
1104 3777 1388 3836 possumus
1416 3763 1710 3829 intentione
1741 3764 1871 3837 vigi-

287 3859 523 3930 lantibus
549 3858 724 3925 nobis,
757 3867 816 3929 ut
837 3855 1044 3927 facilius
1064 3870 1173 3917 non
1198 3856 1433 3926 impleat,
1466 3870 1624 3928 quam
1650 3855 1875 3927 modum.

287 3951 572 4025 aliquando
611 3952 788 4023 uictus
833 3951 1146 4021 sufﬁcientis
1190 3949 1416 4011 excedat
1442 3967 1457 4002 :
1487 3958 1679 4013 contra
1718 3949 1878 4021 cuius

287 4046 773 4117 concupiscentiam
799 4054 855 4109 et
873 4042 1166 4115 ieiunando
1186 4050 1242 4099 et
1268 4041 1486 4113 parcius.
1501 4042 1752 4107 alimenta
1776 4056 1869 4111 su,-

286 4140 485 4210 mendo
518 4153 858 4211 pugnamus;
900 4152 1073 4207 coque
1113 4124 1254 4192 malo
1293 4135 1433 4192 bene
1471 4140 1599 4199 tunc
1641 4134 1867 4203 utiinur,

288 4231 494 4301 quando
521 4246 617 4303 per
644 4230 791 4297 illam
818 4228 1031 4285 nonnisi
1061 4227 1201 4298 quod
1238 4226 1395 4295 saluti
1424 4225 1763 4293 conducibile
1790 4233 1873 4280 est

288 4324 513 4393 agimus.
554 4322 884 4389 ideoautem
917 4320 1054 4377 hanc
1094 4319 1421 4390 voluptatem
1462 4317 1569 4387 dixi
1614 4316 1867 4379 tolerabi-

288 4414 397 4475 lem
414 4455 429 4479 ,
460 4414 589 4484 quia
612 4414 691 4469 vis
717 4413 831 4483 ejus
865 4420 1009 4473 tanta
1041 4427 1151 4482 non
1169 4420 1256 4467 est
1271 4451 1297 4483 ,ι
1318 4419 1376 4464 ut
1400 4424 1503 4467 nos
1527 4424 1563 4469 ει
1588 4407 1870 4483 cogitatio-

288 4506 455 4563 nibus
478 4504 557 4575 τιρε
576 4505 889 4577 sapientiam
911 4504 1324 4583 pertinentibus,
1357 4503 1407 4565 si.
1430 4503 1484 4563 iu
1520 4517 1613 4557 eas
1638 4516 1824 4563 sumus
1846 4500 1870 4534 ‘

287 4598 488 4661 mentis
514 4597 865 4669 deleqtatione
897 4597 1184 4669 suspensi,
1224 4596 1507 4667 abrumpat
1535 4604 1592 4652 et
1634 4595 1868 4666 deﬁciat.

285 4691 418 4747 Nam
447 4706 594 4761 saepe
620 4690 687 4755 de
710 4692 924 4762 magnis,
954 4690 1125 4753 rebus.
1158 4690 1298 4752 inter
1337 4689 1521 4760 epulas
1550 4705 1655 4744 non
1695 4687 1871 4751 solum

285 4786 602 4857 cogitamus,
627 4799 815 4853 verum
834 4784 1002 4857 etiam.
1015 4783 1364 4854 disputamus,
1390 4792 1549 4854 atque
1567 4782 1706 4851 inter
1726 4783 1879 4861 ipsos

287 4876 531 4937 ciborum
554 4891 773 4949 morsus.
793 4883 853 4943 et
875 4876 1151 4949 potionum
1174 4876 1373 4947 glutus,
1402 4874 1569 4945 nihilo
1598 4875 1873 4935 remissius

291 4967 914 5039 audiendolvdicendoque
944 4966 1321 5039 colloquimur,
1352 4977 1404 5023 et
1434 4966 1576 5039 quod
1601 4982 1760 5038 nosse
1787 4967 1875 5025 vel

286 5063 524 5120 recolere
550 5062 820 5139 volumus,
848 5061 1207 5131 intentissime
1231 5061 1448 5117 omnino
1481 5060 1525 5115 si
1550 5060 1701 5117 nobis
1727 5059 1873 5132 lega-

263 5162 371 5209 ‘tur
397 5153 708 5224 accipimus.
749 5153 841 5207 Illa
869 5168 999 5208 vero
1030 5169 1125 5224 pro
1155 5168 1257 5224 qua
1303 5167 1511 5208 mecum
1552 5152 1713 5206 tantis
1737 5166 1871 5207 con-

287 5245 617 5311 tentionibus
636 5244 832 5319 litigas,
862 5245 1023 5313 etiam
1048 5245 1259 5316 quando
1284 5244 1352 5305 ad
1377 5260 1495 5313 eam
1521 5244 1660 5301 bona
1691 5245 1871 5303 inten'

282 5337 429 5409 tione
448 5380 471 5419 ,ν
491 5336 596 5412 hoc
622 5347 740 5407 est,
781 5352 940 5411 causa
970 5337 1325 5415 propagandae
1351 5336 1517 5408 prolis
1553 5336 1866 5406 acceditur;

349 5513 368 5544 ι
388 5511 643 5587 ω.
661 5519 715 5564 et
733 5509 1645 5587 n.,p:gamsadum.m.,sgue
1663 5511 1875 5577 nam;

281 5582 1131 5701 Ἣεές
1154 5587 1222 5624 ex
1242 5582 1594 5638 manuscriptis.

349 5696 876 5772 ιωιεωωῇιιεαιιᾱ
906 5699 1182 5751 necessitas.
1225 5697 1419 5762 Aliquot
1449 5696 1873 5765 Mss.,ubtﬁnitur

279 5766 755 5940 What-as
772 5836 955 5879 mea.
977 5823 1293 5876 Plataeensis
1314 5829 1394 5875 us.
1412 5821 1616 5888 melius,
1644 5822 1690 5879 si
1718 5824 1772 5878 tu
1789 5836 1876 5880 eas

1648 432 1849 501 LIBER
1884 432 1977 507 ΩΙ]
1985 428 2227 503 AB-TUS.

1994 555 2170 651 tamen
2199 549 2265 651 in_
2282 548 2399 651 ipso
2422 564 2593 651 opere
2612 566 2728 651 suo.
2760 568 2918 641 quem
2939 560 3200 645 permittit
3217 562 3565 651 digammon

1993 640 2112 697 dico
2155 643 2455 713 sapientiae,
2502 647 2596 711 sed
2642 640 3045 721 cujuslibet'rei
3090 656 3232 725 aliud
3278 640 3555 732 cogitare?

1992 732 2177 836 l‘ionne
2220 737 2295 791 illi
2339 746 2481 836 totus
2523 742 2834 836 animuset
2876 761 3070 821 corpus
3108 752 3471 836 impenditurq
3513 763 3569 823 et

1990 824 2157 895 ipsius
2189 829 2382 884 mentis
2421 831 2647 902 quadam
2685 835 3054 903 submersione
3103 822 3233 909 illud
3272 822 3571 911 extremum

1990 915 2105 988 ejus
2126 918 2421 990 impletur?
2449 913 2594 978 Cuni'
2611 940 2741 982 vero
2772 928 2937 985 vincit
2965 932 3124 987 etiam
3152 933 3487 1009 conjugatos,
3510 948 3573 1005 ut

1988 1023 2095 1063 non
2128 1013 2525 1103 propagationis
2545 1055 2559 1082 ,
2594 1016 2687 1072 sed
2717 1017 3088 1087 delectationis
3112 1027 3340 1085 carnalis
3364 1030 3571 1103 cupidi-

1990 1106 2097 1167 tate
2128 1101 2481 1171 misceantur,
2513 1107 2654 1177 quod
2684 1108 2972 1179 Apostolus
2997 1115 3288 1173 secundum
3317 1101 3527 1177 veniam
3546 1163 3565 1192 ,

1986 1205 2094 1259 non
2130 1192 2425 1283 secundum
2470 1197 2751 1267 imperium
2787 1214 2846 1257 se
2887 1202 3089 1271 dixisse
3120 1213 3347 1276 testatur
3371 1211 3418 1283 (ι
3443 1211 3559 1270 Cor.

1986 1295 2083 1375 vn,
2116 1282 2204 1355 6);
2235 1283 2305 1337 ita
2338 1284 2461 1341 hinc
2485 1289 2812 1361 emergitur,
2844 1300 2898 1347 et
2922 1296 3071 1367 quasi
3100 1295 3154 1363 in
3191 1312 3348 1363 auras
3380 1300 3397 1333 ¹
3424 1304 3569 1375 cogi-

1987 1374 2200 1439 tationis
2223 1385 2347 1469 post
2370 1377 2517 1449 illum
2547 1382 2806 1459 gurgitem
2833 1386 3145 1469 respiratur,
3176 1398 3237 1445 ut
3259 1390 3353 1457 ﬁat
3376 1406 3568 1455 conse-

1984 1478 2176 1537 quens,
2206 1468 2347 1537 quod
2376 1484 2563 1527 verum
2588 1472 2663 1543 ait
2687 1468 3003 1557 quidam,et
3026 1480 3320 1552 ptenitendi
3341 1499 3461 1555 quae
3484 1494 3570 1543 est

1983 1572 2109 1655 cum
2132 1560 2403 1655 voluptate
2427 1563 2691 1633 vicinitas.
2724 1566 2855 1635 Quis
2893 1585 3020 1655 ergo
3044 1582 3252 1642 amator
3276 1575 3568 1655 spiritualis

1982 1649 2128 1727 boni,
2154 1653 2314 1720 etiam
2341 1656 2452 1711 sola
2479 1672 2638 1713 causa
2665 1660 2864 1717 sobolis
2888 1649 3222 1747 coniugatus,
3250 1649 3357 1725 non
3382 1669 3567 1727 mallet

1983 1745 2067 1844 vel
2096 1744 2211 1813 sine
2242 1747 2349 1826 ista,
2370 1748 2646 1844 si‘posset,
2676 1753 2760 1808 vel
2792 1753 2909 1820 sine
2939 1738 3048 1815 tam
3072 1738 3263 1841 magna
3288 1761 3339 1817 vi
3369 1761 3485 1844 ejus
3510 1763 3564 1818 ﬂ-

1982 1834 2083 1906 lios
2111 1839 2435 1907 procreare?
2469 1839 2621 1919 Quod
2661 1858 2787 1914 ergo
2834 1846 3055 1902 mallent
3099 1834 3269 1907 sancti
3310 1834 3567 1924 coniuges

1982 1925 2037 1981 in
2068 1926 2168 1983 hac
2192 1928 2319 2021 vita,
2347 1939 2477 2001 puto
2504 1947 2602 1999 nos
2627 1932 2729 1991 hoc
2752 1934 2950 1999 debere
2975 1937 3042 1995 de
3063 1938 3150 1993 illa
3176 1940 3411 2021 paradisi
3434 1943 3562 2013 vita,

1979 2032 2100 2088 quae
2138 2019 2305 2087 multo
2337 2021 2528 2077 melior
2550 2034 2698 2091 erat,
2728 2027 2970 2098 credere,
2998 2029 3044 2086 si
3073 2019 3205 2099 nihil
3228 2033 3417 2099 melius
3440 2032 3566 2092 inde

1980 2122 2264 2178 possumus
2291 2112 2543 2184 cogitare.

2051 2202 2139 2257 72.
2180 2202 2416 2261 Obsecro
2443 2217 2509 2272 te,
2541 2222 2644 2262 non
2672 2207 2740 2279 sit
2765 2208 3038 2277 honestior
3061 2212 3393 2291 philosophia
3419 2216 3562 2275 Geu-

1980 2294 2136 2363 tium,
2165 2310 2322 2379 quam
2349 2305 2531 2352 nostra
2554 2297 2875 2368 Christiana,
2905 2318 3024 2374 quae
3050 2320 3154 2361 una
3176 2314 3260 2365 est
3289 2322 3412 2364 vera
3438 2309 3561 2380 phi-

1976 2383 2240 2454 losophia,
2273 2386 2702 2459 quandoquidem
2734 2390 2965 2449 studium
2997 2393 3081 2449 vel
3106 2410 3260 2451 amor
3286 2399 3561 2468 sapientia:

1977 2475 2303 2545 significatur
2332 2478 2433 2534 hoc
2461 2480 2697 2535 nomine.
2730 2480 2862 2543 Vide
2886 2484 3028 2538 enim
3057 2486 3183 2555 quid
3211 2488 3264 2541 in
3291 2488 3560 2553 Hortensii

1977 2569 2188 2649 dialogo
2218 2572 2237 2601 ²
2267 2570 2408 2625 dicat
2429 2572 2667 2651 Tullius;
2697 2589 2816 2644 qua:
2839 2577 3007 2648 magis
3031 2579 3188 2633 verba
3218 2588 3270 2636 te
3295 2580 3562 2643 delectare

1978 2660 2272 2731 debuerant
2290 2703 2313 2735 ,_
2351 2677 2509 2733 quam
2554 2664 2701 2733 Balbi
2742 2665 3041 2726 Stoicorum
3086 2676 3264 2737 partes
3306 2674 3557 2743 agentis:

1977 2767 2095 2822 quae
2121 2753 2242 2807 licet
2264 2769 2408 2821 vera,
2442 2763 2617 2810 tamen
2646 2755 2713 2809 de
2735 2765 2886 2825 parte
2907 2756 3137 2815 hominis
3162 2760 3432 2831 interiore,
3459 2762 3561 2822 hoc

1977 2851 2060 2897 est
2083 2886 2097 2915 ,
2140 2843 2207 2899 de
2234 2860 2459 2925 corpore
2492 2845 2706 2913 fuerunt
2727 2888 2739 2912 ,
2774 2856 2828 2907 et
2858 2857 2910 2905 te
2940 2849 3070 2904 nihil
3095 2851 3345 2929 adjuvare
3371 2863 3560 2925 potue-

1975 2944 2119 2989 runt.
2154 2934 2286 3003 Vide
2313 2935 2440 3005 quid
2474 2937 2574 3003 iste
2606 2954 2699 3007 pro
2724 2940 3005 2995 vivacitate
3029 2943 3225 2998 mentis
3252 2952 3439 3013 contra
3464 2962 3558 3003 vo-

1975 3026 2232 3096 luptatem
2259 3030 2500 3111 corporis
2531 3030 2692 3084 dicat.
2725 3049 2744 3083 ί
2777 3033 2863 3091 An
2882 3048 3045 3105 vero,
3072 3054 3092 3087 ι
3129 3036 3319 3107 inquit,
3352 3058 3371 3092 ‹
3400 3040 3558 3099 volu-

1976 3131 2149 3191 ptntes
2188 3110 2430 3195 corporis
2469 3124 2802 3193 expetendre,
2849 3140 2968 3209 qua:
3012 3142 3138 3187 vere
3172 3138 3227 3184 et
3258 3110 3490 3202 graviter
3527 3147 3563 3203 ᾳ,

1975 3210 2199 3279 Platone
2221 3212 2376 3267 dictae
2402 3222 2526 3268 sunt
2567 3214 2831 3269 illecebrae
2860 3230 2979 3272 esse
3007 3225 3165 3293 atque
3206 3234 3343 3279 escae
3383 3222 3558 3281 malo-

1978 3306 2136 3373 rum?
2165 3305 2293 3373 Qua;
2323 3306 2463 3361 enim
2496 3306 2761 3377 confectio
2789 3317 2906 3374 est,
2945 3328 2965 3361 ι
3001 3309 3204 3383 inquit,
3243 3330 3262 3364 ‹
3297 3314 3561 3375 valetudi-

1976 3397 2089 3463 nis,
2117 3412 2235 3467 quzc
2264 3395 2585 3452 deformatio
2611 3399 2807 3453 coloris
2836 3408 2891 3454 et
2914 3401 3156 3485 corporis
3175 3443 3190 3469 ,
3225 3402 3367 3475 quod
3405 3414 3560 3491 turpe

1975 3487 2227 3557 danumm
2249 3527 2264 3554 ,
2306 3487 2447 3557 quod
2492 3487 2726 3543 dedecus
2750 3528 2766 3555 ,
2807 3489 2950 3560 quod
2979 3506 3084 3559 non
3117 3503 3372 3553 evocetur
3399 3487 3560 3569 atque

1975 3579 2216 3634 eliciatur
2234 3579 2505 3651 voluptate
2527 3579 2546 3611 ³
2568 3579 2590 3634 ?
2615 3579 2780 3651 Cujus
2805 3592 2982 3651 motus
3007 3592 3064 3638 ut
3089 3585 3314 3657 quisque
3334 3595 3419 3644 est
3444 3604 3557 3657 ma:

1975 3673 2170 3740 ximus,
2202 3673 2269 3729 ita
2295 3682 2378 3728 est
2406 3673 2802 3745 inimicissimus
2837 3676 3209 3749 philosophia.
3254 3681 3559 3754 congruere

1976 3764 2119 3829 enim
2145 3779 2265 3831 cum
2306 3764 2629 3835 cogitatione
2660 3780 2848 3841 inagna
2890 3767 3136 3839 voluptas
3171 3772 3418 3843 corporis
3450 3789 3559 3841 non

1974 3866 2170 3929 potest.
2203 3858 2332 3937 Quis
2361 3858 2505 3913 enim
2532 3873 2654 3921 cum
2680 3866 2862 3914 utatur
2884 3861 3157 3932 voluptate
3183 3878 3267 3930 ea,
3290 3879 3392 3938 qua
3415 3866 3558 3922 nulla

1978 3949 2144 4021 possit
2170 3949 2342 4019 major
2371 3963 2510 4013 esse,
2533 3949 2813 4007 attendere
2837 3951 3037 4021 animo,
3081 3952 3215 4023 inire
3254 3954 3517 4012 rationem
3536 3996 3559 4031 λ

1976 4041 2215 4115 cogitare,
2245 4040 2465 4098 omnino
2506 4040 2797 4123 quidquam,
2838 4043 3055 4113 potest?
3104 4042 3267 4116 Cujus
3310 4045 3333 4078 ⁸
3377 4055 3557 4104 autem

1976 4142 2156 4190 tantus
2181 4143 2264 4190 est
2287 4149 2498 4205 gurges,
2522 4134 2609 4205 qui
2636 4133 2752 4189 dies
2782 4144 2837 4190 et
2861 4145 3045 4192 noctes
3075 4137 3191 4194 sine
3216 4139 3321 4193 ulla
3353 4139 3561 4197 minimi

1978 4227 2234 4297 temporis
2274 4226 2667 4293 intermissione
2691 4226 2819 4281 velit
2845 4226 2917 4297 ita
2955 4228 3157 4295 moveri
3187 4242 3313 4295 suos
3340 4246 3557 4301 sensus,

1976 4327 2035 4374 ut
2063 4328 2343 4379 moventur
2365 4318 2387 4363 ⁸
2416 4319 2474 4377 in
2510 4318 2743 4377 summis
2774 4319 3174 4389 vohiptatibus?
3217 4321 3349 4395 Quis
3382 4332 3559 4382 autem

1975 4410 2116 4466 bona
2145 4418 2324 4465 mente
2355 4410 2607 4481 praeditus
2626 4450 2640 4475 ,
2670 4424 2775 4465 non
2804 4410 2987 4466 mallet
3010 4412 3185 4468 nullas
3214 4415 3431 4472 omnino
3458 4431 3561 4481 uo,-

1975 4502 2060 4563 bis
2092 4517 2129 4561 a
2160 4511 2353 4563 natura.
2377 4502 2672 4571 voluptates
2697 4501 2889 4561 datas?
2923 4522 2944 4556 ι
2975 4503 3101 4563 Eme
3128 4504 3227 4565 ille.
3253 4506 3423 4575 dixit,
3468 4509 3559 4578 qui

1977 4593 2105 4648 nihil
2135 4592 2201 4647 de
2236 4592 2531 4665 primorum
2560 4591 2833 4647 hominum
2861 4593 2968 4648 vita
2995 4635 3009 4659 ,
3053 4595 3183 4657 nihil
3212 4596 3289 4653 de
3326 4599 3563 4679 paradisi

1976 4682 2250 4748 felicitate,
2278 4682 2409 4747 nihil
2430 4682 2497 4743 de
2515 4697 2799 4752 corpoan
2820 4686 3212 4749 resurrectione
3235 4689 3558 4751 crediderat.

1978 4772 2375 4841 Erubescamus
2398 4773 2611 4831 interim
2653 4774 2674 4806 ⁸
2700 4774 2843 4831 veris
2885 4775 3339 4851 disputationibus
3371 4781 3561 4853 impio-

1977 4881 2131 4934 rum,
2165 4866 2259 4938 qui
2283 4866 2567 4934 didicimus
2607 4866 2665 4922 in
2701 4882 2831 4923 vera
2872 4884 3013 4931 vena:
3040 4870 3251 4940 pietatis
3275 4883 3562 4946 sanctaque

1977 4957 2334 5029 philosophia,
2360 4966 2415 5013 et
2439 4967 2625 5021 contra
2648 4958 2893 5030 spiritum
2913 4974 3149 5030 carnem,
3172 4971 3225 5019 et
3244 4974 3427 5022 contra
3452 4980 3573 5023 car-

1980 5067 2103 5108 nem
2130 5050 2514 5122 concupiscere
2552 5050 2799 5122 spiritum
2823 5050 3018 5119 (Halat.
3062 5069 3097 5108 v
3120 5093 3138 5122 ,
3169 5055 3281 5128 l7).
3310 5056 3424 5114 Sed
3458 5058 3559 5117 hoc

1978 5146 2122 5201 unde
2160 5144 2446 5214 acciderit,
2490 5144 2681 5203 Cicero
2718 5146 2991 5202 nesciebat
3020 5162 3033 5201 :
3062 5154 3118 5205 et
3160 5156 3338 5215 tamen
3383 5152 3560 5209 carnis

1979 5236 2425 5308 concupiscentiae
2448 5252 2561 5295 non
2582 5234 2815 5305 favebat,
2846 5238 2993 5308 quod
3018 5248 3073 5294 tu
3099 5237 3265 5308 facis;
3307 5242 3414 5301 illo
3440 5258 3561 5299 eam

1977 5330 2327 5391 vehementer
2361 5331 2646 5405 arguebat,
2691 5330 2833 5404 quod
2864 5339 2918 5389 tu
2943 5348 3055 5401 non
3076 5333 3245 5403 solum
3273 5350 3378 5392 non
3408 5334 3556 5405 lacis,

2045 5514 2064 5545 ι
2086 5517 2162 5575 Br.
2196 5518 2252 5575 et
2270 5517 2379 5562 ιον.
2400 5546 2414 5572 ,
2675 5518 2774 5575 Am.
2793 5544 2809 5573 ,
2838 5522 2983 5564 ama.
3016 5518 3153 5575 nam,
3188 5522 3351 5569 ararat.

2043 5576 2067 5638 ξ
2084 5571 2516 5638 ειοιιιθοθιιεὶξυεη
2530 5571 2765 5638 dialogis.

2044 5637 2068 5699 ἒ
2090 5643 2141 5685 ιιι
2161 5643 2290 5697 ωειλ,
2313 5633 2558 5699 uoluptati.

2040 5696 2067 5732 δ
2086 5700 2161 5748 ste
2180 5695 2282 5747 Am.
2311 5704 2364 5748 et
2382 5695 2492 5747 Mss.
2514 5703 2660 5747 Δια.
2689 5703 2892 5759 et,t.ov.,
2920 5695 3047 5759 Quin
3466 5718 3477 5726 -

2041 5760 2190 5811 'Am.
2230 5766 2284 5810 et
2319 5771 2492 5811 omnes
2524 5765 2630 5810 Mss.
2665 5757 2889 5810 Gallium
2922 5757 2976 5812 et
3008 5760 3311 5827 vulcani,”
3341 5770 3561 5827 Mm-

1979 5827 2192 5937 “eam.
2217 5881 2693 5948 θιΙεδηὺιιθτάωη.

2146 6524 3175 6534 μψμὼῆῌῇυῃ,ψ-
