4142 6500
556 441 659 510 7⁸Ιεὶ

554 567 649 625 sed
691 561 1007 623 facientibus
1043 557 1393 618 vehementer
1431 559 1680 615 irasceris
1710 577 1722 614 :
1757 558 1847 628 qui
1876 555 2128 626 concupi-

555 661 785 718 scentias
821 665 875 712 et
915 655 1132 726 spiritus
1159 661 1214 711 et
1250 653 1430 710 carnis
1471 654 1612 710 inter
1649 667 1709 709 se
1751 652 2132 723 belligerantes

553 763 801 821 tauquam
830 751 882 804 in
920 749 1061 804 bello
1087 747 1304 803 timidus
1340 747 1524 802 ambas
1558 746 1780 802 laudare
1825 745 2036 800 conaris
2065 743 2084 775 ί
2113 785 2129 810 ,

551 844 695 899 velut
721 842 987 898 inimicam
1008 850 1254 898 metuens
1275 842 1493 904 habere,
1518 857 1634 912 qua:
1659 841 1889 911 potuerit
1908 839 2129 894 alteram

551 936 789 990 vincere.
818 934 954 1002 Quin
985 949 1081 1005 age
1101 935 1297 1003 potius,
1326 949 1395 988 ne
1423 931 1702 996 formides,
1733 942 1786 986 et
1825 929 1977 985 lauda
2002 945 2130 984 con-

549 1026 932 1097 cupiscentiam
968 1025 1185 1094 spiritus
1210 1024 1466 1080 adversus
1493 1022 1976 1092 concupiscentiam
2005 1035 2128 1074 ear-

547 1119 663 1180 nis,
695 1123 839 1170 tanto
864 1117 1074 1183 acrius,
1106 1123 1304 1186 quanto
1333 1115 1536 1170 castius
1563 1113 1903 1168 dimicantem
1941 1129 1952 1164 :
1984 1112 2126 1164 illam

544 1221 674 1262 vero
693 1215 1074 1277 repugnantem
1093 1206 1198 1277 legi
1220 1207 1431 1270 mentis,
1455 1205 1571 1260 sine
1597 1219 1788 1274 pavore
1809 1203 1915 1257 ullo
1935 1201 2125 1257 eadem

546 1299 632 1356 cui
661 1307 918 1369 repugnat
945 1299 1061 1370 lege
1088 1299 1283 1354 mentis
1313 1297 1632 1353 condemna.

619 1398 705 1453 75.
736 1393 902 1452 Aliud
923 1403 1005 1450 est
1022 1393 1375 1449 consideratio
1395 1389 1804 1462 pulchritudinis
1826 1388 1984 1443 etiam
2007 1402 2126 1443 cor—

545 1490 764 1558 poralis,
797 1490 908 1544 sive
933 1485 1171 1551 visibilis,
1201 1483 1338 1539 sicut
1366 1491 1448 1538 est
1471 1483 1523 1537 in
1549 1482 1816 1537 coloribus
1838 1489 1892 1536 et
1916 1479 2122 1552 ﬁguris,

542 1579 656 1635 sive
694 1579 956 1644 audihilis,
1001 1578 1140 1633 sicut
1171 1585 1253 1631 est
1286 1577 1338 1630 in
1377 1574 1618 1630 cantibus
1653 1581 1811 1644 atque
1850 1571 2120 1638 modulis;

546 1686 704 1741 quam
745 1671 1244 1732 considerationem,
1278 1667 1379 1722 nisi
1407 1667 1664 1721 rationale
1693 1666 1890 1720 animal
1923 1663 2124 1720 habere

547 1778 653 1817 non
673 1771 874 1834 potest:
894 1770 948 1818 et
962 1761 1102 1815 aliud
1119 1767 1201 1815 est
1216 1759 1502 1814 commotio
1518 1757 1768 1824 libidinis,
1785 1771 1902 1827 quae
1917 1755 2124 1810 ratione

541 1853 800 1910 frenanda
819 1863 902 1909 est
923 1854 965 1904 '.
989 1851 1220 1907 Joannes
1240 1850 1381 1906 enim
1403 1849 1671 1918 apostolus
1695 1848 1838 1902 illam
1865 1846 2121 1916 concupi-

542 1946 798 2002 scentiam
820 1959 926 1998 non
949 1957 1069 1998 esse
1092 1941 1225 1996 dixit
1245 1956 1272 1992 a
1321 1941 1476 1994 Patre
1519 1939 1561 2010 (l
1581 1937 1736 1992 Joan.
1761 1955 1797 1992 ιι
1815 1980 1828 2002 ,
1855 1938 1943 2008 16)
1961 1979 1975 2002 ,
2003 1953 2122 2008 quae

538 2034 871 2104 concupiscit
892 2033 956 2088 ad
967 2047 1150 2088 versus
1175 2031 1438 2101 spiritum.
1462 2030 1630 2097 Quam
1659 2045 1818 2085 nemo
1842 2037 2015 2100 potest
2035 2030 2122 2084 bo-

536 2141 658 2180 nam
683 2126 862 2181 dicere
883 2165 897 2192 ,
935 2125 1036 2179 nisi
1063 2123 1214 2194 cujus
1252 2122 1508 2176 adversus
1536 2137 1654 2177 eam
1685 2136 1789 2176 non
1816 2130 1958 2176 amat
1986 2137 2120 2176 con-

533 2216 807 2286 cupiscere
845 2216 1081 2284 spiritus.
1127 2213 1282 2283 Quod
1311 2214 1354 2268 si
1387 2214 1506 2268 talis
1545 2229 1649 2268 non
1691 2223 1772 2269 est
1801 2215 1854 2268 in
1883 2221 2030 2269 motu
2065 2223 2120 2268 et

533 2307 727 2363 ardore
773 2307 1119 2378 genitalium,
1167 2321 1274 2361 non
1320 2305 1579 2360 adversus
1621 2321 1737 2360 eam
1780 2306 2119 2376 concupiscat

531 2397 782 2466 spiritus,
826 2413 892 2451 ne
920 2396 1174 2452 adversus
1209 2395 1405 2450 donum
1453 2395 1544 2451 Dei
1575 2396 2000 2466 concupiscendo
2031 2397 2116 2452 in-

531 2488 774 2542 veniatur
815 2487 1091 2558 ingratus:
1125 2487 1218 2542 sed
1264 2487 1518 2557 quidquid
1562 2488 1878 2558 appetiverit
1921 2487 2112 2556 detur,

531 2587 780 2648 tanquam
808 2577 881 2631 illi
907 2595 1025 2648 quae
1048 2594 1110 2632 ex
1133 2577 1291 2633 Patre
1313 2587 1394 2632 est
1419 2595 1433 2644 ;
1463 2578 1509 2634 si
1536 2588 1711 2634 autem
1739 2595 1841 2634 non
1868 2589 1950 2636 est
1973 2581 2114 2652 quod

529 2667 704 2730 detur,
735 2668 838 2722 hoc
863 2670 1038 2738 potius
1065 2678 1276 2738 petatur
1311 2685 1338 2722 a
1369 2670 1545 2734 Patre,
1577 2686 1681 2724 non
1713 2682 1770 2725 ut
1799 2671 2000 2726 auferat
2031 2673 2112 2728 vel

530 2761 879 2829 comprimat,
929 2761 1022 2816 sed
1071 2770 1128 2814 ut
1166 2761 1376 2830 expleat
1421 2762 1904 2832 concupiscentiam
1951 2780 2110 2834 quam

528 2852 762 2907 donavit.
811 2853 962 2920 Quod
1005 2869 1194 2924 sapere
1233 2855 1277 2910 si
1326 2854 1570 2925 desipere
1611 2864 1729 2922 cst;
1761 2857 1946 2928 utquid
1990 2874 2109 2914 eam

527 2949 898 3014 comparamus
927 2945 1050 2999 vino
1078 2954 1132 3000 et
1160 2945 1299 3010 cibo,
1331 2955 1385 2999 et
1411 2945 1606 3016 aliquid
1640 2948 1791 3002 nobis
1823 2949 2001 3004 dicere
2029 2951 2110 3004 vi-

526 3035 735 3104 demur,
768 3036 890 3107 quia
916 3037 1171 3102 dicimus,
1209 3056 1227 3088 ι
1258 3036 1367 3093 Nec
1396 3039 1574 3092 vinum
1608 3031 1866 3104 ebrietas,
1899 3056 2000 3096 nec
2028 3043 2108 3096 ci-

528 3130 657 3184 bum
699 3129 1017 3184 coudcmnct
1056 3129 1268 3198 crapula
1307 3129 1382 3202 (α)
1416 3171 1431 3196 ,
1480 3145 1580 3186 nec
1622 3131 2107 3200 concupiscentiam

527 3218 756 3274 infamet
783 3219 1121 3284 obscenitas;
1160 3238 1178 3271 ι
1212 3219 1423 3290 quando
1453 3237 1550 3276 nec
1574 3221 1824 3288 ebrietas,
1857 3238 1958 3280 nec
1983 3239 2104 3279 cra-

525 3311 650 3380 pula
665 3309 714 3380 _',
753 3326 852 3366 nec
871 3311 1170 3366 obscenitas
1191 3313 1296 3366 ulla
1317 3313 1665 3368 committitur
1681 3355 1694 3381 ,
1720 3314 1766 3369 si
1786 3315 1960 3369 carnis
1979 3331 2106 3370 con-

521 3403 850 3474 cupiscentia
871 3405 1059 3475 Spiritu
1080 3405 1335 3462 adversus
1357 3422 1476 3462 eam
1496 3409 1904 3478 concupiscente
1923 3411 2104 3466 vinca-

519 3497 651 3550 tur?
674 3515 692 3548 ‹
729 3495 1014 3564 Excessus,
1055 3516 1074 3550 ι
1107 3498 1302 3568 inquis,
1342 3517 1360 3551 ι
1398 3497 1510 3568 ejus
1537 3499 1592 3555 in
1621 3501 1773 3570 culpa
1799 3511 1900 3556 est.
1941 3521 1958 3554 ι
1995 3502 2104 3558 Nec

518 3586 777 3656 perspicis
815 3585 980 3658 (quod
1019 3587 1268 3644 facillime
1301 3591 1582 3658 potuisses,
1630 3592 1676 3646 si
1703 3594 1868 3664 magis
1909 3595 2099 3664 ipsam,

517 3689 675 3747 quam
703 3693 790 3732 me
817 3679 1038 3734 vincere
1065 3677 1368 3752 voluisses),
1400 3691 1456 3736 ut
1493 3697 1596 3737 non
1629 3682 1720 3738 fiat
1763 3685 1962 3740 malum
2003 3703 2101 3742 ex-

516 3767 740 3826 cedendi
765 3811 778 3835 ,
811 3769 1164 3825 resistendum
1194 3786 1312 3828 esse
1338 3774 1479 3828 malo
1507 3775 1937 3845 concupiscendi.
1983 3779 2100 3834 Duo

517 3873 646 3928 ergo
685 3860 825 3914 mala
868 3869 1010 3926 sunt,
1054 3877 1279 3932 quorum
1325 3879 1486 3918 unum
1534 3865 1826 3932 habemus,
1869 3869 2096 3925 alterum

515 3949 761 4017 facimus,
803 3953 846 4007 si
885 3953 932 4008 ei
976 3969 1081 4008 non
1121 3954 1420 4010 resistimus
1458 3955 1598 4027 quod
1637 3957 1895 4015 habemus
1921 3959 1945 3992 ‘
1973 4002 1987 4014 .

586 4044 675 4099 74.
722 4043 838 4100 Jam
861 4061 989 4102 vero
1009 4055 1063 4102 et
1081 4055 1237 4104 antea
1259 4047 1488 4104 diximus
1507 4048 1723 4122 (Supra,
1747 4069 1800 4108 η.
1821 4053 1916 4127 55)
1937 4095 1950 4121 ,
1976 4069 2098 4126 pro-

584 4233 600 4298 f
627 4229 943 4298 Floriacensis
959 4233 1267 4298 Ms.,,ambas
1289 4241 1449 4298 partes
1473 4233 1674 4287 laudare
1699 4238 1904 4290 conaris.

580 4295 602 4364 ξ
613 4268 1966 4364 ῥιζῖᾷᾗὸ,ᾙὶἱῦὸῖΪέζ’ἷεῖἰᾶᾝίῗῗὲἓυῷῒῖιᾜᾶἲει.

574 4355 595 4386 ³
612 4361 733 4464 τιὶὲε
754 4367 785 4404 e
807 4355 1042 4406 Vaticanis
1057 4355 1392 4421 manuScriptis
1407 4355 1654 4422 omittunt,
1673 4355 1762 4413 n26
1783 4362 1990 4418 ebrietas
2005 4378 2094 4417 nec

574 4429 660 4464 mu
713 4451 726 4464 .

507 4428 627 4466 crat)
633 4428 709 4466 uta
713 4451 726 4464 .

565 4429 778 4546 magia
803 4483 918 4546 ante
937 4480 1132 4529 excusis
1147 4481 1446 4546 irrepserant
1464 4485 1620 4546 verba
1643 4485 1742 4546 illa,
1760 4499 1870 4537 cum
1891 4487 2018 4540 forte
2040 4492 2091 4540 in

503 4541 724 4611 margine
745 4540 981 4611 quiSpiam
1006 4554 1066 4611 ea
1086 4543 1388 4611 scripsisset:
1415 4545 1526 4611 Ideo
1547 4545 1600 4595 in
1637 4540 1885 4611 pecoribus
1905 4550 2092 4602 malum

505 4613 598 4672 neu
614 4601 688 4672 ξεί
712 4601 1112 4672 concupiscentia,
1149 4601 1262 4672 quia
1299 4617 1392 4672 non
1415 4601 1648 4672 aduersus
1667 4601 1892 4672 spiritum
1918 4601 2090 4664 conca?

704 4661 978 4739 ξείὲξρθῖτηη
1007 4665 1164 4739 Mi.“
1185 4665 1384 4739 σθίθεεξέε
1418 4667 1658 4739 Spiritum-
1694 4661 2090 4739 immissas

652 4724 901 4800 εεινίεξηιίω
922 4724 1154 4800 serentis.
1179 4727 1366 4800 δίψιοίέ
1397 4724 1794 4800 aequumne
1808 4724 2086 4800 .nizu‘rés'u‘il

505 4789 623 4850 tant,
649 4791 692 4834 et
711 4782 746 4832 'a
770 4782 885 4834 bono
901 4785 1009 4836 vitta
1032 4782 1281 4839 rationalis
1299 4788 1472 4850 aliena,
1494 4782 1582 4842 hoc
1606 4782 1785 4846 bonurn
1799 4782 1970 4849 Makki

505 4843 818 4918 (retractantur.
855 4851 1186 4918 Expunximus
1226 4843 1510 4918 auctoritate
1550 4843 1880 4918 antiquissimi
1893 4843 2084 4914 Badich

502 4906 811 4973 Floriaceusis
823 4914 878 4973 et
901 4906 1330 4973 nianuseriptorum
1361 4915 1504 4963 trium
1526 4929 1590 4965 ex
1616 4906 1864 4972 Vaticanis.

563 4970 634 5031 (α)
669 4967 882 5044 Crapu_l_:e
919 4967 1221 5044 nomiueﬁic
1241 4973 1310 5044 uti
1334 4974 1494 5044 solent
1515 4967 1819 5044 interpretes
1824 4967 2079 5044 Evangelii

503 5030 668 5106 lateae“
679 5043 762 5106 xxi
780 5030 921 5106 ι
943 5037 995 5104 et
1017 5031 1352 5106 _ecclesiastici
1374 5030 1667 5106 scriptorcs,
1712 5030 1934 5106 ipseque
1951 5030 2086 5096 i’niéi

499 5091 618 5168 alios
641 5092 928 5168 Benedictus
948 5093 1196 5168 iu'ttegnla
1213 5129 1228 5154 ,
1253 5107 1356 5168 cap.
1374 5098 1442 5168 ἔξ)
1456 5091 1560 5168 {de
1581 5091 2078 5168 mensuraciboruui

499 5151 682 5231 scilicet
699 5167 790 5231 pro
813 5154 1046 5231 stomachi
1069 5151 1198 5231 u'oxa
1215 5151 1284 5220 et.
1308 5151 1546 5231 indigérie
1562 5197 1582 5231 ,Α
1615 5151 1713 5212 non
1735 5177 1762 5231 a
1786 5151 1958 5231 alia;
1970 5151 2079 5231 Exit;

500 5216 1442 5304 Sfﬁf‘ﬂ‘i‘i’ﬁﬁciaﬂﬂi'ﬁ'iﬁité
1457 5216 1647 5304 sitit:
1668 5226 1823 5304 .“uirs
1843 5230 1918 5304 rei
1941 5216 2079 5304 i656;

497 5279 684 5344 ratione
708 5277 916 5344 turpiter
937 5277 1252 5344 halluciuatur
1277 5287 1444 5333 Petrus
1467 5286 1650 5335 Petitus
1667 5287 1714 5336 in
1737 5277 2079 5344 dissertatione

499 5351 610 5414 qua:
631 5338 915 5414 his-diebus
933 5341 1104 5412 prodiit
1124 5341 1400 5414 d_e_tlomeri
1433 5347 1709 5414 nepenthc,
1735 5338 2078 5414 caplrliju—bi

501 5417 525 5490 ξ
547 5401 1296 5490 ἣξιςῌεξίιιιέωιηὸημίηξτιιὶᾁιιω
1337 5401 1556 5490 potinem
1566 5401 1748 5490 “fuisse
1771 5401 2078 5490 ἣρω-θρὶξςᾷξῆ

495 5459 764 5536 colligite:
783 5475 852 5536 eo
875 5463 979 5514 loco
1000 5459 1356 5536 confessionum}
1383 5503 1397 5527 ,
1427 5467 1510 5536 lil)_.
1539 5469 1628 5530 to,
1653 5459 1757 5536 αίις,
1795 5459 2072 5534 big-5:5":-

501 5539 524 5568 ι
547 5523 762 5601 Ebrietas
783 5523 928 5586 longe
953 5535 1030 5576 est
1051 5539 1078 5575 a
1103 5539 1200 5588 me,
1222 5534 1316 5601 etc.
1336 5523 1532 5601 crapula
1553 5523 1724 5582 autcm'
1734 5523 2076 5601 nonnunquam

499 5585 766 5658 ﬁsubrepnt
824 5585 968 5636 servo
1025 5597 1140 5658 t_uo_._
1170 5585 1195 5634 si
1245 5597 1322 5639 Fst
1375 5585 1538 5641 autem
1557 5655 1581 5658 μ
1599 5596 1792 5658 crapula
1857 5585 2076 5652 (δεξί’ἇῆἷὸ

493 5643 584 5713 flia
628 5643 846 5713 gravior,
888 5663 997 5712 qua:
1037 5649 1176 5700 facile
1205 5664 1234 5699 a
1279 5655 1663 5713 temperantihus
1685 5643 1934 5709 Vitatur":
1970 5643 2072 5712 Elii;

491 5701 678 5779 ierim",
723 5701 878 5779 qualis
905 5701 1024 5779 'viro
1067 5715 1244 5779 cuique
1279 5701 1455 5779 sobrio
1475 5701 2072 5779 subrepit'iﬁ'cﬁiuhfiei

491 5773 680 5840 inv-ito”
711 5783 832 5840 cum
857 5773 900 5821 is
945 5791 967 5820 tt
1001 5775 1048 5823 in
1071 5773 1214 5825 modo
1253 5778 1534 5826 necessitati
1571 5773 1785 5840 congruo
1827 5773 2020 5834 fallitur.
2042 5802 2064 5831 ιι

491 5829 879 5910 ξὶιξξιιξεμιᾳχὶριςῆῇ
909 5840 1090 5895 peccati
1131 5849 1274 5888 causa
1317 5840 1399 5889 Dei
1437 5829 1812 5894 misericordiam
1831 5829 2072 5910 iniit—did:

491 5887 670 5942 ibidem
688 5887 990 5956 Augustinus.

1378 438 1652 498 CONTRA
1689 429 2028 498 JULIANUM
2067 433 2510 496 PELAGIANUM
2553 482 2567 504 ,
2610 440 2666 496 S.
2712 441 3073 499 AUGUSTINI

3723 445 3826 512 776

2243 563 2428 625 ptcrea
2452 555 2551 611 hoc
2577 572 2682 613 non
2705 575 2824 614 esse
2857 561 2908 614 in
2939 562 3220 628 pecoribus
3251 563 3469 634 malum,
3503 568 3622 638 quia
3659 571 3711 624 in
3747 575 3824 628 eis

2247 665 2350 706 non
2384 653 2710 723 concupiscit
2740 655 2992 709 adversus
3022 657 3282 725 spiritum.
3311 657 3426 714 Non
3457 663 3598 718 enim
3627 645 3824 722 habent

2243 743 2526 810 rationem,
2543 760 2644 813 qua
2669 744 2912 800 libidines
2933 749 3212 817 subjugent
3232 753 3550 822 superando,
3578 756 3793 827 fatigent
3809 791 3827 800 -

2248 849 2311 889 ve
2347 836 2645 905 pugnando.
2666 837 2792 902 Quis
2823 846 2997 892 autem
3017 839 3109 892 tibi
3130 840 3278 906 dicit,
3301 860 3319 893 ι
3340 859 3550 914 semper
3571 863 3818 916 pecorum

2243 925 2543 982 imitatione
2586 929 2835 997 peccari?
2869 948 2888 981 ι
2917 929 3086 999 Quam
3123 935 3439 991 sententiam
3469 954 3568 994 non
3600 943 3690 996 tibi
3723 946 3820 999 ob—

2240 1015 2436 1084 jectam
2467 1029 2606 1072 tanta
2639 1020 2960 1090 loquacitate
2985 1022 3229 1080 refellere
3255 1026 3524 1094 laborasti,
3554 1043 3608 1086 ut
3633 1051 3817 1106 super-

2237 1108 2337 1163 flua
2371 1111 2538 1165 multa
2565 1113 2862 1183 colligeres,
2897 1131 3015 1184 qua:
3043 1117 3092 1170 in
3125 1121 3402 1187 pecoribus
3428 1125 3813 1196 animadversa,

2235 1201 2392 1255 etiam
2419 1203 2697 1259 medicinae
2720 1205 2996 1275 disciplina
3025 1217 3277 1264 sectatur.
3309 1211 3412 1268 Sed
3445 1229 3512 1270 ne
3541 1227 3818 1287 propterea

2232 1301 2544 1362 putaretur,
2591 1311 2694 1350 non
2735 1311 2854 1351 esse
2893 1299 3088 1352 malum
3129 1301 3305 1357 carnis
3347 1307 3779 1375 concupiscentia
3803 1352 3818 1376 ,

2232 1384 2354 1452 quia
2381 1383 2574 1439 bonum
2602 1395 2683 1440 cst
2709 1387 2759 1440 in
2787 1402 2999 1459 pecore,
3029 1399 3087 1444 ut
3111 1407 3176 1446 eo
3200 1408 3258 1448 se
3282 1395 3512 1452 oblectet
3542 1399 3630 1453 illa
3655 1411 3820 1456 natu-

2232 1487 2312 1540 ra,
2355 1475 2441 1530 cui
2483 1491 2587 1531 non
2618 1486 2790 1546 potest
2820 1479 2994 1535 inesse
3021 1483 3450 1554 concupiscentia
3489 1491 3766 1560 sapientiae
3799 1512 3814 1548 :

2232 1565 2356 1620 ideo
2395 1565 2596 1622 dictum
2631 1577 2710 1624 est
2746 1569 2942 1624 bonum
2981 1587 3100 1628 esse
3135 1576 3362 1644 pecoris,
3391 1579 3542 1648 cujus
3567 1581 3684 1637 sine
3709 1584 3818 1640 ulla

2231 1659 2578 1726 repugnantia
2601 1659 2828 1716 delectat
2847 1662 3120 1731 spiritum;
3143 1667 3341 1722 malum
3362 1677 3538 1726 autem
3563 1673 3812 1744 hominis,

2228 1748 2280 1802 in
2307 1765 2412 1820 quo
2435 1751 2452 1782 ¹
2473 1753 2800 1822 concupiscit
2824 1754 3080 1811 adversus
3107 1758 3369 1828 spiritum.

2297 1839 2521 1897 CAPUT
2559 1843 2679 1898 XV.
2707 1875 2779 1885 —
2806 1846 2893 1902 75.
2932 1845 3247 1905 Convocasti
3285 1853 3446 1908 etiam
3481 1854 3536 1910 in
3559 1857 3816 1914 auxilium

2225 1929 2432 1986 turbam
2467 1932 2929 2005 phil050phorum,
2965 1939 3118 2008 quasi
3157 1951 3416 2012 suscepta:
3456 1954 3582 2014 tuae,
3619 1947 3666 2003 si
3703 1965 3815 2004 non

2225 2031 2448 2092 possunt
2475 2039 2724 2094 pecorum
2749 2027 2979 2082 solertiae
3002 2031 3290 2100 naturales,
3317 2035 3502 2090 saltem
3529 2037 3815 2096 doctorum

2223 2111 2497 2170 hominum
2528 2118 2854 2186 cpitulcntur
2882 2137 3112 2178 errores.
3153 2123 3260 2180 Sed
3299 2129 3418 2196 quis
3447 2145 3550 2185 non
3585 2132 3810 2201 videat,

2223 2205 2480 2263 doctrinae
2516 2217 2568 2264 te
2603 2211 2859 2280 quzesisse
2892 2212 3200 2282 jactantiam
3239 2218 3291 2272 in
3324 2226 3814 2280 commemorandis

2229 2301 2530 2358 nominibus
2593 2303 2868 2360 doctorum
2913 2306 3186 2363 hominum
3240 2313 3504 2384 sectisque
3544 2316 3810 2388 diversis,

2225 2392 2436 2461 quando
2473 2395 2722 2463 perspicit
2756 2397 3073 2467 quicumque
3116 2399 3214 2454 ista
3253 2409 3339 2456 tua
3368 2403 3513 2475 legit,
3550 2407 3616 2462 ad
3655 2425 3812 2479 qua:-

2220 2483 2444 2536 stionem
2471 2499 2589 2554 quae
2618 2485 2757 2540 inter
2785 2503 2882 2541 nos
2907 2489 3147 2558 vertitur,
3177 2492 3290 2547 hazc
3317 2495 3618 2552 nullatenus
3643 2501 3812 2569 perti-

2219 2573 2388 2628 nere?
2417 2574 2547 2642 Quis
2577 2576 2718 2630 enim
2750 2578 2962 2645 audiat,
2994 2581 3136 2650 quod
3172 2581 3267 2637 abs
3295 2593 3346 2640 te
3371 2600 3810 2646 commemoran-

2219 2673 2336 2732 tur,
2374 2685 2394 2718 ι
2427 2665 2620 2722 Thales
2663 2667 2894 2724 Milesius
2933 2687 3070 2727 unus
3108 2689 3138 2728 e
3179 2685 3383 2745 septem
3431 2681 3760 2750 sapientibus
3785 2727 3804 2753 ,

2215 2755 2408 2812 deinde
2443 2758 2856 2828 Anaximander,
2887 2763 3267 2834 Anaximenes,
3297 2767 3659 2841 Anaxagoras,
3687 2774 3808 2831 Xe-

2214 2849 2509 2918 n0phanes,
2537 2850 2904 2919 Parmenides,
2937 2853 3253 2927 Leucippus,
3287 2857 3644 2930 Democritus,
3674 2865 3808 2920 Em-

2215 2941 2480 3010 pedocles,
2515 2943 2826 3006 Heraclitus,
2859 2945 3126 3014 Melissus,
3165 2949 3336 3018 Plato,
3377 2952 3734 3027 Pythagoran,
3775 2979 3797 3013 ι

2215 3035 2578 3106 unusquisque
2605 3051 2726 3091 cum
2753 3039 2969 3108 proprio
2994 3038 3240 3110 dogmate
3265 3057 3362 3098 suo
3385 3045 3452 3101 de
3473 3050 3804 3107 naturalibus

2191 3126 2373 3182 rebus
2405 3145 2417 3181 :
2446 3128 2586 3198 quis,
2619 3130 2856 3200 inquam,
2891 3131 3008 3187 lucc
3034 3133 3230 3202 audiat,
3263 3148 3318 3191 et
3343 3153 3448 3194 non
3479 3140 3594 3210 ipso
3622 3145 3802 3198 nomi-

2212 3233 2336 3272 num
2375 3227 2744 3290 sectarumque
2771 3222 3204 3292 conglobatarum
3239 3231 3466 3299 strepitu
3495 3239 3756 3290 terreatur
3777 3275 3798 3304 ,

2209 3310 2254 3364 si
2271 3319 2352 3365 est
2366 3311 2676 3376 ineruditus,
2697 3313 2867 3382 qualis
2883 3323 2968 3368 est
2983 3315 3258 3373 hominum
3286 3321 3566 3378 multitudo
3587 3341 3602 3390 ;
3627 3335 3680 3380 et
3693 3341 3798 3382 ex-

2209 3401 2408 3456 istimet
2441 3411 2492 3456 te
2536 3402 2766 3473 aliquem
2792 3409 3168 3478 magnum,qui
3195 3409 3313 3466 haec
3355 3414 3492 3470 scire
3517 3419 3750 3485 potueris
3769 3419 3800 3474 ?

2207 3489 2347 3546 Ecce
2367 3492 2509 3563 quod
2530 3495 2735 3564 appetis
2759 3513 2774 3550 :
2796 3495 3221 3568 quandoquidem
3247 3501 3300 3556 in
3325 3501 3406 3558 his
3427 3507 3678 3563 omnibus
3697 3509 3798 3564 abs

2205 3588 2260 3636 te
2279 3583 2632 3638 coacervatim
2654 3589 3103 3654 commemoratis,
3127 3592 3270 3660 quod
3293 3593 3359 3648 ad
3381 3611 3493 3650 rem
3515 3599 3798 3668 quaeinter

2203 3689 2302 3730 nos
2328 3675 2498 3746 agitur
2523 3677 2804 3746 pertineat,
2835 3677 2966 3734 nihil
2994 3683 3214 3738 omnino
3250 3684 3454 3742 dixisti.
3483 3689 3618 3746 Nam
3647 3709 3794 3764 pra:-

2203 3759 2409 3820 locuius
2437 3781 2495 3820 es
2521 3767 2622 3822 ista
2649 3768 2907 3838 dicturus,
2939 3781 2992 3826 et
3017 3773 3136 3829 aisti
3164 3793 3176 3830 :
3202 3794 3222 3828 ι
3255 3777 3458 3836 Omnes
3485 3759 3792 3856 philosophi

2203 3855 2255 3910 in
2290 3856 2487 3911 scholis
2525 3857 2649 3913 licet
2689 3859 2829 3914 aliud
2874 3859 3216 3932 disserentes,
3263 3877 3440 3925 tamen
3483 3871 3622 3928 idola
3663 3855 3792 3934 cum

2202 3945 2358 4017 plebe
2388 3954 2703 4004 venerantes
2725 3989 2739 4014 ,
2783 3951 2871 4019 qui
2897 3951 2966 4006 de
3003 3957 3332 4014 naturalibus
3371 3964 3546 4018 causis
3585 3966 3792 4038 aliquid

2200 4040 2503 4112 excogitare
2543 4041 2718 4096 conati
2750 4051 2907 4110 sunt,
2954 4045 3092 4101 inter
3133 4049 3324 4106 multas
3367 4055 3631 4123 opinionis
3673 4073 3790 4118 sua:

2198 4130 2458 4186 vanitates
2496 4132 2541 4198 ³,
2567 4131 2772 4202 aliquas
2795 4141 2967 4190 tamen
2989 4137 3228 4194 veritatis
3248 4141 3391 4198 velut
3413 4145 3650 4204 lambere
3671 4166 3788 4221 par-

2198 4229 2312 4289 tes,
2356 4222 2443 4292 qui
2475 4237 2571 4292 per
2597 4223 2874 4294 caliginem
2913 4229 3034 4282 vani
3059 4229 3081 4262 ³
3109 4271 3122 4297 ,
3171 4233 3293 4288 huic
3337 4245 3518 4294 tamen
3545 4239 3784 4312 dogmati

2196 4321 2379 4369 contra
2409 4315 2550 4385 quod
2578 4317 2802 4387 agimus,
2828 4319 2950 4388 jure
2977 4321 3230 4381 anteferri
3259 4341 3506 4397 possunt.
3548 4353 3567 4386 ι
3601 4335 3784 4407 Atque

2196 4417 2255 4463 ut
2279 4407 2380 4464 hoc
2399 4411 2674 4480 probares,
2699 4411 2976 4470 subdidisti
3001 4431 3064 4472 ea
3085 4435 3202 4488 qua:
3221 4436 3252 4476 a
3274 4439 3360 4480 me
3383 4439 3594 4498 quoque
3615 4431 3780 4486 modo

2194 4511 2607 4558 commemorata
2637 4513 2786 4571 sunt,
2819 4507 3256 4581 philosophorum
3285 4520 3498 4576 nomina
3525 4521 3780 4596 physico-

2193 4610 2312 4650 rum
2336 4610 2457 4651 cum
2483 4597 2823 4668 opinionibus
2845 4601 2977 4668 suis,
3005 4619 3136 4675 quas
3161 4607 3228 4662 de
3249 4613 3576 4670 naturalibus
3599 4621 3776 4674 causis

2191 4689 2489 4748 habuerunt
2513 4713 2526 4748 2
2549 4710 2646 4750 nec
2673 4703 2852 4752 tamen
2878 4715 3302 4761 commemorare
3327 4721 3512 4764 omnes
3539 4711 3650 4766 sive
3681 4726 3778 4766 νο-

2190 4781 2356 4852 luisti,
2381 4785 2494 4841 sive
2519 4789 2761 4856 potuisti.
2789 4793 2900 4859 Qua
2929 4793 2978 4848 in
3006 4812 3064 4850 re
3089 4795 3334 4854 homines
3355 4799 3631 4870 imperitos
3655 4803 3776 4858 nul-

2187 4874 2241 4930 lo
2267 4875 2542 4934 doctorum
2569 4881 2842 4942 dubitante
2867 4886 2890 4918 ⁸
2925 4887 3200 4944 fraudasti.
3230 4889 3343 4946 Hoc
3366 4893 3507 4947 enim
3531 4893 3777 4950 demons-

2191 4973 2328 5023 trare
2357 4983 2699 5042 susceperas,
2735 4997 2754 5031 (
2787 4995 2972 5035 omnes
2997 4980 3341 5053 philosOphos
3361 5025 3377 5050 ,
3405 4987 3494 5055 qui
3519 4989 3588 5043 de
3609 4999 3772 5044 natu-

2186 5059 2384 5118 ralibus
2425 5067 2599 5123 causis
2643 5069 2841 5144 aliquid
2882 5075 3184 5145 excogitare
3227 5079 3404 5134 conati
3443 5089 3608 5150 sunt,
3648 5084 3776 5154 jure

2251 5239 2679 5322 .'.E£!i}i;_"9_'l'ieia
2704 5259 2798 5322 qua
2829 5249 3152 5315 concupiscit:
3173 5255 3372 5316 omisso,
3389 5253 3458 5318 in.
3484 5271 3596 5321 quae
3619 5262 3772 5322 pani-

2181 5298 2462 5382 celestis
2484 5298 2836 5382 φέηιιεάτίνεβυ

2246 5363 2462 5436 ’,Βεζεῆοὶ
2501 5363 2817 5436 manuscripti
2834 5379 2883 5422 et
2907 5381 3010 5424 tres
3051 5379 3256 5426 Vaticani
3279 5391 3388 5430 cum
3412 5379 3602 5434 duobus
3631 5382 3772 5434 Galli-

2179 5429 2330 5495 canis,
2349 5429 2670 5495 interﬁtuuas
2686 5429 2930 5495 opiniones
2951 5450 3054 5487 sua!
3075 5429 3312 5492 emutatis.

2247 5487 2270 5571 ς
2287 5487 2802 5571 iam
2825 5495 3054 5571 ueritatis,
3071 5487 3442 5571 relati-uitifera
3471 5511 3652 5571 partes,
3679 5507 3770 5571 qui

2243 5549 2536 5628 r:cafigilwtii
2559 5553 2684 5603 vani.
2711 5561 2782 5604 Er.
2812 5565 3008 5628 et_l.ov.,
3033 5549 3770 5628 aliqn§s*ih}iién"ve’riiriiéi,'i§2

2201 5613 2364 5686 ut‘jgin
2380 5613 2486 5686 fere
2505 5625 2646 5686 pares
2673 5629 2760 5679 per
2775 5613 3032 5686 caliginem
3069 5613 3195 5674 υάηί.
3221 5613 3768 5686 castiganih'iia'ibié-

2177 5669 2434 5764 ΣέξΞέξὲτῇ
2455 5669 3766 5764 ensesstgaaasinmersisse}:

2436 5735 2781 5816 -pelgicirtnisi
2794 5730 2934 5816 quod
2960 5730 3300 5816 uc'ta'turfpr‘o:

2177 5792 2258 5850 iis,
2271 5792 2382 5854 jam
2404 5792 2572 5846 δενωῖ
2597 5792 2868 5862 Ιεέεθιιιίιίιη
2905 5792 3299 5872 forsitan—"lapsu:
3319 5792 3764 5866 iidiii'é'vaii'c‘inii

2175 5851 2341 5912 habet,
2369 5855 2628 5908 tambuere.

2239 5915 2260 5947 δ
2286 5917 2417 5980 Apud
2448 5925 2556 5971 ιον.
2576 5955 2592 5986 ,
2625 5921 2761 5976 nulla
2791 5923 3040 5981 doctorum
3073 5929 3382 5988 dubitatione.
