4142 6464
307 267 408 328 777

304 395 458 453 posse
483 378 607 434 huic
635 375 890 449 dogmati,
921 385 1104 433 contra
1132 371 1274 449 quod
1303 387 1510 447 ageres,
1539 367 1814 431 anteferri.
1851 393 1872 428 ι

300 473 407 530 Cur
430 488 562 544 ergo
585 513 602 540 ,
632 480 692 528 ut
718 472 786 528 de
809 473 930 528 aliis
957 472 1199 543 plurimis
1229 480 1431 527 taceam
1452 512 1468 538 ,
1499 483 1618 524 cum
1646 481 1882 523 comme-

299 580 568 623 morasses
588 565 977 622 Anaximenem
1005 564 1225 636 ejusque
1241 564 1560 634 discipulum
1591 563 1882 631 Anaxago-

299 673 433 724 ram,
465 657 676 713 tacuisti
703 657 931 713 alterum
958 657 1078 727 ejus
1099 657 1418 728 discipulum
1439 657 1749 726 Diogenem,
1789 651 1882 724 qui

299 762 354 806 et
381 767 412 804 a
453 751 706 821 magistro
733 759 790 804 et
812 765 842 803 a
871 749 1236 821 condiscipulo
1265 764 1363 805 suo
1391 749 1443 803 in
1475 764 1654 804 rerum
1681 756 1883 802 naturae

299 844 552 913 Opinione
591 843 865 906 dissensit,
913 843 1292 913 propriumque
1330 841 1523 913 dogma
1563 840 1886 897 constituit?

297 936 434 1005 Quid
455 977 472 1003 ,
503 935 549 990 si
585 935 693 990 tale
726 935 926 1006 aliquid
958 936 1072 1006 ipse
1107 937 1305 1002 sensit,
1336 943 1395 989 ut
1419 933 1573 990 nobis
1608 948 1714 989 non
1745 942 1887 988 esset

297 1028 725 1098 anteponendos,
773 1029 965 1098 quibus
1009 1043 1196 1084 omnes
1239 1028 1328 1099 qui
1370 1026 1438 1082 de
1479 1042 1659 1082 rerum
1700 1035 1886 1080 natura

298 1121 657 1192 philosophati
679 1130 822 1186 sunt,
851 1120 1253 1191 anteponendos
1273 1135 1394 1176 esse
1413 1119 1624 1185 dixisti;
1649 1128 1806 1189 atque
1831 1127 1888 1173 ut

298 1211 406 1268 hoc
434 1212 586 1284 quasi
630 1211 977 1275 ostenderes,
1011 1219 1065 1266 te
1090 1211 1142 1265 in
1171 1209 1654 1266 commemorandis
1691 1207 1887 1264 frustra

306 1302 616 1358 nominibus
645 1311 699 1358 et
727 1301 1064 1373 dogmatibus
1101 1291 1538 1370 philosophoritm
1577 1301 1889 1370 insipienter

300 1392 494 1449 inﬂasti
512 1393 536 1448 7
557 1393 698 1448 Ecce
721 1393 1000 1464 praeteristi
1029 1407 1215 1458 unum,
1247 1408 1404 1462 quem
1435 1391 1517 1446 vel
1548 1406 1612 1447 ex
1636 1392 1889 1461 magistro

296 1484 383 1539 vel
414 1499 482 1538 ex
522 1483 887 1554 condiscipulo
913 1498 1050 1554 quos
1076 1482 1390 1546 nominasti,
1419 1482 1571 1552 juxta
1613 1481 1889 1537 attendere

298 1576 553 1632 debuisti.
582 1577 663 1630 An
691 1575 827 1631 forte
853 1576 1075 1648 timuisti
1100 1591 1168 1631 ne
1195 1577 1454 1647 Diogenes
1473 1575 1705 1648 Cynicus
1733 1583 1888 1646 puta-

298 1679 455 1728 retur
474 1712 490 1737 ,
531 1680 623 1726 aut
650 1671 737 1726 ille
765 1671 928 1725 ctiam
957 1670 1255 1741 legentibus
1281 1679 1497 1740 propter
1524 1669 1664 1724 idem
1695 1683 1888 1722 nomen

301 1770 638 1832 occurreret,
666 1771 721 1817 et
747 1763 955 1817 veniret
983 1761 1036 1816 in
1064 1770 1298 1816 mentem
1327 1759 1468 1830 quod
1496 1759 1685 1814 melior
1715 1768 1766 1814 te
1793 1773 1888 1828 pa-

300 1862 492 1910 tronus
534 1853 771 1908 libidinis
813 1853 1005 1918 fuerit,
1046 1852 1114 1907 de
1137 1867 1242 1923 qua
1267 1850 1564 1907 exercenda
1591 1866 1696 1905 non
1735 1864 1891 1905 vere-

301 1946 638 2001 cundabatur
666 1945 718 1998 in
753 1944 1006 2014 publico?
1036 1942 1177 1999 unde
1209 1943 1298 1997 illa
1328 1949 1476 1998 secta
1507 1942 1760 1997 caninum
1794 1956 1894 1995 no-

301 2055 430 2096 men
459 2037 686 2109 accepit.
717 2037 797 2092 Tu
825 2044 1002 2092 autem
1033 2035 1367 2091 defensorem
1405 2033 1622 2105 quidem
1662 2033 1892 2089 libidinis

302 2133 593 2206 profiteris,
634 2131 729 2186 sed
769 2131 835 2186 de
879 2139 965 2185 tua
993 2137 1260 2198 suscepta,
1306 2127 1446 2198 quod
1475 2126 1634 2182 fidem
1671 2125 1891 2182 liberta-

306 2234 521 2296 temque
547 2223 758 2294 patroni
789 2238 893 2278 non
918 2223 1191 2288 decuerat,
1217 2220 1510 2276 erubescis.

379 2317 470 2372 76.
510 2315 731 2380 Verum,
762 2314 986 2370 obsecro
1014 2323 1086 2380 te,
1115 2314 1159 2368 si
1187 2311 1536 2383 philosophos
1562 2311 1716 2367 nobis
1743 2322 1892 2367 ante-

307 2424 510 2481 ponere
536 2407 822 2479 gestiebas,
856 2422 953 2462 cur
977 2422 1082 2461 non
1113 2406 1288 2476 potius
1316 2420 1411 2461 eos
1438 2404 1891 2470 commemorasti,

311 2501 402 2572 qui
431 2501 497 2555 de
519 2499 774 2564 moribus,
806 2513 924 2569 quae
950 2512 1072 2568 pars
1095 2497 1163 2552 ab
1186 2497 1266 2552 eis
1293 2495 1647 2567 philosophia:
1671 2503 1896 2550 vocatur

311 2593 511 2658 ethica,
537 2606 693 2662 quam
723 2605 822 2645 nos
849 2589 1105 2645 moralem
1132 2587 1379 2652 dicimus,
1413 2585 1762 2642 solertissime
1786 2583 1896 2640 dis-

311 2686 618 2756 putarunt?
663 2683 772 2738 Hoc
812 2683 956 2738 enim
1001 2680 1093 2736 tibi
1141 2679 1472 2751 potissimum
1518 2677 1892 2748 congruebat,

313 2777 400 2849 qui
430 2777 710 2832 honestate
733 2775 948 2846 quidem
977 2774 1170 2830 mentis
1200 2771 1421 2828 inferius
1441 2813 1458 2840 ,
1491 2779 1670 2826 tamen
1695 2771 1895 2826 bonum

313 2868 544 2924 hominis
559 2882 681 2923 esse
700 2880 888 2923 censes
907 2867 1148 2936 corporis
1163 2864 1510 2935 voluptatem.
1530 2861 1635 2918 Sed
1648 2863 1768 2934 quis
1789 2876 1894 2917 non

314 2965 434 3036 quid
457 2963 797 3036 prospexeris
824 2961 1045 3019 cernat?
1077 2960 1155 3016 Ne
1174 2959 1379 3015 scilicet
1398 2958 1452 3012 in
1487 2957 1598 3028 ipsa
1642 2956 1709 3012 de
1747 2956 1898 3011 volu-

314 3063 454 3125 ptate
466 3054 762 3125 quaestione
782 3053 922 3108 unde
935 3060 1108 3108 tecum
1131 3051 1354 3122 agimus,
1378 3048 1714 3138 honestiores
1727 3047 1899 3119 philo-

319 3146 466 3216 sophi
488 3154 540 3200 te
562 3145 872 3211 obruerent,
894 3159 1031 3215 quos
1050 3143 1239 3199 Cicero
1269 3151 1488 3212 propter
1525 3141 1694 3212 ipsam
1731 3140 1899 3196 hone-

316 3246 502 3294 statem
521 3247 773 3309 tanquam
791 3237 1098 3294 consulares
1113 3235 1466 3308 philosophos
1487 3234 1899 3304 nuncupavit;et

318 3331 412 3400 ipsi
430 3328 594 3386 Stoici
616 3329 847 3384 maxime
877 3326 1225 3383 inimicissimi
1250 3326 1795 3396 voluptatis,quorum
1818 3333 1897 3381 te-

319 3424 619 3478 stimonium
643 3424 660 3455 ¹
683 3438 749 3477 ex
776 3435 1004 3494 persona
1032 3420 1180 3476 Balbi
1208 3419 1347 3490 apud
1375 3419 1688 3475 Ciceronem
1714 3417 1899 3488 dispu-

322 3515 514 3580 tantis,
545 3529 725 3569 verum
764 3512 1016 3584 quidem,
1047 3511 1142 3566 sed
1179 3511 1320 3582 quod
1373 3511 1466 3566 tibi
1508 3524 1725 3580 prorsus
1765 3509 1896 3566 nihil

320 3607 611 3679 prodesset,
627 3603 1273 3677 interponendumputasti
1291 3601 1509 3674 (Supra,
1533 3619 1586 3657 η.
1608 3600 1724 3671 58).
1743 3601 1896 3670 Quod

321 3705 493 3751 autem
522 3696 721 3751 nullum
762 3695 994 3750 hominis
1021 3695 1217 3749 bonum
1247 3702 1506 3749 censeant
1530 3693 1772 3764 corporis
1797 3708 1896 3748 vo-

323 3787 573 3858 luptatem
621 3788 842 3858 cupiens
884 3785 1249 3850 abscondere,
1299 3783 1443 3838 nulla
1491 3783 1558 3840 de
1602 3783 1897 3854 quaestione

321 3881 498 3935 morali
551 3880 764 3935 nomina
819 3885 877 3934 et
920 3878 1168 3949 dogmata
1219 3875 1703 3946 philosophorum,
1754 3874 1896 3945 quod

320 3975 541 4028 maxime
569 3972 637 4028 ad
667 3987 782 4027 rem
814 3969 1135 4040 pertinebat,
1167 3968 1213 4022 si
1239 3967 1439 4037 aliquid
1468 3967 1535 4021 de
1568 3965 1898 4036 phiIOSOphis

321 4065 641 4135 probandum
672 4064 792 4130 fuit,
823 4075 1244 4119 commemorare
1268 4061 1503 4116 voluisti.
1533 4059 1648 4114 Non
1675 4063 1816 4116 enim
1846 4072 1896 4116 te

321 4157 566 4212 adversus
596 4157 728 4210 istos
752 4152 1204 4221 defenderet,non
1233 4151 1354 4207 dico
1383 4151 1663 4220 Epicurus,
1685 4151 1776 4222 qui
1807 4161 1893 4208 to-

323 4256 429 4302 tum
448 4249 646 4303 bonum
673 4245 903 4300 hominis
925 4244 1271 4314 involuptate
1290 4243 1532 4312 corporis
1554 4244 1748 4312 posuit,
1774 4243 1896 4311 quia

325 4353 430 4392 non
476 4337 616 4408 quod
662 4338 754 4392 ille
799 4347 854 4392 tu
883 4336 1092 4402 sentis;
1139 4334 1232 4390 sed
1281 4333 1637 4390 Dinomachus
1679 4351 1693 4388 :
1741 4333 1897 4404 hujus

325 4431 516 4501 quippe
561 4430 748 4500 dogma
789 4430 878 4484 tibi
919 4431 1132 4501 placuit.
1171 4429 1303 4484 Nam
1335 4429 1448 4499 ipse
1473 4427 1896 4500 conjungendam

323 4523 646 4592 voluptatem
683 4520 960 4576 arbitratus
999 4529 1082 4576 est
1123 4521 1407 4585 honestati,
1452 4529 1513 4575 ut
1552 4519 1898 4590 quemadmo-

321 4613 442 4668 dum
487 4612 767 4678 honestas,
810 4613 876 4666 ita
915 4613 1158 4683 voluptas
1188 4628 1283 4683 per
1311 4627 1370 4667 se
1402 4612 1567 4681 ipsam
1599 4611 1896 4682 appetenda

319 4705 586 4761 videretur
602 4703 758 4776 (Vide
775 4703 1084 4768 Ciceronem,
1105 4704 1167 4758 de
1184 4703 1397 4758 Finibus
1426 4703 1512 4758 lib.
1533 4704 1585 4768 5,
1609 4713 1654 4758 et
1684 4702 1894 4757 Tuscul.

325 4797 414 4861 Qu.
439 4797 526 4851 lib.
569 4796 647 4867 5).
681 4796 829 4851 Hanc
862 4811 991 4866 ergo
1017 4805 1220 4866 partem
1249 4794 1337 4849 ubi
1362 4794 1429 4849 de
1455 4795 1691 4850 moribus
1717 4794 1900 4865 dispu-

323 4894 473 4954 tatur,
503 4903 625 4942 cum
653 4886 747 4942 tibi
774 4885 1039 4942 infensam
1065 4902 1335 4953 cerneres,
1366 4887 1630 4956 attingere
1654 4887 1893 4942 timuisti.

321 4975 442 5032 Nam
464 4980 485 5010 ³
512 4978 600 5032 ubi
629 4977 861 5032 maxime
889 4978 1253 5032 controversia
1287 4977 1384 5032 ista
1411 4986 1682 5044 versatur,
1714 4976 1900 5048 quanti

322 5077 370 5122 et
393 5069 596 5139 quales,
623 5077 679 5124 et
707 5068 862 5139 cujus
891 5069 1033 5140 apud
1054 5068 1251 5124 Gentes
1271 5069 1454 5139 glorim
1476 5067 1777 5140 philosophi
1804 5069 1899 5125 tibi

323 5163 684 5228 prazferantur,
730 5161 927 5217 vides:
971 5163 1310 5232 maximeque
1356 5162 1472 5232 ipse
1516 5161 1696 5228 Plato,
1740 5177 1897 5232 quem

319 5251 496 5308 Cicero
545 5254 816 5325 appellare
863 5271 969 5311 non
1016 5256 1220 5310 dubitat
1278 5271 1412 5326 pene
1461 5255 1898 5325 philosophorum

320 5343 469 5400 deum
499 5345 600 5417 (De
633 5345 839 5402 Natura
875 5348 1104 5414 deorum,
1131 5349 1221 5402 lib.
1241 5348 1298 5414 2,
1321 5357 1366 5402 et
1389 5347 1475 5401 lib.
1499 5348 1534 5402 4
1552 5348 1619 5401 ad
1641 5349 1861 5403 Atticum
1880 5392 1895 5414 ,

379 5481 395 5512 ί
421 5489 602 5593 Δηλιἓέ
623 5484 775 5533 nostri
811 5497 984 5534 omnes
1021 5493 1148 5544 mss,
1174 5497 1379 5548 quorum
1415 5483 1678 5535 testimonio
1699 5498 1763 5536 ea:
1786 5499 1898 5550 per—

379 5554 426 5590 ta
451 5553 520 5592 13a
595 5579 606 5591 .

316 5551 426 5590 sana
451 5551 606 5592 Βαιυι.

376 5605 526 5672 {Mss
566 5619 661 5672 non
693 5607 908 5667 habent,
962 5617 1082 5658 Nam
1125 5621 1143 5658 :
1181 5622 1345 5672 neque
1388 5621 1560 5659 novam
1603 5613 1897 5672 sententiam

314 5663 538 5778 acuunt
564 5668 659 5717 nisi
688 5679 832 5731 post,
877 5663 1093 5720 uersatur
1114 5709 1127 5732 ,
1174 5671 1230 5719 ad
1265 5663 1451 5733 'verba,
1497 5671 1666 5734 Quanti
1697 5679 1743 5723 et
1775 5686 1896 5736 quu-

595 5840 821 5905 Ssxcr.
871 5841 1148 5925 Apousr.
1200 5843 1249 5902 Χ

1661 253 1867 313 LIBER
1902 251 2218 324 QUINTUS.

3464 271 3577 330 778

1995 367 2138 446 epist.
2168 365 2235 432 l6
2260 373 2318 448 );
2354 366 2504 446 cujus
2534 391 2633 432 nec
2685 379 2740 433 tu
2783 393 2978 434 nomen
3009 382 3280 451 prseterire
3308 390 3523 455 potuisti
3555 433 3572 456 ,

1991 486 2112 526 cum
2143 470 2208 526 de
2230 471 2578 540 naturalibus,
2604 488 2710 530 non
2731 473 2800 530 de
2819 477 3111 533 moralibus
3134 477 3571 550 philosophorum

1991 564 2143 619 nobis
2177 564 2424 636 dogmata
2454 566 2678 624 inferres
2705 569 2818 626 sive
2845 571 3156 641 praeferres,
3197 573 3288 643 qui
3329 576 3575 645 corporis

1992 655 2292 727 voluptates
2329 672 2454 714 vere
2481 667 2536 715 et
2562 660 2795 730 graviter
2823 661 3022 720 dixisse
3050 665 3360 734 perhibetur
3388 667 3576 726 illece-

1990 749 2115 804 bras
2139 757 2298 820 atque
2327 765 2479 808 escas
2507 754 2768 810 malorum
2805 754 3021 827 (Supra,
3052 776 3107 813 n.
3141 759 3255 832 72.)

2063 841 2150 897 77.
2203 841 2471 912 Numquid
2500 853 2676 900 autem
2718 848 2844 916 quid
2889 849 2957 904 dc
2999 850 3230 907 hominis
3271 855 3578 912 conditione

1992 933 2259 989 senserint
2297 949 2430 1004 quos
2456 937 2744 992 nominasti
2767 938 3068 1010 philosophi
3091 982 3106 1008 ,
3148 945 3270 1014 quia
3295 957 3351 1002 et
3376 947 3479 1002 hoc
3511 950 3578 1003 ad

1995 1025 2288 1082 naturalem
2310 1028 2542 1097 pertinet
2560 1032 2933 1100 quaestionem,
2956 1035 3099 1105 quod
3121 1037 3580 1111 qualitercumque

1993 1129 2152 1172 causa
2183 1117 2453 1187 poscebat,
2492 1124 3019 1179 commemorandum
3048 1129 3289 1196 putasti?
3327 1130 3441 1186 Non
3475 1134 3580 1186 uti-

1995 1223 2098 1276 que
2125 1208 2332 1277 fecisti,
2376 1220 2431 1267 et
2471 1222 2634 1268 recte.
2681 1214 2818 1283 Quid
2855 1217 2997 1272 enim
3025 1218 3097 1273 illi
3131 1217 3464 1290 didicerant,
3498 1227 3581 1280 vel

1993 1298 2120 1367 quid
2166 1299 2326 1355 locuti
2371 1300 2583 1357 fuerant
2621 1303 2688 1359 de
2716 1307 2890 1376 primo
2930 1307 3146 1364 homine
3177 1311 3344 1366 Adam
3381 1321 3440 1368 et
3466 1315 3581 1384 ejus

1995 1389 2242 1461 conjuge,
2276 1391 2344 1447 de
2369 1393 2541 1462 prima
2568 1410 2755 1450 eorum
2783 1399 3240 1468 praevaricatione,
3271 1402 3337 1458 de
3363 1418 3584 1473 serpen-

1998 1481 2064 1534 tis
2093 1482 2286 1536 astutia
2311 1523 2326 1550 ,
2359 1483 2424 1539 de
2451 1485 2690 1542 nuditate
2715 1490 2958 1560 corporis
2987 1500 3111 1547 ante
3155 1503 3433 1563 peccatum
3462 1497 3582 1553 sine

1996 1569 2329 1636 confusione.
2357 1583 2410 1628 et
2436 1590 2557 1630 cum
2582 1578 2598 1608 ¹
2620 1578 2934 1636 confusione
2960 1584 3218 1640 continuo
3247 1596 3366 1654 post
3394 1602 3583 1657 pecca—

1997 1664 2155 1717 tum?
2200 1664 2336 1732 Quid
2371 1666 2601 1739 denique
2648 1671 2750 1728 tale
2786 1673 3102 1742 audierant,
3143 1677 3298 1746 quale
3336 1679 3462 1733 illud
3501 1689 3585 1735 est

1996 1753 2138 1823 quod
2165 1757 2238 1810 ait
2263 1757 2575 1828 Apostolus,
2609 1760 2712 1816 Per
2737 1780 2895 1818 unum
2924 1767 3178 1821 hominem
3208 1780 3466 1839 peccatum
3493 1772 3580 1825 in-

1998 1846 2146 1900 travit
2169 1848 2222 1901 in
2247 1851 2512 1919 mundum,
2539 1861 2586 1906 et
2616 1871 2704 1923 per
2729 1867 2990 1926 peccatum
3019 1876 3152 1914 mors
3176 1875 3194 1924 ;
3222 1871 3271 1915 et
3301 1863 3371 1916 ita
3395 1863 3448 1917 in
3475 1879 3585 1918 ont-

1997 1953 2084 1992 nes
2127 1939 2351 1994 homines
2401 1946 2734 2014 pertransiit,
2784 1949 2838 2001 in
2883 1966 2982 2019 quo
3029 1968 3200 2007 omnes
3257 1965 3586 2023 peccaverunt

1997 2029 2192 2100 (Rom.
2224 2049 2275 2099 v,
2309 2033 2375 2088 12
2398 2035 2464 2105 )?
2520 2036 2718 2092 Harum
2759 2038 3081 2097 Litterarum
3111 2044 3187 2099 illi
3222 2055 3382 2117 atque
3424 2046 3585 2117 hujus

1997 2124 2238 2180 veritatis
2270 2137 2539 2196 expertes,
2568 2130 2694 2200 quid
2723 2131 2791 2186 de
2820 2132 2920 2188 hac
2946 2149 3006 2190 re
3033 2149 3223 2206 sapere
3253 2140 3584 2208 potuerunt?

2000 2213 2196 2270 Verum
2226 2217 2271 2271 si
2297 2217 2364 2273 de
2392 2218 2623 2276 hominis
2650 2223 2954 2280 conditione
2978 2225 3224 2298 dogmata
3246 2227 3522 2284 hominum
3550 2247 3582 2284 a

1999 2309 2165 2365 sacris
2195 2310 2408 2368 Litteris
2435 2316 2630 2371 nostris
2651 2317 3052 2376 abhorrentium
3078 2323 3209 2377 nihil
3224 2324 3474 2394 judicasti
3495 2341 3584 2382 es-

1999 2416 2060 2456 se
2089 2403 2413 2471 ponendum,
2445 2415 2499 2461 et
2541 2409 2839 2466 rectissime
2860 2412 3107 2482 judicasti
3134 2435 3146 2469 :
3175 2427 3373 2486 quanto
3406 2419 3586 2478 minus

2001 2501 2052 2582 te
2080 2510 2198 2564 quae
2227 2499 2452 2566 posuisti
2479 2500 2730 2570 adjuvare
2761 2513 3076 2574 potuerunt,
3122 2509 3246 2578 quid
3275 2510 3344 2567 de
3382 2512 3586 2582 princi-

2000 2581 2102 2663 piis
2131 2586 2313 2641 mundi
2352 2587 2510 2658 hujus
2538 2590 2761 2647 visibilis
2797 2598 3083 2663 senserint,
3130 2600 3269 2655 unde
3306 2581 3446 2658 inter
3484 2619 3587 2659 nos

2002 2649 2144 2729 nulla
2162 2679 2386 2746 quaesﬁo
2405 2682 2666 2737 vertitur?
2685 2683 2791 2739 Sed
2813 2701 2965 2742 mens
2990 2697 3076 2743 tua
3101 2691 3299 2761 potius,
3330 2701 3584 2765 tanquam

2001 2782 2251 2838 magnum
2296 2770 2492 2841 aliquid
2534 2773 2603 2830 de
2645 2775 3084 2849 philosophorum
3114 2781 3264 2840 libris
3291 2784 3542 2844 didiceris
3564 2828 3583 2857 ,

1997 2859 2264 2930 jactantiaa
2289 2865 2522 2922 vanitate
2551 2869 2894 2927 subvertitur.

2073 2953 2160 3009 78.
2191 2955 2452 3013 Videntur
2499 2969 2676 3016 autem
2720 2979 2826 3018 non
2872 2964 3065 3022 frustra
3095 2967 3401 3026 christiana:
3457 2973 3588 3030 fidei

2001 3046 2405 3136 propinquasse,
2455 3052 2546 3121 qui
2572 3053 2733 3108 vitam
2774 3054 2928 3110 istam
2973 3056 3198 3114 fallaciae
3246 3063 3585 3136 miserimque

2002 3135 2367 3206 plenissimam
2397 3156 2504 3196 non
2533 3145 2734 3214 opinati
2763 3155 2888 3201 sunt
2912 3148 3014 3202 nisi
3033 3149 3214 3206 divino
3237 3151 3438 3222 judicio
3456 3135 3589 3211 con-

2002 3229 2215 3301 tigisse,
2250 3233 2544 3290 tribuentes
2570 3236 2752 3307 utique
2797 3238 3059 3307 justitiam
3091 3242 3384 3310 Conditori,
3417 3261 3445 3299 a
3476 3261 3584 3316 quo

2002 3323 2172 3378 factus
2199 3333 2283 3380 est
2314 3336 2368 3382 et
2393 3327 2794 3386 administratur
2821 3331 2908 3388 hic
2951 3337 3198 3392 mundus.
3226 3338 3436 3407 Quanto
3459 3355 3589 3413 ergo

2003 3421 2058 3470 te
2075 3416 2269 3472 melius
2294 3419 2609 3490 veritatique
2639 3423 2864 3478 vicinius
2893 3425 2960 3480 de
2983 3425 3258 3483 hominum
3285 3433 3588 3499 generatio-

2004 3523 2071 3563 ne
2096 3520 2401 3578 senserunt,
2433 3528 2567 3582 quos
2590 3514 2781 3570 Cicero
2819 3517 2872 3572 in
2903 3522 3159 3576 extremis
3185 3525 3426 3593 partibus
3448 3525 3588 3581 Hor-

2005 3603 2158 3659 tensii
2188 3603 2382 3675 dialogi
2412 3606 2554 3661 velut
2580 3608 2691 3677 ipsa
2715 3625 2894 3664 rerum
2935 3612 3200 3668 evidentia
3228 3616 3420 3674 ductus
3438 3633 3589 3674 coms

2004 3697 2292 3767 pulsusque
2315 3701 2746 3754 commemorat?
2771 3701 2901 3756 Nam
2943 3717 3064 3758 cum
3094 3707 3258 3762 multa
3297 3724 3414 3777 qua:
3436 3710 3588 3765 vide—

2002 3803 2122 3843 mus
2141 3797 2195 3842 et
2215 3789 2495 3859 gemimus,
2524 3790 2591 3846 de
2623 3792 2897 3848 hominum
2946 3799 3179 3852 vanitate
3228 3809 3386 3871 atque
3416 3801 3591 3858 infeli-

2002 3880 2162 3936 citate
2181 3882 2404 3939 dixisset
2427 3901 2439 3935 :
2465 3903 2483 3936 ι
2519 3884 2596 3939 Ex
2630 3887 2819 3956 quibus
2850 3888 3117 3957 humanm,
3149 3911 3167 3944 ι
3195 3892 3384 3964 inquit,
3421 3915 3440 3949 ‹
3466 3896 3590 3953 vita:

2002 3973 2271 4028 erroribus
2288 3983 2343 4029 et
2362 3977 2613 4032 aerumnis
2632 3978 2710 4040 fit.
2739 3988 2796 4034 ut
2823 3979 3088 4036 interdum
3116 3994 3328 4041 veteres
3358 3987 3456 4054 illi,
3475 3989 3590 4046 sive

2005 4072 2171 4130 vates,
2197 4065 2308 4120 sive
2331 4065 2382 4121 in
2425 4070 2589 4124 sacris
2621 4070 2889 4141 initiisque
2921 4073 3190 4130 tradendis
3211 4076 3406 4134 divina:
3431 4095 3589 4136 meu-

2005 4155 2073 4211 tis
2093 4157 2432 4227 interpretes,
2459 4160 2549 4230 qui
2582 4175 2679 4216 nos
2703 4161 2774 4216 ob
2803 4163 2976 4234 aliqua
3025 4167 3229 4222 scelera
3254 4179 3501 4240 suscepta
3526 4172 3582 4228 in

2003 4249 2108 4302 vita
2132 4250 2426 4318 superiore,
2458 4266 2736 4321 poenarum
2768 4254 3083 4311 tuendarum
3107 4273 3266 4314 causa
3300 4270 3451 4316 natos
3467 4278 3590 4319 esse

2004 4342 2288 4410 dixerunt,
2340 4345 2538 4414 aliquid
2585 4346 2783 4402 vidisse
2817 4348 3098 4404 videantur
3123 4369 3140 4404 :
3175 4368 3468 4424 verumque
3520 4356 3593 4411 sit

2004 4434 2134 4489 illud
2161 4434 2302 4504 quod
2331 4445 2412 4490 est
2447 4435 2586 4506 apud
2631 4438 2996 4506 Aristotelem,
3038 4440 3197 4495 simili
3246 4459 3342 4498 nos
3369 4444 3591 4502 allectos

2003 4544 2125 4586 esse
2149 4529 2432 4600 supplicio,
2463 4539 2621 4600 atque
2649 4545 2743 4586 eos
2763 4533 2852 4602 qui
2872 4533 3159 4602 quondam,
3205 4550 3325 4590 cum
3372 4538 3425 4591 in
3451 4553 3591 4609 prm—

2005 4621 2204 4677 donum
2254 4621 2600 4675 Etruscorum
2644 4637 2832 4677 manus
2881 4623 3223 4693 incidissent,
3272 4628 3592 4686 crudelitate

2004 4710 2301 4785 excogitata
2360 4714 2718 4778 necabantur,
2751 4730 2974 4784 quorum
3023 4731 3244 4786 corpora
3299 4720 3415 4774 viva
3468 4736 3590 4776 cum

2005 4812 2245 4874 mortuis,
2270 4809 2490 4864 adversa
2509 4807 2747 4864 adversis
2767 4809 3184 4875 accommodata,
3208 4827 3362 4881 quam
3381 4814 3598 4884 aptissi-

2006 4920 2091 4961 me
2143 4902 2561 4974 colligabantur;
2591 4902 2668 4957 sic
2705 4911 2914 4957 nostros
2967 4903 3172 4957 animos
3202 4921 3320 4958 cum
3353 4900 3594 4976 corpori-

2006 4999 2105 5053 bus
2121 4996 2415 5066 copulatos,
2435 5004 2491 5048 ut
2516 4993 2664 5048 vivos
2684 5008 2804 5048 cum
2827 4994 3051 5048 mortuis
3068 5009 3186 5050 esse
3207 4997 3538 5066 conjunctos.
3567 5017 3588 5050 ι

2004 5088 2190 5145 Nonne
2218 5089 2306 5159 qui
2333 5089 2431 5142 ista
2459 5094 2758 5152 senserunt,
2786 5085 2953 5141 multo
2987 5102 3144 5156 quam
3175 5097 3230 5142 tu
3259 5091 3446 5146 melius
3471 5105 3594 5161 gra-

2005 5199 2070 5238 ve
2086 5183 2271 5252 jugum
2317 5195 2478 5250 super
2502 5179 2640 5234 filios
2677 5179 2846 5234 Adam
2874 5187 2930 5234 et
2976 5179 3069 5234 Dei
3100 5183 3388 5251 potentiam
3427 5183 3591 5252 justi-

2007 5277 2239 5345 tiamquc
2277 5273 2547 5339 viderunt,
2588 5271 2794 5326 etiamsi
2841 5272 3086 5341 gratiam,
3117 5289 3236 5342 qua:
3268 5289 3362 5343 per
3389 5273 3591 5329 Media-

2007 5374 2177 5422 torem
2209 5365 2496 5420 liberandis
2540 5363 2844 5418 hominibus
2869 5379 3122 5420 concessa
3150 5374 3249 5430 cst,
3286 5382 3388 5420 non
3437 5366 3590 5422 vide-

2008 5460 2175 5515 runt?
2205 5459 2346 5512 Ecce
2396 5472 2494 5527 ego
2535 5456 2706 5510 inveni
2758 5456 2900 5526 quod
2944 5455 3036 5510 tibi
3076 5456 3142 5511 de
3173 5457 3277 5512 illis
3311 5458 3588 5528 gentilium

2008 5550 2446 5622 philosophorum
2489 5548 2678 5604 litteris
2712 5549 2878 5619 possit
2906 5547 3030 5618 jure
3067 5551 3322 5620 praeponi,
3355 5559 3406 5607 te
3431 5551 3590 5610 insti-

2073 5735 2090 5769 ¹
2118 5739 2167 5782 tn
2190 5732 2525 5797 mamiscriptis
2538 5729 2784 5780 Gallicanis
2808 5738 2860 5780 et
2877 5730 3110 5778 Vaticanis
3131 5729 3292 5790 deest,
3317 5743 3444 5784 cum.

2796 5845 2838 5920 {
2874 5843 3334 5928 Vingl-ci‘nq.)
