  <div class='ocr_page' id='page_1' title='image "/cluster/home/n/w/nwhite01/storage/ocr_20150623/44-45/uva.x000217727/393.png"; bbox 0 0 4142 6490; ppageno 0'>
   <div class='ocr_carea' id='block_1_1' title="bbox 491 399 598 461">
    <p class='ocr_par' dir='ltr' id='par_1_1' title="bbox 491 399 598 461">
     <span class='ocr_line' id='line_1_1' title="bbox 491 399 598 461; baseline 0 0"><span class='ocrx_word' id='word_1_1' title='bbox 491 399 598 461; x_wconf 73' lang='lat'><strong>779</strong></span> 
     </span>
    </p>
   </div>
   <div class='ocr_carea' id='block_1_2' title="bbox 492 510 2069 595">
    <p class='ocr_par' dir='ltr' id='par_1_2' title="bbox 492 510 2069 595">
     <span class='ocr_line' id='line_1_2' title="bbox 492 510 2069 595; baseline -0.013 -15"><span class='ocrx_word' id='word_1_2' title='bbox 492 533 670 595; x_wconf 75' lang='lat' dir='ltr'><strong>gente,</strong></span> <span class='ocrx_word' id='word_1_3' title='bbox 702 521 790 592; x_wconf 88' lang='lat' dir='ltr'><strong>qui</strong></span> <span class='ocrx_word' id='word_1_4' title='bbox 812 519 880 575; x_wconf 88' lang='lat' dir='ltr'><strong>de</strong></span> <span class='ocrx_word' id='word_1_5' title='bbox 915 517 1021 573; x_wconf 87' lang='lat' dir='ltr'><strong>illis</strong></span> <span class='ocrx_word' id='word_1_6' title='bbox 1071 514 1201 571; x_wconf 85' lang='lat' dir='ltr'><strong>nihil</strong></span> <span class='ocrx_word' id='word_1_7' title='bbox 1231 513 1333 570; x_wconf 87' lang='lat' dir='ltr'><strong>tale</strong></span> <span class='ocrx_word' id='word_1_8' title='bbox 1383 513 1622 573; x_wconf 81' lang='lat' dir='ltr'><strong>invenire</strong></span> <span class='ocrx_word' id='word_1_9' title='bbox 1660 510 1895 581; x_wconf 73' lang='lat' dir='ltr'><strong>potuisti,</strong></span> <span class='ocrx_word' id='word_1_10' title='bbox 1932 515 1988 563; x_wconf 92' lang='lat' dir='ltr'><strong>et</strong></span> <span class='ocrx_word' id='word_1_11' title='bbox 2011 513 2069 561; x_wconf 87' lang='lat' dir='ltr'><strong>ut</strong></span> 
     </span>
    </p>
   </div>
   <div class='ocr_carea' id='block_1_3' title="bbox 494 602 2069 678">
    <p class='ocr_par' dir='ltr' id='par_1_3' title="bbox 494 602 2069 678">
     <span class='ocr_line' id='line_1_3' title="bbox 494 602 2069 678; baseline -0.01 -9"><span class='ocrx_word' id='word_1_12' title='bbox 494 630 583 669; x_wconf 91' lang='lat' dir='ltr'><strong>me</strong></span> <span class='ocrx_word' id='word_1_13' title='bbox 608 613 922 668; x_wconf 88' lang='lat' dir='ltr'><strong>admoneres</strong></span> <span class='ocrx_word' id='word_1_14' title='bbox 967 605 1108 678; x_wconf 91' lang='lat' dir='ltr'><strong>quod</strong></span> <span class='ocrx_word' id='word_1_15' title='bbox 1154 604 1408 661; x_wconf 84' lang='lat' dir='ltr'><strong>adversus</strong></span> <span class='ocrx_word' id='word_1_16' title='bbox 1437 613 1491 660; x_wconf 83' lang='lat' dir='ltr'><strong>te</strong></span> <span class='ocrx_word' id='word_1_17' title='bbox 1530 602 1849 669; x_wconf 81' lang='lat' dir='ltr'><strong>invenirem,</strong></span> <span class='ocrx_word' id='word_1_18' title='bbox 1892 606 2069 654; x_wconf 81' lang='lat' dir='ltr'><strong>tacere</strong></span> 
     </span>
    </p>
   </div>
   <div class='ocr_carea' id='block_1_4' title="bbox 495 705 728 762">
    <p class='ocr_par' dir='ltr' id='par_1_4' title="bbox 495 705 728 762">
     <span class='ocr_line' id='line_1_4' title="bbox 495 705 728 762; baseline -0.026 0"><span class='ocrx_word' id='word_1_19' title='bbox 495 705 728 762; x_wconf 75' lang='lat' dir='ltr'><strong>noluisti.</strong></span> 
     </span>
    </p>
   </div>
   <div class='ocr_carea' id='block_1_5' title="bbox 561 782 2072 859">
    <p class='ocr_par' dir='ltr' id='par_1_5' title="bbox 561 782 2072 859">
     <span class='ocr_line' id='line_1_5' title="bbox 561 782 2072 859; baseline -0.009 -9"><span class='ocrx_word' id='word_1_20' title='bbox 561 791 786 850; x_wconf 83' lang='lat' dir='ltr'><strong>CAPUT</strong></span> <span class='ocrx_word' id='word_1_21' title='bbox 822 790 1059 849; x_wconf 73' lang='lat' dir='ltr'><strong>XVL—</strong></span> <span class='ocrx_word' id='word_1_22' title='bbox 1082 789 1172 847; x_wconf 82' lang='lat'><strong>79.</strong></span> <span class='ocrx_word' id='word_1_23' title='bbox 1222 788 1378 858; x_wconf 94' lang='lat' dir='ltr'><strong>Quid,</strong></span> <span class='ocrx_word' id='word_1_24' title='bbox 1406 786 1550 859; x_wconf 89' lang='lat' dir='ltr'><strong>quod</strong></span> <span class='ocrx_word' id='word_1_25' title='bbox 1587 785 1656 842; x_wconf 87' lang='lat' dir='ltr'><strong>de</strong></span> <span class='ocrx_word' id='word_1_26' title='bbox 1698 782 1940 855; x_wconf 84' lang='lat' dir='ltr'><strong>Apostoli</strong></span> <span class='ocrx_word' id='word_1_27' title='bbox 1989 788 2072 837; x_wconf 89' lang='lat' dir='ltr'><strong>te-</strong></span> 
     </span>
    </p>
   </div>
   <div class='ocr_carea' id='block_1_6' title="bbox 492 866 2070 955">
    <p class='ocr_par' dir='ltr' id='par_1_6' title="bbox 492 866 2070 955">
     <span class='ocr_line' id='line_1_6' title="bbox 492 866 2070 955; baseline -0.011 -13"><span class='ocrx_word' id='word_1_28' title='bbox 492 889 740 943; x_wconf 87' lang='lat' dir='ltr'><strong>stimonio</strong></span> <span class='ocrx_word' id='word_1_29' title='bbox 766 898 861 955; x_wconf 87' lang='lat' dir='ltr'><strong>pro</strong></span> <span class='ocrx_word' id='word_1_30' title='bbox 906 893 958 939; x_wconf 89' lang='lat' dir='ltr'><strong>te</strong></span> <span class='ocrx_word' id='word_1_31' title='bbox 991 896 1112 939; x_wconf 81' lang='lat' dir='ltr'><strong>esse</strong></span> <span class='ocrx_word' id='word_1_32' title='bbox 1137 879 1433 946; x_wconf 79' lang='lat' dir='ltr'><strong>existimas,</strong></span> <span class='ocrx_word' id='word_1_33' title='bbox 1457 876 1601 950; x_wconf 84' lang='lat' dir='ltr'><strong>quod</strong></span> <span class='ocrx_word' id='word_1_34' title='bbox 1618 866 1715 933; x_wconf 89' lang='lat' dir='ltr'><strong>est</strong></span> <span class='ocrx_word' id='word_1_35' title='bbox 1739 881 1923 931; x_wconf 84' lang='lat' dir='ltr'><strong>contra</strong></span> <span class='ocrx_word' id='word_1_36' title='bbox 1970 880 2024 927; x_wconf 89' lang='lat' dir='ltr'><strong>te</strong></span> <span class='ocrx_word' id='word_1_37' title='bbox 2055 886 2070 936; x_wconf 88' lang='lat'><strong>;</strong></span> 
     </span>
    </p>
   </div>
   <div class='ocr_carea' id='block_1_7' title="bbox 490 967 2071 1049">
    <p class='ocr_par' dir='ltr' id='par_1_7' title="bbox 490 967 2071 1049">
     <span class='ocr_line' id='line_1_7' title="bbox 490 967 2071 1049; baseline -0.009 -13"><span class='ocrx_word' id='word_1_38' title='bbox 490 991 541 1036; x_wconf 90' lang='lat' dir='ltr'><strong>ct</strong></span> <span class='ocrx_word' id='word_1_39' title='bbox 570 979 807 1035; x_wconf 88' lang='lat' dir='ltr'><strong>membra</strong></span> <span class='ocrx_word' id='word_1_40' title='bbox 829 988 1011 1034; x_wconf 89' lang='lat' dir='ltr'><strong>nostra</strong></span> <span class='ocrx_word' id='word_1_41' title='bbox 1031 1019 1047 1045; x_wconf 93' lang='lat'><strong>,</strong></span> <span class='ocrx_word' id='word_1_42' title='bbox 1073 992 1192 1049; x_wconf 68' lang='lat' dir='ltr'><strong>quae</strong></span> <span class='ocrx_word' id='word_1_43' title='bbox 1220 975 1402 1047; x_wconf 85' lang='lat' dir='ltr'><strong>utique</strong></span> <span class='ocrx_word' id='word_1_44' title='bbox 1443 983 1591 1031; x_wconf 75' lang='lat' dir='ltr'><strong>ante.</strong></span> <span class='ocrx_word' id='word_1_45' title='bbox 1612 978 1887 1044; x_wconf 81' lang='lat' dir='ltr'><strong>peccatum</strong></span> <span class='ocrx_word' id='word_1_46' title='bbox 1929 967 2071 1023; x_wconf 85' lang='lat' dir='ltr'><strong>nuda</strong></span> 
     </span>
    </p>
   </div>
   <div class='ocr_carea' id='block_1_8' title="bbox 488 1058 2070 1138">
    <p class='ocr_par' dir='ltr' id='par_1_8' title="bbox 488 1058 2070 1138">
     <span class='ocr_line' id='line_1_8' title="bbox 488 1058 2070 1138; baseline -0.008 -12"><span class='ocrx_word' id='word_1_47' title='bbox 488 1081 662 1137; x_wconf 83' lang='lat' dir='ltr'><strong>erant,</strong></span> <span class='ocrx_word' id='word_1_48' title='bbox 684 1086 783 1126; x_wconf 91' lang='lat' dir='ltr'><strong>nec</strong></span> <span class='ocrx_word' id='word_1_49' title='bbox 814 1068 1211 1126; x_wconf 84' lang='lat' dir='ltr'><strong>confundebant</strong></span> <span class='ocrx_word' id='word_1_50' title='bbox 1234 1082 1329 1124; x_wconf 89' lang='lat' dir='ltr'><strong>eos</strong></span> <span class='ocrx_word' id='word_1_51' title='bbox 1352 1067 1544 1138; x_wconf 85' lang='lat' dir='ltr'><strong>quibus</strong></span> <span class='ocrx_word' id='word_1_52' title='bbox 1572 1066 1803 1131; x_wconf 84' lang='lat' dir='ltr'><strong>inerant,</strong></span> <span class='ocrx_word' id='word_1_53' title='bbox 1826 1058 2070 1131; x_wconf 83' lang='lat' dir='ltr'><strong>pudenda</strong></span> 
     </span>
    </p>
   </div>
   <div class='ocr_carea' id='block_1_9' title="bbox 489 1149 2073 1229">
    <p class='ocr_par' dir='ltr' id='par_1_9' title="bbox 489 1149 2073 1229">
     <span class='ocr_line' id='line_1_9' title="bbox 489 1149 2073 1229; baseline -0.008 -13"><span class='ocrx_word' id='word_1_54' title='bbox 489 1161 654 1217; x_wconf 83' lang='lat' dir='ltr'><strong>fuisse</strong></span> <span class='ocrx_word' id='word_1_55' title='bbox 687 1161 903 1227; x_wconf 91' lang='lat' dir='ltr'><strong>asseris,</strong></span> <span class='ocrx_word' id='word_1_56' title='bbox 927 1160 1173 1215; x_wconf 86' lang='lat' dir='ltr'><strong>nesciens</strong></span> <span class='ocrx_word' id='word_1_57' title='bbox 1197 1157 1325 1229; x_wconf 88' lang='lat' dir='ltr'><strong>quid</strong></span> <span class='ocrx_word' id='word_1_58' title='bbox 1349 1154 1626 1227; x_wconf 78' lang='lat' dir='ltr'><strong>loquaris?</strong></span> <span class='ocrx_word' id='word_1_59' title='bbox 1651 1154 1765 1223; x_wconf 85' lang='lat' dir='ltr'><strong>Ego</strong></span> <span class='ocrx_word' id='word_1_60' title='bbox 1796 1152 1938 1207; x_wconf 83' lang='lat' dir='ltr'><strong>enim</strong></span> <span class='ocrx_word' id='word_1_61' title='bbox 1973 1149 2073 1205; x_wconf 90' lang='lat' dir='ltr'><strong>de-</strong></span> 
     </span>
    </p>
   </div>
   <div class='ocr_carea' id='block_1_10' title="bbox 492 1241 2073 1320">
    <p class='ocr_par' dir='ltr' id='par_1_10' title="bbox 492 1241 2073 1320">
     <span class='ocr_line' id='line_1_10' title="bbox 492 1241 2073 1320; baseline -0.008 -11"><span class='ocrx_word' id='word_1_62' title='bbox 492 1255 578 1310; x_wconf 89' lang='lat' dir='ltr'><strong>bui</strong></span> <span class='ocrx_word' id='word_1_63' title='bbox 611 1254 867 1310; x_wconf 89' lang='lat' dir='ltr'><strong>adhibere</strong></span> <span class='ocrx_word' id='word_1_64' title='bbox 898 1251 1284 1318; x_wconf 87' lang='lat' dir='ltr'><strong>testimonium,</strong></span> <span class='ocrx_word' id='word_1_65' title='bbox 1313 1249 1456 1320; x_wconf 79' lang='lat' dir='ltr'><strong>quod</strong></span> <span class='ocrx_word' id='word_1_66' title='bbox 1495 1249 1611 1318; x_wconf 88' lang='lat' dir='ltr'><strong>ipse</strong></span> <span class='ocrx_word' id='word_1_67' title='bbox 1638 1244 1950 1309; x_wconf 82' lang='lat' dir='ltr'><strong>adhibuisti,</strong></span> <span class='ocrx_word' id='word_1_68' title='bbox 1980 1241 2073 1297; x_wconf 90' lang='lat' dir='ltr'><strong>ubi</strong></span> 
     </span>
    </p>
   </div>
   <div class='ocr_carea' id='block_1_11' title="bbox 490 1339 2075 1419">
    <p class='ocr_par' dir='ltr' id='par_1_11' title="bbox 490 1339 2075 1419">
     <span class='ocr_line' id='line_1_11' title="bbox 490 1339 2075 1419; baseline -0.009 -16"><span class='ocrx_word' id='word_1_69' title='bbox 490 1349 566 1404; x_wconf 86' lang='lat' dir='ltr'><strong>ait</strong></span> <span class='ocrx_word' id='word_1_70' title='bbox 596 1347 900 1419; x_wconf 79' lang='lat' dir='ltr'><strong>Apostolus,</strong></span> <span class='ocrx_word' id='word_1_71' title='bbox 931 1345 1098 1401; x_wconf 73' lang='lat' dir='ltr'><strong>Multo</strong></span> <span class='ocrx_word' id='word_1_72' title='bbox 1123 1344 1283 1415; x_wconf 85' lang='lat' dir='ltr'><strong>magis</strong></span> <span class='ocrx_word' id='word_1_73' title='bbox 1305 1359 1417 1411; x_wconf 69' lang='lat' dir='ltr'><strong>qua:</strong></span> <span class='ocrx_word' id='word_1_74' title='bbox 1446 1341 1678 1397; x_wconf 73' lang='lat' dir='ltr'><strong>videntur</strong></span> <span class='ocrx_word' id='word_1_75' title='bbox 1719 1339 1925 1407; x_wconf 76' lang='lat' dir='ltr'><strong>inﬁrma</strong></span> <span class='ocrx_word' id='word_1_76' title='bbox 1968 1342 2075 1390; x_wconf 73' lang='lat' dir='ltr'><strong>esse</strong></span> 
     </span>
    </p>
   </div>
   <div class='ocr_carea' id='block_1_12' title="bbox 490 1438 2071 1512">
    <p class='ocr_par' dir='ltr' id='par_1_12' title="bbox 490 1438 2071 1512">
     <span class='ocr_line' id='line_1_12' title="bbox 490 1438 2071 1512; baseline -0.007 -19"><span class='ocrx_word' id='word_1_77' title='bbox 490 1443 719 1512; x_wconf 81' lang='lat' dir='ltr'><strong>corporis</strong></span> <span class='ocrx_word' id='word_1_78' title='bbox 756 1442 942 1508; x_wconf 79' lang='lat' dir='ltr'><strong>nostri,</strong></span> <span class='ocrx_word' id='word_1_79' title='bbox 972 1440 1080 1495; x_wconf 67' lang='lat' dir='ltr'><strong>haec</strong></span> <span class='ocrx_word' id='word_1_80' title='bbox 1133 1438 1416 1493; x_wconf 83' lang='lat' dir='ltr'><strong>necessaria</strong></span> <span class='ocrx_word' id='word_1_81' title='bbox 1457 1444 1575 1491; x_wconf 81' lang='lat' dir='ltr'><strong>sunt</strong></span> <span class='ocrx_word' id='word_1_82' title='bbox 1597 1443 1691 1491; x_wconf 87' lang='lat' dir='ltr'><strong>:et</strong></span> <span class='ocrx_word' id='word_1_83' title='bbox 1732 1438 1928 1486; x_wconf 64' lang='lat' dir='ltr'><strong>cretera</strong></span> <span class='ocrx_word' id='word_1_84' title='bbox 1950 1442 2071 1498; x_wconf 67' lang='lat' dir='ltr'><strong>qua:</strong></span> 
     </span>
    </p>
   </div>
   <div class='ocr_carea' id='block_1_13' title="bbox 494 1524 2072 1603">
    <p class='ocr_par' dir='ltr' id='par_1_13' title="bbox 494 1524 2072 1603">
     <span class='ocr_line' id='line_1_13' title="bbox 494 1524 2072 1603; baseline -0.01 -15"><span class='ocrx_word' id='word_1_85' title='bbox 494 1548 590 1603; x_wconf 90' lang='lat' dir='ltr'><strong>pro</strong></span> <span class='ocrx_word' id='word_1_86' title='bbox 619 1532 773 1588; x_wconf 89' lang='lat' dir='ltr'><strong>nobis</strong></span> <span class='ocrx_word' id='word_1_87' title='bbox 798 1532 914 1602; x_wconf 89' lang='lat' dir='ltr'><strong>ipse</strong></span> <span class='ocrx_word' id='word_1_88' title='bbox 949 1530 1191 1601; x_wconf 78' lang='lat' dir='ltr'><strong>posuisu.</strong></span> <span class='ocrx_word' id='word_1_89' title='bbox 1226 1528 1332 1584; x_wconf 86' lang='lat' dir='ltr'><strong>Sed</strong></span> <span class='ocrx_word' id='word_1_90' title='bbox 1357 1541 1533 1597; x_wconf 69' lang='lat' dir='ltr'><strong>operae</strong></span> <span class='ocrx_word' id='word_1_91' title='bbox 1560 1524 1787 1595; x_wconf 78' lang='lat' dir='ltr'><strong>pretium</strong></span> <span class='ocrx_word' id='word_1_92' title='bbox 1817 1530 1901 1577; x_wconf 89' lang='lat' dir='ltr'><strong>est</strong></span> <span class='ocrx_word' id='word_1_93' title='bbox 1942 1533 2072 1574; x_wconf 51' lang='lat' dir='ltr'><strong>conn</strong></span> 
     </span>
    </p>
   </div>
   <div class='ocr_carea' id='block_1_14' title="bbox 493 1611 2069 1695">
    <p class='ocr_par' dir='ltr' id='par_1_14' title="bbox 493 1611 2069 1695">
     <span class='ocr_line' id='line_1_14' title="bbox 493 1611 2069 1695; baseline -0.009 -16"><span class='ocrx_word' id='word_1_94' title='bbox 493 1626 756 1692; x_wconf 87' lang='lat' dir='ltr'><strong>siderare,</strong></span> <span class='ocrx_word' id='word_1_95' title='bbox 784 1623 1052 1695; x_wconf 88' lang='lat' dir='ltr'><strong>quomodo</strong></span> <span class='ocrx_word' id='word_1_96' title='bbox 1079 1638 1146 1680; x_wconf 91' lang='lat' dir='ltr'><strong>eo</strong></span> <span class='ocrx_word' id='word_1_97' title='bbox 1172 1620 1402 1686; x_wconf 83' lang='lat' dir='ltr'><strong>veneris,</strong></span> <span class='ocrx_word' id='word_1_98' title='bbox 1424 1628 1482 1674; x_wconf 88' lang='lat' dir='ltr'><strong>ut</strong></span> <span class='ocrx_word' id='word_1_99' title='bbox 1506 1617 1621 1673; x_wconf 67' lang='lat' dir='ltr'><strong>haec</strong></span> <span class='ocrx_word' id='word_1_100' title='bbox 1645 1616 1874 1671; x_wconf 77' lang='lat' dir='ltr'><strong>diceres.</strong></span> <span class='ocrx_word' id='word_1_101' title='bbox 1909 1630 1928 1664; x_wconf 76' lang='grc' dir='ltr'>ι</span> <span class='ocrx_word' id='word_1_102' title='bbox 1949 1611 2069 1667; x_wconf 78' lang='lat' dir='ltr'><strong>lam</strong></span> 
     </span>
    </p>
   </div>
   <div class='ocr_carea' id='block_1_15' title="bbox 490 1698 2069 1787">
    <p class='ocr_par' dir='ltr' id='par_1_15' title="bbox 490 1698 2069 1787">
     <span class='ocr_line' id='line_1_15' title="bbox 490 1698 2069 1787; baseline -0.01 -15"><span class='ocrx_word' id='word_1_103' title='bbox 490 1718 670 1787; x_wconf 90' lang='lat' dir='ltr'><strong>igitur,</strong></span> <span class='ocrx_word' id='word_1_104' title='bbox 700 1728 721 1771; x_wconf 72' lang='grc' dir='ltr'><strong><em>ι</em></strong></span> <span class='ocrx_word' id='word_1_105' title='bbox 751 1716 926 1787; x_wconf 86' lang='lat' dir='ltr'><strong>inquis</strong></span> <span class='ocrx_word' id='word_1_106' title='bbox 947 1757 963 1783; x_wconf 97' lang='lat'><strong>,</strong></span> <span class='ocrx_word' id='word_1_107' title='bbox 987 1698 1027 1766; x_wconf 55' lang='grc' dir='ltr'>ι’</span> <span class='ocrx_word' id='word_1_108' title='bbox 1052 1724 1261 1784; x_wconf 85' lang='lat' dir='ltr'><strong>tempus</strong></span> <span class='ocrx_word' id='word_1_109' title='bbox 1295 1719 1377 1766; x_wconf 90' lang='lat' dir='ltr'><strong>est</strong></span> <span class='ocrx_word' id='word_1_110' title='bbox 1425 1719 1482 1765; x_wconf 87' lang='lat' dir='ltr'><strong>ut</strong></span> <span class='ocrx_word' id='word_1_111' title='bbox 1530 1706 1873 1764; x_wconf 80' lang='lat' dir='ltr'><strong>ostendamus</strong></span> <span class='ocrx_word' id='word_1_112' title='bbox 1918 1711 2069 1758; x_wconf 79' lang='lat' dir='ltr'><strong>extra</strong></span> 
     </span>
    </p>
   </div>
   <div class='ocr_carea' id='block_1_16' title="bbox 490 1796 2063 1873">
    <p class='ocr_par' dir='ltr' id='par_1_16' title="bbox 490 1796 2063 1873">
     <span class='ocr_line' id='line_1_16' title="bbox 490 1796 2063 1873; baseline -0.009 -10"><span class='ocrx_word' id='word_1_113' title='bbox 490 1820 695 1865; x_wconf 64' lang='lat' dir='ltr'><strong>naturai</strong></span> <span class='ocrx_word' id='word_1_114' title='bbox 721 1808 1082 1865; x_wconf 87' lang='lat' dir='ltr'><strong>testimonium</strong></span> <span class='ocrx_word' id='word_1_115' title='bbox 1132 1807 1290 1861; x_wconf 85' lang='lat' dir='ltr'><strong>etiam</strong></span> <span class='ocrx_word' id='word_1_116' title='bbox 1333 1803 1507 1873; x_wconf 81' lang='lat' dir='ltr'><strong>aliqtta</strong></span> <span class='ocrx_word' id='word_1_117' title='bbox 1544 1801 1859 1857; x_wconf 84' lang='lat' dir='ltr'><strong>auctoritate</strong></span> <span class='ocrx_word' id='word_1_118' title='bbox 1908 1796 2063 1866; x_wconf 79' lang='lat' dir='ltr'><strong>legis,</strong></span> 
     </span>
    </p>
   </div>
   <div class='ocr_carea' id='block_1_17' title="bbox 489 1886 2060 1960">
    <p class='ocr_par' dir='ltr' id='par_1_17' title="bbox 489 1886 2060 1960">
     <span class='ocr_line' id='line_1_17' title="bbox 489 1886 2060 1960; baseline -0.011 -2"><span class='ocrx_word' id='word_1_119' title='bbox 489 1903 569 1958; x_wconf 86' lang='lat' dir='ltr'><strong>sic</strong></span> <span class='ocrx_word' id='word_1_120' title='bbox 593 1910 773 1957; x_wconf 85' lang='lat' dir='ltr'><strong>nostra</strong></span> <span class='ocrx_word' id='word_1_121' title='bbox 799 1899 1034 1955; x_wconf 80' lang='lat' dir='ltr'><strong>memina</strong></span> <span class='ocrx_word' id='word_1_122' title='bbox 1066 1897 1229 1952; x_wconf 81' lang='lat' dir='ltr'><strong>fuisse</strong></span> <span class='ocrx_word' id='word_1_123' title='bbox 1249 1895 1570 1960; x_wconf 61' lang='lat' dir='ltr'><strong>formata,,ut</strong></span> <span class='ocrx_word' id='word_1_124' title='bbox 1594 1892 1697 1946; x_wconf 86' lang='lat' dir='ltr'><strong>alia</strong></span> <span class='ocrx_word' id='word_1_125' title='bbox 1716 1886 2060 1952; x_wconf 79' lang='lat' dir='ltr'><strong>verecundia,</strong></span> 
     </span>
    </p>
   </div>
   <div class='ocr_carea' id='block_1_18' title="bbox 489 1980 2056 2060">
    <p class='ocr_par' dir='ltr' id='par_1_18' title="bbox 489 1980 2056 2060">
     <span class='ocr_line' id='line_1_18' title="bbox 489 1980 2056 2060; baseline -0.011 -12"><span class='ocrx_word' id='word_1_126' title='bbox 489 1994 593 2048; x_wconf 89' lang='lat' dir='ltr'><strong>alia</strong></span> <span class='ocrx_word' id='word_1_127' title='bbox 622 1993 867 2048; x_wconf 85' lang='lat' dir='ltr'><strong>libertate</strong></span> <span class='ocrx_word' id='word_1_128' title='bbox 894 1995 1206 2060; x_wconf 76' lang='lat' dir='ltr'><strong>gauderent.</strong></span> <span class='ocrx_word' id='word_1_129' title='bbox 1256 1985 1337 2039; x_wconf 85' lang='lat' dir='ltr'><strong>Ad</strong></span> <span class='ocrx_word' id='word_1_130' title='bbox 1382 1983 1524 2053; x_wconf 87' lang='lat' dir='ltr'><strong>quod</strong></span> <span class='ocrx_word' id='word_1_131' title='bbox 1554 1980 1996 2044; x_wconf 83' lang='lat' dir='ltr'><strong>conﬁrmandum,</strong></span> <span class='ocrx_word' id='word_1_132' title='bbox 2035 1993 2056 2031; x_wconf 80' lang='grc' dir='ltr'><strong><em>ι</em></strong></span> 
     </span>
    </p>
   </div>
   <div class='ocr_carea' id='block_1_19' title="bbox 489 2071 2069 2153">
    <p class='ocr_par' dir='ltr' id='par_1_19' title="bbox 489 2071 2069 2153">
     <span class='ocr_line' id='line_1_19' title="bbox 489 2071 2069 2153; baseline -0.009 -16"><span class='ocrx_word' id='word_1_133' title='bbox 489 2083 686 2153; x_wconf 88' lang='lat' dir='ltr'><strong>inquis,</strong></span> <span class='ocrx_word' id='word_1_134' title='bbox 721 2101 741 2134; x_wconf 75' lang='grc' dir='ltr'>ι</span> <span class='ocrx_word' id='word_1_135' title='bbox 763 2080 1012 2137; x_wconf 85' lang='lat' dir='ltr'><strong>Gentium</strong></span> <span class='ocrx_word' id='word_1_136' title='bbox 1033 2080 1223 2133; x_wconf 82' lang='lat' dir='ltr'><strong>citetur</strong></span> <span class='ocrx_word' id='word_1_137' title='bbox 1239 2076 1502 2145; x_wconf 77' lang='lat' dir='ltr'><strong>Magister,</strong></span> <span class='ocrx_word' id='word_1_138' title='bbox 1517 2075 1604 2144; x_wconf 85' lang='lat' dir='ltr'><strong>qui</strong></span> <span class='ocrx_word' id='word_1_139' title='bbox 1630 2073 1867 2128; x_wconf 87' lang='lat' dir='ltr'><strong>scribens</strong></span> <span class='ocrx_word' id='word_1_140' title='bbox 1882 2071 1949 2125; x_wconf 89' lang='lat' dir='ltr'><strong>ad</strong></span> <span class='ocrx_word' id='word_1_141' title='bbox 1967 2072 2069 2124; x_wconf 81' lang='lat' dir='ltr'><strong>Ctt-</strong></span> 
     </span>
    </p>
   </div>
   <div class='ocr_carea' id='block_1_20' title="bbox 488 2164 2066 2241">
    <p class='ocr_par' dir='ltr' id='par_1_20' title="bbox 488 2164 2066 2241">
     <span class='ocr_line' id='line_1_20' title="bbox 488 2164 2066 2241; baseline -0.01 -11"><span class='ocrx_word' id='word_1_142' title='bbox 488 2174 714 2233; x_wconf 88' lang='lat' dir='ltr'><strong>rlnthios</strong></span> <span class='ocrx_word' id='word_1_143' title='bbox 737 2172 829 2237; x_wconf 90' lang='lat' dir='ltr'><strong>ait,</strong></span> <span class='ocrx_word' id='word_1_144' title='bbox 860 2170 1056 2241; x_wconf 83' lang='lat' dir='ltr'><strong>Corpus</strong></span> <span class='ocrx_word' id='word_1_145' title='bbox 1083 2176 1310 2223; x_wconf 84' lang='lat' dir='ltr'><strong>nostrum</strong></span> <span class='ocrx_word' id='word_1_146' title='bbox 1338 2178 1439 2220; x_wconf 86' lang='lat' dir='ltr'><strong>non</strong></span> <span class='ocrx_word' id='word_1_147' title='bbox 1482 2175 1554 2220; x_wconf 81' lang='lat' dir='ltr'><strong>est</strong></span> <span class='ocrx_word' id='word_1_148' title='bbox 1593 2180 1749 2219; x_wconf 85' lang='lat' dir='ltr'><strong>unum</strong></span> <span class='ocrx_word' id='word_1_149' title='bbox 1770 2164 2066 2229; x_wconf 81' lang='lat' dir='ltr'><strong>membrum,</strong></span> 
     </span>
    </p>
   </div>
   <div class='ocr_carea' id='block_1_21' title="bbox 487 2256 2067 2331">
    <p class='ocr_par' dir='ltr' id='par_1_21' title="bbox 487 2256 2067 2331">
     <span class='ocr_line' id='line_1_21' title="bbox 487 2256 2067 2331; baseline -0.009 -6"><span class='ocrx_word' id='word_1_150' title='bbox 487 2271 575 2325; x_wconf 84' lang='lat' dir='ltr'><strong>sed</strong></span> <span class='ocrx_word' id='word_1_151' title='bbox 595 2269 775 2324; x_wconf 84' lang='lat' dir='ltr'><strong>multa.</strong></span> <span class='ocrx_word' id='word_1_152' title='bbox 812 2285 831 2320; x_wconf 73' lang='grc' dir='ltr'><strong>ι</strong></span> <span class='ocrx_word' id='word_1_153' title='bbox 857 2264 1078 2328; x_wconf 86' lang='lat' dir='ltr'><strong>Deinde,</strong></span> <span class='ocrx_word' id='word_1_154' title='bbox 1111 2278 1235 2318; x_wconf 90' lang='lat' dir='ltr'><strong>cum</strong></span> <span class='ocrx_word' id='word_1_155' title='bbox 1277 2260 1569 2331; x_wconf 87' lang='lat' dir='ltr'><strong>apostolica</strong></span> <span class='ocrx_word' id='word_1_156' title='bbox 1592 2258 1752 2314; x_wconf 85' lang='lat' dir='ltr'><strong>verba</strong></span> <span class='ocrx_word' id='word_1_157' title='bbox 1778 2256 2067 2313; x_wconf 59' lang='lat' dir='ltr'><strong>subnecte-4</strong></span> 
     </span>
    </p>
   </div>
   <div class='ocr_carea' id='block_1_22' title="bbox 486 2350 2072 2431">
    <p class='ocr_par' dir='ltr' id='par_1_22' title="bbox 486 2350 2072 2431">
     <span class='ocr_line' id='line_1_22' title="bbox 486 2350 2072 2431; baseline -0.009 -15"><span class='ocrx_word' id='word_1_158' title='bbox 486 2375 595 2426; x_wconf 87' lang='lat' dir='ltr'><strong>res,</strong></span> <span class='ocrx_word' id='word_1_159' title='bbox 617 2359 809 2431; x_wconf 89' lang='lat' dir='ltr'><strong>quibus</strong></span> <span class='ocrx_word' id='word_1_160' title='bbox 852 2358 941 2413; x_wconf 91' lang='lat' dir='ltr'><strong>ille</strong></span> <span class='ocrx_word' id='word_1_161' title='bbox 980 2353 1202 2411; x_wconf 78' lang='lat' dir='ltr'><strong>mirifice</strong></span> <span class='ocrx_word' id='word_1_162' title='bbox 1224 2351 1506 2422; x_wconf 77' lang='lat' dir='ltr'><strong>explicavit</strong></span> <span class='ocrx_word' id='word_1_163' title='bbox 1545 2350 1800 2405; x_wconf 85' lang='lat' dir='ltr'><strong>unitatem</strong></span> <span class='ocrx_word' id='word_1_164' title='bbox 1844 2360 2072 2404; x_wconf 86' lang='lat' dir='ltr'><strong>consen-</strong></span> 
     </span>
    </p>
   </div>
   <div class='ocr_carea' id='block_1_23' title="bbox 486 2439 2066 2523">
    <p class='ocr_par' dir='ltr' id='par_1_23' title="bbox 486 2439 2066 2523">
     <span class='ocr_line' id='line_1_23' title="bbox 486 2439 2066 2523; baseline -0.011 -14"><span class='ocrx_word' id='word_1_165' title='bbox 486 2467 712 2523; x_wconf 81' lang='lat' dir='ltr'><strong>sumque</strong></span> <span class='ocrx_word' id='word_1_166' title='bbox 767 2450 1127 2507; x_wconf 88' lang='lat' dir='ltr'><strong>membrorum</strong></span> <span class='ocrx_word' id='word_1_167' title='bbox 1165 2464 1179 2501; x_wconf 92' lang='lat'><strong>:</strong></span> <span class='ocrx_word' id='word_1_168' title='bbox 1216 2462 1236 2499; x_wconf 79' lang='grc' dir='ltr'>ι</span> <span class='ocrx_word' id='word_1_169' title='bbox 1290 2445 1360 2500; x_wconf 88' lang='lat' dir='ltr'><strong>Et</strong></span> <span class='ocrx_word' id='word_1_170' title='bbox 1400 2445 1523 2513; x_wconf 85' lang='lat' dir='ltr'><strong>quia</strong></span> <span class='ocrx_word' id='word_1_171' title='bbox 1575 2456 1779 2513; x_wconf 83' lang='lat' dir='ltr'><strong>pauca,</strong></span> <span class='ocrx_word' id='word_1_172' title='bbox 1815 2458 1836 2493; x_wconf 73' lang='grc' dir='ltr'><strong><em>ι</em></strong></span> <span class='ocrx_word' id='word_1_173' title='bbox 1871 2439 2066 2510; x_wconf 90' lang='lat' dir='ltr'><strong>inquis,</strong></span> 
     </span>
    </p>
   </div>
   <div class='ocr_carea' id='block_1_24' title="bbox 494 2535 2064 2612">
    <p class='ocr_par' dir='ltr' id='par_1_24' title="bbox 494 2535 2064 2612">
     <span class='ocr_line' id='line_1_24' title="bbox 494 2535 2064 2612; baseline -0.011 -12"><span class='ocrx_word' id='word_1_174' title='bbox 494 2545 711 2602; x_wconf 65' lang='lat' dir='ltr'><strong>«.totius</strong></span> <span class='ocrx_word' id='word_1_175' title='bbox 764 2542 1006 2612; x_wconf 89' lang='lat' dir='ltr'><strong>corporis</strong></span> <span class='ocrx_word' id='word_1_176' title='bbox 1051 2539 1289 2595; x_wconf 90' lang='lat' dir='ltr'><strong>membra</strong></span> <span class='ocrx_word' id='word_1_177' title='bbox 1338 2535 1723 2599; x_wconf 82' lang='lat' dir='ltr'><strong>nominaverat,</strong></span> <span class='ocrx_word' id='word_1_178' title='bbox 1754 2540 1915 2601; x_wconf 86' lang='lat' dir='ltr'><strong>atque</strong></span> <span class='ocrx_word' id='word_1_179' title='bbox 1966 2544 2064 2598; x_wconf 88' lang='lat' dir='ltr'><strong>pro</strong></span> 
     </span>
    </p>
   </div>
   <div class='ocr_carea' id='block_1_25' title="bbox 489 2622 2062 2704">
    <p class='ocr_par' dir='ltr' id='par_1_25' title="bbox 489 2622 2062 2704">
     <span class='ocr_line' id='line_1_25' title="bbox 489 2622 2062 2704; baseline -0.011 -12"><span class='ocrx_word' id='word_1_180' title='bbox 489 2654 582 2693; x_wconf 89' lang='lat' dir='ltr'><strong>sua</strong></span> <span class='ocrx_word' id='word_1_181' title='bbox 600 2637 878 2692; x_wconf 79' lang='lat' dir='ltr'><strong>honestate</strong></span> <span class='ocrx_word' id='word_1_182' title='bbox 893 2631 1142 2704; x_wconf 74' lang='lat' dir='ltr'><strong>genitalia</strong></span> <span class='ocrx_word' id='word_1_183' title='bbox 1161 2631 1275 2684; x_wconf 90' lang='lat' dir='ltr'><strong>loca</strong></span> <span class='ocrx_word' id='word_1_184' title='bbox 1291 2628 1491 2683; x_wconf 89' lang='lat' dir='ltr'><strong>directe</strong></span> <span class='ocrx_word' id='word_1_185' title='bbox 1500 2625 1769 2696; x_wconf 84' lang='lat' dir='ltr'><strong>appellare</strong></span> <span class='ocrx_word' id='word_1_186' title='bbox 1785 2622 2016 2677; x_wconf 87' lang='lat' dir='ltr'><strong>nolebat.</strong></span> <span class='ocrx_word' id='word_1_187' title='bbox 2041 2622 2062 2672; x_wconf 80' lang='lat' dir='ltr'><strong>i</strong></span> 
     </span>
    </p>
   </div>
   <div class='ocr_carea' id='block_1_26' title="bbox 489 2710 2068 2792">
    <p class='ocr_par' dir='ltr' id='par_1_26' title="bbox 489 2710 2068 2792">
     <span class='ocr_line' id='line_1_26' title="bbox 489 2710 2068 2792; baseline -0.011 -6"><span class='ocrx_word' id='word_1_188' title='bbox 489 2731 678 2787; x_wconf 88' lang='lat' dir='ltr'><strong>Nonne</strong></span> <span class='ocrx_word' id='word_1_189' title='bbox 706 2728 788 2783; x_wconf 89' lang='lat' dir='ltr'><strong>his</strong></span> <span class='ocrx_word' id='word_1_190' title='bbox 805 2726 982 2782; x_wconf 81' lang='lat' dir='ltr'><strong>verbis</strong></span> <span class='ocrx_word' id='word_1_191' title='bbox 1012 2724 1116 2779; x_wconf 88' lang='lat' dir='ltr'><strong>tuis</strong></span> <span class='ocrx_word' id='word_1_192' title='bbox 1139 2731 1192 2778; x_wconf 91' lang='lat' dir='ltr'><strong>te</strong></span> <span class='ocrx_word' id='word_1_193' title='bbox 1218 2722 1332 2792; x_wconf 86' lang='lat' dir='ltr'><strong>ipse</strong></span> <span class='ocrx_word' id='word_1_194' title='bbox 1348 2710 1661 2790; x_wconf 73' lang='lat' dir='ltr'><strong>redarguisi</strong></span> <span class='ocrx_word' id='word_1_195' title='bbox 1687 2717 1948 2772; x_wconf 84' lang='lat' dir='ltr'><strong>Honestas</strong></span> <span class='ocrx_word' id='word_1_196' title='bbox 1977 2729 2068 2770; x_wconf 90' lang='lat' dir='ltr'><strong>er-</strong></span> 
     </span>
    </p>
   </div>
   <div class='ocr_carea' id='block_1_27' title="bbox 489 2807 2065 2894">
    <p class='ocr_par' dir='ltr' id='par_1_27' title="bbox 489 2807 2065 2894">
     <span class='ocr_line' id='line_1_27' title="bbox 489 2807 2065 2894; baseline -0.012 -14"><span class='ocrx_word' id='word_1_197' title='bbox 489 2840 557 2894; x_wconf 82' lang='lat' dir='ltr'><strong>go</strong></span> <span class='ocrx_word' id='word_1_198' title='bbox 581 2830 697 2879; x_wconf 87' lang='lat' dir='ltr'><strong>erat</strong></span> <span class='ocrx_word' id='word_1_199' title='bbox 731 2816 1132 2889; x_wconf 85' lang='lat' dir='ltr'><strong>non&#39;appellare</strong></span> <span class='ocrx_word' id='word_1_200' title='bbox 1157 2816 1357 2870; x_wconf 85' lang='lat' dir='ltr'><strong>directe</strong></span> <span class='ocrx_word' id='word_1_201' title='bbox 1378 2844 1396 2880; x_wconf 85' lang='lat'><strong>,</strong></span> <span class='ocrx_word' id='word_1_202' title='bbox 1426 2811 1567 2884; x_wconf 87' lang='lat' dir='ltr'><strong>quod</strong></span> <span class='ocrx_word' id='word_1_203' title='bbox 1597 2810 1736 2866; x_wconf 86' lang='lat' dir='ltr'><strong>Deus</strong></span> <span class='ocrx_word' id='word_1_204' title='bbox 1763 2808 1940 2864; x_wconf 83' lang='lat' dir='ltr'><strong>facere</strong></span> <span class='ocrx_word' id='word_1_205' title='bbox 1980 2807 2065 2862; x_wconf 83' lang='lat' dir='ltr'><strong>di-</strong></span> 
     </span>
    </p>
   </div>
   <div class='ocr_carea' id='block_1_28' title="bbox 489 2900 2068 2985">
    <p class='ocr_par' dir='ltr' id='par_1_28' title="bbox 489 2900 2068 2985">
     <span class='ocr_line' id='line_1_28' title="bbox 489 2900 2068 2985; baseline -0.011 -15"><span class='ocrx_word' id='word_1_206' title='bbox 489 2924 680 2985; x_wconf 82' lang='lat' dir='ltr'><strong>gnatus</strong></span> <span class='ocrx_word' id='word_1_207' title='bbox 708 2923 789 2970; x_wconf 89' lang='lat' dir='ltr'><strong>est</strong></span> <span class='ocrx_word' id='word_1_208' title='bbox 809 2919 987 2976; x_wconf 89' lang='lat' dir='ltr'><strong>recte;</strong></span> <span class='ocrx_word' id='word_1_209' title='bbox 1018 2918 1072 2964; x_wconf 90' lang='lat' dir='ltr'><strong>et</strong></span> <span class='ocrx_word' id='word_1_210' title='bbox 1097 2908 1237 2980; x_wconf 89' lang='lat' dir='ltr'><strong>quod</strong></span> <span class='ocrx_word' id='word_1_211' title='bbox 1262 2921 1445 2962; x_wconf 87' lang='lat' dir='ltr'><strong>creare</strong></span> <span class='ocrx_word' id='word_1_212' title='bbox 1466 2914 1570 2960; x_wconf 87' lang='lat' dir='ltr'><strong>non</strong></span> <span class='ocrx_word' id='word_1_213' title='bbox 1594 2903 1856 2974; x_wconf 88' lang='lat' dir='ltr'><strong>puduerat</strong></span> <span class='ocrx_word' id='word_1_214' title='bbox 1892 2900 2068 2969; x_wconf 89' lang='lat' dir='ltr'><strong>ipsum</strong></span> 
     </span>
    </p>
   </div>
   <div class='ocr_carea' id='block_1_29' title="bbox 489 2992 2069 3076">
    <p class='ocr_par' dir='ltr' id='par_1_29' title="bbox 489 2992 2069 3076">
     <span class='ocr_line' id='line_1_29' title="bbox 489 2992 2069 3076; baseline -0.008 -16"><span class='ocrx_word' id='word_1_215' title='bbox 489 3005 743 3076; x_wconf 72' lang='lat' dir='ltr'><strong>iudicem,</strong></span> <span class='ocrx_word' id='word_1_216' title='bbox 773 3001 999 3074; x_wconf 86' lang='lat' dir='ltr'><strong>pudebat</strong></span> <span class='ocrx_word' id='word_1_217' title='bbox 1029 2999 1306 3057; x_wconf 88' lang='lat' dir='ltr'><strong>enuntiare</strong></span> <span class='ocrx_word' id='word_1_218' title='bbox 1325 3010 1648 3068; x_wconf 65' lang='lat' dir='ltr'><strong>praeconem,</strong></span> <span class='ocrx_word' id='word_1_219' title='bbox 1679 2992 1901 3062; x_wconf 74' lang='lat' dir='ltr'><strong>Quando</strong></span> <span class='ocrx_word' id='word_1_220' title='bbox 1929 2992 2069 3048; x_wconf 78' lang='lat' dir='ltr'><strong>istud</strong></span> 
     </span>
    </p>
   </div>
   <div class='ocr_carea' id='block_1_30' title="bbox 492 3084 2067 3164">
    <p class='ocr_par' dir='ltr' id='par_1_30' title="bbox 492 3084 2067 3164">
     <span class='ocr_line' id='line_1_30' title="bbox 492 3084 2067 3164; baseline -0.008 -12"><span class='ocrx_word' id='word_1_221' title='bbox 492 3100 563 3155; x_wconf 85' lang='lat' dir='ltr'><strong>ita</strong></span> <span class='ocrx_word' id='word_1_222' title='bbox 614 3106 774 3161; x_wconf 86' lang='lat' dir='ltr'><strong>esset,</strong></span> <span class='ocrx_word' id='word_1_223' title='bbox 829 3095 930 3150; x_wconf 83' lang='lat' dir='ltr'><strong>nisi</strong></span> <span class='ocrx_word' id='word_1_224' title='bbox 970 3106 1090 3164; x_wconf 67' lang='lat' dir='ltr'><strong>qua:</strong></span> <span class='ocrx_word' id='word_1_225' title='bbox 1149 3092 1236 3148; x_wconf 87' lang='lat' dir='ltr'><strong>ille</strong></span> <span class='ocrx_word' id='word_1_226' title='bbox 1286 3091 1481 3147; x_wconf 78' lang='lat' dir='ltr'><strong>fecerat</strong></span> <span class='ocrx_word' id='word_1_227' title='bbox 1514 3088 1737 3144; x_wconf 82' lang='lat' dir='ltr'><strong>hunesta</strong></span> <span class='ocrx_word' id='word_1_228' title='bbox 1770 3084 2067 3152; x_wconf 73' lang='lat' dir='ltr'><strong>condendo,</strong></span> 
     </span>
    </p>
   </div>
   <div class='ocr_carea' id='block_1_31' title="bbox 492 3182 1559 3254">
    <p class='ocr_par' dir='ltr' id='par_1_31' title="bbox 492 3182 1559 3254">
     <span class='ocr_line' id='line_1_31' title="bbox 492 3182 1559 3254; baseline -0.005 -12"><span class='ocrx_word' id='word_1_229' title='bbox 492 3206 592 3246; x_wconf 87' lang='lat' dir='ltr'><strong>nos</strong></span> <span class='ocrx_word' id='word_1_230' title='bbox 619 3190 928 3246; x_wconf 76' lang='lat' dir='ltr'><strong>fecissemus</strong></span> <span class='ocrx_word' id='word_1_231' title='bbox 949 3184 1223 3240; x_wconf 88' lang='lat' dir='ltr'><strong>inhonesta</strong></span> <span class='ocrx_word' id='word_1_232' title='bbox 1249 3182 1516 3254; x_wconf 87' lang='lat' dir='ltr'><strong>peccando</strong></span> <span class='ocrx_word' id='word_1_233' title='bbox 1535 3182 1559 3235; x_wconf 78' lang='lat' dir='ltr'><strong>‘i</strong></span> 
     </span>
    </p>
   </div>
   <div class='ocr_carea' id='block_1_32' title="bbox 563 3271 2072 3350">
    <p class='ocr_par' dir='ltr' id='par_1_32' title="bbox 563 3271 2072 3350">
     <span class='ocr_line' id='line_1_32' title="bbox 563 3271 2072 3350; baseline -0.011 -10"><span class='ocrx_word' id='word_1_234' title='bbox 563 3283 652 3340; x_wconf 87' lang='lat'><strong>80.</strong></span> <span class='ocrx_word' id='word_1_235' title='bbox 676 3282 803 3338; x_wconf 85' lang='lat' dir='ltr'><strong>lude</strong></span> <span class='ocrx_word' id='word_1_236' title='bbox 828 3279 1102 3350; x_wconf 83' lang='lat' dir='ltr'><strong>subjungis</strong></span> <span class='ocrx_word' id='word_1_237' title='bbox 1128 3278 1195 3333; x_wconf 88' lang='lat' dir='ltr'><strong>de</strong></span> <span class='ocrx_word' id='word_1_238' title='bbox 1224 3278 1323 3332; x_wconf 87' lang='lat' dir='ltr'><strong>hac</strong></span> <span class='ocrx_word' id='word_1_239' title='bbox 1360 3291 1421 3332; x_wconf 89' lang='lat' dir='ltr'><strong>re</strong></span> <span class='ocrx_word' id='word_1_240' title='bbox 1446 3273 1802 3345; x_wconf 88' lang='lat' dir='ltr'><strong>apostolicum</strong></span> <span class='ocrx_word' id='word_1_241' title='bbox 1834 3271 2072 3327; x_wconf 89' lang='lat' dir='ltr'><strong>testimo-</strong></span> 
     </span>
    </p>
   </div>
   <div class='ocr_carea' id='block_1_33' title="bbox 494 3362 2071 3445">
    <p class='ocr_par' dir='ltr' id='par_1_33' title="bbox 494 3362 2071 3445">
     <span class='ocr_line' id='line_1_33' title="bbox 494 3362 2071 3445; baseline -0.012 -11"><span class='ocrx_word' id='word_1_242' title='bbox 494 3376 663 3440; x_wconf 83' lang='lat' dir='ltr'><strong>nium,</strong></span> <span class='ocrx_word' id='word_1_243' title='bbox 693 3372 835 3445; x_wconf 89' lang='lat' dir='ltr'><strong>qnod</strong></span> <span class='ocrx_word' id='word_1_244' title='bbox 877 3373 948 3426; x_wconf 90' lang='lat' dir='ltr'><strong>ita</strong></span> <span class='ocrx_word' id='word_1_245' title='bbox 993 3370 1249 3440; x_wconf 89' lang='lat' dir='ltr'><strong>scriptum</strong></span> <span class='ocrx_word' id='word_1_246' title='bbox 1290 3382 1410 3424; x_wconf 84' lang='lat' dir='ltr'><strong>esse</strong></span> <span class='ocrx_word' id='word_1_247' title='bbox 1455 3374 1879 3422; x_wconf 78' lang='lat' dir='ltr'><strong>commemoras:</strong></span> <span class='ocrx_word' id='word_1_248' title='bbox 1906 3362 2071 3416; x_wconf 82' lang='lat' dir='ltr'><strong>Multo</strong></span> 
     </span>
    </p>
   </div>
   <div class='ocr_carea' id='block_1_34' title="bbox 495 3455 2069 3538">
    <p class='ocr_par' dir='ltr' id='par_1_34' title="bbox 495 3455 2069 3538">
     <span class='ocr_line' id='line_1_34' title="bbox 495 3455 2069 3538; baseline -0.012 -14"><span class='ocrx_word' id='word_1_249' title='bbox 495 3470 628 3524; x_wconf 84' lang='lat' dir='ltr'><strong>enim</strong></span> <span class='ocrx_word' id='word_1_250' title='bbox 656 3467 816 3538; x_wconf 83' lang='lat' dir='ltr'><strong>magis</strong></span> <span class='ocrx_word' id='word_1_251' title='bbox 852 3478 966 3536; x_wconf 70' lang='lat' dir='ltr'><strong>qua</strong></span> <span class='ocrx_word' id='word_1_252' title='bbox 988 3462 1215 3517; x_wconf 77' lang='lat' dir='ltr'><strong>uidentur</strong></span> <span class='ocrx_word' id='word_1_253' title='bbox 1239 3460 1444 3527; x_wconf 75' lang='lat' dir='ltr'><strong>inﬁrma</strong></span> <span class='ocrx_word' id='word_1_254' title='bbox 1465 3473 1572 3512; x_wconf 84' lang='lat' dir='ltr'><strong>esse</strong></span> <span class='ocrx_word' id='word_1_255' title='bbox 1616 3456 1845 3527; x_wconf 83' lang='lat' dir='ltr'><strong>corporis</strong></span> <span class='ocrx_word' id='word_1_256' title='bbox 1890 3455 2069 3520; x_wconf 86' lang='lat' dir='ltr'><strong>nostri,</strong></span> 
     </span>
    </p>
   </div>
   <div class='ocr_carea' id='block_1_35' title="bbox 495 3545 2071 3622">
    <p class='ocr_par' dir='ltr' id='par_1_35' title="bbox 495 3545 2071 3622">
     <span class='ocr_line' id='line_1_35' title="bbox 495 3545 2071 3622; baseline -0.013 -5"><span class='ocrx_word' id='word_1_257' title='bbox 495 3563 603 3617; x_wconf 67' lang='lat' dir='ltr'><strong>haec</strong></span> <span class='ocrx_word' id='word_1_258' title='bbox 621 3558 900 3615; x_wconf 85' lang='lat' dir='ltr'><strong>necessaria</strong></span> <span class='ocrx_word' id='word_1_259' title='bbox 921 3564 1037 3612; x_wconf 85' lang='lat' dir='ltr'><strong>sunt</strong></span> <span class='ocrx_word' id='word_1_260' title='bbox 1063 3571 1082 3608; x_wconf 92' lang='lat'><strong>:</strong></span> <span class='ocrx_word' id='word_1_261' title='bbox 1107 3563 1152 3609; x_wconf 86' lang='lat' dir='ltr'><strong>et</strong></span> <span class='ocrx_word' id='word_1_262' title='bbox 1175 3567 1286 3622; x_wconf 71' lang='lat' dir='ltr'><strong>qua:</strong></span> <span class='ocrx_word' id='word_1_263' title='bbox 1323 3556 1558 3620; x_wconf 81' lang='lat' dir='ltr'><strong>putamus</strong></span> <span class='ocrx_word' id='word_1_264' title='bbox 1597 3545 2031 3604; x_wconf 79' lang='lat' dir='ltr'><strong>inhonorabih&#39;ora</strong></span> <span class='ocrx_word' id='word_1_265' title='bbox 2051 3546 2071 3578; x_wconf 76' lang='grc' dir='ltr'><strong><em>ι</em></strong></span> 
     </span>
    </p>
   </div>
   <div class='ocr_carea' id='block_1_36' title="bbox 494 3636 2074 3715">
    <p class='ocr_par' dir='ltr' id='par_1_36' title="bbox 494 3636 2074 3715">
     <span class='ocr_line' id='line_1_36' title="bbox 494 3636 2074 3715; baseline -0.013 -7"><span class='ocrx_word' id='word_1_266' title='bbox 494 3669 603 3708; x_wconf 84' lang='lat' dir='ltr'><strong>esse</strong></span> <span class='ocrx_word' id='word_1_267' title='bbox 622 3649 843 3705; x_wconf 87' lang='lat' dir='ltr'><strong>membra</strong></span> <span class='ocrx_word' id='word_1_268' title='bbox 886 3645 1134 3715; x_wconf 83' lang='lat' dir='ltr'><strong>corporis,</strong></span> <span class='ocrx_word' id='word_1_269' title='bbox 1156 3643 1235 3698; x_wconf 92' lang='lat' dir='ltr'><strong>his</strong></span> <span class='ocrx_word' id='word_1_270' title='bbox 1264 3641 1503 3695; x_wconf 84' lang='lat' dir='ltr'><strong>honorem</strong></span> <span class='ocrx_word' id='word_1_271' title='bbox 1530 3638 1946 3694; x_wconf 74' lang='lat' dir='ltr'><strong>abundantiorem</strong></span> <span class='ocrx_word' id='word_1_272' title='bbox 1973 3636 2074 3690; x_wconf 84' lang='lat' dir='ltr'><strong>cir-</strong></span> 
     </span>
    </p>
   </div>
   <div class='ocr_carea' id='block_1_37' title="bbox 493 3730 2076 3806">
    <p class='ocr_par' dir='ltr' id='par_1_37' title="bbox 493 3730 2076 3806">
     <span class='ocr_line' id='line_1_37' title="bbox 493 3730 2076 3806; baseline -0.009 -9"><span class='ocrx_word' id='word_1_273' title='bbox 493 3742 830 3804; x_wconf 82' lang='lat' dir='ltr'><strong>cumdamus;</strong></span> <span class='ocrx_word' id='word_1_274' title='bbox 868 3745 916 3792; x_wconf 86' lang='lat' dir='ltr'><strong>et</strong></span> <span class='ocrx_word' id='word_1_275' title='bbox 939 3751 1051 3806; x_wconf 72' lang='lat' dir='ltr'><strong>qua:</strong></span> <span class='ocrx_word' id='word_1_276' title='bbox 1098 3734 1379 3790; x_wconf 74' lang='lat' dir='ltr'><strong>uerecunda</strong></span> <span class='ocrx_word' id='word_1_277' title='bbox 1427 3741 1545 3789; x_wconf 82' lang='lat' dir='ltr'><strong>sunt</strong></span> <span class='ocrx_word' id='word_1_278' title='bbox 1593 3741 1787 3796; x_wconf 84' lang='lat' dir='ltr'><strong>nostra,</strong></span> <span class='ocrx_word' id='word_1_279' title='bbox 1829 3730 2076 3799; x_wconf 75' lang='lat' dir='ltr'><strong>majorem</strong></span> 
     </span>
    </p>
   </div>
   <div class='ocr_carea' id='block_1_38' title="bbox 498 3822 2069 3896">
    <p class='ocr_par' dir='ltr' id='par_1_38' title="bbox 498 3822 2069 3896">
     <span class='ocr_line' id='line_1_38' title="bbox 498 3822 2069 3896; baseline -0.009 -9"><span class='ocrx_word' id='word_1_280' title='bbox 498 3834 807 3889; x_wconf 81' lang='lat' dir='ltr'><strong>honestatem</strong></span> <span class='ocrx_word' id='word_1_281' title='bbox 840 3827 1069 3882; x_wconf 81' lang='lat' dir='ltr'><strong>habent:</strong></span> <span class='ocrx_word' id='word_1_282' title='bbox 1094 3839 1207 3896; x_wconf 67' lang='lat' dir='ltr'><strong>qua</strong></span> <span class='ocrx_word' id='word_1_283' title='bbox 1243 3833 1409 3878; x_wconf 78' lang='lat' dir='ltr'><strong>autem</strong></span> <span class='ocrx_word' id='word_1_284' title='bbox 1455 3831 1573 3877; x_wconf 86' lang='lat' dir='ltr'><strong>sunt</strong></span> <span class='ocrx_word' id='word_1_285' title='bbox 1614 3822 1824 3876; x_wconf 82' lang='lat' dir='ltr'><strong>honesta</strong></span> <span class='ocrx_word' id='word_1_286' title='bbox 1872 3829 2069 3885; x_wconf 84' lang='lat' dir='ltr'><strong>nostra,</strong></span> 
     </span>
    </p>
   </div>
   <div class='ocr_carea' id='block_1_39' title="bbox 495 3914 2073 3998">
    <p class='ocr_par' dir='ltr' id='par_1_39' title="bbox 495 3914 2073 3998">
     <span class='ocr_line' id='line_1_39' title="bbox 495 3914 2073 3998; baseline -0.01 -15"><span class='ocrx_word' id='word_1_287' title='bbox 495 3929 637 3985; x_wconf 81' lang='lat' dir='ltr'><strong>nullo</strong></span> <span class='ocrx_word' id='word_1_288' title='bbox 664 3934 805 3998; x_wconf 88' lang='lat' dir='ltr'><strong>egent</strong></span> <span class='ocrx_word' id='word_1_289' title='bbox 828 3939 847 3988; x_wconf 84' lang='lat'><strong><em>;</em></strong></span> <span class='ocrx_word' id='word_1_290' title='bbox 870 3922 958 3980; x_wconf 89' lang='lat' dir='ltr'><strong>sed</strong></span> <span class='ocrx_word' id='word_1_291' title='bbox 1003 3920 1142 3976; x_wconf 85' lang='lat' dir='ltr'><strong>Deus</strong></span> <span class='ocrx_word' id='word_1_292' title='bbox 1171 3918 1461 3988; x_wconf 80' lang='lat' dir='ltr'><strong>temperavit</strong></span> <span class='ocrx_word' id='word_1_293' title='bbox 1491 3926 1696 3987; x_wconf 77' lang='lat' dir='ltr'><strong>corpus,</strong></span> <span class='ocrx_word' id='word_1_294' title='bbox 1727 3916 1771 3970; x_wconf 84' lang='lat' dir='ltr'><strong>ei</strong></span> <span class='ocrx_word' id='word_1_295' title='bbox 1799 3915 1878 3968; x_wconf 83' lang='lat' dir='ltr'><strong>cui</strong></span> <span class='ocrx_word' id='word_1_296' title='bbox 1903 3914 2073 3968; x_wconf 81' lang='lat' dir='ltr'><strong>deerat</strong></span> 
     </span>
    </p>
   </div>
   <div class='ocr_carea' id='block_1_40' title="bbox 496 4005 2066 4076">
    <p class='ocr_par' dir='ltr' id='par_1_40' title="bbox 496 4005 2066 4076">
     <span class='ocr_line' id='line_1_40' title="bbox 496 4005 2066 4076; baseline -0.014 1"><span class='ocrx_word' id='word_1_297' title='bbox 496 4017 861 4076; x_wconf 68' lang='lat' dir='ltr'><strong>abundantiam</strong></span> <span class='ocrx_word' id='word_1_298' title='bbox 879 4015 997 4069; x_wconf 87' lang='lat' dir='ltr'><strong>dato</strong></span> <span class='ocrx_word' id='word_1_299' title='bbox 1024 4012 1213 4066; x_wconf 81' lang='lat' dir='ltr'><strong>honore</strong></span> <span class='ocrx_word' id='word_1_300' title='bbox 1240 4011 1283 4075; x_wconf 79' lang='grc'><strong>⁸,</strong></span> <span class='ocrx_word' id='word_1_301' title='bbox 1304 4017 1361 4062; x_wconf 84' lang='lat' dir='ltr'><strong>ut</strong></span> <span class='ocrx_word' id='word_1_302' title='bbox 1388 4022 1489 4063; x_wconf 89' lang='lat' dir='ltr'><strong>non</strong></span> <span class='ocrx_word' id='word_1_303' title='bbox 1522 4007 1588 4062; x_wconf 88' lang='lat' dir='ltr'><strong>sit</strong></span> <span class='ocrx_word' id='word_1_304' title='bbox 1624 4006 1846 4060; x_wconf 81' lang='lat' dir='ltr'><strong>scissura</strong></span> <span class='ocrx_word' id='word_1_305' title='bbox 1871 4005 1925 4058; x_wconf 87' lang='lat' dir='ltr'><strong>in</strong></span> <span class='ocrx_word' id='word_1_306' title='bbox 1951 4019 2066 4057; x_wconf 85' lang='lat' dir='ltr'><strong>cor-</strong></span> 
     </span>
    </p>
   </div>
   <div class='ocr_carea' id='block_1_41' title="bbox 500 4098 2077 4187">
    <p class='ocr_par' dir='ltr' id='par_1_41' title="bbox 500 4098 2077 4187">
     <span class='ocr_line' id='line_1_41' title="bbox 500 4098 2077 4187; baseline -0.012 -16"><span class='ocrx_word' id='word_1_307' title='bbox 500 4131 641 4187; x_wconf 85' lang='lat' dir='ltr'><strong>pore,</strong></span> <span class='ocrx_word' id='word_1_308' title='bbox 662 4112 749 4169; x_wconf 84' lang='lat' dir='ltr'><strong>sed</strong></span> <span class='ocrx_word' id='word_1_309' title='bbox 769 4109 943 4165; x_wconf 88' lang='lat' dir='ltr'><strong>eadem</strong></span> <span class='ocrx_word' id='word_1_310' title='bbox 978 4107 1091 4175; x_wconf 85' lang='lat' dir='ltr'><strong>ipsa</strong></span> <span class='ocrx_word' id='word_1_311' title='bbox 1133 4119 1226 4174; x_wconf 81' lang='lat' dir='ltr'><strong>pro</strong></span> <span class='ocrx_word' id='word_1_312' title='bbox 1250 4119 1303 4158; x_wconf 85' lang='lat' dir='ltr'><strong>se</strong></span> <span class='ocrx_word' id='word_1_313' title='bbox 1330 4101 1541 4156; x_wconf 78' lang='lat' dir='ltr'><strong>invicem</strong></span> <span class='ocrx_word' id='word_1_314' title='bbox 1588 4099 1804 4169; x_wconf 79' lang='lat' dir='ltr'><strong>cogitent</strong></span> <span class='ocrx_word' id='word_1_315' title='bbox 1851 4098 2077 4152; x_wconf 84' lang='lat' dir='ltr'><strong>membra</strong></span> 
     </span>
    </p>
   </div>
   <div class='ocr_carea' id='block_1_42' title="bbox 505 4189 2077 4278">
    <p class='ocr_par' dir='ltr' id='par_1_42' title="bbox 505 4189 2077 4278">
     <span class='ocr_line' id='line_1_42' title="bbox 505 4189 2077 4278; baseline -0.014 -14"><span class='ocrx_word' id='word_1_316' title='bbox 505 4205 561 4278; x_wconf 82' lang='grc' dir='ltr'>(Ι</span> <span class='ocrx_word' id='word_1_317' title='bbox 591 4203 706 4258; x_wconf 87' lang='lat' dir='ltr'><strong>Cor.</strong></span> <span class='ocrx_word' id='word_1_318' title='bbox 738 4217 833 4266; x_wconf 90' lang='lat' dir='ltr'><strong>xu,</strong></span> <span class='ocrx_word' id='word_1_319' title='bbox 861 4198 946 4263; x_wconf 70' lang='lat' dir='ltr'><strong>l2,</strong></span> <span class='ocrx_word' id='word_1_320' title='bbox 969 4194 1138 4250; x_wconf 71' lang='lat'><strong>22-25</strong></span> <span class='ocrx_word' id='word_1_321' title='bbox 1158 4191 1200 4266; x_wconf 93' lang='lat'><strong>).</strong></span> <span class='ocrx_word' id='word_1_322' title='bbox 1232 4192 1433 4261; x_wconf 81' lang='lat' dir='ltr'><strong>Quibus</strong></span> <span class='ocrx_word' id='word_1_323' title='bbox 1458 4190 1615 4246; x_wconf 86' lang='lat' dir='ltr'><strong>dictis</strong></span> <span class='ocrx_word' id='word_1_324' title='bbox 1636 4198 1883 4260; x_wconf 88' lang='lat' dir='ltr'><strong>tanquam</strong></span> <span class='ocrx_word' id='word_1_325' title='bbox 1904 4189 2077 4244; x_wconf 88' lang='lat' dir='ltr'><strong>victor</strong></span> 
     </span>
    </p>
   </div>
   <div class='ocr_carea' id='block_1_43' title="bbox 500 4280 2076 4352">
    <p class='ocr_par' dir='ltr' id='par_1_43' title="bbox 500 4280 2076 4352">
     <span class='ocr_line' id='line_1_43' title="bbox 500 4280 2076 4352; baseline -0.011 0"><span class='ocrx_word' id='word_1_326' title='bbox 500 4295 768 4352; x_wconf 87' lang='lat' dir='ltr'><strong>exclamas</strong></span> <span class='ocrx_word' id='word_1_327' title='bbox 800 4308 814 4346; x_wconf 92' lang='lat'><strong>:</strong></span> <span class='ocrx_word' id='word_1_328' title='bbox 856 4308 877 4343; x_wconf 73' lang='grc' dir='ltr'>ι</span> <span class='ocrx_word' id='word_1_329' title='bbox 916 4288 994 4343; x_wconf 82' lang='lat' dir='ltr'><strong>En</strong></span> <span class='ocrx_word' id='word_1_330' title='bbox 1037 4298 1225 4343; x_wconf 90' lang='lat' dir='ltr'><strong>verum</strong></span> <span class='ocrx_word' id='word_1_331' title='bbox 1262 4283 1646 4338; x_wconf 90' lang='lat' dir='ltr'><strong>intellectorem</strong></span> <span class='ocrx_word' id='word_1_332' title='bbox 1672 4280 1848 4350; x_wconf 87' lang='lat' dir='ltr'><strong>operis</strong></span> <span class='ocrx_word' id='word_1_333' title='bbox 1870 4280 1984 4347; x_wconf 88' lang='lat' dir='ltr'><strong>Dei,</strong></span> <span class='ocrx_word' id='word_1_334' title='bbox 2007 4293 2076 4334; x_wconf 91' lang='lat' dir='ltr'><strong>en</strong></span> 
     </span>
    </p>
   </div>
   <div class='ocr_carea' id='block_1_44' title="bbox 502 4371 2072 4455">
    <p class='ocr_par' dir='ltr' id='par_1_44' title="bbox 502 4371 2072 4455">
     <span class='ocr_line' id='line_1_44' title="bbox 502 4371 2072 4455; baseline -0.015 -8"><span class='ocrx_word' id='word_1_335' title='bbox 502 4389 710 4451; x_wconf 83' lang='lat' dir='ltr'><strong>ﬁdelem</strong></span> <span class='ocrx_word' id='word_1_336' title='bbox 742 4382 1014 4455; x_wconf 64' lang='lat' dir='ltr'><strong>sapientiae</strong></span> <span class='ocrx_word' id='word_1_337' title='bbox 1042 4379 1158 4450; x_wconf 86' lang='lat' dir='ltr'><strong>ejus</strong></span> <span class='ocrx_word' id='word_1_338' title='bbox 1206 4376 1631 4448; x_wconf 75' lang='lat' dir='ltr'><strong>praedicatorem.</strong></span> <span class='ocrx_word' id='word_1_339' title='bbox 1677 4371 2072 4437; x_wconf 81' lang='lat' dir='ltr'><strong>Verecundiam,</strong></span> 
     </span>
    </p>
   </div>
   <div class='ocr_carea' id='block_1_45' title="bbox 500 4461 2074 4552">
    <p class='ocr_par' dir='ltr' id='par_1_45' title="bbox 500 4461 2074 4552">
     <span class='ocr_line' id='line_1_45' title="bbox 500 4461 2074 4552; baseline -0.015 -14"><span class='ocrx_word' id='word_1_340' title='bbox 500 4480 693 4552; x_wconf 88' lang='lat' dir='ltr'><strong>inquit,</strong></span> <span class='ocrx_word' id='word_1_341' title='bbox 722 4485 894 4532; x_wconf 87' lang='lat' dir='ltr'><strong>nostra</strong></span> <span class='ocrx_word' id='word_1_342' title='bbox 916 4472 1111 4542; x_wconf 78' lang='lat' dir='ltr'><strong>majore</strong></span> <span class='ocrx_word' id='word_1_343' title='bbox 1151 4467 1409 4522; x_wconf 80' lang='lat' dir='ltr'><strong>honestate</strong></span> <span class='ocrx_word' id='word_1_344' title='bbox 1430 4471 1780 4535; x_wconf 73' lang='lat' dir='ltr'><strong>conteguntur.</strong></span> <span class='ocrx_word' id='word_1_345' title='bbox 1815 4478 1835 4516; x_wconf 71' lang='grc' dir='ltr'><strong><em>ι</em></strong></span> <span class='ocrx_word' id='word_1_346' title='bbox 1862 4461 1944 4516; x_wconf 90' lang='lat' dir='ltr'><strong>Ad</strong></span> <span class='ocrx_word' id='word_1_347' title='bbox 1969 4461 2074 4552; x_wconf 81' lang='lat' dir='ltr'><strong>hoc</strong></span> 
     </span>
    </p>
   </div>
   <div class='ocr_carea' id='block_1_46' title="bbox 501 4551 2076 4630">
    <p class='ocr_par' dir='ltr' id='par_1_46' title="bbox 501 4551 2076 4630">
     <span class='ocr_line' id='line_1_46' title="bbox 501 4551 2076 4630; baseline -0.017 0"><span class='ocrx_word' id='word_1_348' title='bbox 501 4551 646 4630; x_wconf 80' lang='lat' dir='ltr'><strong>certe</strong></span> <span class='ocrx_word' id='word_1_349' title='bbox 672 4583 833 4626; x_wconf 90' lang='lat' dir='ltr'><strong>unum</strong></span> <span class='ocrx_word' id='word_1_350' title='bbox 854 4564 1075 4621; x_wconf 82' lang='lat' dir='ltr'><strong>verbum</strong></span> <span class='ocrx_word' id='word_1_351' title='bbox 1123 4568 1287 4615; x_wconf 86' lang='lat' dir='ltr'><strong>totam</strong></span> <span class='ocrx_word' id='word_1_352' title='bbox 1335 4570 1549 4612; x_wconf 85' lang='lat' dir='ltr'><strong>causam</strong></span> <span class='ocrx_word' id='word_1_353' title='bbox 1578 4563 1721 4609; x_wconf 88' lang='lat' dir='ltr'><strong>tuam</strong></span> <span class='ocrx_word' id='word_1_354' title='bbox 1749 4551 2076 4623; x_wconf 84' lang='lat' dir='ltr'><strong>religandam</strong></span> 
     </span>
    </p>
   </div>
   <div class='ocr_carea' id='block_1_47' title="bbox 503 4641 2078 4735">
    <p class='ocr_par' dir='ltr' id='par_1_47' title="bbox 503 4641 2078 4735">
     <span class='ocr_line' id='line_1_47' title="bbox 503 4641 2078 4735; baseline -0.017 -15"><span class='ocrx_word' id='word_1_355' title='bbox 503 4661 718 4735; x_wconf 84' lang='lat' dir='ltr'><strong>putasti,</strong></span> <span class='ocrx_word' id='word_1_356' title='bbox 739 4656 879 4728; x_wconf 90' lang='lat' dir='ltr'><strong>quod</strong></span> <span class='ocrx_word' id='word_1_357' title='bbox 910 4650 1220 4724; x_wconf 84' lang='lat' dir='ltr'><strong>Apostolnm</strong></span> <span class='ocrx_word' id='word_1_358' title='bbox 1267 4647 1467 4703; x_wconf 77' lang='lat' dir='ltr'><strong>dixisse</strong></span> <span class='ocrx_word' id='word_1_359' title='bbox 1498 4644 1693 4715; x_wconf 87' lang='lat' dir='ltr'><strong>legisti,</strong></span> <span class='ocrx_word' id='word_1_360' title='bbox 1719 4641 2078 4735; x_wconf 80' lang='lat' dir='ltr'><strong>verecundiam</strong></span> 
     </span>
    </p>
   </div>
   <div class='ocr_carea' id='block_1_48' title="bbox 502 4734 2078 4815">
    <p class='ocr_par' dir='ltr' id='par_1_48' title="bbox 502 4734 2078 4815">
     <span class='ocr_line' id='line_1_48' title="bbox 502 4734 2078 4815; baseline -0.016 -4"><span class='ocrx_word' id='word_1_361' title='bbox 502 4734 691 4810; x_wconf 85' lang='lat' dir='ltr'><strong>nostra.</strong></span> <span class='ocrx_word' id='word_1_362' title='bbox 718 4750 776 4806; x_wconf 89' lang='lat' dir='ltr'><strong>Si</strong></span> <span class='ocrx_word' id='word_1_363' title='bbox 799 4756 977 4805; x_wconf 86' lang='lat' dir='ltr'><strong>autem</strong></span> <span class='ocrx_word' id='word_1_364' title='bbox 1000 4743 1240 4815; x_wconf 82' lang='lat' dir='ltr'><strong>legisses,</strong></span> <span class='ocrx_word' id='word_1_365' title='bbox 1285 4740 1548 4794; x_wconf 85' lang='lat' dir='ltr'><strong>inhonesta</strong></span> <span class='ocrx_word' id='word_1_366' title='bbox 1572 4745 1762 4799; x_wconf 88' lang='lat' dir='ltr'><strong>nostra,</strong></span> <span class='ocrx_word' id='word_1_367' title='bbox 1792 4734 1939 4792; x_wconf 90' lang='lat' dir='ltr'><strong>nullo</strong></span> <span class='ocrx_word' id='word_1_368' title='bbox 1962 4748 2078 4787; x_wconf 88' lang='lat' dir='ltr'><strong>mo-</strong></span> 
     </span>
    </p>
   </div>
   <div class='ocr_carea' id='block_1_49' title="bbox 502 4824 2076 4913">
    <p class='ocr_par' dir='ltr' id='par_1_49' title="bbox 502 4824 2076 4913">
     <span class='ocr_line' id='line_1_49' title="bbox 502 4824 2076 4913; baseline -0.015 -10"><span class='ocrx_word' id='word_1_369' title='bbox 502 4847 572 4903; x_wconf 91' lang='lat' dir='ltr'><strong>do</strong></span> <span class='ocrx_word' id='word_1_370' title='bbox 592 4845 773 4913; x_wconf 86' lang='lat' dir='ltr'><strong>utique</strong></span> <span class='ocrx_word' id='word_1_371' title='bbox 824 4840 925 4893; x_wconf 90' lang='lat' dir='ltr'><strong>hoc</strong></span> <span class='ocrx_word' id='word_1_372' title='bbox 979 4833 1336 4892; x_wconf 85' lang='lat' dir='ltr'><strong>testimonium</strong></span> <span class='ocrx_word' id='word_1_373' title='bbox 1387 4844 1588 4901; x_wconf 89' lang='lat' dir='ltr'><strong>ponere</strong></span> <span class='ocrx_word' id='word_1_374' title='bbox 1631 4826 1874 4882; x_wconf 89' lang='lat' dir='ltr'><strong>auderes.</strong></span> <span class='ocrx_word' id='word_1_375' title='bbox 1920 4824 2076 4879; x_wconf 86' lang='lat' dir='ltr'><strong>Nullo</strong></span> 
     </span>
    </p>
   </div>
   <div class='ocr_carea' id='block_1_50' title="bbox 504 4918 2079 4995">
    <p class='ocr_par' dir='ltr' id='par_1_50' title="bbox 504 4918 2079 4995">
     <span class='ocr_line' id='line_1_50' title="bbox 504 4918 2079 4995; baseline -0.014 -3"><span class='ocrx_word' id='word_1_376' title='bbox 504 4937 665 4991; x_wconf 85' lang='lat' dir='ltr'><strong>modo</strong></span> <span class='ocrx_word' id='word_1_377' title='bbox 688 4933 830 4988; x_wconf 89' lang='lat' dir='ltr'><strong>enim</strong></span> <span class='ocrx_word' id='word_1_378' title='bbox 861 4930 1024 4995; x_wconf 88' lang='lat' dir='ltr'><strong>Deus,</strong></span> <span class='ocrx_word' id='word_1_379' title='bbox 1046 4933 1124 4994; x_wconf 91' lang='lat' dir='ltr'><strong>et,</strong></span> <span class='ocrx_word' id='word_1_380' title='bbox 1153 4924 1255 4980; x_wconf 91' lang='lat' dir='ltr'><strong>hoc</strong></span> <span class='ocrx_word' id='word_1_381' title='bbox 1278 4920 1419 4993; x_wconf 90' lang='lat' dir='ltr'><strong>quod</strong></span> <span class='ocrx_word' id='word_1_382' title='bbox 1446 4929 1528 4975; x_wconf 84' lang='lat' dir='ltr'><strong>est</strong></span> <span class='ocrx_word' id='word_1_383' title='bbox 1552 4918 1720 4989; x_wconf 82' lang='lat' dir='ltr'><strong>pejus,</strong></span> <span class='ocrx_word' id='word_1_384' title='bbox 1750 4926 1873 4971; x_wconf 88' lang='lat' dir='ltr'><strong>ante</strong></span> <span class='ocrx_word' id='word_1_385' title='bbox 1891 4930 2079 4987; x_wconf 86' lang='lat' dir='ltr'><strong>pecca-</strong></span> 
     </span>
    </p>
   </div>
   <div class='ocr_carea' id='block_1_51' title="bbox 506 5007 2081 5093">
    <p class='ocr_par' dir='ltr' id='par_1_51' title="bbox 506 5007 2081 5093">
     <span class='ocr_line' id='line_1_51' title="bbox 506 5007 2081 5093; baseline -0.013 -12"><span class='ocrx_word' id='word_1_386' title='bbox 506 5038 640 5091; x_wconf 89' lang='lat' dir='ltr'><strong>tum,</strong></span> <span class='ocrx_word' id='word_1_387' title='bbox 671 5021 868 5093; x_wconf 86' lang='lat' dir='ltr'><strong>aliquid</strong></span> <span class='ocrx_word' id='word_1_388' title='bbox 910 5021 1107 5074; x_wconf 84' lang='lat' dir='ltr'><strong>faceret</strong></span> <span class='ocrx_word' id='word_1_389' title='bbox 1133 5017 1185 5070; x_wconf 92' lang='lat' dir='ltr'><strong>in</strong></span> <span class='ocrx_word' id='word_1_390' title='bbox 1215 5011 1470 5068; x_wconf 89' lang='lat' dir='ltr'><strong>membris</strong></span> <span class='ocrx_word' id='word_1_391' title='bbox 1498 5008 1711 5064; x_wconf 90' lang='lat' dir='ltr'><strong>humani</strong></span> <span class='ocrx_word' id='word_1_392' title='bbox 1738 5007 1979 5077; x_wconf 89' lang='lat' dir='ltr'><strong>corporis</strong></span> <span class='ocrx_word' id='word_1_393' title='bbox 2000 5007 2081 5061; x_wconf 86' lang='lat' dir='ltr'><strong>in-</strong></span> 
     </span>
    </p>
   </div>
   <div class='ocr_carea' id='block_1_52' title="bbox 505 5098 2077 5178">
    <p class='ocr_par' dir='ltr' id='par_1_52' title="bbox 505 5098 2077 5178">
     <span class='ocr_line' id='line_1_52' title="bbox 505 5098 2077 5178; baseline -0.015 -2"><span class='ocrx_word' id='word_1_394' title='bbox 505 5119 807 5175; x_wconf 88' lang='lat' dir='ltr'><strong>honestum.</strong></span> <span class='ocrx_word' id='word_1_395' title='bbox 847 5113 1002 5167; x_wconf 89' lang='lat' dir='ltr'><strong>Disce</strong></span> <span class='ocrx_word' id='word_1_396' title='bbox 1042 5121 1169 5178; x_wconf 84' lang='lat' dir='ltr'><strong>ergo</strong></span> <span class='ocrx_word' id='word_1_397' title='bbox 1217 5103 1359 5176; x_wconf 89' lang='lat' dir='ltr'><strong>quod</strong></span> <span class='ocrx_word' id='word_1_398' title='bbox 1401 5102 1596 5167; x_wconf 89' lang='lat' dir='ltr'><strong>nescis,</strong></span> <span class='ocrx_word' id='word_1_399' title='bbox 1625 5102 1747 5170; x_wconf 87' lang='lat' dir='ltr'><strong>quia</strong></span> <span class='ocrx_word' id='word_1_400' title='bbox 1793 5098 2077 5168; x_wconf 85' lang='lat' dir='ltr'><strong>diligenter</strong></span> 
     </span>
    </p>
   </div>
   <div class='ocr_carea' id='block_1_53' title="bbox 501 5188 2081 5282">
    <p class='ocr_par' dir='ltr' id='par_1_53' title="bbox 501 5188 2081 5282">
     <span class='ocr_line' id='line_1_53' title="bbox 501 5188 2081 5282; baseline -0.017 -16"><span class='ocrx_word' id='word_1_401' title='bbox 501 5221 743 5282; x_wconf 65' lang='lat' dir='ltr'><strong>quierere</strong></span> <span class='ocrx_word' id='word_1_402' title='bbox 758 5200 993 5259; x_wconf 86' lang='lat' dir='ltr'><strong>noluisti.</strong></span> <span class='ocrx_word' id='word_1_403' title='bbox 1025 5197 1303 5257; x_wconf 81' lang='lat' dir='ltr'><strong>Inhonesta</strong></span> <span class='ocrx_word' id='word_1_404' title='bbox 1326 5193 1459 5249; x_wconf 88' lang='lat' dir='ltr'><strong>dixit</strong></span> <span class='ocrx_word' id='word_1_405' title='bbox 1483 5190 1791 5262; x_wconf 84' lang='lat' dir='ltr'><strong>Apostolus,</strong></span> <span class='ocrx_word' id='word_1_406' title='bbox 1818 5188 1913 5245; x_wconf 89' lang='lat' dir='ltr'><strong>sed</strong></span> <span class='ocrx_word' id='word_1_407' title='bbox 1946 5205 2081 5282; x_wconf 80' lang='lat' dir='ltr'><strong>non-</strong></span> 
     </span>
    </p>
   </div>
   <div class='ocr_carea' id='block_1_54' title="bbox 504 5280 2080 5366">
    <p class='ocr_par' dir='ltr' id='par_1_54' title="bbox 504 5280 2080 5366">
     <span class='ocr_line' id='line_1_54' title="bbox 504 5280 2080 5366; baseline -0.017 -6"><span class='ocrx_word' id='word_1_408' title='bbox 504 5280 633 5363; x_wconf 82' lang='lat' dir='ltr'><strong>nulli</strong></span> <span class='ocrx_word' id='word_1_409' title='bbox 657 5302 994 5366; x_wconf 85' lang='lat' dir='ltr'><strong>interpretes,</strong></span> <span class='ocrx_word' id='word_1_410' title='bbox 1027 5290 1082 5345; x_wconf 92' lang='lat' dir='ltr'><strong>in</strong></span> <span class='ocrx_word' id='word_1_411' title='bbox 1104 5286 1296 5361; x_wconf 89' lang='lat' dir='ltr'><strong>quibus</strong></span> <span class='ocrx_word' id='word_1_412' title='bbox 1321 5294 1376 5341; x_wconf 86' lang='lat' dir='ltr'><strong>et</strong></span> <span class='ocrx_word' id='word_1_413' title='bbox 1399 5286 1499 5341; x_wconf 88' lang='lat' dir='ltr'><strong>iste</strong></span> <span class='ocrx_word' id='word_1_414' title='bbox 1523 5290 1626 5350; x_wconf 91' lang='lat' dir='ltr'><strong>est,</strong></span> <span class='ocrx_word' id='word_1_415' title='bbox 1655 5290 1909 5353; x_wconf 90' lang='lat' dir='ltr'><strong>quantum</strong></span> <span class='ocrx_word' id='word_1_416' title='bbox 1939 5280 2080 5335; x_wconf 83' lang='lat' dir='ltr'><strong>arbi-</strong></span> 
     </span>
    </p>
   </div>
   <div class='ocr_carea' id='block_1_55' title="bbox 504 5370 2081 5462">
    <p class='ocr_par' dir='ltr' id='par_1_55' title="bbox 504 5370 2081 5462">
     <span class='ocr_line' id='line_1_55' title="bbox 504 5370 2081 5462; baseline -0.018 -12"><span class='ocrx_word' id='word_1_417' title='bbox 504 5406 634 5459; x_wconf 90' lang='lat' dir='ltr'><strong>tror,</strong></span> <span class='ocrx_word' id='word_1_418' title='bbox 657 5404 813 5462; x_wconf 89' lang='lat' dir='ltr'><strong>quem</strong></span> <span class='ocrx_word' id='word_1_419' title='bbox 835 5383 1037 5456; x_wconf 89' lang='lat' dir='ltr'><strong>legisti,</strong></span> <span class='ocrx_word' id='word_1_420' title='bbox 1066 5379 1231 5437; x_wconf 88' lang='lat' dir='ltr'><strong>credo</strong></span> <span class='ocrx_word' id='word_1_421' title='bbox 1257 5373 1596 5433; x_wconf 87' lang='lat' dir='ltr'><strong>verecundati</strong></span> <span class='ocrx_word' id='word_1_422' title='bbox 1623 5372 1980 5429; x_wconf 80' lang='lat' dir='ltr'><strong>verecundiam</strong></span> <span class='ocrx_word' id='word_1_423' title='bbox 1996 5370 2081 5424; x_wconf 88' lang='lat' dir='ltr'><strong>di-</strong></span> 
     </span>
    </p>
   </div>
   <div class='ocr_carea' id='block_1_56' title="bbox 505 5464 2080 5553">
    <p class='ocr_par' dir='ltr' id='par_1_56' title="bbox 505 5464 2080 5553">
     <span class='ocr_line' id='line_1_56' title="bbox 505 5464 2080 5553; baseline -0.017 -11"><span class='ocrx_word' id='word_1_424' title='bbox 505 5492 721 5549; x_wconf 78' lang='lat' dir='ltr'><strong>xerunt,</strong></span> <span class='ocrx_word' id='word_1_425' title='bbox 750 5495 870 5553; x_wconf 69' lang='lat' dir='ltr'><strong>quae</strong></span> <span class='ocrx_word' id='word_1_426' title='bbox 892 5477 981 5533; x_wconf 89' lang='lat' dir='ltr'><strong>ille</strong></span> <span class='ocrx_word' id='word_1_427' title='bbox 1016 5475 1151 5531; x_wconf 84' lang='lat' dir='ltr'><strong>dixit</strong></span> <span class='ocrx_word' id='word_1_428' title='bbox 1193 5471 1502 5526; x_wconf 87' lang='lat' dir='ltr'><strong>inhonesta:</strong></span> <span class='ocrx_word' id='word_1_429' title='bbox 1544 5465 1687 5538; x_wconf 90' lang='lat' dir='ltr'><strong>quod</strong></span> <span class='ocrx_word' id='word_1_430' title='bbox 1735 5464 1987 5534; x_wconf 86' lang='lat' dir='ltr'><strong>probatur</strong></span> <span class='ocrx_word' id='word_1_431' title='bbox 2012 5476 2080 5517; x_wconf 86' lang='lat' dir='ltr'><strong>ex</strong></span> 
     </span>
    </p>
   </div>
   <div class='ocr_carea' id='block_1_57' title="bbox 502 5553 2079 5642">
    <p class='ocr_par' dir='ltr' id='par_1_57' title="bbox 502 5553 2079 5642">
     <span class='ocr_line' id='line_1_57' title="bbox 502 5553 2079 5642; baseline -0.016 -11"><span class='ocrx_word' id='word_1_432' title='bbox 502 5576 681 5634; x_wconf 79' lang='lat' dir='ltr'><strong>verbis</strong></span> <span class='ocrx_word' id='word_1_433' title='bbox 706 5575 761 5630; x_wconf 92' lang='lat' dir='ltr'><strong>in</strong></span> <span class='ocrx_word' id='word_1_434' title='bbox 810 5571 927 5642; x_wconf 89' lang='lat' dir='ltr'><strong>ipso</strong></span> <span class='ocrx_word' id='word_1_435' title='bbox 952 5566 1137 5624; x_wconf 89' lang='lat' dir='ltr'><strong>codice</strong></span> <span class='ocrx_word' id='word_1_436' title='bbox 1163 5560 1397 5633; x_wconf 90' lang='lat' dir='ltr'><strong>scriptis,</strong></span> <span class='ocrx_word' id='word_1_437' title='bbox 1427 5557 1570 5615; x_wconf 89' lang='lat' dir='ltr'><strong>unde</strong></span> <span class='ocrx_word' id='word_1_438' title='bbox 1613 5557 1715 5611; x_wconf 90' lang='lat' dir='ltr'><strong>ista</strong></span> <span class='ocrx_word' id='word_1_439' title='bbox 1760 5553 1922 5609; x_wconf 88' lang='lat' dir='ltr'><strong>verba</strong></span> <span class='ocrx_word' id='word_1_440' title='bbox 1947 5565 2079 5623; x_wconf 89' lang='lat' dir='ltr'><strong>apo-</strong></span> 
     </span>
    </p>
   </div>
   <div class='ocr_carea' id='block_1_58' title="bbox 1302 342 2947 460">
    <p class='ocr_par' dir='ltr' id='par_1_58' title="bbox 1302 342 2947 460">
     <span class='ocr_line' id='line_1_58' title="bbox 1302 342 2947 460; baseline -0.001 -7"><span class='ocrx_word' id='word_1_441' title='bbox 1302 394 1575 453; x_wconf 81' lang='lat' dir='ltr'><strong>CONTRA</strong></span> <span class='ocrx_word' id='word_1_442' title='bbox 1611 342 1950 452; x_wconf 80' lang='lat' dir='ltr'><strong>JULIANUM</strong></span> <span class='ocrx_word' id='word_1_443' title='bbox 1985 342 2451 460; x_wconf 57' lang='lat' dir='ltr'><strong>PELAGIANUH,</strong></span> <span class='ocrx_word' id='word_1_444' title='bbox 2486 390 2546 449; x_wconf 81' lang='lat' dir='ltr'><strong>S.</strong></span> <span class='ocrx_word' id='word_1_445' title='bbox 2583 390 2947 452; x_wconf 72' lang='lat' dir='ltr'><strong>AUGUSTINI</strong></span> 
     </span>
    </p>
   </div>
   <div class='ocr_carea' id='block_1_59' title="bbox 2178 504 3756 584">
    <p class='ocr_par' dir='ltr' id='par_1_59' title="bbox 2178 504 3756 584">
     <span class='ocr_line' id='line_1_59' title="bbox 2178 504 3756 584; baseline 0.007 -24"><span class='ocrx_word' id='word_1_446' title='bbox 2178 506 2362 562; x_wconf 87' lang='lat' dir='ltr'><strong>stolica</strong></span> <span class='ocrx_word' id='word_1_447' title='bbox 2398 510 2736 565; x_wconf 86' lang='lat' dir='ltr'><strong>transtulisti.</strong></span> <span class='ocrx_word' id='word_1_448' title='bbox 2781 508 2936 578; x_wconf 84' lang='lat' dir='ltr'><strong>Quod</strong></span> <span class='ocrx_word' id='word_1_449' title='bbox 2976 513 3120 567; x_wconf 85' lang='lat' dir='ltr'><strong>enim</strong></span> <span class='ocrx_word' id='word_1_450' title='bbox 3149 504 3244 568; x_wconf 75' lang='lat' dir='ltr'><strong>abs</strong></span> <span class='ocrx_word' id='word_1_451' title='bbox 3300 510 3353 569; x_wconf 80' lang='lat' dir='ltr'><strong>te</strong></span> <span class='ocrx_word' id='word_1_452' title='bbox 3406 515 3638 584; x_wconf 69' lang='lat' dir='ltr'><strong>positum</strong></span> <span class='ocrx_word' id='word_1_453' title='bbox 3671 524 3756 572; x_wconf 80' lang='lat' dir='ltr'><strong>est</strong></span> 
     </span>
    </p>
   </div>
   <div class='ocr_carea' id='block_1_60' title="bbox 2178 599 3765 674">
    <p class='ocr_par' dir='ltr' id='par_1_60' title="bbox 2178 599 3765 674">
     <span class='ocr_line' id='line_1_60' title="bbox 2178 599 3765 674; baseline 0.008 -22"><span class='ocrx_word' id='word_1_454' title='bbox 2178 599 2552 669; x_wconf 73' lang='lat' dir='ltr'><strong>uerecundiam,</strong></span> <span class='ocrx_word' id='word_1_455' title='bbox 2584 601 2638 655; x_wconf 87' lang='lat' dir='ltr'><strong>in</strong></span> <span class='ocrx_word' id='word_1_456' title='bbox 2676 614 2853 672; x_wconf 63' lang='lat' dir='ltr'><strong>graeco</strong></span> <span class='ocrx_word' id='word_1_457' title='bbox 2877 602 3071 674; x_wconf 84' lang='lat' dir='ltr'><strong>legitur</strong></span> <span class='ocrx_word' id='word_1_458' title='bbox 3100 606 3373 673; x_wconf 67' lang='grc' dir='ltr'><strong>ἀσχήμούἀι.</strong></span> <span class='ocrx_word' id='word_1_459' title='bbox 3406 605 3560 671; x_wconf 82' lang='lat' dir='ltr'><strong>Quod</strong></span> <span class='ocrx_word' id='word_1_460' title='bbox 3585 612 3765 664; x_wconf 77' lang='lat' dir='ltr'><strong>autem</strong></span> 
     </span>
    </p>
   </div>
   <div class='ocr_carea' id='block_1_61' title="bbox 2179 693 3763 770">
    <p class='ocr_par' dir='ltr' id='par_1_61' title="bbox 2179 693 3763 770">
     <span class='ocr_line' id='line_1_61' title="bbox 2179 693 3763 770; baseline 0.005 -23"><span class='ocrx_word' id='word_1_461' title='bbox 2179 693 2439 763; x_wconf 73' lang='lat' dir='ltr'><strong>sequitur,</strong></span> <span class='ocrx_word' id='word_1_462' title='bbox 2495 695 2742 764; x_wconf 87' lang='lat' dir='ltr'><strong>majorem</strong></span> <span class='ocrx_word' id='word_1_463' title='bbox 2774 696 3080 750; x_wconf 79' lang='lat' dir='ltr'><strong>honestatem</strong></span> <span class='ocrx_word' id='word_1_464' title='bbox 3128 698 3326 762; x_wconf 80' lang='lat' dir='ltr'><strong>habent,</strong></span> <span class='ocrx_word' id='word_1_465' title='bbox 3360 698 3413 752; x_wconf 89' lang='lat' dir='ltr'><strong>in</strong></span> <span class='ocrx_word' id='word_1_466' title='bbox 3457 702 3631 770; x_wconf 62' lang='grc' dir='ltr'><strong>στεροο</strong></span> <span class='ocrx_word' id='word_1_467' title='bbox 3678 702 3763 755; x_wconf 78' lang='lat' dir='ltr'><strong>est</strong></span> 
     </span>
    </p>
   </div>
   <div class='ocr_carea' id='block_1_62' title="bbox 2179 785 3763 859">
    <p class='ocr_par' dir='ltr' id='par_1_62' title="bbox 2179 785 3763 859">
     <span class='ocr_line' id='line_1_62' title="bbox 2179 785 3763 859; baseline 0.006 -22"><span class='ocrx_word' id='word_1_468' title='bbox 2179 789 2546 853; x_wconf 76' lang='grc' dir='ltr'><strong>εὐσχημοσύνην,</strong></span> <span class='ocrx_word' id='word_1_469' title='bbox 2576 785 2717 856; x_wconf 88' lang='lat' dir='ltr'><strong>quod</strong></span> <span class='ocrx_word' id='word_1_470' title='bbox 2747 787 2949 857; x_wconf 82' lang='lat' dir='ltr'><strong>integre</strong></span> <span class='ocrx_word' id='word_1_471' title='bbox 2972 788 3377 858; x_wconf 83' lang='lat' dir='ltr'><strong>interpretatum</strong></span> <span class='ocrx_word' id='word_1_472' title='bbox 3404 793 3505 859; x_wconf 70' lang='lat' dir='ltr'><strong>edi,</strong></span> <span class='ocrx_word' id='word_1_473' title='bbox 3526 793 3763 847; x_wconf 75' lang='lat' dir='ltr'><strong>honesta-</strong></span> 
     </span>
    </p>
   </div>
   <div class='ocr_carea' id='block_1_63' title="bbox 2181 875 3758 951">
    <p class='ocr_par' dir='ltr' id='par_1_63' title="bbox 2181 875 3758 951">
     <span class='ocr_line' id='line_1_63' title="bbox 2181 875 3758 951; baseline 0.008 -23"><span class='ocrx_word' id='word_1_474' title='bbox 2181 884 2297 930; x_wconf 72' lang='lat' dir='ltr'><strong>tem.</strong></span> <span class='ocrx_word' id='word_1_475' title='bbox 2331 875 2481 933; x_wconf 86' lang='lat' dir='ltr'><strong>Unde</strong></span> <span class='ocrx_word' id='word_1_476' title='bbox 2504 888 2722 948; x_wconf 86' lang='lat' dir='ltr'><strong>apparet</strong></span> <span class='ocrx_word' id='word_1_477' title='bbox 2741 877 2829 932; x_wconf 88' lang='lat' dir='ltr'><strong>illa</strong></span> <span class='ocrx_word' id='word_1_478' title='bbox 2850 892 2970 949; x_wconf 75' lang='lat' dir='ltr'><strong>qua:</strong></span> <span class='ocrx_word' id='word_1_479' title='bbox 2993 882 3243 949; x_wconf 71' lang='grc' dir='ltr'><strong>ἀάχήμονα</strong></span> <span class='ocrx_word' id='word_1_480' title='bbox 3279 882 3416 936; x_wconf 86' lang='lat' dir='ltr'><strong>dicta</strong></span> <span class='ocrx_word' id='word_1_481' title='bbox 3438 884 3579 951; x_wconf 82' lang='lat' dir='ltr'><strong>sunt,</strong></span> <span class='ocrx_word' id='word_1_482' title='bbox 3601 887 3758 941; x_wconf 77' lang='lat' dir='ltr'><strong>inho-</strong></span> 
     </span>
    </p>
   </div>
   <div class='ocr_carea' id='block_1_64' title="bbox 2180 968 3752 1048">
    <p class='ocr_par' dir='ltr' id='par_1_64' title="bbox 2180 968 3752 1048">
     <span class='ocr_line' id='line_1_64' title="bbox 2180 968 3752 1048; baseline 0.009 -27"><span class='ocrx_word' id='word_1_483' title='bbox 2180 977 2321 1022; x_wconf 79' lang='lat' dir='ltr'><strong>nesta</strong></span> <span class='ocrx_word' id='word_1_484' title='bbox 2347 968 2507 1023; x_wconf 87' lang='lat' dir='ltr'><strong>latine</strong></span> <span class='ocrx_word' id='word_1_485' title='bbox 2535 970 2807 1039; x_wconf 79' lang='lat' dir='ltr'><strong>appellari.</strong></span> <span class='ocrx_word' id='word_1_486' title='bbox 2852 970 3129 1028; x_wconf 81' lang='lat' dir='ltr'><strong>Postremo</strong></span> <span class='ocrx_word' id='word_1_487' title='bbox 3159 971 3301 1043; x_wconf 87' lang='lat' dir='ltr'><strong>quod</strong></span> <span class='ocrx_word' id='word_1_488' title='bbox 3329 974 3629 1045; x_wconf 79' lang='lat' dir='ltr'><strong>adjunctum</strong></span> <span class='ocrx_word' id='word_1_489' title='bbox 3647 984 3752 1048; x_wconf 84' lang='lat' dir='ltr'><strong>est,</strong></span> 
     </span>
    </p>
   </div>
   <div class='ocr_carea' id='block_1_65' title="bbox 2179 1062 3752 1138">
    <p class='ocr_par' dir='ltr' id='par_1_65' title="bbox 2179 1062 3752 1138">
     <span class='ocr_line' id='line_1_65' title="bbox 2179 1062 3752 1138; baseline 0.009 -26"><span class='ocrx_word' id='word_1_490' title='bbox 2179 1075 2290 1128; x_wconf 83' lang='lat' dir='ltr'><strong>qua:</strong></span> <span class='ocrx_word' id='word_1_491' title='bbox 2308 1069 2477 1114; x_wconf 82' lang='lat' dir='ltr'><strong>autem</strong></span> <span class='ocrx_word' id='word_1_492' title='bbox 2491 1071 2608 1116; x_wconf 76' lang='lat' dir='ltr'><strong>sunt</strong></span> <span class='ocrx_word' id='word_1_493' title='bbox 2630 1062 2838 1117; x_wconf 84' lang='lat' dir='ltr'><strong>honesta</strong></span> <span class='ocrx_word' id='word_1_494' title='bbox 2861 1074 3052 1129; x_wconf 87' lang='lat' dir='ltr'><strong>nostra,</strong></span> <span class='ocrx_word' id='word_1_495' title='bbox 3066 1066 3271 1137; x_wconf 72' lang='lat' dir='ltr'><strong>gmhs</strong></span> <span class='ocrx_word' id='word_1_496' title='bbox 3289 1066 3448 1123; x_wconf 84' lang='lat' dir='ltr'><strong>habet</strong></span> <span class='ocrx_word' id='word_1_497' title='bbox 3466 1072 3752 1138; x_wconf 65' lang='grc' dir='ltr'><strong>ιΰᾶχήμονα.</strong></span> 
     </span>
    </p>
   </div>
   <div class='ocr_carea' id='block_1_66' title="bbox 2180 1150 3752 1228">
    <p class='ocr_par' dir='ltr' id='par_1_66' title="bbox 2180 1150 3752 1228">
     <span class='ocr_line' id='line_1_66' title="bbox 2180 1150 3752 1228; baseline 0.008 -23"><span class='ocrx_word' id='word_1_498' title='bbox 2180 1150 2330 1206; x_wconf 87' lang='lat' dir='ltr'><strong>Unde</strong></span> <span class='ocrx_word' id='word_1_499' title='bbox 2355 1152 2693 1209; x_wconf 74' lang='lat' dir='ltr'><strong>manifestum</strong></span> <span class='ocrx_word' id='word_1_500' title='bbox 2732 1165 2815 1210; x_wconf 91' lang='lat' dir='ltr'><strong>est</strong></span> <span class='ocrx_word' id='word_1_501' title='bbox 2853 1157 2942 1212; x_wconf 89' lang='lat' dir='ltr'><strong>illa</strong></span> <span class='ocrx_word' id='word_1_502' title='bbox 2973 1172 3094 1228; x_wconf 70' lang='lat' dir='ltr'><strong>qua:</strong></span> <span class='ocrx_word' id='word_1_503' title='bbox 3141 1161 3393 1228; x_wconf 50' lang='lat' dir='ltr'><strong>autsaeva</strong></span> <span class='ocrx_word' id='word_1_504' title='bbox 3441 1156 3584 1217; x_wconf 83' lang='lat' dir='ltr'><strong>dicta</strong></span> <span class='ocrx_word' id='word_1_505' title='bbox 3608 1163 3752 1228; x_wconf 75' lang='lat' dir='ltr'><strong>sunt,</strong></span> 
     </span>
    </p>
   </div>
   <div class='ocr_carea' id='block_1_67' title="bbox 2177 1240 3761 1319">
    <p class='ocr_par' dir='ltr' id='par_1_67' title="bbox 2177 1240 3761 1319">
     <span class='ocr_line' id='line_1_67' title="bbox 2177 1240 3761 1319; baseline 0.008 -25"><span class='ocrx_word' id='word_1_506' title='bbox 2177 1240 2441 1296; x_wconf 79' lang='lat' dir='ltr'><strong>inhonesta</strong></span> <span class='ocrx_word' id='word_1_507' title='bbox 2465 1254 2603 1300; x_wconf 85' lang='lat' dir='ltr'><strong>esse.</strong></span> <span class='ocrx_word' id='word_1_508' title='bbox 2646 1244 2899 1312; x_wconf 85' lang='lat' dir='ltr'><strong>Quamvis</strong></span> <span class='ocrx_word' id='word_1_509' title='bbox 2917 1255 2972 1301; x_wconf 91' lang='lat' dir='ltr'><strong>et</strong></span> <span class='ocrx_word' id='word_1_510' title='bbox 2999 1247 3140 1302; x_wconf 89' lang='lat' dir='ltr'><strong>nulla</strong></span> <span class='ocrx_word' id='word_1_511' title='bbox 3167 1260 3463 1319; x_wconf 66' lang='lat' dir='ltr'><strong>graecorum</strong></span> <span class='ocrx_word' id='word_1_512' title='bbox 3513 1252 3761 1307; x_wconf 81' lang='lat' dir='ltr'><strong>conside-</strong></span> 
     </span>
    </p>
   </div>
   <div class='ocr_carea' id='block_1_68' title="bbox 2177 1331 3761 1409">
    <p class='ocr_par' dir='ltr' id='par_1_68' title="bbox 2177 1331 3761 1409">
     <span class='ocr_line' id='line_1_68' title="bbox 2177 1331 3761 1409; baseline 0.009 -24"><span class='ocrx_word' id='word_1_513' title='bbox 2177 1331 2389 1388; x_wconf 58' lang='lat' dir='ltr'><strong>ratione</strong></span> <span class='ocrx_word' id='word_1_514' title='bbox 2417 1333 2699 1391; x_wconf 75' lang='lat' dir='ltr'><strong>verborum</strong></span> <span class='ocrx_word' id='word_1_515' title='bbox 2744 1351 2810 1392; x_wconf 92' lang='lat' dir='ltr'><strong>eo</strong></span> <span class='ocrx_word' id='word_1_516' title='bbox 2843 1337 2961 1408; x_wconf 88' lang='lat' dir='ltr'><strong>ipso</strong></span> <span class='ocrx_word' id='word_1_517' title='bbox 2989 1338 3219 1396; x_wconf 71' lang='lat' dir='ltr'><strong>dehuISti</strong></span> <span class='ocrx_word' id='word_1_518' title='bbox 3271 1340 3569 1409; x_wconf 83' lang='lat' dir='ltr'><strong>admoneri,</strong></span> <span class='ocrx_word' id='word_1_519' title='bbox 3603 1344 3761 1400; x_wconf 74' lang='lat' dir='ltr'><strong>inho-</strong></span> 
     </span>
    </p>
   </div>
   <div class='ocr_carea' id='block_1_69' title="bbox 2181 1426 3745 1498">
    <p class='ocr_par' dir='ltr' id='par_1_69' title="bbox 2181 1426 3745 1498">
     <span class='ocr_line' id='line_1_69' title="bbox 2181 1426 3745 1498; baseline 0.01 -21"><span class='ocrx_word' id='word_1_520' title='bbox 2181 1432 2329 1479; x_wconf 89' lang='lat' dir='ltr'><strong>nesta</strong></span> <span class='ocrx_word' id='word_1_521' title='bbox 2357 1440 2478 1481; x_wconf 89' lang='lat' dir='ltr'><strong>esse</strong></span> <span class='ocrx_word' id='word_1_522' title='bbox 2508 1426 2593 1481; x_wconf 86' lang='lat' dir='ltr'><strong>illa</strong></span> <span class='ocrx_word' id='word_1_523' title='bbox 2620 1443 2740 1498; x_wconf 70' lang='lat' dir='ltr'><strong>qua:</strong></span> <span class='ocrx_word' id='word_1_524' title='bbox 2793 1430 3233 1487; x_wconf 82' lang='lat' dir='ltr'><strong>abundantiorem</strong></span> <span class='ocrx_word' id='word_1_525' title='bbox 3282 1434 3614 1491; x_wconf 80' lang='lat' dir='ltr'><strong>honestatem</strong></span> <span class='ocrx_word' id='word_1_526' title='bbox 3642 1436 3745 1492; x_wconf 79' lang='lat' dir='ltr'><strong>ha-</strong></span> 
     </span>
    </p>
   </div>
   <div class='ocr_carea' id='block_1_70' title="bbox 2176 1514 3755 1597">
    <p class='ocr_par' dir='ltr' id='par_1_70' title="bbox 2176 1514 3755 1597">
     <span class='ocr_line' id='line_1_70' title="bbox 2176 1514 3755 1597; baseline 0.011 -29"><span class='ocrx_word' id='word_1_527' title='bbox 2176 1514 2305 1569; x_wconf 91' lang='lat' dir='ltr'><strong>bent</strong></span> <span class='ocrx_word' id='word_1_528' title='bbox 2322 1516 2636 1584; x_wconf 86' lang='lat' dir='ltr'><strong>velaminis;</strong></span> <span class='ocrx_word' id='word_1_529' title='bbox 2665 1521 2877 1589; x_wconf 83' lang='lat' dir='ltr'><strong>quando</strong></span> <span class='ocrx_word' id='word_1_530' title='bbox 2899 1531 3090 1594; x_wconf 72' lang='lat' dir='ltr'><strong>eaquae</strong></span> <span class='ocrx_word' id='word_1_531' title='bbox 3113 1525 3215 1581; x_wconf 86' lang='lat' dir='ltr'><strong>huc</strong></span> <span class='ocrx_word' id='word_1_532' title='bbox 3239 1532 3375 1597; x_wconf 84' lang='lat' dir='ltr'><strong>opus</strong></span> <span class='ocrx_word' id='word_1_533' title='bbox 3401 1534 3506 1583; x_wconf 79' lang='lat' dir='ltr'><strong>nun</strong></span> <span class='ocrx_word' id='word_1_534' title='bbox 3533 1528 3755 1596; x_wconf 78' lang='lat' dir='ltr'><strong>habent;</strong></span> 
     </span>
    </p>
   </div>
   <div class='ocr_carea' id='block_1_71' title="bbox 2177 1606 3758 1685">
    <p class='ocr_par' dir='ltr' id='par_1_71' title="bbox 2177 1606 3758 1685">
     <span class='ocr_line' id='line_1_71' title="bbox 2177 1606 3758 1685; baseline 0.011 -26"><span class='ocrx_word' id='word_1_535' title='bbox 2177 1606 2399 1662; x_wconf 88' lang='lat' dir='ltr'><strong>honesta</strong></span> <span class='ocrx_word' id='word_1_536' title='bbox 2438 1618 2563 1663; x_wconf 89' lang='lat' dir='ltr'><strong>sunt</strong></span> <span class='ocrx_word' id='word_1_537' title='bbox 2602 1608 2771 1664; x_wconf 78' lang='lat' dir='ltr'><strong>dicta.</strong></span> <span class='ocrx_word' id='word_1_538' title='bbox 2803 1611 2938 1680; x_wconf 90' lang='lat' dir='ltr'><strong>Quid</strong></span> <span class='ocrx_word' id='word_1_539' title='bbox 2980 1620 3062 1669; x_wconf 89' lang='lat' dir='ltr'><strong>est</strong></span> <span class='ocrx_word' id='word_1_540' title='bbox 3088 1612 3251 1685; x_wconf 83' lang='lat' dir='ltr'><strong>enim,</strong></span> <span class='ocrx_word' id='word_1_541' title='bbox 3286 1617 3413 1685; x_wconf 61' lang='lat' dir='ltr'><strong>Quae</strong></span> <span class='ocrx_word' id='word_1_542' title='bbox 3462 1623 3630 1675; x_wconf 76' lang='lat' dir='ltr'><strong>autem</strong></span> <span class='ocrx_word' id='word_1_543' title='bbox 3659 1622 3758 1676; x_wconf 51' lang='lat' dir='ltr'><strong>ne;</strong></span> 
     </span>
    </p>
   </div>
   <div class='ocr_carea' id='block_1_72' title="bbox 2177 1704 3755 1774">
    <p class='ocr_par' dir='ltr' id='par_1_72' title="bbox 2177 1704 3755 1774">
     <span class='ocr_line' id='line_1_72' title="bbox 2177 1704 3755 1774; baseline 0.011 -25"><span class='ocrx_word' id='word_1_544' title='bbox 2177 1706 2319 1753; x_wconf 80' lang='lat' dir='ltr'><strong>nesta</strong></span> <span class='ocrx_word' id='word_1_545' title='bbox 2342 1707 2463 1752; x_wconf 87' lang='lat' dir='ltr'><strong>sunt</strong></span> <span class='ocrx_word' id='word_1_546' title='bbox 2487 1709 2678 1765; x_wconf 86' lang='lat' dir='ltr'><strong>nostra,</strong></span> <span class='ocrx_word' id='word_1_547' title='bbox 2696 1717 2798 1755; x_wconf 89' lang='lat' dir='ltr'><strong>non</strong></span> <span class='ocrx_word' id='word_1_548' title='bbox 2818 1714 2944 1773; x_wconf 84' lang='lat' dir='ltr'><strong>opus</strong></span> <span class='ocrx_word' id='word_1_549' title='bbox 2963 1704 3144 1759; x_wconf 80' lang='lat' dir='ltr'><strong>habent</strong></span> <span class='ocrx_word' id='word_1_550' title='bbox 3163 1720 3185 1770; x_wconf 65' lang='grc' dir='ltr'><strong><em>ξ</em></strong></span> <span class='ocrx_word' id='word_1_551' title='bbox 3206 1708 3328 1774; x_wconf 87' lang='lat' dir='ltr'><strong>nisi,</strong></span> <span class='ocrx_word' id='word_1_552' title='bbox 3352 1707 3443 1763; x_wconf 87' lang='lat' dir='ltr'><strong>llla</strong></span> <span class='ocrx_word' id='word_1_553' title='bbox 3470 1708 3755 1767; x_wconf 57' lang='lat' dir='ltr'><strong>inhouéstd</strong></span> 
     </span>
    </p>
   </div>
   <div class='ocr_carea' id='block_1_73' title="bbox 2176 1790 3755 1868">
    <p class='ocr_par' dir='ltr' id='par_1_73' title="bbox 2176 1790 3755 1868">
     <span class='ocr_line' id='line_1_73' title="bbox 2176 1790 3755 1868; baseline 0.009 -27"><span class='ocrx_word' id='word_1_554' title='bbox 2176 1797 2320 1852; x_wconf 88' lang='lat' dir='ltr'><strong>sunt,</strong></span> <span class='ocrx_word' id='word_1_555' title='bbox 2346 1803 2466 1859; x_wconf 75' lang='lat' dir='ltr'><strong>quae</strong></span> <span class='ocrx_word' id='word_1_556' title='bbox 2491 1800 2622 1861; x_wconf 81' lang='lat' dir='ltr'><strong>Opus</strong></span> <span class='ocrx_word' id='word_1_557' title='bbox 2647 1790 2881 1847; x_wconf 83' lang='lat' dir='ltr'><strong>habent?</strong></span> <span class='ocrx_word' id='word_1_558' title='bbox 2912 1793 3177 1849; x_wconf 80' lang='lat' dir='ltr'><strong>Honestas</strong></span> <span class='ocrx_word' id='word_1_559' title='bbox 3201 1809 3332 1868; x_wconf 84' lang='lat' dir='ltr'><strong>ergo</strong></span> <span class='ocrx_word' id='word_1_560' title='bbox 3365 1797 3646 1855; x_wconf 83' lang='lat' dir='ltr'><strong>adhibetur</strong></span> <span class='ocrx_word' id='word_1_561' title='bbox 3672 1802 3755 1857; x_wconf 74' lang='lat' dir='ltr'><strong>itt—</strong></span> 
     </span>
    </p>
   </div>
   <div class='ocr_carea' id='block_1_74' title="bbox 2176 1878 3756 1959">
    <p class='ocr_par' dir='ltr' id='par_1_74' title="bbox 2176 1878 3756 1959">
     <span class='ocr_line' id='line_1_74' title="bbox 2176 1878 3756 1959; baseline 0.01 -25"><span class='ocrx_word' id='word_1_562' title='bbox 2176 1878 2432 1944; x_wconf 89' lang='lat' dir='ltr'><strong>honestis,</strong></span> <span class='ocrx_word' id='word_1_563' title='bbox 2455 1896 2576 1937; x_wconf 90' lang='lat' dir='ltr'><strong>cum</strong></span> <span class='ocrx_word' id='word_1_564' title='bbox 2619 1885 2892 1941; x_wconf 86' lang='lat' dir='ltr'><strong>rationalis</strong></span> <span class='ocrx_word' id='word_1_565' title='bbox 2930 1897 3133 1942; x_wconf 78' lang='lat' dir='ltr'><strong>natura:</strong></span> <span class='ocrx_word' id='word_1_566' title='bbox 3160 1901 3320 1944; x_wconf 82' lang='lat' dir='ltr'><strong>sensu</strong></span> <span class='ocrx_word' id='word_1_567' title='bbox 3350 1888 3468 1959; x_wconf 83' lang='lat' dir='ltr'><strong>ipso</strong></span> <span class='ocrx_word' id='word_1_568' title='bbox 3493 1900 3756 1949; x_wconf 50' lang='lat' dir='ltr'><strong>vereeutta</strong></span> 
     </span>
    </p>
   </div>
   <div class='ocr_carea' id='block_1_75' title="bbox 2175 1971 3753 2047">
    <p class='ocr_par' dir='ltr' id='par_1_75' title="bbox 2175 1971 3753 2047">
     <span class='ocr_line' id='line_1_75' title="bbox 2175 1971 3753 2047; baseline 0.01 -21"><span class='ocrx_word' id='word_1_569' title='bbox 2175 1971 2335 2027; x_wconf 89' lang='lat' dir='ltr'><strong>dante</strong></span> <span class='ocrx_word' id='word_1_570' title='bbox 2360 1973 2619 2028; x_wconf 83' lang='lat' dir='ltr'><strong>velantur.</strong></span> <span class='ocrx_word' id='word_1_571' title='bbox 2650 1974 2845 2030; x_wconf 86' lang='lat' dir='ltr'><strong>Eorum</strong></span> <span class='ocrx_word' id='word_1_572' title='bbox 2873 1979 3068 2047; x_wconf 87' lang='lat' dir='ltr'><strong>quippe</strong></span> <span class='ocrx_word' id='word_1_573' title='bbox 3103 1978 3354 2036; x_wconf 86' lang='lat' dir='ltr'><strong>honestas</strong></span> <span class='ocrx_word' id='word_1_574' title='bbox 3371 1990 3426 2037; x_wconf 85' lang='lat' dir='ltr'><strong>et</strong></span> <span class='ocrx_word' id='word_1_575' title='bbox 3452 1978 3624 2037; x_wconf 71' lang='lat' dir='ltr'><strong>honor</strong></span> <span class='ocrx_word' id='word_1_576' title='bbox 3664 1990 3753 2041; x_wconf 77' lang='lat' dir='ltr'><strong>est</strong></span> 
     </span>
    </p>
   </div>
   <div class='ocr_carea' id='block_1_76' title="bbox 2175 2063 3756 2144">
    <p class='ocr_par' dir='ltr' id='par_1_76' title="bbox 2175 2063 3756 2144">
     <span class='ocr_line' id='line_1_76' title="bbox 2175 2063 3756 2144; baseline 0.01 -29"><span class='ocrx_word' id='word_1_577' title='bbox 2175 2063 2553 2129; x_wconf 87' lang='lat' dir='ltr'><strong>velamentum,</strong></span> <span class='ocrx_word' id='word_1_578' title='bbox 2590 2074 2736 2120; x_wconf 89' lang='lat' dir='ltr'><strong>tanto</strong></span> <span class='ocrx_word' id='word_1_579' title='bbox 2764 2067 3137 2136; x_wconf 81' lang='lat' dir='ltr'><strong>abundantius,</strong></span> <span class='ocrx_word' id='word_1_580' title='bbox 3168 2080 3366 2141; x_wconf 85' lang='lat' dir='ltr'><strong>quanto</strong></span> <span class='ocrx_word' id='word_1_581' title='bbox 3396 2074 3561 2144; x_wconf 86' lang='lat' dir='ltr'><strong>magis</strong></span> <span class='ocrx_word' id='word_1_582' title='bbox 3597 2074 3756 2131; x_wconf 88' lang='lat' dir='ltr'><strong>inho-</strong></span> 
     </span>
    </p>
   </div>
   <div class='ocr_carea' id='block_1_77' title="bbox 2174 2154 3753 2242">
    <p class='ocr_par' dir='ltr' id='par_1_77' title="bbox 2174 2154 3753 2242">
     <span class='ocr_line' id='line_1_77' title="bbox 2174 2154 3753 2242; baseline 0.009 -35"><span class='ocrx_word' id='word_1_583' title='bbox 2174 2164 2322 2215; x_wconf 81' lang='lat' dir='ltr'><strong>nesta</strong></span> <span class='ocrx_word' id='word_1_584' title='bbox 2354 2163 2495 2209; x_wconf 88' lang='lat' dir='ltr'><strong>sunt.</strong></span> <span class='ocrx_word' id='word_1_585' title='bbox 2525 2154 2678 2222; x_wconf 88' lang='lat' dir='ltr'><strong>Quod</strong></span> <span class='ocrx_word' id='word_1_586' title='bbox 2715 2156 2951 2226; x_wconf 81' lang='lat' dir='ltr'><strong>profecto</strong></span> <span class='ocrx_word' id='word_1_587' title='bbox 2998 2174 3102 2215; x_wconf 92' lang='lat' dir='ltr'><strong>non</strong></span> <span class='ocrx_word' id='word_1_588' title='bbox 3129 2160 3332 2242; x_wconf 56' lang='lat' dir='ltr'><strong>diceget</strong></span> <span class='ocrx_word' id='word_1_589' title='bbox 3368 2163 3670 2233; x_wconf 81' lang='lat' dir='ltr'><strong>Apostolus,</strong></span> <span class='ocrx_word' id='word_1_590' title='bbox 3702 2166 3753 2221; x_wconf 90' lang='lat' dir='ltr'><strong>st</strong></span> 
     </span>
    </p>
   </div>
   <div class='ocr_carea' id='block_1_78' title="bbox 2176 2246 3752 2326">
    <p class='ocr_par' dir='ltr' id='par_1_78' title="bbox 2176 2246 3752 2326">
     <span class='ocr_line' id='line_1_78' title="bbox 2176 2246 3752 2326; baseline 0.009 -27"><span class='ocrx_word' id='word_1_591' title='bbox 2176 2259 2372 2314; x_wconf 87' lang='lat' dir='ltr'><strong>corpus</strong></span> <span class='ocrx_word' id='word_1_592' title='bbox 2417 2247 2518 2301; x_wconf 89' lang='lat' dir='ltr'><strong>tale</strong></span> <span class='ocrx_word' id='word_1_593' title='bbox 2567 2246 2916 2317; x_wconf 86' lang='lat' dir='ltr'><strong>describeret,</strong></span> <span class='ocrx_word' id='word_1_594' title='bbox 2957 2252 3115 2320; x_wconf 88' lang='lat' dir='ltr'><strong>quale</strong></span> <span class='ocrx_word' id='word_1_595' title='bbox 3167 2252 3434 2309; x_wconf 88' lang='lat' dir='ltr'><strong>habebant</strong></span> <span class='ocrx_word' id='word_1_596' title='bbox 3484 2255 3752 2326; x_wconf 74' lang='lat' dir='ltr'><strong>homines;</strong></span> 
     </span>
    </p>
   </div>
   <div class='ocr_carea' id='block_1_79' title="bbox 2174 2335 3436 2404">
    <p class='ocr_par' dir='ltr' id='par_1_79' title="bbox 2174 2335 3436 2404">
     <span class='ocr_line' id='line_1_79' title="bbox 2174 2335 3436 2404; baseline 0.009 -16"><span class='ocrx_word' id='word_1_597' title='bbox 2174 2335 2387 2404; x_wconf 77' lang='lat' dir='ltr'><strong>quando</strong></span> <span class='ocrx_word' id='word_1_598' title='bbox 2412 2335 2540 2391; x_wconf 90' lang='lat' dir='ltr'><strong>nudi</strong></span> <span class='ocrx_word' id='word_1_599' title='bbox 2561 2346 2713 2393; x_wconf 88' lang='lat' dir='ltr'><strong>erant</strong></span> <span class='ocrx_word' id='word_1_600' title='bbox 2749 2348 2803 2393; x_wconf 91' lang='lat' dir='ltr'><strong>et</strong></span> <span class='ocrx_word' id='word_1_601' title='bbox 2823 2350 2928 2394; x_wconf 88' lang='lat' dir='ltr'><strong>non</strong></span> <span class='ocrx_word' id='word_1_602' title='bbox 2952 2340 3436 2399; x_wconf 83' lang='lat' dir='ltr'><strong>confundebantur.</strong></span> 
     </span>
    </p>
   </div>
   <div class='ocr_carea' id='block_1_80' title="bbox 2247 2428 3755 2504">
    <p class='ocr_par' dir='ltr' id='par_1_80' title="bbox 2247 2428 3755 2504">
     <span class='ocr_line' id='line_1_80' title="bbox 2247 2428 3755 2504; baseline 0.009 -20"><span class='ocrx_word' id='word_1_603' title='bbox 2247 2428 2337 2484; x_wconf 83' lang='lat' dir='ltr'><strong>8i.</strong></span> <span class='ocrx_word' id='word_1_604' title='bbox 2396 2429 2529 2486; x_wconf 79' lang='lat' dir='ltr'><strong>Vide</strong></span> <span class='ocrx_word' id='word_1_605' title='bbox 2572 2431 2730 2500; x_wconf 88' lang='lat' dir='ltr'><strong>igitur</strong></span> <span class='ocrx_word' id='word_1_606' title='bbox 2773 2444 2932 2502; x_wconf 82' lang='lat' dir='ltr'><strong>quam</strong></span> <span class='ocrx_word' id='word_1_607' title='bbox 2973 2434 3307 2504; x_wconf 87' lang='lat' dir='ltr'><strong>impudenter</strong></span> <span class='ocrx_word' id='word_1_608' title='bbox 3347 2455 3368 2490; x_wconf 78' lang='grc' dir='ltr'>ι</span> <span class='ocrx_word' id='word_1_609' title='bbox 3404 2438 3567 2495; x_wconf 80' lang='lat' dir='ltr'><strong>ideas</strong></span> <span class='ocrx_word' id='word_1_610' title='bbox 3604 2440 3755 2497; x_wconf 77' lang='lat' dir='ltr'><strong>dicas</strong></span> 
     </span>
    </p>
   </div>
   <div class='ocr_carea' id='block_1_81' title="bbox 2180 2521 3755 2599">
    <p class='ocr_par' dir='ltr' id='par_1_81' title="bbox 2180 2521 3755 2599">
     <span class='ocr_line' id='line_1_81' title="bbox 2180 2521 3755 2599; baseline 0.01 -27"><span class='ocrx_word' id='word_1_611' title='bbox 2180 2538 2200 2572; x_wconf 74' lang='grc' dir='ltr'>ι</span> <span class='ocrx_word' id='word_1_612' title='bbox 2235 2521 2478 2578; x_wconf 90' lang='lat' dir='ltr'><strong>homines</strong></span> <span class='ocrx_word' id='word_1_613' title='bbox 2508 2521 2671 2579; x_wconf 82' lang='lat' dir='ltr'><strong>fuisse</strong></span> <span class='ocrx_word' id='word_1_614' title='bbox 2711 2525 2953 2593; x_wconf 89' lang='lat' dir='ltr'><strong>primitus</strong></span> <span class='ocrx_word' id='word_1_615' title='bbox 2976 2526 3186 2595; x_wconf 79' lang='lat' dir='ltr'><strong>nudos,</strong></span> <span class='ocrx_word' id='word_1_616' title='bbox 3231 2530 3355 2599; x_wconf 81' lang='lat' dir='ltr'><strong>quia</strong></span> <span class='ocrx_word' id='word_1_617' title='bbox 3398 2529 3467 2585; x_wconf 88' lang='lat' dir='ltr'><strong>ad</strong></span> <span class='ocrx_word' id='word_1_618' title='bbox 3519 2530 3755 2588; x_wconf 74' lang='lat' dir='ltr'><strong>solertia!</strong></span> 
     </span>
    </p>
   </div>
   <div class='ocr_carea' id='block_1_82' title="bbox 2173 2613 3752 2691">
    <p class='ocr_par' dir='ltr' id='par_1_82' title="bbox 2173 2613 3752 2691">
     <span class='ocr_line' id='line_1_82' title="bbox 2173 2613 3752 2691; baseline 0.006 -24"><span class='ocrx_word' id='word_1_619' title='bbox 2173 2613 2424 2669; x_wconf 84' lang='lat' dir='ltr'><strong>humanm</strong></span> <span class='ocrx_word' id='word_1_620' title='bbox 2452 2630 2668 2684; x_wconf 80' lang='lat' dir='ltr'><strong>Operam</strong></span> <span class='ocrx_word' id='word_1_621' title='bbox 2689 2623 2747 2669; x_wconf 91' lang='lat' dir='ltr'><strong>ut</strong></span> <span class='ocrx_word' id='word_1_622' title='bbox 2774 2631 2833 2671; x_wconf 88' lang='lat' dir='ltr'><strong>se</strong></span> <span class='ocrx_word' id='word_1_623' title='bbox 2855 2625 3092 2687; x_wconf 86' lang='lat' dir='ltr'><strong>tegerent</strong></span> <span class='ocrx_word' id='word_1_624' title='bbox 3110 2619 3429 2688; x_wconf 83' lang='lat' dir='ltr'><strong>pertinebat,</strong></span> <span class='ocrx_word' id='word_1_625' title='bbox 3466 2636 3586 2691; x_wconf 73' lang='lat' dir='ltr'><strong>qum</strong></span> <span class='ocrx_word' id='word_1_626' title='bbox 3611 2624 3752 2677; x_wconf 81' lang='lat' dir='ltr'><strong>non-</strong></span> 
     </span>
    </p>
   </div>
   <div class='ocr_carea' id='block_1_83' title="bbox 2177 2706 3755 2784">
    <p class='ocr_par' dir='ltr' id='par_1_83' title="bbox 2177 2706 3755 2784">
     <span class='ocr_line' id='line_1_83' title="bbox 2177 2706 3755 2784; baseline 0.005 -24"><span class='ocrx_word' id='word_1_627' title='bbox 2177 2706 2302 2769; x_wconf 80' lang='lat' dir='ltr'><strong>dum</strong></span> <span class='ocrx_word' id='word_1_628' title='bbox 2329 2708 2383 2761; x_wconf 89' lang='lat' dir='ltr'><strong>in</strong></span> <span class='ocrx_word' id='word_1_629' title='bbox 2411 2709 2430 2739; x_wconf 73' lang='grc' dir='ltr'>ί</span> <span class='ocrx_word' id='word_1_630' title='bbox 2460 2707 2564 2762; x_wconf 89' lang='lat' dir='ltr'><strong>illis</strong></span> <span class='ocrx_word' id='word_1_631' title='bbox 2581 2706 2700 2762; x_wconf 83' lang='lat' dir='ltr'><strong>fuit.</strong></span> <span class='ocrx_word' id='word_1_632' title='bbox 2739 2726 2759 2760; x_wconf 75' lang='grc' dir='ltr'><strong><em>ι</em></strong></span> <span class='ocrx_word' id='word_1_633' title='bbox 2786 2707 2936 2764; x_wconf 89' lang='lat' dir='ltr'><strong>Unde</strong></span> <span class='ocrx_word' id='word_1_634' title='bbox 2955 2709 3014 2763; x_wconf 85' lang='lat' dir='ltr'><strong>[it</strong></span> <span class='ocrx_word' id='word_1_635' title='bbox 3034 2716 3369 2781; x_wconf 87' lang='lat' dir='ltr'><strong>consequens</strong></span> <span class='ocrx_word' id='word_1_636' title='bbox 3393 2720 3451 2766; x_wconf 86' lang='lat' dir='ltr'><strong>ut</strong></span> <span class='ocrx_word' id='word_1_637' title='bbox 3478 2720 3605 2769; x_wconf 83' lang='lat' dir='ltr'><strong>ante</strong></span> <span class='ocrx_word' id='word_1_638' title='bbox 3629 2726 3755 2784; x_wconf 87' lang='lat' dir='ltr'><strong>pec-</strong></span> 
     </span>
    </p>
   </div>
   <div class='ocr_carea' id='block_1_84' title="bbox 2174 2798 3754 2870">
    <p class='ocr_par' dir='ltr' id='par_1_84' title="bbox 2174 2798 3754 2870">
     <span class='ocr_line' id='line_1_84' title="bbox 2174 2798 3754 2870; baseline 0.004 -17"><span class='ocrx_word' id='word_1_639' title='bbox 2174 2807 2349 2854; x_wconf 88' lang='lat' dir='ltr'><strong>catum</strong></span> <span class='ocrx_word' id='word_1_640' title='bbox 2379 2798 2579 2855; x_wconf 89' lang='lat' dir='ltr'><strong>inertes</strong></span> <span class='ocrx_word' id='word_1_641' title='bbox 2599 2840 2617 2867; x_wconf 94' lang='lat'><strong>,</strong></span> <span class='ocrx_word' id='word_1_642' title='bbox 2649 2806 2867 2870; x_wconf 87' lang='lat' dir='ltr'><strong>peccato</strong></span> <span class='ocrx_word' id='word_1_643' title='bbox 2893 2807 3070 2857; x_wconf 90' lang='lat' dir='ltr'><strong>autem</strong></span> <span class='ocrx_word' id='word_1_644' title='bbox 3106 2801 3275 2857; x_wconf 81' lang='lat' dir='ltr'><strong>tactos</strong></span> <span class='ocrx_word' id='word_1_645' title='bbox 3303 2804 3491 2859; x_wconf 88' lang='lat' dir='ltr'><strong>credas</strong></span> <span class='ocrx_word' id='word_1_646' title='bbox 3519 2820 3640 2860; x_wconf 88' lang='lat' dir='ltr'><strong>esse</strong></span> <span class='ocrx_word' id='word_1_647' title='bbox 3661 2818 3754 2860; x_wconf 91' lang='lat' dir='ltr'><strong>so-</strong></span> 
     </span>
    </p>
   </div>
   <div class='ocr_carea' id='block_1_85' title="bbox 2173 2890 3759 2967">
    <p class='ocr_par' dir='ltr' id='par_1_85' title="bbox 2173 2890 3759 2967">
     <span class='ocr_line' id='line_1_85' title="bbox 2173 2890 3759 2967; baseline 0.006 -24"><span class='ocrx_word' id='word_1_648' title='bbox 2173 2890 2357 2947; x_wconf 85' lang='lat' dir='ltr'><strong>lertes.</strong></span> <span class='ocrx_word' id='word_1_649' title='bbox 2380 2890 2548 2958; x_wconf 84' lang='lat' dir='ltr'><strong>Quam</strong></span> <span class='ocrx_word' id='word_1_650' title='bbox 2578 2906 2739 2962; x_wconf 89' lang='lat' dir='ltr'><strong>porro</strong></span> <span class='ocrx_word' id='word_1_651' title='bbox 2788 2892 2970 2949; x_wconf 89' lang='lat' dir='ltr'><strong>multis</strong></span> <span class='ocrx_word' id='word_1_652' title='bbox 3019 2896 3247 2951; x_wconf 86' lang='lat' dir='ltr'><strong>inaniter</strong></span> <span class='ocrx_word' id='word_1_653' title='bbox 3282 2895 3440 2951; x_wconf 88' lang='lat' dir='ltr'><strong>dictis</strong></span> <span class='ocrx_word' id='word_1_654' title='bbox 3463 2896 3616 2967; x_wconf 86' lang='lat' dir='ltr'><strong>quasi</strong></span> <span class='ocrx_word' id='word_1_655' title='bbox 3643 2898 3759 2953; x_wconf 81' lang='lat' dir='ltr'><strong>ele-</strong></span> 
     </span>
    </p>
   </div>
   <div class='ocr_carea' id='block_1_86' title="bbox 2173 2985 3751 3061">
    <p class='ocr_par' dir='ltr' id='par_1_86' title="bbox 2173 2985 3751 3061">
     <span class='ocr_line' id='line_1_86' title="bbox 2173 2985 3751 3061; baseline 0.006 -25"><span class='ocrx_word' id='word_1_656' title='bbox 2173 2991 2362 3052; x_wconf 86' lang='lat' dir='ltr'><strong>ganter</strong></span> <span class='ocrx_word' id='word_1_657' title='bbox 2395 2993 2652 3055; x_wconf 85' lang='lat' dir='ltr'><strong>acuteque</strong></span> <span class='ocrx_word' id='word_1_658' title='bbox 2678 2985 2950 3041; x_wconf 87' lang='lat' dir='ltr'><strong>concludis</strong></span> <span class='ocrx_word' id='word_1_659' title='bbox 2979 2985 3182 3054; x_wconf 87' lang='lat' dir='ltr'><strong>dicens,</strong></span> <span class='ocrx_word' id='word_1_660' title='bbox 3218 3006 3238 3041; x_wconf 73' lang='grc' dir='ltr'>ι</span> <span class='ocrx_word' id='word_1_661' title='bbox 3271 2987 3390 3044; x_wconf 86' lang='lat' dir='ltr'><strong>Non</strong></span> <span class='ocrx_word' id='word_1_662' title='bbox 3443 2989 3607 3060; x_wconf 89' lang='lat' dir='ltr'><strong>igitur</strong></span> <span class='ocrx_word' id='word_1_663' title='bbox 3623 2991 3751 3061; x_wconf 82' lang='lat' dir='ltr'><strong>quia</strong></span> 
     </span>
    </p>
   </div>
   <div class='ocr_carea' id='block_1_87' title="bbox 2178 3076 3755 3144">
    <p class='ocr_par' dir='ltr' id='par_1_87' title="bbox 2178 3076 3755 3144">
     <span class='ocr_line' id='line_1_87' title="bbox 2178 3076 3755 3144; baseline 0.006 -18"><span class='ocrx_word' id='word_1_664' title='bbox 2178 3082 2544 3143; x_wconf 81' lang='lat' dir='ltr'><strong>peccaverant,</strong></span> <span class='ocrx_word' id='word_1_665' title='bbox 2571 3076 2818 3144; x_wconf 83' lang='lat' dir='ltr'><strong>genitalia</strong></span> <span class='ocrx_word' id='word_1_666' title='bbox 2846 3077 2930 3132; x_wconf 88' lang='lat' dir='ltr'><strong>vel</strong></span> <span class='ocrx_word' id='word_1_667' title='bbox 2967 3077 3228 3134; x_wconf 80' lang='lat' dir='ltr'><strong>diabolica</strong></span> <span class='ocrx_word' id='word_1_668' title='bbox 3269 3080 3354 3134; x_wconf 88' lang='lat' dir='ltr'><strong>vel</strong></span> <span class='ocrx_word' id='word_1_669' title='bbox 3376 3078 3651 3135; x_wconf 85' lang='lat' dir='ltr'><strong>inhonesta</strong></span> <span class='ocrx_word' id='word_1_670' title='bbox 3674 3079 3755 3136; x_wconf 79' lang='lat' dir='ltr'><strong>te-</strong></span> 
     </span>
    </p>
   </div>
   <div class='ocr_carea' id='block_1_88' title="bbox 2175 3168 3750 3241">
    <p class='ocr_par' dir='ltr' id='par_1_88' title="bbox 2175 3168 3750 3241">
     <span class='ocr_line' id='line_1_88' title="bbox 2175 3168 3750 3241; baseline 0.004 -20"><span class='ocrx_word' id='word_1_671' title='bbox 2175 3176 2402 3234; x_wconf 88' lang='lat' dir='ltr'><strong>cerunt;</strong></span> <span class='ocrx_word' id='word_1_672' title='bbox 2432 3168 2526 3222; x_wconf 89' lang='lat' dir='ltr'><strong>sed</strong></span> <span class='ocrx_word' id='word_1_673' title='bbox 2573 3169 2694 3239; x_wconf 90' lang='lat' dir='ltr'><strong>quia</strong></span> <span class='ocrx_word' id='word_1_674' title='bbox 2718 3170 3046 3240; x_wconf 87' lang='lat' dir='ltr'><strong>pavitabant,</strong></span> <span class='ocrx_word' id='word_1_675' title='bbox 3073 3171 3127 3226; x_wconf 93' lang='lat' dir='ltr'><strong>in</strong></span> <span class='ocrx_word' id='word_1_676' title='bbox 3153 3186 3215 3226; x_wconf 87' lang='lat' dir='ltr'><strong>ea</strong></span> <span class='ocrx_word' id='word_1_677' title='bbox 3250 3187 3354 3241; x_wconf 85' lang='lat' dir='ltr'><strong>qua</strong></span> <span class='ocrx_word' id='word_1_678' title='bbox 3370 3172 3601 3241; x_wconf 89' lang='lat' dir='ltr'><strong>primum</strong></span> <span class='ocrx_word' id='word_1_679' title='bbox 3630 3172 3750 3228; x_wconf 81' lang='lat' dir='ltr'><strong>fue-</strong></span> 
     </span>
    </p>
   </div>
   <div class='ocr_carea' id='block_1_89' title="bbox 2175 3258 3756 3330">
    <p class='ocr_par' dir='ltr' id='par_1_89' title="bbox 2175 3258 3756 3330">
     <span class='ocr_line' id='line_1_89' title="bbox 2175 3258 3756 3330; baseline 0.003 -17"><span class='ocrx_word' id='word_1_680' title='bbox 2175 3267 2297 3317; x_wconf 81' lang='lat' dir='ltr'><strong>rant</strong></span> <span class='ocrx_word' id='word_1_681' title='bbox 2339 3258 2616 3316; x_wconf 85' lang='lat' dir='ltr'><strong>honestate</strong></span> <span class='ocrx_word' id='word_1_682' title='bbox 2644 3261 3008 3330; x_wconf 88' lang='lat' dir='ltr'><strong>permanentia</strong></span> <span class='ocrx_word' id='word_1_683' title='bbox 3035 3262 3272 3317; x_wconf 80' lang='lat' dir='ltr'><strong>ntembra</strong></span> <span class='ocrx_word' id='word_1_684' title='bbox 3303 3263 3580 3318; x_wconf 82' lang='lat' dir='ltr'><strong>texerunt!</strong></span> <span class='ocrx_word' id='word_1_685' title='bbox 3619 3281 3639 3316; x_wconf 76' lang='grc' dir='ltr'><strong><em>ι</em></strong></span> <span class='ocrx_word' id='word_1_686' title='bbox 3670 3262 3756 3318; x_wconf 83' lang='lat' dir='ltr'><strong>Ad</strong></span> 
     </span>
    </p>
   </div>
   <div class='ocr_carea' id='block_1_90' title="bbox 2176 3350 3748 3422">
    <p class='ocr_par' dir='ltr' id='par_1_90' title="bbox 2176 3350 3748 3422">
     <span class='ocr_line' id='line_1_90' title="bbox 2176 3350 3748 3422; baseline 0.003 -19"><span class='ocrx_word' id='word_1_687' title='bbox 2176 3350 2317 3419; x_wconf 90' lang='lat' dir='ltr'><strong>quod</strong></span> <span class='ocrx_word' id='word_1_688' title='bbox 2342 3350 2661 3420; x_wconf 88' lang='lat' dir='ltr'><strong>respondeo,</strong></span> <span class='ocrx_word' id='word_1_689' title='bbox 2682 3350 2940 3406; x_wconf 87' lang='lat' dir='ltr'><strong>diabolica</strong></span> <span class='ocrx_word' id='word_1_690' title='bbox 2965 3351 3179 3422; x_wconf 90' lang='lat' dir='ltr'><strong>quidem</strong></span> <span class='ocrx_word' id='word_1_691' title='bbox 3210 3352 3448 3408; x_wconf 88' lang='lat' dir='ltr'><strong>membra</strong></span> <span class='ocrx_word' id='word_1_692' title='bbox 3470 3360 3575 3407; x_wconf 85' lang='lat' dir='ltr'><strong>non</strong></span> <span class='ocrx_word' id='word_1_693' title='bbox 3604 3358 3748 3421; x_wconf 81' lang='lat' dir='ltr'><strong>esse,</strong></span> 
     </span>
    </p>
   </div>
   <div class='ocr_carea' id='block_1_91' title="bbox 2177 3442 3756 3515">
    <p class='ocr_par' dir='ltr' id='par_1_91' title="bbox 2177 3442 3756 3515">
     <span class='ocr_line' id='line_1_91' title="bbox 2177 3442 3756 3515; baseline 0.003 -19"><span class='ocrx_word' id='word_1_694' title='bbox 2177 3452 2431 3511; x_wconf 85' lang='lat' dir='ltr'><strong>quantum</strong></span> <span class='ocrx_word' id='word_1_695' title='bbox 2473 3442 2540 3498; x_wconf 83' lang='lat' dir='ltr'><strong>ad</strong></span> <span class='ocrx_word' id='word_1_696' title='bbox 2593 3456 2777 3498; x_wconf 81' lang='lat' dir='ltr'><strong>eorum</strong></span> <span class='ocrx_word' id='word_1_697' title='bbox 2827 3444 3200 3509; x_wconf 83' lang='lat' dir='ltr'><strong>substantiam,</strong></span> <span class='ocrx_word' id='word_1_698' title='bbox 3252 3445 3497 3514; x_wconf 80' lang='lat' dir='ltr'><strong>ﬁguram,</strong></span> <span class='ocrx_word' id='word_1_699' title='bbox 3527 3445 3756 3515; x_wconf 81' lang='lat' dir='ltr'><strong>qualita-</strong></span> 
     </span>
    </p>
   </div>
   <div class='ocr_carea' id='block_1_92' title="bbox 2177 3534 3751 3605">
    <p class='ocr_par' dir='ltr' id='par_1_92' title="bbox 2177 3534 3751 3605">
     <span class='ocr_line' id='line_1_92' title="bbox 2177 3534 3751 3605; baseline 0.003 -17"><span class='ocrx_word' id='word_1_700' title='bbox 2177 3543 2391 3605; x_wconf 87' lang='lat' dir='ltr'><strong>temque</strong></span> <span class='ocrx_word' id='word_1_701' title='bbox 2432 3534 2677 3603; x_wconf 80' lang='lat' dir='ltr'><strong>pertinet,</strong></span> <span class='ocrx_word' id='word_1_702' title='bbox 2709 3547 2868 3604; x_wconf 87' lang='lat' dir='ltr'><strong>quam</strong></span> <span class='ocrx_word' id='word_1_703' title='bbox 2897 3534 3137 3593; x_wconf 90' lang='lat' dir='ltr'><strong>condidit</strong></span> <span class='ocrx_word' id='word_1_704' title='bbox 3167 3536 3341 3591; x_wconf 87' lang='lat' dir='ltr'><strong>Deus:</strong></span> <span class='ocrx_word' id='word_1_705' title='bbox 3370 3536 3466 3592; x_wconf 83' lang='lat' dir='ltr'><strong>sed</strong></span> <span class='ocrx_word' id='word_1_706' title='bbox 3486 3536 3533 3591; x_wconf 89' lang='lat' dir='ltr'><strong>si</strong></span> <span class='ocrx_word' id='word_1_707' title='bbox 3560 3536 3751 3592; x_wconf 74' lang='lat' dir='ltr'><strong>eadem</strong></span> 
     </span>
    </p>
   </div>
   <div class='ocr_carea' id='block_1_93' title="bbox 2177 3618 3754 3698">
    <p class='ocr_par' dir='ltr' id='par_1_93' title="bbox 2177 3618 3754 3698">
     <span class='ocr_line' id='line_1_93' title="bbox 2177 3618 3754 3698; baseline 0.001 -16"><span class='ocrx_word' id='word_1_708' title='bbox 2177 3627 2415 3683; x_wconf 89' lang='lat' dir='ltr'><strong>membra</strong></span> <span class='ocrx_word' id='word_1_709' title='bbox 2443 3627 2500 3683; x_wconf 86' lang='lat' dir='ltr'><strong>in</strong></span> <span class='ocrx_word' id='word_1_710' title='bbox 2523 3618 2627 3698; x_wconf 89' lang='lat' dir='ltr'><strong>qua</strong></span> <span class='ocrx_word' id='word_1_711' title='bbox 2651 3628 2799 3698; x_wconf 83' lang='lat' dir='ltr'><strong>prius</strong></span> <span class='ocrx_word' id='word_1_712' title='bbox 2837 3628 3046 3684; x_wconf 78' lang='lat' dir='ltr'><strong>fuerant</strong></span> <span class='ocrx_word' id='word_1_713' title='bbox 3094 3627 3374 3685; x_wconf 82' lang='lat' dir='ltr'><strong>honestate</strong></span> <span class='ocrx_word' id='word_1_714' title='bbox 3419 3639 3754 3697; x_wconf 80' lang='lat' dir='ltr'><strong>manserunt,</strong></span> 
     </span>
    </p>
   </div>
   <div class='ocr_carea' id='block_1_94' title="bbox 2178 3718 3749 3793">
    <p class='ocr_par' dir='ltr' id='par_1_94' title="bbox 2178 3718 3749 3793">
     <span class='ocr_line' id='line_1_94' title="bbox 2178 3718 3749 3793; baseline 0.003 -20"><span class='ocrx_word' id='word_1_715' title='bbox 2178 3733 2274 3773; x_wconf 87' lang='lat' dir='ltr'><strong>cur</strong></span> <span class='ocrx_word' id='word_1_716' title='bbox 2293 3734 2357 3774; x_wconf 86' lang='lat' dir='ltr'><strong>ea</strong></span> <span class='ocrx_word' id='word_1_717' title='bbox 2392 3718 2835 3788; x_wconf 83' lang='lat' dir='ltr'><strong>dixitApostolus</strong></span> <span class='ocrx_word' id='word_1_718' title='bbox 2888 3719 3215 3776; x_wconf 73' lang='lat' dir='ltr'><strong>inhonesta?</strong></span> <span class='ocrx_word' id='word_1_719' title='bbox 3257 3721 3401 3776; x_wconf 82' lang='lat' dir='ltr'><strong>Bene</strong></span> <span class='ocrx_word' id='word_1_720' title='bbox 3444 3721 3587 3791; x_wconf 86' lang='lat' dir='ltr'><strong>quod</strong></span> <span class='ocrx_word' id='word_1_721' title='bbox 3630 3722 3749 3793; x_wconf 86' lang='lat' dir='ltr'><strong>ipse</strong></span> 
     </span>
    </p>
   </div>
   <div class='ocr_carea' id='block_1_95' title="bbox 2179 3810 3759 3881">
    <p class='ocr_par' dir='ltr' id='par_1_95' title="bbox 2179 3810 3759 3881">
     <span class='ocr_line' id='line_1_95' title="bbox 2179 3810 3759 3881; baseline 0.002 -16"><span class='ocrx_word' id='word_1_722' title='bbox 2179 3810 2453 3866; x_wconf 81' lang='lat' dir='ltr'><strong>confessus</strong></span> <span class='ocrx_word' id='word_1_723' title='bbox 2479 3825 2559 3878; x_wconf 88' lang='lat' dir='ltr'><strong>es,</strong></span> <span class='ocrx_word' id='word_1_724' title='bbox 2578 3810 2670 3866; x_wconf 90' lang='lat' dir='ltr'><strong>illa</strong></span> <span class='ocrx_word' id='word_1_725' title='bbox 2714 3810 2953 3867; x_wconf 89' lang='lat' dir='ltr'><strong>membra</strong></span> <span class='ocrx_word' id='word_1_726' title='bbox 2978 3810 3143 3866; x_wconf 81' lang='lat' dir='ltr'><strong>fuisse</strong></span> <span class='ocrx_word' id='word_1_727' title='bbox 3168 3811 3314 3881; x_wconf 84' lang='lat' dir='ltr'><strong>prius</strong></span> <span class='ocrx_word' id='word_1_728' title='bbox 3333 3810 3556 3867; x_wconf 87' lang='lat' dir='ltr'><strong>honesta</strong></span> <span class='ocrx_word' id='word_1_729' title='bbox 3586 3830 3602 3867; x_wconf 92' lang='lat'><strong>:</strong></span> <span class='ocrx_word' id='word_1_730' title='bbox 3641 3828 3759 3868; x_wconf 90' lang='lat' dir='ltr'><strong>non</strong></span> 
     </span>
    </p>
   </div>
   <div class='ocr_carea' id='block_1_96' title="bbox 2179 3901 3757 3973">
    <p class='ocr_par' dir='ltr' id='par_1_96' title="bbox 2179 3901 3757 3973">
     <span class='ocr_line' id='line_1_96' title="bbox 2179 3901 3757 3973; baseline 0.002 -18"><span class='ocrx_word' id='word_1_731' title='bbox 2179 3901 2321 3955; x_wconf 91' lang='lat' dir='ltr'><strong>enim</strong></span> <span class='ocrx_word' id='word_1_732' title='bbox 2351 3901 2492 3959; x_wconf 88' lang='lat' dir='ltr'><strong>aliud</strong></span> <span class='ocrx_word' id='word_1_733' title='bbox 2514 3915 2699 3971; x_wconf 86' lang='lat' dir='ltr'><strong>posses</strong></span> <span class='ocrx_word' id='word_1_734' title='bbox 2724 3902 2827 3957; x_wconf 89' lang='lat' dir='ltr'><strong>nisi</strong></span> <span class='ocrx_word' id='word_1_735' title='bbox 2869 3901 3180 3970; x_wconf 76' lang='lat' dir='ltr'><strong>blaspheme</strong></span> <span class='ocrx_word' id='word_1_736' title='bbox 3217 3903 3470 3973; x_wconf 79' lang='lat' dir='ltr'><strong>Opinione</strong></span> <span class='ocrx_word' id='word_1_737' title='bbox 3519 3904 3757 3959; x_wconf 86' lang='lat' dir='ltr'><strong>sentire.</strong></span> 
     </span>
    </p>
   </div>
   <div class='ocr_carea' id='block_1_97' title="bbox 2181 3991 3759 4064">
    <p class='ocr_par' dir='ltr' id='par_1_97' title="bbox 2181 3991 3759 4064">
     <span class='ocr_line' id='line_1_97' title="bbox 2181 3991 3759 4064; baseline 0.003 -18"><span class='ocrx_word' id='word_1_738' title='bbox 2181 3991 2310 4059; x_wconf 72' lang='lat' dir='ltr'><strong>Quae</strong></span> <span class='ocrx_word' id='word_1_739' title='bbox 2326 3991 2485 4062; x_wconf 88' lang='lat' dir='ltr'><strong>igitur</strong></span> <span class='ocrx_word' id='word_1_740' title='bbox 2511 3992 2651 4048; x_wconf 88' lang='lat' dir='ltr'><strong>Deus</strong></span> <span class='ocrx_word' id='word_1_741' title='bbox 2676 3991 2900 4048; x_wconf 85' lang='lat' dir='ltr'><strong>honesta</strong></span> <span class='ocrx_word' id='word_1_742' title='bbox 2922 3993 3148 4060; x_wconf 79' lang='lat' dir='ltr'><strong>fecerat,</strong></span> <span class='ocrx_word' id='word_1_743' title='bbox 3188 3994 3323 4048; x_wconf 90' lang='lat' dir='ltr'><strong>dixit</strong></span> <span class='ocrx_word' id='word_1_744' title='bbox 3348 3994 3643 4064; x_wconf 78' lang='lat' dir='ltr'><strong>Apostolus</strong></span> <span class='ocrx_word' id='word_1_745' title='bbox 3682 3994 3759 4050; x_wconf 59' lang='lat' dir='ltr'><strong>in.</strong></span> 
     </span>
    </p>
   </div>
   <div class='ocr_carea' id='block_1_98' title="bbox 2181 4082 3750 4155">
    <p class='ocr_par' dir='ltr' id='par_1_98' title="bbox 2181 4082 3750 4155">
     <span class='ocr_line' id='line_1_98' title="bbox 2181 4082 3750 4155; baseline 0.004 -19"><span class='ocrx_word' id='word_1_746' title='bbox 2181 4083 2423 4139; x_wconf 86' lang='lat' dir='ltr'><strong>honesta.</strong></span> <span class='ocrx_word' id='word_1_747' title='bbox 2453 4083 2678 4140; x_wconf 87' lang='lat' dir='ltr'><strong>Causam</strong></span> <span class='ocrx_word' id='word_1_748' title='bbox 2695 4085 2944 4154; x_wconf 89' lang='lat' dir='ltr'><strong>requiro:</strong></span> <span class='ocrx_word' id='word_1_749' title='bbox 2972 4084 3019 4138; x_wconf 87' lang='lat' dir='ltr'><strong>si</strong></span> <span class='ocrx_word' id='word_1_750' title='bbox 3047 4083 3151 4140; x_wconf 88' lang='lat' dir='ltr'><strong>hoc</strong></span> <span class='ocrx_word' id='word_1_751' title='bbox 3177 4099 3283 4139; x_wconf 91' lang='lat' dir='ltr'><strong>non</strong></span> <span class='ocrx_word' id='word_1_752' title='bbox 3307 4094 3527 4155; x_wconf 88' lang='lat' dir='ltr'><strong>peccato</strong></span> <span class='ocrx_word' id='word_1_753' title='bbox 3551 4082 3750 4142; x_wconf 80' lang='lat' dir='ltr'><strong>factum</strong></span> 
     </span>
    </p>
   </div>
   <div class='ocr_carea' id='block_1_99' title="bbox 2181 4175 3752 4246">
    <p class='ocr_par' dir='ltr' id='par_1_99' title="bbox 2181 4175 3752 4246">
     <span class='ocr_line' id='line_1_99' title="bbox 2181 4175 3752 4246; baseline 0.001 -16"><span class='ocrx_word' id='word_1_754' title='bbox 2181 4184 2282 4240; x_wconf 90' lang='lat' dir='ltr'><strong>est,</strong></span> <span class='ocrx_word' id='word_1_755' title='bbox 2308 4175 2449 4231; x_wconf 87' lang='lat' dir='ltr'><strong>unde</strong></span> <span class='ocrx_word' id='word_1_756' title='bbox 2475 4176 2672 4231; x_wconf 80' lang='lat' dir='ltr'><strong>factum</strong></span> <span class='ocrx_word' id='word_1_757' title='bbox 2702 4185 2786 4232; x_wconf 90' lang='lat' dir='ltr'><strong>est</strong></span> <span class='ocrx_word' id='word_1_758' title='bbox 2810 4176 2834 4229; x_wconf 85' lang='lat'><strong>?</strong></span> <span class='ocrx_word' id='word_1_759' title='bbox 2865 4176 2992 4243; x_wconf 90' lang='lat' dir='ltr'><strong>Quis</strong></span> <span class='ocrx_word' id='word_1_760' title='bbox 3008 4176 3233 4231; x_wconf 86' lang='lat' dir='ltr'><strong>honesta</strong></span> <span class='ocrx_word' id='word_1_761' title='bbox 3252 4176 3351 4233; x_wconf 88' lang='lat' dir='ltr'><strong>Dei</strong></span> <span class='ocrx_word' id='word_1_762' title='bbox 3386 4192 3549 4246; x_wconf 87' lang='lat' dir='ltr'><strong>opera</strong></span> <span class='ocrx_word' id='word_1_763' title='bbox 3576 4177 3752 4233; x_wconf 78' lang='lat' dir='ltr'><strong>deho-</strong></span> 
     </span>
    </p>
   </div>
   <div class='ocr_carea' id='block_1_100' title="bbox 2180 4266 3757 4337">
    <p class='ocr_par' dir='ltr' id='par_1_100' title="bbox 2180 4266 3757 4337">
     <span class='ocr_line' id='line_1_100' title="bbox 2180 4266 3757 4337; baseline 0.003 -18"><span class='ocrx_word' id='word_1_764' title='bbox 2180 4267 2428 4332; x_wconf 85' lang='lat' dir='ltr'><strong>nestavit,</strong></span> <span class='ocrx_word' id='word_1_765' title='bbox 2456 4274 2514 4320; x_wconf 90' lang='lat' dir='ltr'><strong>ut</strong></span> <span class='ocrx_word' id='word_1_766' title='bbox 2552 4282 2614 4320; x_wconf 88' lang='lat' dir='ltr'><strong>ea</strong></span> <span class='ocrx_word' id='word_1_767' title='bbox 2637 4266 3159 4322; x_wconf 80' lang='lat' dir='ltr'><strong>inhonesta&#39;sauctus</strong></span> <span class='ocrx_word' id='word_1_768' title='bbox 3188 4269 3479 4337; x_wconf 83' lang='lat' dir='ltr'><strong>Apostolus</strong></span> <span class='ocrx_word' id='word_1_769' title='bbox 3499 4268 3710 4328; x_wconf 82' lang='lat' dir='ltr'><strong>diceret</strong></span> <span class='ocrx_word' id='word_1_770' title='bbox 3731 4269 3757 4323; x_wconf 74' lang='lat'><strong><em>1</em></strong></span> 
     </span>
    </p>
   </div>
   <div class='ocr_carea' id='block_1_101' title="bbox 2183 4355 3756 4429">
    <p class='ocr_par' dir='ltr' id='par_1_101' title="bbox 2183 4355 3756 4429">
     <span class='ocr_line' id='line_1_101' title="bbox 2183 4355 3756 4429; baseline 0.001 -17"><span class='ocrx_word' id='word_1_771' title='bbox 2183 4356 2370 4412; x_wconf 89' lang='lat' dir='ltr'><strong>Utrum</strong></span> <span class='ocrx_word' id='word_1_772' title='bbox 2401 4355 2673 4429; x_wconf 83' lang='lat' dir='ltr'><strong>habitudo,</strong></span> <span class='ocrx_word' id='word_1_773' title='bbox 2717 4357 2767 4411; x_wconf 93' lang='lat' dir='ltr'><strong>in</strong></span> <span class='ocrx_word' id='word_1_774' title='bbox 2793 4370 2896 4427; x_wconf 88' lang='lat' dir='ltr'><strong>qua</strong></span> <span class='ocrx_word' id='word_1_775' title='bbox 2920 4364 3008 4413; x_wconf 83' lang='lat' dir='ltr'><strong>est</strong></span> <span class='ocrx_word' id='word_1_776' title='bbox 3032 4356 3249 4414; x_wconf 89' lang='lat' dir='ltr'><strong>solertia</strong></span> <span class='ocrx_word' id='word_1_777' title='bbox 3269 4360 3504 4414; x_wconf 90' lang='lat' dir='ltr'><strong>creantis</strong></span> <span class='ocrx_word' id='word_1_778' title='bbox 3530 4375 3546 4425; x_wconf 85' lang='lat'><strong>;</strong></span> <span class='ocrx_word' id='word_1_779' title='bbox 3587 4374 3656 4413; x_wconf 86' lang='lat' dir='ltr'><strong>an</strong></span> <span class='ocrx_word' id='word_1_780' title='bbox 3685 4358 3756 4414; x_wconf 87' lang='lat' dir='ltr'><strong>li-</strong></span> 
     </span>
    </p>
   </div>
   <div class='ocr_carea' id='block_1_102' title="bbox 2180 4446 3761 4519">
    <p class='ocr_par' dir='ltr' id='par_1_102' title="bbox 2180 4446 3761 4519">
     <span class='ocr_line' id='line_1_102' title="bbox 2180 4446 3761 4519; baseline 0.003 -16"><span class='ocrx_word' id='word_1_781' title='bbox 2180 4446 2327 4516; x_wconf 90' lang='lat' dir='ltr'><strong>bido,</strong></span> <span class='ocrx_word' id='word_1_782' title='bbox 2354 4448 2407 4503; x_wconf 92' lang='lat' dir='ltr'><strong>in</strong></span> <span class='ocrx_word' id='word_1_783' title='bbox 2453 4463 2556 4519; x_wconf 88' lang='lat' dir='ltr'><strong>qua</strong></span> <span class='ocrx_word' id='word_1_784' title='bbox 2599 4456 2684 4504; x_wconf 89' lang='lat' dir='ltr'><strong>est</strong></span> <span class='ocrx_word' id='word_1_785' title='bbox 2729 4462 2883 4518; x_wconf 78' lang='lat' dir='ltr'><strong>pmna</strong></span> <span class='ocrx_word' id='word_1_786' title='bbox 2920 4449 3381 4519; x_wconf 79' lang='lat' dir='ltr'><strong>peccantis‘tNam</strong></span> <span class='ocrx_word' id='word_1_787' title='bbox 3425 4452 3582 4506; x_wconf 87' lang='lat' dir='ltr'><strong>etiam</strong></span> <span class='ocrx_word' id='word_1_788' title='bbox 3617 4465 3761 4508; x_wconf 89' lang='lat' dir='ltr'><strong>nunc</strong></span> 
     </span>
    </p>
   </div>
   <div class='ocr_carea' id='block_1_103' title="bbox 2181 4539 3762 4612">
    <p class='ocr_par' dir='ltr' id='par_1_103' title="bbox 2181 4539 3762 4612">
     <span class='ocr_line' id='line_1_103' title="bbox 2181 4539 3762 4612; baseline 0.003 -18"><span class='ocrx_word' id='word_1_789' title='bbox 2181 4539 2324 4609; x_wconf 90' lang='lat' dir='ltr'><strong>quod</strong></span> <span class='ocrx_word' id='word_1_790' title='bbox 2342 4540 2480 4595; x_wconf 86' lang='lat' dir='ltr'><strong>Deus</strong></span> <span class='ocrx_word' id='word_1_791' title='bbox 2508 4539 2578 4595; x_wconf 88' lang='lat' dir='ltr'><strong>ibi</strong></span> <span class='ocrx_word' id='word_1_792' title='bbox 2608 4539 2754 4607; x_wconf 83' lang='lat' dir='ltr'><strong>facit,</strong></span> <span class='ocrx_word' id='word_1_793' title='bbox 2796 4541 3077 4595; x_wconf 89' lang='lat' dir='ltr'><strong>honestum</strong></span> <span class='ocrx_word' id='word_1_794' title='bbox 3106 4549 3191 4597; x_wconf 88' lang='lat' dir='ltr'><strong>est</strong></span> <span class='ocrx_word' id='word_1_795' title='bbox 3218 4556 3233 4595; x_wconf 89' lang='lat'><strong>:</strong></span> <span class='ocrx_word' id='word_1_796' title='bbox 3261 4540 3402 4611; x_wconf 85' lang='lat' dir='ltr'><strong>quod</strong></span> <span class='ocrx_word' id='word_1_797' title='bbox 3443 4543 3593 4612; x_wconf 83' lang='lat' dir='ltr'><strong>origo</strong></span> <span class='ocrx_word' id='word_1_798' title='bbox 3630 4557 3762 4598; x_wconf 85' lang='lat' dir='ltr'><strong>con-</strong></span> 
     </span>
    </p>
   </div>
   <div class='ocr_carea' id='block_1_104' title="bbox 2184 4632 3759 4697">
    <p class='ocr_par' dir='ltr' id='par_1_104' title="bbox 2184 4632 3759 4697">
     <span class='ocr_line' id='line_1_104' title="bbox 2184 4632 3759 4697; baseline 0.002 -12"><span class='ocrx_word' id='word_1_799' title='bbox 2184 4632 2363 4697; x_wconf 88' lang='lat' dir='ltr'><strong>trahit,</strong></span> <span class='ocrx_word' id='word_1_800' title='bbox 2390 4632 2750 4688; x_wconf 90' lang='lat' dir='ltr'><strong>inhonestum.</strong></span> <span class='ocrx_word' id='word_1_801' title='bbox 2776 4632 2846 4686; x_wconf 86' lang='lat' dir='ltr'><strong>Et</strong></span> <span class='ocrx_word' id='word_1_802' title='bbox 2875 4641 3051 4687; x_wconf 89' lang='lat' dir='ltr'><strong>tamen</strong></span> <span class='ocrx_word' id='word_1_803' title='bbox 3076 4648 3144 4688; x_wconf 90' lang='lat' dir='ltr'><strong>nc</strong></span> <span class='ocrx_word' id='word_1_804' title='bbox 3164 4634 3273 4688; x_wconf 88' lang='lat' dir='ltr'><strong>sint</strong></span> <span class='ocrx_word' id='word_1_805' title='bbox 3291 4633 3538 4689; x_wconf 71' lang='lat' dir='ltr'><strong>scissura:</strong></span> <span class='ocrx_word' id='word_1_806' title='bbox 3562 4633 3613 4687; x_wconf 90' lang='lat' dir='ltr'><strong>in</strong></span> <span class='ocrx_word' id='word_1_807' title='bbox 3635 4649 3759 4688; x_wconf 91' lang='lat' dir='ltr'><strong>cor-</strong></span> 
     </span>
    </p>
   </div>
   <div class='ocr_carea' id='block_1_105' title="bbox 2185 4723 3764 4793">
    <p class='ocr_par' dir='ltr' id='par_1_105' title="bbox 2185 4723 3764 4793">
     <span class='ocr_line' id='line_1_105' title="bbox 2185 4723 3764 4793; baseline 0.001 -15"><span class='ocrx_word' id='word_1_808' title='bbox 2185 4738 2349 4793; x_wconf 89' lang='lat' dir='ltr'><strong>pore,</strong></span> <span class='ocrx_word' id='word_1_809' title='bbox 2397 4723 2753 4780; x_wconf 88' lang='lat' dir='ltr'><strong>contributum</strong></span> <span class='ocrx_word' id='word_1_810' title='bbox 2782 4731 2867 4779; x_wconf 86' lang='lat' dir='ltr'><strong>est</strong></span> <span class='ocrx_word' id='word_1_811' title='bbox 2915 4723 3171 4779; x_wconf 84' lang='lat' dir='ltr'><strong>divinitus</strong></span> <span class='ocrx_word' id='word_1_812' title='bbox 3197 4723 3377 4780; x_wconf 80' lang='lat' dir='ltr'><strong>sensui</strong></span> <span class='ocrx_word' id='word_1_813' title='bbox 3421 4724 3668 4788; x_wconf 85' lang='lat' dir='ltr'><strong>naturali,</strong></span> <span class='ocrx_word' id='word_1_814' title='bbox 3704 4731 3764 4779; x_wconf 86' lang='lat' dir='ltr'><strong>ut</strong></span> 
     </span>
    </p>
   </div>
   <div class='ocr_carea' id='block_1_106' title="bbox 2183 4814 3764 4888">
    <p class='ocr_par' dir='ltr' id='par_1_106' title="bbox 2183 4814 3764 4888">
     <span class='ocr_line' id='line_1_106' title="bbox 2183 4814 3764 4888; baseline -0.003 -15"><span class='ocrx_word' id='word_1_815' title='bbox 2183 4831 2280 4888; x_wconf 89' lang='lat' dir='ltr'><strong>pro</strong></span> <span class='ocrx_word' id='word_1_816' title='bbox 2309 4815 2534 4871; x_wconf 85' lang='lat' dir='ltr'><strong>invicem</strong></span> <span class='ocrx_word' id='word_1_817' title='bbox 2558 4814 2785 4881; x_wconf 82' lang='lat' dir='ltr'><strong>sollicita</strong></span> <span class='ocrx_word' id='word_1_818' title='bbox 2809 4815 2917 4871; x_wconf 89' lang='lat' dir='ltr'><strong>sint</strong></span> <span class='ocrx_word' id='word_1_819' title='bbox 2938 4816 3179 4872; x_wconf 87' lang='lat' dir='ltr'><strong>membra</strong></span> <span class='ocrx_word' id='word_1_820' title='bbox 3210 4831 3226 4869; x_wconf 90' lang='lat'><strong>:</strong></span> <span class='ocrx_word' id='word_1_821' title='bbox 3249 4824 3303 4870; x_wconf 91' lang='lat' dir='ltr'><strong>et</strong></span> <span class='ocrx_word' id='word_1_822' title='bbox 3325 4814 3467 4884; x_wconf 91' lang='lat' dir='ltr'><strong>quod</strong></span> <span class='ocrx_word' id='word_1_823' title='bbox 3508 4814 3764 4873; x_wconf 85' lang='lat' dir='ltr'><strong>dehone-</strong></span> 
     </span>
    </p>
   </div>
   <div class='ocr_carea' id='block_1_107' title="bbox 2183 4906 3471 4980">
    <p class='ocr_par' dir='ltr' id='par_1_107' title="bbox 2183 4906 3471 4980">
     <span class='ocr_line' id='line_1_107' title="bbox 2183 4906 3471 4980; baseline -0.002 -16"><span class='ocrx_word' id='word_1_824' title='bbox 2183 4910 2344 4964; x_wconf 88' lang='lat' dir='ltr'><strong>stavit</strong></span> <span class='ocrx_word' id='word_1_825' title='bbox 2368 4908 2819 4978; x_wconf 89' lang='lat' dir='ltr'><strong>concupiscentia,</strong></span> <span class='ocrx_word' id='word_1_826' title='bbox 2854 4916 3104 4980; x_wconf 88' lang='lat' dir='ltr'><strong>contegat</strong></span> <span class='ocrx_word' id='word_1_827' title='bbox 3130 4906 3471 4964; x_wconf 87' lang='lat' dir='ltr'><strong>verecundia.</strong></span> 
     </span>
    </p>
   </div>
   <div class='ocr_carea' id='block_1_108' title="bbox 2252 4998 3765 5066">
    <p class='ocr_par' dir='ltr' id='par_1_108' title="bbox 2252 4998 3765 5066">
     <span class='ocr_line' id='line_1_108' title="bbox 2252 4998 3765 5066; baseline -0.003 -9"><span class='ocrx_word' id='word_1_828' title='bbox 2252 5001 2342 5057; x_wconf 77' lang='lat'><strong>82.</strong></span> <span class='ocrx_word' id='word_1_829' title='bbox 2368 5000 2474 5057; x_wconf 84' lang='lat' dir='ltr'><strong>Sed</strong></span> <span class='ocrx_word' id='word_1_830' title='bbox 2501 5000 2655 5066; x_wconf 91' lang='lat' dir='ltr'><strong>dicis,</strong></span> <span class='ocrx_word' id='word_1_831' title='bbox 2692 5019 2712 5051; x_wconf 73' lang='grc' dir='ltr'>ι</span> <span class='ocrx_word' id='word_1_832' title='bbox 2743 4998 2851 5056; x_wconf 88' lang='lat' dir='ltr'><strong>Cur</strong></span> <span class='ocrx_word' id='word_1_833' title='bbox 2868 5001 3044 5057; x_wconf 86' lang='lat' dir='ltr'><strong>audita</strong></span> <span class='ocrx_word' id='word_1_834' title='bbox 3073 5015 3205 5055; x_wconf 90' lang='lat' dir='ltr'><strong>voce</strong></span> <span class='ocrx_word' id='word_1_835' title='bbox 3246 4999 3343 5055; x_wconf 91' lang='lat' dir='ltr'><strong>Dei</strong></span> <span class='ocrx_word' id='word_1_836' title='bbox 3370 4998 3765 5055; x_wconf 83' lang='lat' dir='ltr'><strong>deambulantis</strong></span> 
     </span>
    </p>
   </div>
   <div class='ocr_carea' id='block_1_109' title="bbox 2185 5089 3750 5162">
    <p class='ocr_par' dir='ltr' id='par_1_109' title="bbox 2185 5089 3750 5162">
     <span class='ocr_line' id='line_1_109' title="bbox 2185 5089 3750 5162; baseline -0.003 -15"><span class='ocrx_word' id='word_1_837' title='bbox 2185 5092 2237 5149; x_wconf 93' lang='lat' dir='ltr'><strong>in</strong></span> <span class='ocrx_word' id='word_1_838' title='bbox 2267 5092 2513 5162; x_wconf 85' lang='lat' dir='ltr'><strong>paradiso</strong></span> <span class='ocrx_word' id='word_1_839' title='bbox 2545 5091 2941 5147; x_wconf 86' lang='lat' dir='ltr'><strong>absconderant</strong></span> <span class='ocrx_word' id='word_1_840' title='bbox 2980 5104 3042 5146; x_wconf 87' lang='lat' dir='ltr'><strong>se</strong></span> <span class='ocrx_word' id='word_1_841' title='bbox 3089 5089 3259 5145; x_wconf 86' lang='lat' dir='ltr'><strong>Adam</strong></span> <span class='ocrx_word' id='word_1_842' title='bbox 3296 5098 3353 5145; x_wconf 92' lang='lat' dir='ltr'><strong>et</strong></span> <span class='ocrx_word' id='word_1_843' title='bbox 3396 5090 3591 5145; x_wconf 86' lang='lat' dir='ltr'><strong>mulier</strong></span> <span class='ocrx_word' id='word_1_844' title='bbox 3615 5089 3750 5158; x_wconf 87' lang='lat' dir='ltr'><strong>ejus,</strong></span> 
     </span>
    </p>
   </div>
   <div class='ocr_carea' id='block_1_110' title="bbox 2183 5180 3763 5252">
    <p class='ocr_par' dir='ltr' id='par_1_110' title="bbox 2183 5180 3763 5252">
     <span class='ocr_line' id='line_1_110' title="bbox 2183 5180 3763 5252; baseline -0.003 -14"><span class='ocrx_word' id='word_1_845' title='bbox 2183 5198 2305 5240; x_wconf 88' lang='lat' dir='ltr'><strong>cum</strong></span> <span class='ocrx_word' id='word_1_846' title='bbox 2332 5183 2651 5252; x_wconf 85' lang='lat' dir='ltr'><strong>perizomata</strong></span> <span class='ocrx_word' id='word_1_847' title='bbox 2690 5181 2778 5237; x_wconf 89' lang='lat' dir='ltr'><strong>illa</strong></span> <span class='ocrx_word' id='word_1_848' title='bbox 2823 5180 3069 5238; x_wconf 75' lang='lat' dir='ltr'><strong>suﬁieere</strong></span> <span class='ocrx_word' id='word_1_849' title='bbox 3099 5181 3398 5251; x_wconf 75' lang='lat' dir='ltr'><strong>potuissent</strong></span> <span class='ocrx_word' id='word_1_850' title='bbox 3420 5199 3440 5235; x_wconf 73' lang='grc' dir='ltr'><strong><em>ι</em></strong></span> <span class='ocrx_word' id='word_1_851' title='bbox 3472 5181 3493 5252; x_wconf 84' lang='lat'><strong>(</strong></span> <span class='ocrx_word' id='word_1_852' title='bbox 3519 5180 3648 5236; x_wconf 83' lang='lat' dir='ltr'><strong>Gen.</strong></span> <span class='ocrx_word' id='word_1_853' title='bbox 3679 5195 3763 5248; x_wconf 86' lang='lat' dir='ltr'><strong>Ill,</strong></span> 
     </span>
    </p>
   </div>
   <div class='ocr_carea' id='block_1_111' title="bbox 2184 5274 3751 5347">
    <p class='ocr_par' dir='ltr' id='par_1_111' title="bbox 2184 5274 3751 5347">
     <span class='ocr_line' id='line_1_111' title="bbox 2184 5274 3751 5347; baseline -0.003 -16"><span class='ocrx_word' id='word_1_854' title='bbox 2184 5277 2238 5343; x_wconf 91' lang='lat'><strong>8,</strong></span> <span class='ocrx_word' id='word_1_855' title='bbox 2266 5274 2368 5347; x_wconf 91' lang='lat'><strong>7),</strong></span> <span class='ocrx_word' id='word_1_856' title='bbox 2419 5275 2464 5329; x_wconf 83' lang='lat' dir='ltr'><strong>si</strong></span> <span class='ocrx_word' id='word_1_857' title='bbox 2516 5275 2585 5331; x_wconf 86' lang='lat' dir='ltr'><strong>de</strong></span> <span class='ocrx_word' id='word_1_858' title='bbox 2629 5275 2937 5346; x_wconf 86' lang='lat' dir='ltr'><strong>genitalium</strong></span> <span class='ocrx_word' id='word_1_859' title='bbox 2994 5274 3232 5333; x_wconf 80' lang='lat' dir='ltr'><strong>nuditate</strong></span> <span class='ocrx_word' id='word_1_860' title='bbox 3279 5274 3701 5332; x_wconf 56' lang='lat' dir='ltr'><strong>erubuissent”</strong></span> <span class='ocrx_word' id='word_1_861' title='bbox 3729 5291 3751 5327; x_wconf 73' lang='grc' dir='ltr'><strong><em>ι</em></strong></span> 
     </span>
    </p>
   </div>
   <div class='ocr_carea' id='block_1_112' title="bbox 2185 5365 3764 5439">
    <p class='ocr_par' dir='ltr' id='par_1_112' title="bbox 2185 5365 3764 5439">
     <span class='ocr_line' id='line_1_112' title="bbox 2185 5365 3764 5439; baseline -0.002 -15"><span class='ocrx_word' id='word_1_862' title='bbox 2185 5369 2322 5439; x_wconf 90' lang='lat' dir='ltr'><strong>Quid</strong></span> <span class='ocrx_word' id='word_1_863' title='bbox 2341 5366 2586 5439; x_wconf 85' lang='lat' dir='ltr'><strong>estquod</strong></span> <span class='ocrx_word' id='word_1_864' title='bbox 2611 5366 2764 5433; x_wconf 89' lang='lat' dir='ltr'><strong>dicis,</strong></span> <span class='ocrx_word' id='word_1_865' title='bbox 2793 5381 2902 5421; x_wconf 92' lang='lat' dir='ltr'><strong>non</strong></span> <span class='ocrx_word' id='word_1_866' title='bbox 2938 5366 3257 5421; x_wconf 86' lang='lat' dir='ltr'><strong>inveniendo</strong></span> <span class='ocrx_word' id='word_1_867' title='bbox 3283 5367 3424 5436; x_wconf 88' lang='lat' dir='ltr'><strong>quod</strong></span> <span class='ocrx_word' id='word_1_868' title='bbox 3444 5365 3628 5431; x_wconf 83' lang='lat' dir='ltr'><strong>dicas;</strong></span> <span class='ocrx_word' id='word_1_869' title='bbox 3660 5378 3764 5421; x_wconf 75' lang='lat' dir='ltr'><strong>nec</strong></span> 
     </span>
    </p>
   </div>
   <div class='ocr_carea' id='block_1_113' title="bbox 2184 5454 3763 5531">
    <p class='ocr_par' dir='ltr' id='par_1_113' title="bbox 2184 5454 3763 5531">
     <span class='ocr_line' id='line_1_113' title="bbox 2184 5454 3763 5531; baseline -0.004 -16"><span class='ocrx_word' id='word_1_870' title='bbox 2184 5461 2433 5529; x_wconf 86' lang='lat' dir='ltr'><strong>attendis,</strong></span> <span class='ocrx_word' id='word_1_871' title='bbox 2461 5458 2603 5531; x_wconf 87' lang='lat' dir='ltr'><strong>quod</strong></span> <span class='ocrx_word' id='word_1_872' title='bbox 2628 5459 2806 5513; x_wconf 89' lang='lat' dir='ltr'><strong>animo</strong></span> <span class='ocrx_word' id='word_1_873' title='bbox 2833 5456 3128 5528; x_wconf 86' lang='lat' dir='ltr'><strong>trepidante</strong></span> <span class='ocrx_word' id='word_1_874' title='bbox 3149 5472 3179 5511; x_wconf 92' lang='lat' dir='ltr'><strong>a</strong></span> <span class='ocrx_word' id='word_1_875' title='bbox 3215 5456 3349 5511; x_wconf 75' lang='lat' dir='ltr'><strong>facie</strong></span> <span class='ocrx_word' id='word_1_876' title='bbox 3379 5456 3608 5519; x_wconf 87' lang='lat' dir='ltr'><strong>Domini,</strong></span> <span class='ocrx_word' id='word_1_877' title='bbox 3632 5454 3763 5509; x_wconf 87' lang='lat' dir='ltr'><strong>abs-</strong></span> 
     </span>
    </p>
   </div>
   <div class='ocr_carea' id='block_1_114' title="bbox 2186 5534 3762 5623">
    <p class='ocr_par' dir='ltr' id='par_1_114' title="bbox 2186 5534 3762 5623">
     <span class='ocr_line' id='line_1_114' title="bbox 2186 5534 3762 5623; baseline -0.004 -15"><span class='ocrx_word' id='word_1_878' title='bbox 2186 5554 2412 5608; x_wconf 89' lang='lat' dir='ltr'><strong>trusiora</strong></span> <span class='ocrx_word' id='word_1_879' title='bbox 2465 5538 2681 5608; x_wconf 86' lang='lat' dir='ltr'><strong>latibula</strong></span> <span class='ocrx_word' id='word_1_880' title='bbox 2727 5546 3092 5623; x_wconf 81' lang='lat' dir='ltr'><strong>quaesierunt?</strong></span> <span class='ocrx_word' id='word_1_881' title='bbox 3148 5548 3241 5605; x_wconf 86' lang='lat' dir='ltr'><strong>illa</strong></span> <span class='ocrx_word' id='word_1_882' title='bbox 3269 5564 3396 5605; x_wconf 89' lang='lat' dir='ltr'><strong>vero</strong></span> <span class='ocrx_word' id='word_1_883' title='bbox 3427 5542 3625 5603; x_wconf 91' lang='lat' dir='ltr'><strong>lumbis</strong></span> <span class='ocrx_word' id='word_1_884' title='bbox 3651 5534 3762 5603; x_wconf 88' lang='lat' dir='ltr'><strong>eir-</strong></span> 
     </span>
    </p>
   </div>
   <div class='ocr_carea' id='block_1_115' title="bbox 2248 5656 3735 5733">
    <p class='ocr_par' dir='ltr' id='par_1_115' title="bbox 2248 5656 3735 5733">
     <span class='ocr_line' id='line_1_115' title="bbox 2248 5656 3735 5733; baseline 0 0"><span class='ocrx_word' id='word_1_885' title='bbox 2248 5667 2265 5733; x_wconf 59' lang='lat'><strong><em>?</em></strong></span> <span class='ocrx_word' id='word_1_886' title='bbox 2285 5663 2596 5733; x_wconf 68' lang='grc' dir='ltr'><strong>ιἰοτιαοθηεέε</strong></span> <span class='ocrx_word' id='word_1_887' title='bbox 2615 5658 2715 5729; x_wconf 69' lang='grc' dir='ltr'><strong>Μειν</strong></span> <span class='ocrx_word' id='word_1_888' title='bbox 2737 5660 2848 5733; x_wconf 51' lang='lat' dir='ltr'><strong>qi?!</strong></span> <span class='ocrx_word' id='word_1_889' title='bbox 3097 5658 3197 5733; x_wconf 65' lang='grc' dir='ltr'><strong>ίέἔίδ</strong></span> <span class='ocrx_word' id='word_1_890' title='bbox 3208 5657 3543 5733; x_wconf 39' lang='lat' dir='ltr'><strong>ﬁni???»</strong></span> <span class='ocrx_word' id='word_1_891' title='bbox 3558 5656 3735 5733; x_wconf 45' lang='lat'><strong>39:“;</strong></span> 
     </span>
    </p>
   </div>
   <div class='ocr_carea' id='block_1_116' title="bbox 2188 5714 3758 5850">
    <p class='ocr_par' dir='ltr' id='par_1_116' title="bbox 2188 5714 3758 5850">
     <span class='ocr_line' id='line_1_116' title="bbox 2188 5714 3758 5850; baseline -0.006 -69"><span class='ocrx_word' id='word_1_892' title='bbox 2188 5714 2490 5850; x_wconf 39' lang='lat' dir='ltr'><strong>“Lais;</strong></span> <span class='ocrx_word' id='word_1_893' title='bbox 2536 5714 2715 5791; x_wconf 70' lang='lat' dir='ltr'><strong>deest;</strong></span> <span class='ocrx_word' id='word_1_894' title='bbox 2744 5714 2912 5779; x_wconf 57' lang='lat' dir='ltr'><strong>nae</strong></span> <span class='ocrx_word' id='word_1_895' title='bbox 2956 5714 3237 5789; x_wconf 66' lang='lat' dir='ltr'><strong>gadtattunt</strong></span> <span class='ocrx_word' id='word_1_896' title='bbox 3277 5714 3495 5775; x_wconf 64' lang='grc' dir='ltr'><strong>ηᾱαααιε</strong></span> <span class='ocrx_word' id='word_1_897' title='bbox 3529 5714 3758 5773; x_wconf 64' lang='lat' dir='ltr'><strong>manus</strong></span> 
     </span>
    </p>
   </div>
  </div>
