4142 6500
417 403 523 458 785

413 519 608 576 tendis.
639 517 793 575 Unde
837 515 932 571 tibi
973 513 1179 570 duobus
1201 512 1472 583 prioribus
1495 510 1646 568 libris
1671 511 1750 566 sic
1783 523 1872 566 me
1915 522 2001 564 re—

413 610 698 682 spondisse
719 608 968 670 arbitror,
1000 612 1114 659 uta
1134 603 1282 660 nullo
1309 604 1538 674 amplius
1565 607 1884 674 requiratur.

449 749 452 752 ,
486 703 542 756 2.
571 701 873 768 Exaggeras
902 711 1058 766 quam
1086 695 1156 750 sit
1186 713 1205 747 ι
1243 694 1475 750 difficilis
1490 695 1782 765 paucisque
1807 706 2003 749 conve-

412 797 564 851 niens
613 791 836 847 eruditis
860 799 1162 845 sanctarum
1201 789 1438 859 cognitio
1480 787 1835 843 Litterarum:
1867 805 1888 838 ι
1921 785 2002 838 vi-

413 887 626 950 delicet,
664 901 683 934 ¢
714 892 770 936 ut
793 883 932 937 Deus
956 881 1251 946 hominum,
1282 882 1418 936 sicut
1437 881 1672 936 universi
1699 879 1940 935 conditor
1959 879 1999 944 ι,

411 986 466 1032 et
479 977 655 1045 justus
674 983 727 1029 et
755 989 919 1028 verax
965 988 1029 1027 ac
1069 973 1217 1042 pius,
1251 972 1392 1027 idem
1421 973 1442 1003 ³
1471 971 1736 1026 donorum
1783 984 2000 1025 suorum

412 1069 464 1120 in
495 1065 740 1120 homines
784 1064 1085 1120 cumulator
1121 1065 1414 1133 probetur;
1461 1063 1584 1133 quia
1622 1077 1726 1116 una
1755 1069 1858 1128 est,
1895 1079 1913 1111 ι
1944 1069 2003 1114 ιιι

413 1158 615 1222 fateris,
650 1175 670 1208 ι
706 1157 908 1226 optima
935 1171 1096 1210 causa
1118 1154 1416 1210 studiorum
1443 1153 1725 1218 bonorum,
1751 1159 1810 1206 ut
1833 1151 2005 1205 hono-

413 1259 559 1304 rctur
587 1249 746 1304 Deus.
776 1268 795 1300 ι
826 1248 998 1316 Quem
1025 1256 1204 1302 tamen
1255 1246 1332 1301 sic
1375 1245 1632 1310 honoras,
1659 1253 1718 1298 ut
1749 1243 1999 1313 parvulo-

411 1358 527 1394 rum
554 1341 894 1396 liberatorem
915 1354 1078 1410 neges
1127 1354 1222 1409 per
1250 1337 1524 1392 Christum
1573 1335 1781 1402 Jesum,
1815 1335 1868 1390 id
1895 1343 1998 1399 est,

409 1434 762 1498 Salvatorem,
809 1431 962 1502 cujus
1005 1445 1102 1485 eos
1125 1429 1454 1498 Baptismate
1478 1429 1558 1482 sic
1577 1427 1719 1481 ablui
1749 1426 1924 1480 dicitis
1955 1425 1998 1490 ⁸,

411 1537 470 1582 ιιι
498 1542 606 1581 non
635 1532 1038 1594 consequantur
1078 1522 1326 1586 salutem,
1356 1530 1608 1589 tanquam
1655 1517 1865 1574 medico
1891 1532 1999 1571 non

411 1619 685 1688 indigeant
708 1616 958 1680 Christo;
983 1613 1231 1668 humanae
1261 1612 1483 1681 originis
1517 1625 1708 1666 venam
1739 1609 2002 1679 sagaciter

412 1709 727 1780 inspiciente
746 1748 762 1773 ,
786 1715 839 1761 et
858 1721 953 1761 eos
977 1719 1137 1759 sanos
1163 1702 1541 1772 pronuntiante
1561 1701 1799 1756 Iuliano.
1825 1700 1999 1768 Quam

411 1811 467 1855 to
494 1801 686 1856 melius
715 1800 845 1854 nihil
880 1800 1099 1854 omnino
1144 1796 1457 1858 didicisses,
1507 1809 1665 1864 quam
1700 1809 1798 1864 per
1841 1793 2000 1847 istam

414 1893 564 1947 velut
593 1891 870 1947 scientiam
899 1888 1032 1959 legis
1052 1929 1067 1956 ,
1099 1889 1150 1941 in
1180 1901 1284 1956 qua
1321 1895 1374 1941 te
1400 1884 1636 1956 turgidus
1674 1884 1862 1954 jactas,
1893 1897 2001 1938 non

411 2001 539 2040 sane
577 1984 711 2039 duce
747 1983 841 2036 Dei
888 1982 1036 2051 lege,
1085 1979 1178 2034 sed
1207 1989 1385 2033 vestra
1409 1979 1588 2048 potius
1637 1977 1890 2042 vanitate,
1931 1975 2001 2030 ad

411 2075 549 2132 hanc
575 2075 797 2145 impiam
821 2072 1290 2143 praesumptionem
1318 2069 1588 2124 inimicam
1615 2068 1738 2123 fidei
1763 2066 2002 2122 christia-

411 2183 495 2223 na:
516 2175 574 2221 et
591 2175 693 2220 tute
721 2155 922 2219 animai
946 2162 1302 2232 pervenisses.

443 2321 446 2324 _
483 2257 536 2312 5.
589 2277 608 2308 ι
645 2255 941 2321 Sententia,
974 2272 992 2307 ι
1025 2253 1222 2322 inquis,
1253 2270 1273 2304 ‹
1296 2259 1473 2306 vestra
1502 2258 1610 2304 tam
1653 2248 1912 2304 deformis
1949 2257 2004 2304 et

410 2363 545 2402 vana
575 2354 677 2410 est,
705 2361 824 2416 qua:
865 2353 918 2400 et
955 2344 1067 2400 Deo
1094 2343 1426 2414 iniquitatem
1449 2383 1464 2408 ,
1493 2349 1548 2396 et
1577 2339 1790 2396 diabolo
1819 2339 2005 2394 condi-

412 2442 610 2496 tionem
636 2439 937 2504 hominum,
982 2445 1036 2492 et
1065 2443 1284 2506 peccato
1321 2434 1712 2498 substantiam,
1773 2441 1829 2487 et
1869 2447 2000 2488 con-

411 2531 691 2588 scientiam
722 2531 838 2585 sine
858 2528 1082 2584 scientia
1114 2527 1349 2597 parvulis
1370 2535 1596 2582 conatur
1617 2524 1945 2579 adscribere.
1976 2541 1996 2576 ι

411 2623 655 2678 Breviter
695 2619 1037 2690 respondeo:
1068 2617 1344 2673 Sententia
1375 2626 1556 2670 nostra
1601 2629 1702 2670 nec
1748 2612 2003 2668 deformis

409 2724 524 2780 est;
557 2715 679 2784 quia
699 2713 998 2784 speciosum
1041 2711 1210 2764 forma
1235 2724 1344 2780 prae
1368 2708 1492 2762 ﬁliis
1515 2707 1787 2762 hominum
1818 2705 2004 2760 Salva-

411 2818 583 2862 torem
615 2805 868 2876 praedicat
905 2803 1145 2858 omnium
1190 2801 1466 2855 hominum
1501 2797 1673 2872 (Psal.
1726 2811 1876 2862 xuv,
1905 2793 1960 2868 3)
1983 2836 2000 2863 ,

411 2915 474 2954 ac
501 2915 594 2969 per
621 2899 724 2953 hoc
760 2897 918 2952 etiam
952 2895 1292 2966 parvulorum
1323 2908 1462 2948 :nec
1501 2907 1634 2946 vana
1677 2898 1798 2956 est;
1839 2887 2004 2960 quaa‘

411 3007 519 3045 non
555 2990 770 3055 frustra,
805 2987 904 3043 sed
928 2985 1271 3058 praecedente
1297 2992 1519 3054 peccato
1561 2982 1692 3037 dicit
1730 2980 2003 3036 hominem

411 3083 628 3137 vanitati
646 3083 872 3136 similem
891 3082 1108 3145 factum,
1129 3078 1279 3148 cujus
1295 3077 1410 3132 dies
1425 3076 1562 3132 sicut
1580 3075 1766 3130 umbra
1779 3083 2002 3144 praeter-

412 3181 541 3228 eunt
579 3171 748 3242 (Psal.
795 3187 980 3236 cxun,
1003 3170 1062 3242 4)
1084 3187 1095 3223 :
1120 3183 1216 3224 nec
1243 3169 1353 3224 Deo
1373 3167 1627 3223 adscribit
1647 3166 2000 3236 iniquitatem,

412 3265 506 3320 sed
519 3266 694 3335 potius
706 3264 1031 3334 aequitatem;
1051 3262 1174 3334 quia
1191 3277 1296 3316 non
1313 3261 1510 3330 injuste
1535 3269 1612 3315 tot
1632 3267 1688 3315 et
1710 3259 1870 3314 tantis
1890 3273 2004 3314 ma-

412 3355 502 3422 lis,
517 3371 636 3425 quze
651 3355 947 3424 saepissime
966 3354 1256 3418 cernimus,
1274 3353 1433 3407 etiam
1453 3351 1700 3420 parvulus
1714 3351 1962 3419 plectitur
1985 3367 2000 3405 :

415 3460 516 3500 nec
527 3444 742 3499 diabolo
772 3443 1132 3499 conditionem
1146 3441 1442 3507 hominum,
1463 3442 1558 3495 sed
1579 3440 1821 3494 humana:
1837 3439 2002 3509 origi-

412 3536 496 3590 nis
513 3535 982 3605 depravationem;
1015 3549 1115 3589 nec
1139 3541 1358 3604 peccato
1380 3531 1729 3587 substantiam
1752 3531 1796 3597 ⁸,
1825 3529 1919 3586 sed
1947 3530 2002 3585 in

419 3627 606 3696 primis
633 3625 939 3680 hominibus
967 3633 1166 3690 actum,
1217 3623 1269 3678 in
1323 3637 1508 3677 eorum
1537 3637 1665 3678 vero
1693 3622 2004 3692 posteritate

413 3717 716 3787 contagium
743 3733 757 3770 :
785 3731 884 3770 nec
915 3715 1149 3785 parvulis
1177 3714 1560 3770 conscientiam
1611 3713 1727 3768 sine
1755 3713 2000 3780 scientia,

409 3811 466 3866 in
495 3811 687 3880 quibus
710 3825 810 3865 nec
839 3809 1059 3864 scientia
1089 3816 1208 3875 est,
1244 3822 1346 3862 nec
1376 3806 1736 3872 conscientia;
1776 3805 1870 3860 sed
1901 3805 2006 3860 sci-

410 3903 486 3956 vit
513 3901 602 3956 ille
630 3901 754 3971 quid
794 3899 985 3954 fecerit
1023 3899 1076 3952 in
1119 3913 1225 3968 quo
1281 3913 1469 3952 omnes
1515 3904 1903 3967 peccaverunt,
1949 3904 2004 3952 et

367 3995 369 3998 ⁴
410 3992 602 4063 singuli
631 3991 827 4046 malum
858 3990 982 4045 inde
1025 3997 1324 4044 traxerunt.

482 4087 538 4140 4.
563 4085 640 4140 Tu
654 4095 831 4138 autem
847 4085 936 4154 qui
958 4083 978 4114 ⁸
1001 4081 1394 4137 multitudinem
1413 4080 2000 4152 praestruisidiotarum,

411 4192 546 4247 quos
574 4176 812 4246 appellas
835 4194 854 4228 ι
879 4174 1168 4244 simplices,
1195 4175 1308 4244 qui,
1335 4175 1453 4228 aliis
1469 4173 1712 4244 occupati
1737 4173 1966 4243 negotiis
1983 4216 1998 4241 ,

413 4265 546 4321 nihil
571 4265 637 4320 de
663 4264 965 4320 eruditione
1003 4271 1294 4332 ceperunt,
1317 4264 1429 4318 sola
1459 4273 1636 4317 tamen
1672 4263 1774 4318 fide
1803 4263 1870 4318 ad
1893 4264 2001 4318 Ec-

365 4365 380 4372 ’
413 4359 629 4414 clesiam
657 4357 854 4410 Christi
885 4355 1161 4425 pervenire
1190 4365 1463 4422 curarunt,
1511 4371 1578 4410 ne
1623 4353 1776 4410 facile
1806 4355 2002 4410 obscu-

413 4452 488 4506 ris
514 4449 895 4520 quaestionibus
917 4456 1240 4514 terreantur,
1269 4448 1364 4502 sed
1390 4448 1671 4503 credentes
1713 4449 1880 4503 Deum
1911 4463 2004 4503 ve-

413 4557 530 4596 rum
549 4539 880 4596 conditorem
900 4555 1018 4594 esse
1037 4539 1336 4606 hominum,
1365 4539 1726 4594 indubitanter
1742 4539 1763 4572 "
1790 4554 2002 4609 quoque

415 4639 632 4686 teneant
659 4630 779 4700 quia
811 4631 928 4700 pius
957 4638 1074 4696 est,
1103 4629 1224 4699 quia
1255 4644 1412 4684 verax
1437 4671 1450 4694 ,
1479 4629 1822 4698 quiajustus;
1845 4639 2002 4698 atque

417 4721 553 4775 hanc
584 4721 988 4774 mstimationem
1011 4719 1080 4776 de
1117 4719 1206 4773 illa
1230 4719 1492 4774 Trinitate
1515 4727 1808 4782 servantes,
1848 4719 2002 4790 quid-

415 4813 541 4884 quid
569 4812 833 4866 audierint
875 4811 996 4866 huic
1025 4812 1316 4890 convenire
1343 4813 1623 4866 sententize
1643 4853 1658 4880 ,
1689 4812 2000 4880 amplexcn-

415 4912 505 4958 tur
529 4911 686 4974 atque
714 4901 1017 4956 collaudent
1045 4920 1058 4955 :
1092 4917 1194 4958 nec
1219 4903 1320 4957 hoc
1363 4903 1442 4957 eis
1472 4903 1576 4956 ulla
1603 4903 1682 4957 vis
1721 4911 2003 4974 argumen-

417 4994 633 5048 tationis
661 4993 890 5060 evellet,
920 4993 1012 5048 sed
1036 4993 1372 5048 detestentur
1394 5009 1606 5048 omnem
1629 4996 2001 5049 auctoritatem

417 5097 577 5157 atque
597 5101 810 5141 omnem
831 5087 1140 5142 societatem
1189 5087 1454 5140 contraria
1479 5085 1800 5155 persuadere
1830 5087 2002 5141 niten-

431 5243 436 5250 '
481 5242 497 5272 ¹
519 5242 592 5304 Sic
613 5241 838 5304 plerique
861 5249 968 5290 Mss.
996 5239 1080 5290 Alli
1112 5254 1220 5304 cum
1261 5247 1360 5290 Am.
1387 5247 1440 5291 et
1459 5247 1556 5300 En,
1591 5245 1643 5291 ut
1687 5249 1814 5304 Deus
1845 5240 2000 5304 honi-

412 5301 674 5364 nuntsic‘ut
709 5301 1040 5353 universorum
1061 5302 1296 5364 conditor.
1344 5310 1476 5364 Lov.,
1502 5309 1555 5354 ut
1579 5311 1709 5356 Deus
1729 5303 1854 5355 sicut
1891 5303 2001 5356 uni-

413 5363 652 5415 versitatis
669 5364 886 5414 conditor
903 5378 919 5424 ;
936 5367 1127 5424 omisso,
1147 5359 1407 5414 hominum.

483 5429 504 5459 ²
528 5425 840 5477 Floriacensis
859 5434 936 5476 Ms.
955 5435 1219 5486 correctus,
1241 5425 1324 5476 ita.

486 5489 508 5520 ³
529 5488 664 5548 Editi,
690 5488 830 5538 dicis.
859 5497 984 5546 MSS.,
1011 5487 1188 5538 dicitis.

477 5548 501 5620 ξ
524 5551 656 5620 Η)υρ
679 5550 956 5620 ωνηῃιιὶᾳ.
983 5557 1037 5620 Ιιι
1058 5551 1198 5599 editis
1218 5549 1324 5620 aliis
1349 5559 1552 5620 et_Mss.,
1577 5565 1702 5616 quur.

481 5610 701 5682 {ﬁnierim
725 5610 1194 5682 addit,idepuu_zmus.
1221 5610 1600 5682 I.ov.,__de_putut.'
1621 5624 1722 5663 Am.
1743 5627 2000 5682 cumnon-

419 5669 566 5739 nullis
585 5679 714 5739 bss,
739 5669 992 5739 deputari.
1019 5675 1166 5724 Abest
1195 5688 1222 5724 a
1259 5669 1540 5724 melioribus
1569 5679 1920 5739 manuscriptis,
1943 5683 2000 5726 ut

421 5731 748 5794 subaudiatu'r,
777 5731 1026 5786 adscribit.

485 5792 853 5859 fgmvanienses
871 5811 1066 5859 cxpunx
1074 5806 1230 5858 erant,
1255 5798 1356 5858 qui.

485 5853 505 5888 ⁷
521 5857 632 5904 ων.
659 5864 714 5904 et
731 5859 864 5922 Belg.
887 5853 1016 5923 Mss,
1033 5853 1315 5912 indubitate.

1235 391 1505 452 CONTRA
1546 391 1882 452 JULIANUM
1921 387 2384 462 PELAGIANUM,
2421 389 2478 450 S.
2519 386 2883 450 AUGUSTINI

3595 394 3700 453 784

2112 515 2252 572 tem;
2290 525 2310 560 ι
2346 508 2390 563 si
2425 505 2541 562 haec
2569 507 2682 576 ipsa
2730 515 2818 561 tua
2861 504 3022 560 verba
3068 503 3408 570 consideras,
3437 505 3697 562 adversus

2109 608 2163 654 te
2205 599 2324 656 illos
2368 599 2707 654 firmissimos
2755 597 2952 654 reddis.
2983 595 3168 666 Neque
3213 597 3356 653 enim
3385 597 3488 652 alia
3533 614 3696 656 causa

2109 699 2224 758 est,
2247 707 2342 746 cur
2363 692 2651 746 novitatem
2681 698 2910 745 vestram
2937 688 3230 744 detestetur
3258 689 3420 744 etiam
3451 691 3696 746 multitu-

2107 783 2178 838 do
2205 783 2494 838 christiana
2527 784 2568 850 ί,
2614 798 2646 838 a
2696 783 2848 851 cujus
2895 781 3046 836 velut
3089 781 3337 851 imperito
3385 781 3588 852 judicio
3625 783 3696 840 ad

2109 891 2306 946 paucos
2330 887 2557 943 vestros,
2591 891 2725 946 quos
2753 875 2920 930 videri
2965 874 3118 944 cupis
3169 874 3614 944 prudentissimos
3637 885 3694 932 et

2106 967 2477 1034 doctissimos,
2509 982 2806 1038 provocas;
2841 967 2941 1022 nisi
2966 967 3088 1038 quia
3119 967 3287 1022 Deum
3329 979 3384 1023 et
3409 969 3686 1024 hominum

2107 1060 2461 1126 conditorem,
2510 1071 2563 1116 et
2591 1063 2611 1092 ³
2635 1060 2994 1130 justissimum
3044 1059 3320 1130 cogitant,
3373 1069 3429 1115 et
3474 1076 3692 1117 suorum

2107 1161 2286 1208 tantos
2343 1153 2611 1210 cruciatus
2665 1154 3002 1223 conspiciunt
3052 1152 3427 1222 parvulorum.
3477 1163 3535 1206 ut
3595 1152 3694 1208 sub

2109 1244 2223 1298 Deo
2265 1254 2508 1300 creatore
2549 1245 2752 1315 optimo
2795 1253 2952 1314 atque
2995 1242 3291 1313 justissimo
3343 1244 3491 1299 nullo
3535 1244 3696 1298 modo

2107 1338 2282 1409 imago
2311 1338 2426 1408 ejus
2447 1339 2500 1392 in
2531 1337 2618 1392 illa
2649 1345 2807 1392 tetate
2831 1345 2975 1392 tanta
3004 1337 3142 1390 mala
3179 1345 3474 1406 pateretur,
3504 1336 3546 1390 si
3581 1351 3690 1390 non

2106 1437 2250 1484 esset
2276 1429 2534 1499 originale
2579 1437 2876 1498 peccatum.
2923 1427 3160 1495 Quorum
3205 1427 3250 1482 si
3280 1427 3560 1497 quisquam
3603 1441 3696 1496 ge-

2105 1529 2254 1578 stans
2285 1522 2558 1592 parvulum
2603 1521 2800 1585 filium,
2830 1529 2882 1576 te
2903 1521 3020 1576 sine
3047 1521 3284 1576 clamore
3309 1520 3607 1586 invidioso,
3640 1529 3698 1576 et

2105 1613 2159 1669 in
2189 1623 2340 1684 parte
2383 1616 2472 1670 ubi
2499 1615 2679 1670 nullus
2703 1615 2942 1678 audiret,
2983 1614 3335 1683 compellaret
3368 1628 3432 1668 ac
3467 1613 3694 1679 diceret,

2105 1705 2220 1776 Ego
2246 1722 2306 1762 ea
2337 1715 2544 1773 mente,
2575 1707 2921 1776 intelligentia
2941 1747 2957 1772 ,
2990 1706 3196 1760 ratione
3219 1746 3234 1770 ,
3263 1705 3314 1758 in
3341 1719 3444 1774 qua
3472 1719 3590 1759 sum
3621 1705 3696 1758 fa-

2104 1807 2221 1853 ctus
2241 1797 2306 1852 ad
2334 1797 2616 1869 imaginem
2655 1799 2777 1862 Dei;
2811 1807 3014 1852 tantum
3044 1811 3168 1851 amo
3211 1811 3433 1866 regnum
3465 1795 3558 1850 Dei
3585 1835 3600 1858 ,
3633 1802 3696 1850 ut

2105 1886 2336 1944 hominis
2377 1904 2623 1958 magnam
2667 1888 2901 1957 iudicem
2950 1903 3185 1958 poenam,
3223 1887 3267 1942 si
3309 1902 3373 1941 eo
3413 1901 3688 1956 nunquam

2105 1979 2272 2048 possit
2297 1979 2517 2034 intrare.
2544 1979 2694 2034 Itane
2728 1993 2856 2034 vero
2898 1988 2953 2034 tu
2984 1994 3088 2034 non
3119 1979 3282 2034 homo
3308 1978 3376 2032 de
3405 1979 3557 2034 turba
3587 1978 3693 2032 im-

2105 2069 2426 2140 peritorum,
2453 2069 2544 2125 sed
2579 2071 2721 2125 inter
2757 2085 2954 2141 paucos
2983 2069 3426 2140 prudentissimos
3451 2071 3598 2140 regni
3627 2071 3695 2124 il-

2011 2201 2018 2206 .
2105 2160 2206 2215 lius
2229 2171 2453 2238 amator,
2487 2169 2634 2217 tanto
2669 2162 2851 2232 utique
2890 2162 3165 2216 ardentior
3203 2171 3402 2232 quanto
3445 2161 3612 2232 magis
3638 2169 3692 2216 te

2106 2252 2514 2324 ﬂagrantissima
2541 2269 2832 2324 paucorum
2875 2255 3104 2310 societas
3150 2254 3204 2308 in
3250 2253 3384 2309 illud
3420 2253 3688 2319 accendit,

2106 2359 2205 2400 nec
2231 2346 2350 2399 facit
2373 2344 2496 2402 inde
2525 2353 2830 2415 torpescere
2855 2345 3096 2416 frigidior
3115 2345 3432 2410 multitudo,
3467 2359 3695 2414 respon-

2105 2451 2264 2491 surus
2306 2451 2365 2492 es
2407 2437 2610 2494 homini
2648 2449 2807 2510 atque
2855 2439 3114 2506 dicturus,
3149 2438 3265 2495 Non
3295 2439 3468 2494 solum
3503 2452 3694 2508 magna

2105 2542 2211 2582 non
2240 2537 2342 2596 est,
2365 2528 2462 2586 sed
2513 2530 2658 2585 nulla
2685 2531 2904 2586 omnino
2946 2545 3104 2602 pwna
3155 2539 3236 2586 est
3275 2529 3524 2601 imaginis
3573 2527 3692 2591 Dei.

2105 2633 2373 2688 nunquam
2403 2635 2560 2690 posse
2604 2622 2803 2677 intrare
2850 2623 2906 2676 in
2945 2638 3168 2693 regnum
3201 2622 3342 2678 Dei?
3379 2623 3515 2678 Puto
3552 2619 3696 2692 quod

2105 2725 2206 2766 nec
2225 2712 2315 2766 uni
2345 2711 2544 2768 homini
2569 2754 2584 2777 ,
2618 2714 2769 2783 cujus
2791 2729 2890 2770 nec
2916 2715 3022 2768 vim
3049 2729 3147 2769 nec
3184 2714 3552 2769 testimonium
3579 2711 3696 2768 for-

2104 2800 2333 2857 midabis
2351 2842 2366 2868 ,
2397 2802 2500 2858 hoc
2525 2802 2707 2860 dicere
2739 2804 2982 2860 audebis.
3018 2805 3094 2860 Te
3123 2805 3299 2876 itaque
3325 2805 3440 2861 sive
3466 2819 3697 2876 respon-

2105 2891 2270 2949 dente
2295 2893 2595 2963 quodlibet,
2640 2895 2753 2950 sive
2796 2894 2962 2967 (quod
3013 2896 3179 2966 magis
3215 2911 3244 2950 a
3287 2905 3339 2950 te
3385 2897 3622 2966 exigeret
3649 2895 3698 2952 si

2105 3001 2212 3042 non
2238 2985 2525 3041 christiana
2546 3029 2562 3054 ,
2592 2997 2738 3044 certe
2767 2989 2998 3045 humana
3025 2989 3367 3058 verecundia)
3400 2991 3658 3046 reticente
3675 3031 3694 3058 ,

2105 3076 2368 3147 ingereret
2409 3079 2712 3147 aspectibus
2757 3079 2862 3136 tuis
2915 3082 3194 3151 parvulum
3245 3095 3434 3144 suum,
3465 3081 3690 3138 dicens:

2104 3168 2285 3224 Justus
2308 3177 2390 3224 est
2436 3170 2613 3236 Deus;
2667 3170 2796 3242 quid
2843 3173 2968 3228 mali
3011 3182 3113 3240 est,
3164 3173 3306 3244 quod
3350 3173 3692 3230 innocentem

2105 3260 2246 3316 hanc
2269 3261 2386 3330 ejus
2412 3262 2695 3334 imaginem
2722 3264 2970 3336 prohibet
2992 3265 3192 3322 intrare
3213 3267 3265 3320 in
3287 3282 3506 3338 regnum
3535 3267 3690 3337 ejus;

2105 3354 2150 3408 si
2191 3370 2294 3408 non
2326 3354 2428 3408 hoc
2470 3364 2553 3410 est
2589 3367 2864 3426 peccatum
2890 3398 2906 3424 ,
2931 3357 3074 3428 quod
3101 3375 3196 3428 per
3225 3375 3390 3414 unum
3415 3360 3683 3416 hominem

2105 3443 2320 3498 intravit
2348 3444 2402 3498 in
2443 3446 2696 3501 mundum
2728 3447 2904 3518 (Rom.
2931 3464 2986 3515 ν,
3039 3449 3166 3521 12)?
3202 3451 3336 3506 Puto
3363 3451 3505 3522 quod
3549 3452 3696 3507 nulla

2105 3534 2200 3589 tibi
2229 3535 2401 3591 aderit
2451 3537 2743 3607 sapientia,
2789 3555 2893 3610 qua
2937 3541 3030 3596 tibi
3079 3540 3311 3597 videaris
3353 3543 3444 3598 illo
3473 3543 3696 3598 indocto

2106 3625 2324 3682 homine
2352 3627 2590 3694 doctior;
2619 3629 2714 3684 sed
2761 3630 2865 3684 sia
2909 3639 2962 3685 te
3013 3633 3299 3688 recesserit
3339 3633 3694 3703 impudentia,

2104 3715 2198 3771 illo
2229 3716 2426 3773 infante
2445 3720 2750 3775 remanebis
2779 3720 3056 3777 infantior.

2177 3803 2406 3863 CAPUT
2451 3808 2515 3863 ll.
2560 3837 2632 3850 —
2673 3809 2727 3864 5.
2772 3809 2876 3866 Sed
2916 3813 3177 3882 prooemio
3225 3815 3534 3882 terminato,
3585 3830 3700 3888 quo

2105 3899 2381 3969 imperitos
2409 3900 2706 3957 admonitos
2741 3905 3035 3970 removisti,
3066 3917 3120 3960 et
3149 3921 3435 3976 paucorum
3469 3910 3564 3964 tibi
3602 3923 3700 3965 au-

2105 4007 2193 4046 res
2229 3991 2618 4048 eruditissimas
2647 3997 2996 4064 praeparasti,
3029 3997 3154 4066 quid
3204 3997 3579 4068 disputationis
3599 4015 3698 4071 ag-

2104 4082 2350 4152 grediare
2379 4083 2673 4138 videamus.
2723 4084 2917 4140 Nescio
2947 4086 3074 4156 quid
3121 4088 3264 4142 enim
3311 4090 3444 4144 satis
3480 4099 3698 4153 acutum

2106 4175 2200 4230 tibi
2221 4175 2364 4230 venit
2391 4176 2444 4230 iu
2475 4185 2742 4242 mentem,
2787 4178 2928 4248 quod
2961 4189 3012 4235 te
3049 4180 3104 4234 in
3143 4181 3378 4236 secundo
3422 4182 3560 4238 libro
3603 4191 3698 4238 tuo

2105 4263 2326 4334 fugerat,
2356 4279 2478 4320 eum
2508 4265 2578 4321 de
2597 4267 2854 4342 membris
2879 4269 3145 4338 pudendis
3165 4311 3181 4338 ,
3217 4287 3336 4342 quae
3359 4283 3478 4342 post
3507 4287 3698 4343 pecca-

2107 4363 2216 4410 tum
2268 4357 2514 4412 rationali
2558 4360 2951 4417 verecundante
2994 4373 3181 4418 natura
3213 4365 3560 4422 ficulneorum
3601 4366 3698 4423 ad-

2106 4457 2290 4517 operta
2315 4457 2438 4502 sunt
2459 4451 2692 4520 tegmine
2719 4451 2988 4520 foliorum,
3017 4455 3183 4510 multa
3199 4456 3464 4524 dixisses;
3497 4459 3697 4516 frustra

2105 4539 2338 4596 refutare
2365 4555 2587 4598 conatus
2609 4545 2753 4614 quod
2803 4561 2902 4616 ego
2935 4547 3211 4616 dixeram,
3254 4567 3273 4600 ι
3312 4547 3418 4604 Cur
3455 4565 3586 4620 ergo
3623 4567 3694 4606 ex

2107 4632 2211 4688 illis
2239 4635 2491 4690 membris
2514 4621 2758 4692 confusio
2785 4647 2906 4708 post
2955 4651 3232 4710 peccatum
3251 4682 3267 4707 ,
3315 4643 3416 4697 nisi
3441 4643 3564 4712 quia
3594 4657 3690 4698 ex-

2107 4724 2242 4780 stitit
2261 4725 2366 4780 illic
2393 4727 2644 4782 indecens
2664 4739 2842 4784 motus
2871 4729 3003 4802 )(De
3020 4731 3231 4802 Nuptiis
3249 4742 3298 4787 et
3323 4733 3696 4804 Concupiscet:-

2109 4817 2198 4884 u'a,
2228 4817 2315 4874 lib.
2362 4817 2415 4884 1,
2447 4835 2500 4872 n.
2553 4819 2643 4890 5)?
2697 4819 2834 4888 Quid
2869 4821 3030 4891 igitur
3063 4825 3399 4896 excogitasti,
3439 4827 3580 4896 quod
3623 4827 3694 4881 ita

2108 4907 2203 4962 tibi
2234 4909 2448 4978 placuit,
2481 4918 2676 4982 utnec
2707 4911 2856 4966 finito
2887 4914 3157 4971 volumine
3177 4957 3194 4984 ,
3243 4917 3331 4970 ubi
3365 4917 3502 4971 hanc
3538 4933 3690 4986 quae-

2107 4999 2333 5054 stionem
2361 5009 2469 5056 tam
2509 4999 2759 5056 diuturna
2809 5003 3132 5074 loquacitate
3160 5007 3408 5072 versasti,
3449 5007 3562 5076 jam
3593 5007 3698 5061 hoc

2106 5103 2324 5164 putares
2362 5095 2755 5152 omittendum?
2797 5097 3066 5169 Scriptum
3115 5115 3235 5156 esse
3277 5101 3446 5167 dicis,
3469 5099 3540 5154 Et
3565 5103 3702 5172 fera-

2106 5196 2224 5241 runt
2247 5185 2342 5242 sibi
2387 5189 2682 5243 vestimenta
2707 5189 2862 5262 (Gen.
2889 5207 2968 5258 ιιι,
2997 5192 3075 5264 7),
3119 5193 3385 5266 aliamque
3427 5195 3700 5262 interpre-

2106 5279 2362 5334 tationem
2407 5279 2607 5336 habere
2635 5295 3025 5338 commemoras
3055 5285 3364 5354 perizomata
3395 5300 3416 5336 :
3437 5293 3493 5339 et
3537 5285 3694 5338 vesti-

2106 5381 2275 5424 menta
2297 5369 2544 5440 perhibes
2575 5389 2595 5424 ι
2627 5373 2791 5428 totius
2817 5374 3057 5444 corporis
3079 5375 3445 5430 indumentum
3473 5375 3701 5445 intelligi

2107 5475 2294 5530 posse,
2323 5459 2463 5530 quod
2490 5461 2554 5516 ad
2587 5462 2808 5532 pudoris
2845 5463 3074 5520 refertur
3107 5467 3362 5521 officium.
3409 5485 3428 5519 ι
3459 5463 3562 5520 Ubi
3591 5465 3698 5520 mi-

2105 5567 2197 5606 ror
2223 5551 2380 5606 istum
2427 5551 2774 5620 interpretem
2817 5570 2976 5625 quem
3019 5556 3231 5626 legisti,
3287 5556 3336 5611 si
3379 5553 3698 5625 Pelagianus

2105 5659 2212 5698 non
2265 5641 2393 5707 fuit,
2424 5657 2490 5698 ex
2541 5659 2605 5698 eo
2649 5646 2790 5715 quod
2834 5663 3039 5718 graecus
3091 5649 3164 5702 ait
3211 5649 3552 5719 perizomata,
3602 5663 3693 5702 ve-

2173 5803 2188 5833 ι
2213 5796 2402 5858 Aliquot
2417 5803 2547 5857 Mss,
2570 5797 2967 5850 Christianorum.

2099 5921 2104 5932 ι
2173 5867 2191 5894 2
2211 5857 2488 5918 Copulativa
2509 5859 2760 5920 particula,
2780 5869 2846 5925 et,
2871 5877 3043 5917 υιιιιδεει
3068 5869 3143 5920 lth
3165 5869 3288 5927 apud
3313 5877 3421 5920 Lor.
