4142 6504
373 369 500 436 785

372 499 629 553 alimenta
671 497 910 570 potuisse
941 495 1252 556 transferre.
1301 497 1498 555 Verum
1528 507 1582 555 et
1605 499 1692 555 hic
1733 500 1776 554 si
1808 499 1978 571 pudor

368 594 550 656 adsit,
577 591 643 646 ad
665 591 818 660 cujus
844 591 1076 645 officium
1115 592 1433 646 vestimenta
1459 592 1657 648 asseris
1683 593 1974 662 pertinere,

369 699 726 755 nequaquam
779 683 1104 754 persuadere
1150 685 1432 739 conaberis
1485 684 1732 739 homines
1775 685 1978 754 primos

369 788 612 847 peccato
642 777 896 847 magistro
920 778 1019 832 ista
1058 776 1274 846 pudoris
1301 776 1473 831 officia
1503 777 1779 842 didicisse,
1825 785 1879 832 et
1926 777 1978 830 in

372 870 470 926 eis
503 870 650 939 prius
681 869 813 924 duas
859 868 1011 938 quasi
1052 868 1227 923 socias
1275 877 1330 922 et
1367 867 1567 922 amicas
1599 867 1981 922 convenienter

369 957 662 1016 habitasse
686 960 1044 1015 innocentiam
1069 968 1124 1015 et
1149 959 1553 1030 impudentiam.
1582 959 1808 1028 Quando
1834 960 1976 1014 enim

372 1053 519 1109 nudi
548 1060 718 1118 erant,
747 1061 800 1108 et
820 1068 923 1107 non
944 1051 1426 1117 confundebantur,
1465 1052 1811 1108 inverecundi
1826 1061 1980 1107 erant

366 1147 681 1202 secundum
711 1154 853 1201 tuam
874 1146 1286 1216 disputationem
1305 1188 1320 1211 ,
1353 1156 1406 1202 et
1435 1162 1466 1202 a
1501 1147 1728 1202 naturali
1755 1146 1975 1216 pudoris

365 1252 550 1292 sensu
595 1237 996 1293 abhorrebant:
1029 1236 1124 1292 sed
1174 1236 1422 1292 videlicet
1466 1238 1535 1292 ab
1576 1238 1675 1292 ista
1719 1237 1978 1308 pravitate

367 1329 663 1399 peccando
679 1330 908 1385 correcti
937 1339 1095 1397 sunt,
1124 1337 1180 1385 et
1212 1345 1402 1386 sensus
1430 1331 1688 1400 reprobus
1728 1330 1981 1400 praevari-

368 1421 619 1475 cationis
648 1419 819 1475 factus
864 1431 948 1476 est
993 1420 1048 1475 in
1095 1420 1176 1476 eis
1205 1419 1394 1476 doctor
1437 1420 1676 1491 pudoris.
1709 1420 1979 1476 Pudentes

369 1517 586 1586 quippe
617 1515 742 1570 fecit
764 1515 1021 1586 nequitia,
1056 1530 1191 1587 quos
1213 1515 1554 1586 impudentes
1579 1517 1785 1587 justitia
1813 1516 1978 1572 facie-

369 1605 495 1661 bat.
530 1605 644 1661 lmo
673 1622 801 1662 vero
850 1615 938 1662 tua
986 1608 1087 1662 ista
1137 1609 1400 1664 sententia
1443 1609 1515 1664 ita
1553 1619 1634 1664 est
1668 1609 1978 1666 indecenter

369 1697 673 1770 impudens
697 1708 751 1753 et
770 1698 1083 1755 deformiter
1116 1699 1255 1754 nuda
1277 1741 1293 1767 ,
1341 1710 1396 1755 ut
1443 1716 1562 1756 eam
1588 1744 1603 1768 ,
1649 1702 1979 1773 quantalibet

370 1787 513 1843 folia
538 1789 819 1845 verborum
847 1805 1076 1847 consuas
1099 1832 1114 1858 ,
1145 1792 1360 1862 operire
1397 1809 1502 1849 non
1532 1794 1727 1864 possis.
1962 1850 1966 1854 .

453 1881 513 1936 6.
547 1881 590 1936 A
617 1882 909 1952 pictoribus
945 1898 1033 1939 me
1058 1883 1308 1940 didicisse
1343 1885 1586 1954 derides,
1625 1886 1768 1958 quod
1805 1887 1975 1943 Adam

369 1981 436 2028 et
467 1973 662 2029 mulier
703 1976 820 2044 ejus
869 1975 1114 2044 pudenda
1142 1978 1514 2050 contexerint;
1544 1989 1599 2036 et
1628 1979 1974 2036 Horatianum

369 2062 519 2118 illud
546 2061 888 2120 decantatum
909 2065 1095 2122 audire
1116 2082 1206 2124 me
1228 2070 1474 2139 praecipis
1495 2112 1511 2138 ,

1232 2163 1497 2212 victoribus
1519 2169 1668 2227 atque
1691 2165 1852 2226 poetis

506 2217 749 2277 Quidlibet
769 2219 979 2270 audendi
1009 2221 1323 2296 sempepfuit
1345 2237 1484 2296 aequa
1512 2233 1742 2296 potestas.
1799 2288 1824 2296 _

1181 2284 1262 2347 (In
1282 2284 1600 2350 Arte'poetica
1614 2323 1629 2347 ,
1652 2300 1777 2338 vers.
1796 2288 1846 2349 9,
1875 2288 1972 2352 10).

373 2361 498 2436 Ego
538 2381 669 2421 vero
710 2381 819 2420 non
859 2381 888 2420 a
929 2367 1138 2437 pictore
1177 2368 1414 2423 inanium
1465 2369 1787 2439 figurarum,
1820 2371 1914 2427 sed
1942 2388 1972 2427 a

373 2456 643 2526 scriptore
675 2457 974 2512 divinarum
999 2458 1158 2514 didici
1186 2458 1531 2529 Litterarum,
1563 2464 1685 2534 quia
1717 2464 1792 2520 illi
1815 2465 1972 2534 primi

374 2543 630 2601 homines
658 2555 939 2618 antequam
970 2559 1256 2620 peccarent
1281 2551 1408 2606 nudi
1438 2563 1610 2618 erant,
1637 2563 1690 2608 et
1711 2569 1815 2609 non
1843 2570 1973 2610 con-

387 2638 770 2696 fundebantur.
798 2641 856 2695 ln
888 2642 1079 2711 quibus
1107 2643 1244 2697 absit
1273 2653 1331 2699 ut
1356 2653 1500 2700 tanta
1533 2646 1835 2702 innocentia
1862 2657 1967 2702 tam

382 2729 669 2802 impudens
690 2743 856 2789 esset:
879 2734 972 2788 sed
994 2735 1228 2790 nondum
1246 2735 1417 2792 inerat
1437 2737 1574 2807 quod
1592 2739 1831 2807 puderet.
1848 2739 1970 2794 Pec-

381 2834 663 2894 caverunt,
691 2825 1057 2895 attenderunt,
1080 2829 1427 2895 erubuerunt,
1456 2839 1778 2900 operuerunt
1814 2829 1968 2902 (Gen.

377 2936 443 2985 ιι,
473 2920 655 2986 25-11:,
689 2922 814 2992 il):
845 2931 898 2976 et
927 2922 1099 2978 adhuc
1115 2922 1335 2990 clamas,
1369 2942 1388 2975 ‹
1418 2922 1558 2978 Nihil
1586 2924 1694 2978 illic
1719 2923 1970 2979 indecens

375 3027 680 3083 novumque
743 3017 1048 3068 senserunt;
1097 3032 1117 3066 ι
1171 3013 1323 3068 Hanc
1371 3015 1533 3084 plane
1582 3013 1969 3083 impudentiam

375 3113 520 3161 tuam
563 3106 724 3160 nimis
764 3105 1167 3174 incredibilem,
1206 3106 1348 3162 absit
1376 3114 1435 3160 ut
1473 3106 1669 3172 dicam,
1704 3108 1878 3162 nullus
1911 3116 1962 3162 te

374 3196 652 3266 apostolus
687 3206 780 3250 aut
823 3198 1116 3267 propheta,
1156 3197 1250 3252 sed
1287 3212 1387 3252 nec
1428 3198 1600 3266 pictor
1625 3198 1837 3267 docuit,
1868 3214 1967 3256 nec

374 3296 550 3358 poeta.
584 3288 664 3342 llli
694 3288 894 3358 quippe
923 3288 1058 3358 ipsi,
1088 3289 1282 3358 quibus
1313 3306 1331 3340 ι
1360 3288 1624 3359 quidlibet
1653 3289 1910 3356 audendi,
1943 3309 1963 3342 ι

378 3379 513 3433 sicut
560 3379 833 3449 eleganter
861 3379 1060 3433 dictum
1090 3378 1325 3448 videtur,
1371 3397 1391 3431 ι
1419 3394 1637 3449 semper
1674 3381 1771 3435 fuit
1817 3395 1968 3451 aequa

383 3477 644 3539 potestas;
684 3488 703 3522 ι
761 3468 1218 3525 confunderentur
1273 3470 1379 3526 tale
1435 3470 1633 3541 aliquid
1681 3471 1968 3527 ridendum

352 3585 358 3590 -
383 3558 583 3630 lingere
601 3602 616 3625 ,
645 3561 800 3632 quale
830 3569 882 3616 te
911 3561 1245 3618 credendum
1275 3575 1383 3616 non
1412 3560 1757 3629 confunderis
1778 3561 1968 3632 dispu-

385 3662 516 3710 tare.
549 3655 686 3710 Duas
713 3655 856 3711 enim
875 3655 1034 3710 simul
1063 3654 1386 3721 habitantes,
1419 3669 1644 3725 quarum
1687 3655 1854 3709 altera
1885 3663 1970 3710 est

305 3768 308 3772 '
383 3748 574 3820 optima
594 3791 610 3817 ,
638 3751 803 3805 altera
836 3758 918 3805 est
939 3749 1190 3819 pessima,
1212 3748 1523 3804 velutinter
1555 3762 1614 3803 se
1641 3748 1968 3803 convenien-

383 3849 464 3896 tes
485 3851 646 3914 atque
666 3841 997 3910 concordes,
1027 3842 1387 3897 innocentiam
1432 3841 1638 3897 scilicet
1665 3850 1824 3912 atque
1863 3842 1967 3897 im-

379 3935 684 4006 pudentiam
712 3977 726 4000 ,
761 3935 939 3992 nullus
959 3935 1134 4006 pictor
1173 3935 1422 4007 pingere,
1469 3935 1646 3990 nullus
1698 3945 1853 4006 poeta
1878 3951 1967 3991 ca-

380 4043 503 4084 nere
521 4029 745 4084 auderet
779 4042 917 4084 :nec
957 4043 1142 4083 eorum
1187 4027 1467 4098 quisquam
1509 4027 1583 4082 ita
1616 4027 1685 4083 de
1720 4027 1968 4084 sensibus

379 4119 688 4192 desperaret
704 4120 972 4187 humanis,
1001 4127 1059 4174 ut
1074 4119 1234 4175 etiam
1257 4119 1360 4173 hoc
1376 4119 1476 4173 sibi
1499 4118 1728 4174 audendi
1755 4134 1964 4189 aequam

380 4216 619 4271 crederet
675 4222 1029 4286 potestatem,
1078 4213 1174 4269 sed
1228 4211 1472 4268 insanam
1529 4212 1708 4284 potius
1757 4213 1968 4268 vanita-

385 4315 488 4363 tem
499 4349 512 4362 .

459 4399 591 4454 'l.lu
616 4415 682 4455 eo
705 4416 834 4457 vero
871 4399 1014 4472 quod
1059 4399 1217 4470 aisti,
1268 4418 1288 4453 ‹
1316 4399 1374 4457 Si
1421 4399 1500 4456 illi
1543 4399 1969 4472 interpretationi

388 4505 505 4562 quae
534 4492 866 4564 perizomata,
895 4493 951 4548 id
981 4499 1096 4560 est,
1149 4492 1524 4562 praecinctoria
1568 4497 1783 4564 posuit,
1824 4491 1972 4547 fave-

387 4593 492 4650 tur,
527 4586 691 4641 latera
718 4586 881 4656 magis
910 4586 1085 4641 dicam
1113 4592 1252 4640 tecta
1279 4583 1446 4641 fuisse
1485 4599 1644 4655 quam
1673 4582 1909 4650 femora;
1943 4601 1964 4636 ι

381 4681 609 4750 primum
661 4679 852 4746 doleo,
895 4680 973 4736 sic
1024 4687 1079 4735 te
1119 4677 1264 4734 abuti
1316 4693 1503 4734 eorum
1546 4677 1842 4748 ignorantia
1880 4677 1972 4746 qui

379 4790 550 4845 graece
587 4775 860 4839 nesciunt,
903 4783 961 4828 ut
999 4788 1183 4828 eorum
1231 4772 1320 4843 qui
1363 4771 1536 4827 sciunt
1578 4770 1836 4842 judicium
1880 4785 1972 4824 re-
2009 4820 2015 4824 _

380 4868 579 4922 veritus
606 4883 714 4922 non
752 4867 846 4922 sis.
880 4864 986 4920 Sed
1025 4863 1360 4919 commodius
1388 4861 1614 4926 accidit,
1646 4870 1703 4916 ut
1730 4861 1843 4931 ipsa
1873 4875 1971 4931 pe-

381 4961 635 5016 rizomata
683 4974 804 5030 qua:
859 4959 1104 5028 leguntur
1140 4956 1193 5012 iu
1234 4954 1508 5010 codicibus
1567 4953 1797 5024 graecis,
1850 4959 1973 5006 tan-

381 5068 536 5124 quam
566 5053 790 5108 verbum
813 5066 925 5104 suae
952 5051 1146 5121 lingua:
1162 5062 1282 5103 mos
1303 5047 1500 5102 latinus
1521 5052 1761 5115 usurpet.
1782 5044 1975 5099 Proin-

381 5145 442 5200 de
467 5161 590 5202 cum
629 5147 957 5216 perizomate
983 5144 1001 5174 ¹
1032 5158 1140 5198 non
1167 5141 1392 5207 femora,
1424 5139 1520 5195 sed
1561 5139 1728 5194 latera
1759 5135 1973 5202 contegi

379 5238 615 5308 potuisse
638 5235 960 5292 asseverasti
982 5275 997 5300 ,
1031 5245 1160 5306 puto
1199 5231 1341 5304 quod
1374 5241 1425 5287 te
1449 5231 1610 5286 etiam
1640 5231 1756 5301 ipse
1783 5228 1971 5283 risisti.

381 5329 509 5397 Quis
533 5329 675 5385 enim
720 5327 911 5383 doctus
934 5327 1018 5380 vel
1062 5324 1309 5380 indoctus
1333 5323 1577 5393 ignoret,
1605 5334 1738 5390 quas
1761 5319 1975 5389 perizo-

381 5430 522 5476 mata
549 5429 837 5492 contegant
866 5418 1112 5488 corporis
1138 5415 1360 5486 partes?
1389 5413 1530 5485 quod
1559 5427 1752 5466 nomen
1785 5410 1975 5480 tegmi-

385 5513 465 5568 nis
493 5514 656 5569 etiam
685 5512 738 5566 in
782 5511 1099 5566 feminarum
1129 5508 1342 5562 dotibus
1369 5502 1694 5575 frequentari
1736 5510 1791 5556 et
1827 5501 1976 5555 aesti-

384 5604 517 5660 mari
545 5603 702 5666 solet,
732 5617 905 5672 neque
954 5599 1010 5655 id
1061 5599 1266 5669 alligari
1307 5596 1407 5652 nisi
1440 5610 1572 5650 zona
1605 5609 1724 5665 quae
1768 5592 1980 5648 lumbos

301 5761 308 5769 ο
387 5696 567 5768 cingit.
592 5696 887 5765 Interroga,
919 5703 974 5749 et
1001 5692 1180 5760 disce,
1210 5689 1350 5761 quod
1375 5698 1429 5744 te
1456 5703 1563 5744 non
1603 5685 1768 5743 credo
1795 5685 1977 5742 nesci-

450 5838 465 5871 ί
491 5837 631 5897 Editi,
656 5835 968 5910 periaoniata.
1006 5832 1307 5897 castigantur
1341 5827 1402 5881 ad
1433 5827 1685 5880 vatieanos
1707 5831 1760 5878 et
1779 5821 1978 5878 Gallica-

391 5913 478 5953 nos
498 5907 865 5964 manuscriptos.
1910 5927 1914 5936 .

1736 369 1936 426 LIBER
1976 370 2288 439 QUINTUS.

3567 389 3673 458 786

2090 515 2168 554 re.
2196 501 2447 567 Quamvis
2476 505 2639 560 etiam
2664 505 2711 563 si
2731 506 2939 564 nescias
2958 553 2971 576 ,
2995 523 3100 566 non
3125 526 3296 584 usque
3330 511 3466 570 adeo
3498 523 3550 570 te
3575 530 3668 570 ar-

2087 590 2275 658 bitror,
2309 609 2413 649 non
2452 595 2739 652 humanum
2767 601 3068 672 eloquium,
3111 603 3205 658 sed
3254 604 3543 661 humanum
3575 606 3674 661 ha-

2092 684 2258 739 bitum
2306 687 2444 742 velle
2487 699 2824 758 pervertere,
2855 704 2910 747 ut
2936 697 3259 763 perizomata
3306 700 3464 753 etiam
3511 714 3674 769 super

2087 775 2338 833 humeros
2360 780 2539 835 levare
2568 783 2810 850 coneris;
2837 793 2930 839 aut
2949 787 3027 840 eis
3049 788 3118 841 ita
3147 789 3314 844 latera
3335 790 3546 845 illorum
3576 791 3676 845 hoe

2086 871 2288 927 minum
2312 873 2472 929 fuisse
2511 884 2775 942 contecta,
2819 888 2878 933 ut
2906 880 3153 948 genitalia
3205 891 3433 954 totaeque
3463 885 3673 938 lumbm

2085 978 2202 1017 rum
2263 979 2383 1019 cum
2443 964 2732 1022 femoribus
2781 978 2958 1038 partes
3010 971 3165 1025 nudae
3215 961 3669 1044 relinquerentur.

2086 1053 2220 1122 Quid
2251 1071 2378 1127 ergo
2418 1066 2469 1112 te
2494 1058 2743 1127 adjuvat,
2777 1047 2830 1115 et
2857 1075 2964 1114 non
2996 1077 3082 1116 me
3105 1064 3308 1133 potius,
3346 1081 3408 1120 ex
3442 1056 3672 1137 quanta-4

2084 1147 2162 1199 vis
2184 1157 2335 1218 parte
2357 1151 2595 1218 corporis
2622 1150 2897 1220 superiore
2924 1152 3173 1207 inferiora
3204 1157 3375 1209 velata
3406 1159 3510 1211 sint
3529 1201 3542 1223 ,
3575 1159 3667 1214 ubi

2084 1235 2171 1290 lex
2192 1237 2244 1290 in
2263 1238 2516 1294 membris
2545 1255 2850 1311 repugnans
2885 1242 2986 1312 legi
3019 1245 3214 1297 mentis
3242 1245 3419 1314 (Rom.
3453 1263 3544 1313 vn,
3569 1249 3665 1312 9.5)

2083 1327 2276 1384 affectu
2303 1330 2635 1385 sentiebatur
2674 1332 2976 1399 amborum,
3009 1343 3062 1388 et
3097 1334 3308 1389 alterno
3338 1337 3674 1393 excitabatur

2083 1429 2322 1490 aspectu,
2347 1421 2765 1478 inobedientium
2803 1425 3119 1494 pravitatem
3150 1441 3260 1480 suae
3295 1427 3672 1484 inobedientia:

2084 1513 2321 1568 novitate
2341 1515 2711 1571 confundens?
2731 1518 2861 1584 Qua:
2887 1527 3084 1588 quanto
3109 1519 3466 1576 turbulentius
3489 1537 3671 1576 move-

2082 1601 2258 1669 batur,
2290 1613 2438 1660 tanto
2482 1607 2837 1663 verecundius
2865 1608 3053 1675 ﬁeret;
3100 1611 3145 1664 si
3180 1601 3323 1665 caro
3353 1612 3507 1682 cujus
3552 1627 3671 1668 eam

2083 1684 2388 1749 stiumlabat
2418 1705 2698 1765 aspectus,
2746 1698 3020 1768 aliquanto
3046 1700 3335 1768 spatiosius
3379 1703 3670 1757 velaretur.

2081 1783 2206 1841 Sive
2236 1785 2442 1855 igitura
2474 1787 2705 1854 lumbis,
2754 1789 2866 1867 sive
2911 1806 2942 1844 a
2984 1790 3240 1848 lateribus
3279 1791 3513 1849 demissa
3563 1795 3675 1850 sint

2083 1876 2316 1945 tegmina
2344 1919 2358 1944 ,
2393 1879 2638 1949 pudenda
2667 1891 2792 1936 sunt
2823 1891 2961 1937 tecta
2993 1900 3007 1938 :
3037 1899 3155 1954 quae
3179 1885 3426 1956 pudenda
3455 1902 3559 1941 non
3589 1903 3676 1942 es-

2080 1976 2200 2022 sent
2219 2010 2233 2035 ,
2267 1969 2367 2023 nisi
2396 1971 2496 2041 legi
2523 1973 2718 2028 mentis
2746 1973 2827 2028 lex
2857 1975 3255 2043 peccatiinvide
3277 1990 3603 2049 repugnaret
3627 1981 3670 2034 ⁸.

2081 2058 2184 2115 Sed
2214 2060 2302 2116 ubi
2329 2063 2610 2118 manifesta
2643 2080 2730 2120 res
2776 2074 2893 2134 est,
2935 2067 3228 2138 Scriptura:
3254 2069 3450 2124 divinae
3486 2073 3669 2128 sensui

2079 2161 2322 2208 nostrum
2344 2169 2561 2211 sensum
2587 2157 2784 2212 addere
2815 2174 2920 2212 non
2942 2158 3236 2216 debemus:
3258 2178 3362 2215 non
3387 2164 3528 2217 enim
3562 2164 3666 2219 hoc

2079 2241 2141 2297 fit
2167 2243 2396 2299 humana
2438 2245 2735 2316 ignorantia
2756 2289 2771 2315 ,
2802 2248 2898 2304 sed
2941 2252 3359 2321 pnesumptione
3391 2269 3665 2322 perversa.

2077 2335 2248 2390 Adam
2278 2344 2331 2390 et
2356 2336 2551 2394 mulier
2576 2339 2691 2408 ejus
2713 2380 2730 2407 ,
2753 2341 2842 2410 qui
2866 2340 2992 2396 nudi
3021 2352 3173 2397 erant
3201 2353 3325 2399 ante
3356 2357 3627 2414 peccatum
3645 2388 3660 2411 ,

2077 2436 2132 2484 et
2160 2444 2266 2483 non
2288 2429 2781 2500 confundebantur,
2832 2448 2958 2488 mox
3013 2444 3071 2489 ut
3113 2447 3504 2506 peccaverunt,
3537 2451 3672 2510 quas

2077 2528 2257 2588 partes
2284 2522 2526 2600 corporis
2554 2523 2887 2591 amicierint,
2921 2524 3308 2594 perizomatum
3339 2530 3557 2584 nomine
3577 2545 3669 2584 sa-

2079 2612 2147 2665 tis
2174 2610 2447 2667 evidenter
2474 2627 2786 2683 expressum
2807 2623 2912 2668 est.
2943 2614 3200 2672 Videmus
3229 2619 3356 2689 quid
3388 2621 3654 2675 texerint:

2081 2704 2259 2760 nimiae
2289 2705 2607 2775 insipientia:
2649 2715 2734 2763 est
2781 2707 2958 2764 adhuc
2979 2725 3251 2780 qumrere,
3280 2713 3460 2768 nimia:
3488 2715 3666 2784 impu-

2077 2796 2270 2853 dentia:
2298 2798 2473 2853 adhuc
2499 2814 2695 2870 negare
2725 2800 2851 2870 quid
2887 2803 3174 2858 senserint.
3206 2803 3340 2858 Nam
3368 2814 3421 2859 tu
3449 2822 3663 2876 quoque

2076 2904 2198 2945 cum
2228 2891 2644 2947 obstinatissime
2672 2893 3030 2960 contradicas,
3069 2912 3236 2966 usque
3257 2897 3393 2951 adeo
3412 2898 3666 2968 judicasti

2076 2981 2207 3036 nihil
2229 2982 2370 3036 aliud
2393 2981 2639 3040 humanis
2659 2999 2942 3041 occurrere
2963 2988 3231 3056 sensibus,
3267 2990 3364 3043 nisi
3410 2992 3672 3061 concupi-

2075 3074 2388 3128 scentialem
2416 3084 2618 3130 motum
2649 3077 3028 3132 erubescentes
3046 3079 3164 3132 illos
3181 3079 3424 3136 homines
3445 3083 3495 3135 in
3513 3083 3666 3153 geni-

2075 3167 2271 3222 talibus
2311 3175 2494 3238 tegere
2519 3168 2782 3236 voluisse;
2816 3179 2870 3224 ut
2898 3172 3221 3240 perizomata
3249 3175 3455 3242 erigere
3485 3175 3551 3228 ad
3581 3175 3663 3230 la-

2076 3267 2188 3314 tera
2211 3261 2504 3326 couareris,
2522 3269 2613 3316 aut
2633 3263 2881 3331 operiens
2906 3263 3044 3318 latus
3071 3265 3158 3318 ubi
3185 3275 3496 3334 peccatores
3533 3269 3669 3325 nihil

2073 3352 2200 3406 mali
2221 3353 2456 3407 sensisse
2480 3354 2784 3422 contendis,
2814 3366 2907 3409 aut
2933 3356 3247 3412 deformiter
3273 3359 3502 3426 nudans,
3523 3361 3668 3433 quod

2073 3446 2243 3516 magis
2268 3447 2553 3516 tegendum
2583 3464 2702 3503 esse
2731 3451 3025 3505 consentis.
3671 3511 3673 3514 ,

2146 3537 2370 3594 CAPUT
2398 3537 2489 3596 lli.
2512 3568 2582 3579 —-
2606 3539 2660 3594 8.
2695 3540 2892 3595 lnseris
2918 3542 3020 3596 alia
3053 3542 3120 3597 de
3147 3544 3284 3598 libro
3316 3561 3436 3599 meo
3465 3547 3625 3602 verba
3646 3590 3663 3615 ,

2074 3631 2165 3686 ubi
2207 3631 2335 3694 dixi,
2372 3649 2392 3682 ‹
2420 3632 2598 3685 carnis
2629 3632 3047 3688 inobedientiam
3092 3636 3420 3691 inobedienti
3463 3638 3668 3696 homini

2074 3725 2383 3795 dignissime
2399 3725 2710 3779 retributam
2736 3741 2750 3790 ;
2780 3726 2904 3796 quia
2928 3726 3185 3796 iujustum
3210 3737 3326 3782 erat
3360 3737 3418 3783 ut
3454 3731 3668 3786 obtem-

2074 3824 2353 3886 peraretur
2381 3830 2410 3870 a
2439 3831 2596 3871 servo
2625 3831 2752 3883 suo,
2797 3817 2852 3871 id
2897 3827 2980 3872 est
3007 3835 3035 3871 a
3067 3835 3294 3889 corpore
3335 3836 3465 3889 suo,
3490 3823 3538 3877 ei
3575 3824 3668 3892 qui

2075 3922 2180 3962 non
2206 3907 2670 3977 obtemperaverat
2688 3907 2908 3962 domino
2933 3923 3034 3964 suo
3069 3908 3200 3980 )(De
3227 3909 3441 3981 Nuptiis
3460 3923 3506 3966 et
3532 3913 3671 3968 Con-

2074 4000 2412 4070 cupiscentia,
2459 4001 2546 4054 lib.
2596 4001 2662 4067 l,
2702 4017 2754 4054 η.
2807 4000 2861 4072 7)
2915 4017 2928 4054 :
2979 4009 3034 4056 et
3073 4002 3287 4057 conaris
3338 4004 3664 4073 ostendere,

2082 4111 2102 4147 ι
2134 4092 2274 4147 hanc
2329 4091 2744 4148 inobedientiam
2807 4093 2983 4148 carnis
3037 4093 3214 4163 potius
3269 4109 3391 4150 esse
3439 4096 3672 4152 laudabi-

2075 4188 2206 4255 lem,
2248 4186 2294 4242 si
2324 4201 2480 4258 poena
2511 4187 2712 4258 peccati
2754 4197 2866 4254 est;
2899 4206 2916 4240 ›
2965 4195 3017 4243 et
3051 4196 3299 4258 tanquam
3334 4204 3558 4259 persona
3598 4191 3671 4247 sit

2075 4278 2280 4350 aliqua,
2331 4293 2449 4349 quae
2497 4287 2830 4348 peccatorem
2893 4279 3125 4333 scienter
3164 4279 3385 4350 affligat,
3436 4280 3515 4336 sic
3549 4297 3670 4339 eam

2081 4392 2101 4426 ι
2136 4374 2283 4429 velut
2307 4373 2552 4429 ultricem
2581 4373 2823 4439 sceleris,
2857 4380 2910 4427 et
2938 4372 2990 4426 in
3020 4373 3123 4427 hoc
3151 4373 3245 4427 Dei
3284 4373 3608 4442 ministram,
3643 4395 3664 4428 ι

2076 4472 2328 4535 tanquam
2359 4479 2606 4534 magnum
2629 4463 2842 4534 aliquod
2871 4463 3070 4518 bonum
3110 4463 3376 4519 cothurno
3401 4467 3669 4523 sermonis

2076 4570 2324 4612 exornas.
2355 4554 2464 4609 Nec
2489 4555 2690 4624 cogitas
2727 4569 2884 4624 posse
2915 4564 2965 4608 te
2993 4556 3096 4609 isto
3138 4556 3298 4610 modo
3324 4557 3545 4612 laudare
3570 4573 3670 4613 an-

2076 4648 2226 4721 gelos
2252 4646 2420 4702 malos
2444 4686 2460 4712 ,
2485 4646 2574 4716 qui
2595 4647 2779 4715 utique
2811 4661 2914 4699 non
2948 4656 3071 4700 Sunt
3100 4647 3201 4700 nisi
3225 4650 3669 4716 przevaricatores

2077 4749 2238 4810 atque
2280 4738 2459 4808 impii,
2506 4752 2603 4806 per
2641 4751 2776 4806 quos
2828 4746 3004 4791 tamen
3037 4738 3203 4791 Deum
3233 4741 3451 4793 meritas
3485 4755 3671 4810 poenas

2078 4833 2315 4903 irrogare
2343 4829 2706 4900 peccantibus,
2733 4837 2919 4882 sancta
2953 4829 3228 4899 Scriptura
3269 4839 3529 4896 testatur,
3585 4831 3671 4887 di-

2078 4939 2206 4981 cens
2231 4942 2243 4980 :
2277 4922 2419 4976 Misit
2439 4923 2491 4975 in
2512 4938 2595 4975 eos
2622 4921 2754 4974 iram
2782 4921 3147 4992 indignationis
3190 4938 3315 4989 sua,
3362 4923 3675 4994 indignatio-

2001 5027 2006 5040 '
2078 5033 2195 5072 item
2219 5025 2266 5070 et
2294 5015 2425 5068 iram
2450 5023 2494 5069 et
2534 5013 2932 5078 tribulationem,
2964 5013 3324 5067 iunuissionem
3354 5031 3444 5084 per
3469 5015 3675 5084 angelos

2078 5109 2240 5162 malos
2271 5105 2441 5178 (Psal.
2471 5121 2668 5171 Lxxvn,
2706 5105 2823 5176 49).
2863 5104 3043 5158 Lauda
3094 5106 3254 5159 etiam
3303 5106 3454 5171 istos,
3506 5105 3664 5160 lauda

2081 5216 2264 5257 eorum
2292 5199 2586 5270 principem
2617 5195 2895 5264 sataualn,
2926 5198 3046 5268 quia
3075 5207 3129 5252 et
3171 5198 3286 5267 ipse
3330 5198 3519 5253 vindex
3551 5213 3675 5266 pec-

2080 5294 2184 5348 cati
2222 5292 2359 5360 fuit,
2384 5290 2597 5362 quando
2649 5290 2701 5346 ei
2749 5289 2966 5344 tradidit
2993 5289 3284 5360 Apostolus
3315 5289 3587 5344 hominem
3621 5293 3672 5344 in

2081 5385 2356 5441 interitum
2384 5383 2564 5438 carnis
2590 5381 2633 5453 (Ι
2659 5381 2852 5449 Conv,
2883 5380 2962 5454 5).
2992 5381 3157 5436 Valde
3179 5381 3320 5437 extim
3349 5381 3583 5436 disertus
3612 5398 3673 5437 cs

2081 5487 2264 5534 contra
2290 5477 2515 5548 gratiam
2563 5475 2779 5541 Christi,
2824 5485 2876 5530 et
2922 5475 3145 5529 idoneus
3171 5477 3349 5529 dicere
3368 5478 3678 5546 ,panegyri-

2082 5587 2203 5628 cum
2223 5579 2420 5626 satana:
2441 5579 2492 5624 et
2524 5570 2729 5640 angelis
2758 5569 2893 5638 ejus,
2931 5584 3027 5638 per
3054 5583 3190 5638 quos
3221 5568 3505 5623 multorum
3536 5570 3675 5626 Deus

2146 5705 2164 5733 ι
2193 5705 2398 5759 Quatuor
2424 5711 2453 5748 e
2476 5698 2709 5747 Vaticanis
2748 5703 2894 5759 Mss”,
2912 5694 3084 5759 itidem
3118 5702 3426 5759 repugnaret.
3453 5697 3596 5756 Quiut

2082 5757 2295 5814 ididem.
2322 5768 2449 5810 Umts
2475 5774 2538 5810 ex
2570 5759 2793 5820 Belgicis,
2827 5757 3024 5809 ibidem.
3063 5757 3233 5820 Putant
3252 5757 3577 5820 Lovauieuses
3597 5757 3678 5809 re;

2083 5827 2288 5895 Spicere
2304 5819 2702 5895 Augustinumad
2723 5819 2842 5895 illud
2860 5821 3021 5895 Jacobi
3043 5835 3108 5882 Iv,
3130 5819 3162 5871 5
3183 5833 3196 5869 :
3224 5819 3296 5871 Ad
3311 5819 3546 5873 tnvidimn
3561 5833 3676 5872 cat~

2087 5881 2290 5942 c'uviscit
2306 5881 2501 5941 anilitas
2521 5882 2604 5945 qui
2621 5882 2801 5936 habitat
2822 5881 2873 5937 in
2895 5881 3041 5935 vobis.

2453 6469 2912 6481 J—MM-
2923 6467 3190 6478 αμα-ιο...-
3205 6467 3266 6473 ι--ν
3281 6467 3536 6473 --οή--ν-
3551 6468 3558 6469 κ
3569 6468 3576 6470 .
