4142 6504
330 395 338 402 ’
393 387 498 452 189

391 508 520 567 sint.
549 503 770 562 (Iuravit
813 500 956 559 enim
999 497 1290 579 Apostolus
1341 495 1519 554 dicere
1569 504 1766 569 quanta
1821 509 1978 565 ptena

394 601 461 656 sit
481 614 513 655 a
533 599 647 655 Deo
665 595 802 652 tradi
825 592 1160 666 passionibus
1185 589 1512 662 ignominiaa,
1527 588 1638 643 sive
1657 585 1976 650 deserendo,

393 692 506 749 sive
531 689 639 744 alio
663 699 1001 759 quocumque
1029 683 1113 739 vel
1139 680 1442 752 explicabili
1467 721 1482 746 ,
1511 680 1595 735 vel
1624 675 1981 748 inexplicabili

393 780 574 847 modo,
605 791 713 850 quo
757 776 884 832 facit
929 777 1044 830 haec
1083 786 1294 830 summe
1330 771 1505 827 bonus
1541 776 1596 826 et
1642 767 1981 846 ineli'abiliter

388 874 583 946 justus.
615 869 757 925 Nam
785 869 990 942 feminae
1014 881 1206 930 eorum,
1239 863 1441 936 inquit,
1471 860 1856 917 immutaverunt
1889 876 1982 913 na-

393 966 609 1022 turalem
649 979 798 1018 usum
840 961 896 1016 in
937 975 1053 1014 cum
1095 975 1243 1014 usum
1271 956 1359 1029 qui
1393 965 1465 1011 est
1507 964 1680 1030 contra
1723 963 1978 1008 naturam.

393 1055 644 1114 Similiter
662 1063 832 1108 autem
861 1061 908 1107 et
930 1050 1144 1106 masculi
1167 1047 1502 1120 relinquentes
1527 1045 1808 1101 naturalem
1834 1059 1983 1096 usum
2035 1057 2042 1064 ·

393 1150 634 1224 femine,
686 1151 982 1202 exarserunt
1031 1144 1086 1197 in
1120 1143 1400 1214 appetitum
1441 1155 1591 1194 suum
1631 1139 1686 1193 in
1729 1137 1978 1202 invicem,

389 1240 604 1296 masculi
628 1239 683 1293 in
703 1237 956 1293 masculos
980 1234 1346 1306 deformitatem
1375 1239 1660 1303 operantes,
1699 1238 1746 1284 et
1791 1243 1981 1282 merce-

391 1333 510 1387 dem
547 1341 796 1397 mutuam,
830 1345 983 1400 quam
1013 1326 1256 1398 oportuit,
1301 1324 1488 1378 erroris
1522 1323 1601 1378 sui
1625 1322 1678 1377 in
1705 1321 1984 1391 semetipsis

390 1425 706 1496 recipientcs.
735 1421 872 1490 Quid
902 1421 1004 1476 hoe
1029 1419 1362 1476 evidentius?
1389 1417 1512 1488 quid
1554 1413 1832 1486 apertius?
1857 1413 1984 1484 quid

389 1513 732 1586 expressius!
759 1512 1058 1570 Mercedem
1099 1518 1336 1565 mutuam
1386 1506 1652 1578 recepisse
1682 1505 1846 1586 dicit;
1877 1503 1983 1558 uli-
2037 1497 2044 1506 ’

391 1621 502 1676 que
526 1605 808 1660 damnatos
847 1611 906 1657 ut
950 1609 1094 1656 tanta
1135 1605 1484 1670 operarenlur
1513 1597 1652 1652 mala
1683 1613 1698 1648 :
1731 1605 1784 1651 et
1810 1602 1984 1650 tamen

390 1699 496 1754 ista
519 1697 792 1752 damnatio
816 1695 975 1750 etiam
1001 1701 1183 1749 reatus
1207 1700 1307 1758 est,
1337 1705 1443 1762 quo
1469 1690 1681 1760 gravius
1708 1688 1988 1758 implican-

393 1798 506 1845 tur.
539 1789 615 1842 Ita
645 1797 700 1844 et
727 1793 940 1858 peccata
978 1792 1106 1842 sunt
1141 1785 1263 1851 ista,
1291 1791 1346 1839 et
1374 1797 1546 1854 paena:
1572 1765 1988 1862 praecedentium

391 1890 759 1954 peccatorum.
787 1881 856 1936 Et
883 1879 1025 1951 quod
1052 1886 1136 1934 est
1159 1876 1474 1944 mirabilius,
1503 1875 1664 1930 etiam
1685 1872 1988 1944 oportuisse

389 1974 534 2032 dicit
571 1989 667 2031 eos
714 1975 869 2034 istam
911 1980 1146 2027 mutuam
1192 1959 1493 2024 mercedem
1529 1967 1790 2039 recipere.
1821 1965 1894 2020 ita
1925 1979 1985 2020 se

395 2067 596 2123 habent
633 2067 796 2122 etiam
846 2065 1120 2137 superiora
1173 2059 1336 2117 verba
1384 2060 1646 2130 Apostoli,
1700 2074 1818 2136 qua:
1874 2057 1990 2128 ipse

397 2145 656 2233 posuisti:
684 2159 1088 2214 lmmutaoerunt
1131 2155 1345 2228 gloriam
1383 2151 1785 2224 incorruptibilis
1815 2149 1910 2204 Dei
1937 2150 1991 2204 in

396 2253 782 2310 similitudinem
828 2251 1064 2323 imaginis
1109 2247 1454 2320 corruptibilis
1492 2245 1734 2312 hominis,
1767 2252 1812 2298 et
1841 2242 1988 2298 volu-

398 2365 561 2416 crum,
590 2357 635 2402 et
660 2346 1066 2418 quadrupedum,
1118 2353 1163 2399 et
1207 2341 1536 2412 serpentium.
1591 2337 1810 2418 Pmpter
1857 2337 1992 2418 quod

400 2413 611 2494 tradidit
666 2413 784 2492 illos
834 2413 970 2491 Deus
1017 2436 1072 2488 in
1121 2433 1372 2488 desideria
1419 2431 1588 2486 cordis
1649 2413 1820 2484 eorum
1851 2413 1884 2496 ,⁸
1939 2429 1994 2484 in

401 2529 774 2584 immunditiam
803 2528 980 2598 (Rom.
1025 2542 1116 2594 vn,
1161 2523 1358 2597 23-28)
1403 2542 1417 2579 :
1461 2533 1515 2580 et
1541 2531 1732 2578 caetera
1761 2537 1878 2594 quae
1908 2535 1994 2578 se-

408 2629 660 2693 quuntur.
701 2620 767 2676 Et
806 2619 892 2675 hic
933 2621 1112 2690 utique
1153 2615 1302 2673 vides
1339 2631 1555 2672 causam
1585 2623 1810 2688 propter
1835 2628 1993 2690 quam

411 2714 590 2772 traditi
629 2722 768 2780 sunt,
799 2715 916 2769 sine
943 2713 1048 2768 ulla
1079 2711 1421 2793 ambiguitate
1448 2715 1823 2765 monstratam.
1857 2705 1998 2761 Dixit

364 2811 368 2814 ’
406 2809 604 2880 quippe
628 2807 752 2879 quid
783 2807 908 2862 mali
939 2815 1064 2862 ante
1095 2806 1364 2872 iecissent,
1396 2811 1450 2860 et
1473 2801 1740 2874 adiunxit,
1777 2799 1992 2877 Propter

405 2899 546 2973 quod
579 2897 789 2954 tradidit
839 2899 954 2952 illos
1011 2895 1151 2952 Deus
1196 2896 1250 2950 in
1288 2894 1539 2950 desideria
1586 2892 1754 2947 cordis
1802 2907 1996 2947 eorum.

408 2991 638 3050 Proinde
665 2989 1015 3063 przecedentis
1043 2998 1126 3046 est
1153 2987 1269 3044 haec
1297 3002 1455 3060 poma
1482 2985 1719 3058 peccati;
1743 2991 1798 3039 et
1822 2993 1998 3038 tamen

381 3073 565 3141 etiam
593 3077 709 3155 ipsa
736 3093 1014 3158 peccatum
1037 3091 1140 3148 est,
1171 3077 1313 3154 quod
1342 3079 1520 3136 verbis
1549 3074 2000 3148 consequentibus

409 3177 657 3256 explicat.
739 3167 750 3182 “

479 3271 568 3325 Η.
609 3266 717 3325 Sed
761 3275 818 3322 tu
864 3273 1046 3322 contra
1077 3263 1370 3330 disserens,
1401 3277 1468 3318 eo
1493 3261 1652 3318 modo
1682 3259 1776 3337 tibi
1805 3259 2002 3314 videris

414 3361 564 3418 istam
609 3361 834 3416 solvisse
863 3359 1233 3438 qumstionem,
1264 3357 1387 3428 quia
1415 3354 1692 3411 desideriis
1719 3352 1831 3408 suis
1858 3353 2004 3432 Apo-

385 3454 582 3510 '3tolus
609 3453 828 3509 traditos
856 3449 1008 3506 dixit.
1054 3449 1176 3506 Jam
1226 3451 1358 3518 enim
1401 3449 1732 3531 ﬂagitiorum,
1785 3444 1959 3525 inquis
1985 3485 2002 3510 ,

424 3545 676 3600 desideriis
701 3543 1004 3600 testuabant.
1038 3543 1103 3598 Et
1130 3541 1394 3612 adjtingis,
1435 3555 1498 3594 ac
1525 3537 1661 3593 dicis
1691 3555 1704 3591 :
1738 3535 2005 3602 Quomodo

423 3653 539 3710 ergo
579 3655 666 3708 per
693 3637 967 3709 potentiam
1006 3635 1248 3689 tradentis
1289 3630 1385 3687 Dei
1415 3631 1633 3704 putandi
1663 3638 1778 3686 sunt
1802 3630 1856 3684 in
1883 3628 2008 3684 talia

424 3732 557 3817 facta
581 3731 852 3786 cecidisse?
893 3727 1032 3796 Quid
1077 3743 1206 3798 ergo
1242 3726 1365 3817 plus
1413 3724 1609 3779 factum
1651 3732 1752 3816 est,
1785 3721 2009 3804 obsecro

422 3802 491 3891 ie,
523 3835 610 3878 aut
638 3832 692 3878 ut
712 3821 840 3899 quid
867 3820 1088 3886 diceret,
1109 3807 1345 3874 Tradidit
1369 3815 1486 3870 illos
1514 3813 1650 3870 Deus
1677 3802 2011 3882 in'desideria

423 3909 586 3975 cordis
631 3931 848 3980 eorum;
879 3914 922 3968 si
957 3913 1066 3984 jam
1099 3920 1252 3968 erant
1297 3907 1531 3982 possessi
1579 3905 1808 3985 quodam
1849 3902 2011 3958 modo

423 4007 572 4062 malis
618 4001 897 4062 desideriis
943 4001 1121 4058 cordis
1153 3999 1268 4054 sui?
1293 3992 1560 4069 Numquid
1591 3985 1768 4050 autem
1818 4009 2011 4050 conse-

423 4113 590 4169 quens
615 4107 717 4162 est,
749 4103 810 4150 ut
849 4095 892 4150 si
936 4092 1097 4148 habet
1121 4091 1312 4162 aliquis
1351 4088 1527 4146 cordis
1557 4085 1821 4168 desideria
1851 4085 2012 4153 mala,

425 4191 530 4270 iam
597 4191 756 4247 etiam
813 4187 1113 4244 consentiat
1161 4186 1240 4240 eis
1289 4183 1353 4238 ad
1403 4179 1780 4260 committenda
1825 4179 2011 4235 eadem

431 4283 607 4338 mala?
636 4283 715 4339 Ac
741 4297 840 4354 per
875 4279 978 4335 hoc
1020 4277 1162 4334 aliud
1205 4286 1288 4333 est
1334 4275 1533 4332 habere
1583 4274 1723 4354 mala
1751 4272 2016 4329 desideria

443 4376 648 4442 cordis,
679 4375 818 4432 aliud
861 4373 997 4430 tradi
1043 4373 1150 4439 eis;
1193 4371 1374 4442 utique
1421 4356 1484 4424 ut
1526 4367 1911 4440 consentiendo
1939 4367 2018 4423 eis

440 4467 770 4540 possideatur
797 4469 860 4524 ab
887 4467 986 4535 eis,
1017 4465 1158 4537 quod
1191 4463 1250 4520 iit
1277 4479 1397 4520 cum
1423 4463 1603 4518 divino
1624 4460 1826 4533 judicio
1855 4461 2018 4530 tradi-

439 4565 524 4619 tur
543 4563 642 4619 eis.
669 4561 909 4634 Alioquin
933 4561 1127 4616 frustra
1155 4557 1354 4637 dictum
1380 4565 1482 4623 est,
1508 4555 1632 4612 Post
1655 4553 2020 4626 concupiscen-

434 4656 528 4711 tias
569 4664 682 4709 tuas
707 4643 805 4734 ᾑοιι
833 4669 950 4718 eas;
989 4651 1032 4706 si
1073 4651 1180 4722 jam
1213 4649 1437 4723 quisque
1463 4639 1586 4702 reus
1614 4657 1717 4709 est,
1759 4643 1899 4716 quod
1933 4655 2018 4714 tu-

433 4728 748 4803 multuantes
773 4753 827 4801 et
846 4745 910 4800 ad
936 4745 1075 4800 mala
1108 4743 1318 4798 trahere
1345 4741 1574 4796 nitentes
1604 4739 1763 4794 sentit
1783 4753 1895 4806 eas,
1925 4753 2023 4793 nec

431 4852 519 4892 cas
547 4839 822 4909 sequitur,
853 4836 900 4892 si
927 4851 1034 4895 non
1059 4835 1138 4892 eis
1163 4833 1425 4900 traditur;
1465 4845 1726 4888 exercens
1764 4829 2022 4884 adversus

431 4943 520 4983 eas
564 4919 794 5000 gloriosa
839 4927 1154 4991 certamina,
1185 4925 1230 4982 si
1262 4925 1392 4998 vivit
1431 4925 1486 4979 in
1531 4923 1721 4994 gratia.
1761 4920 1897 4990 Quid
1931 4920 2021 4976 tibi

433 5022 573 5077 enim
602 5020 814 5100 videtur
837 5060 850 5084 ,
897 5018 989 5090 qui
1019 5018 1037 5050 ί
1071 5018 1323 5073 observat
1359 5014 1498 5088 quod
1527 5013 1784 5085 scriptum
1825 5019 1926 5098 est,
1965 5011 2027 5067 Si

434 5121 636 5180 pnestes
656 5091 842 5166 dnimte
869 5119 970 5164 tute
1003 5107 1436 5180 concupiscendos
1457 5107 1584 5180 ejus,
1608 5103 1771 5180 (quod
1789 5091 1924 5178 quid
1947 5112 2030 5158 est

435 5203 600 5271 aliud,
633 5217 792 5276 quam
823 5201 1092 5258 desideria
1117 5200 1234 5270 ejus
1259 5197 1462 5270 mala?)
1493 5199 1642 5269 faciet
1669 5199 1689 5230 '
1720 5206 1767 5251 te
1786 5195 2030 5276 gaudium

437 5274 666 5352 inimicis:
695 5277 748 5352 et
781 5293 968 5350 invidis
997 5293 1097 5348 tuis
1125 5289 1311 5364 (Eccli.
1358 5305 1508 5357 xvul,
1545 5277 1614 5346 '50
1643 5297 1689 5344 et
1711 5274 1850 5358 5i)?
1875 5301 2032 5342 num-

437 5387 560 5457 quid
593 5389 704 5458 jam
730 5387 831 5442 iste
861 5400 986 5442 reus
1011 5391 1114 5451 est,
1148 5383 1392 5454 habendo
1421 5382 1558 5460 tales
1595 5381 1788 5460 animm
1829 5393 2030 5456 concu-

441 5479 749 5560 pisceptias,
777 5492 910 5550 quas
931 5476 980 5532 ei
1001 5482 1256 5548 praestare
1283 5489 1389 5530 non
1416 5459 1594 5540 debet,
1626 5459 1694 5530 ne
1715 5471 1767 5528 in
1783 5467 2033 5541 gaudium

443 5571 622 5626 veniat
647 5569 860 5625 diabolo
885 5578 942 5624 et
966 5566 1173 5638 angelis
1197 5565 1335 5638 ejus,
1363 5564 1456 5636 qui
1485 5571 1610 5621 sunt
1647 5560 1850 5618 inimici
1877 5569 2036 5636 atque

444 5662 606 5720 invidi
635 5661 842 5719 nostri?
1231 5647 1243 5664 ’

437 5796 442 5802 Ι
508 5811 654 5888 {sola
671 5821 821 5888 editio
837 5826 972 5880 μοι,
996 5817 1145 5888 quod.
1221 5881 1241 5888 _
1297 5877 1309 5888 .

510 5885 533 5918 ³
552 5885 829 5950 Bigotianus
849 5890 994 5935 vetus
1010 5881 1187 5943 codex,
1211 5881 1403 5946 facient.

1745 377 1946 434 LIBER
1983 377 2301 446 QUINTUS.

3568 375 3672 436 790

2159 493 2246 548 l2.
2275 493 2405 550 Cum
2434 509 2560 563 ergo
2601 493 2795 552 dicitur
2829 494 2990 560 homo
3027 493 3162 574 tradi
3204 493 3488 569 desideriis
3515 497 3627 565 suis
3651 537 3670 563 ,

2085 584 2209 641 inde
2235 585 2293 640 lit
2319 603 2463 652 reus,
2488 587 2609 664 quia
2631 588 2870 644 desertus
2899 605 2929 644 a
2958 591 3068 651 Dea
3093 590 3233 656 cedit
3261 591 3340 658 eis
3361 600 3520 665 atque
3542 606 3670 662 con-

2086 677 2265 744 sentit;
2291 679 2540 747 vincitur,
2573 679 2797 760 capitur,
2829 679 3052 756 trahitur
3074 682 3116 749 ‘,
3145 681 3470 759 possidetur.
3499 683 3543 742 Α
3568 698 3665 756 quo

2085 771 2216 825 enim
2262 771 2373 842 quis
2423 771 2644 830 devictus
2696 781 2802 842 est,
2851 773 2968 828 huic
3015 783 3063 830 et
3113 790 3284 833 servus
3322 773 3555 832 addictus
3601 783 3671 831 est

2085 862 2162 946 (ll
2190 861 2334 918 Pctr.
2365 878 2424 931 ιι,
2457 863 2546 940 l9)
2577 881 2590 916 :
2619 872 2669 919 et
2693 864 2750 918 lit
2779 865 2826 920 ei
2853 873 3128 936 peccatum
3156 880 3506 940 consequens,
3530 882 3671 940 prac-

2086 955 2323 1010 cedentis
2377 970 2532 1028 poena
2596 955 2819 1037 peccati.
2887 955 3078 1012 Annon
3131 964 3214 1012 est
3288 967 3560 1028 peccatum
3619 963 3674 1012 et

2085 1063 2242 1125 pcena
2295 1049 2525 1123 peccati,
2571 1047 2663 1103 ubi
2717 1049 2950 1123 legitur,
3007 1047 3255 1106 Dominus
3300 1053 3433 1114 enim
3473 1053 3674 1118 miscuit

2087 1139 2190 1207 illis
2249 1140 2482 1212 spiritum
2533 1140 2716 1196 erroris
2743 1179 2760 1208 ,
2817 1150 2864 1196 et
2925 1139 3233 1197 seduxerunt
3279 1140 3567 1217 Egyptian
3622 1145 3676 1198 in

2088 1231 2316 1286 omnibus
2343 1233 2574 1311 operibus
2595 1231 2730 1293 suis.
2761 1231 2890 1286 sicut
2915 1232 3172 1301 seducitur
3201 1233 3364 1289 ebrius
3386 1233 3536 1309 (lsai.
3562 1251 3672 1300 χιχ,

2089 1324 2214 1397 li)?
2248 1324 2363 1378 Non
2409 1335 2490 1377 est
2534 1331 2808 1394 peccatum
2849 1329 2903 1378 et
2943 1337 3100 1394 poena
3145 1323 3382 1406 peccati,
3429 1324 3518 1389 ubi
3566 1325 3677 1386 Deo

2089 1417 2218 1474 dicit
2241 1418 2529 1492 Propheta,
2560 1418 2695 1486 Quid
2753 1435 2920 1472 errare
2947 1418 3107 1495 fecisti
3134 1435 3244 1486 nos,
3273 1415 3512 1491 Domine,
3541 1435 3572 1472 a
3598 1421 3677 1474 ria

2091 1522 2216 1579 tua;
2242 1511 2479 1570 obtudisti
2519 1511 2674 1572 corda
2703 1521 2910 1588 nostra,
2962 1520 3141 1566 utnon
3175 1511 3462 1578 timeremus
3492 1521 3539 1571 te
3565 1511 3675 1585 (ld.

2091 1619 2254 1669 Lxm,
2301 1603 2433 1675 l7)?
2474 1603 2587 1658 Non
2625 1612 2706 1658 est
2736 1611 3013 1676 peccatum
3040 1611 3096 1658 et
3125 1617 3284 1677 pccna
3330 1603 3556 1674 peccati,
3589 1605 3677 1673 ubi

2090 1711 2276 1752 rursus
2299 1697 2410 1750 Deo
2437 1696 2650 1764 dicitur,
2683 1696 2814 1752 Ecce
2841 1706 2894 1750 tu
2932 1696 3091 1767 iratus
3138 1713 3210 1770 es,
3255 1707 3301 1758 ct
3339 1713 3430 1759 nos
3457 1699 3680 1772 peccavi-

2091 1804 2234 1854 mus;
2259 1797 2524 1860 pr0pterea
2544 1789 2846 1853 erravimus,
2876 1798 2922 1842 et
2949 1789 3072 1863 facti
3091 1805 3264 1850 sanius
3283 1789 3410 1856 sicut
3433 1789 3694 1853 immundi

2092 1896 2263 1934 omnes
2289 1878 2398 1954 (ιιι.
2430 1895 2569 1946 inv,
2599 1879 2632 1934 5
2663 1889 2706 1934 et
2733 1879 2826 1952 6)?
2869 1879 2982 1948 Non
3011 1889 3092 1939 est
3120 1889 3394 1954 peccatum
3432 1889 3487 1936 et
3525 1895 3680 1960 paena

2092 1971 2321 2044 peccati,
2353 1969 2443 2024 ubi
2477 1971 2668 2041 legitur
2691 1971 2758 2025 de
2783 1971 3032 2047 gentibus
3057 1987 3190 2044 quas
3218 1971 3504 2029 debellavit
3527 1973 3684 2040 lesus

2093 2063 2260 2130 Nave,
2284 2063 2403 2136 quia
2435 2079 2534 2134 per
2562 2063 2843 2118 Dominum
2889 2063 3084 2119 factum
3124 2073 3235 2132 est,
3273 2064 3561 2122 confortari
3590 2080 3684 2121 cor

2093 2169 2302 2226 eorum,
2336 2165 2392 2209 ut
2417 2155 2626 2216 obviam
2654 2155 2791 2232 irent
2815 2154 2881 2210 ad
2911 2155 3111 2224 bellum
3133 2155 3198 2225 ad
3223 2155 3404 2225 lsrael,
3429 2165 3486 2217 ut
3505 2168 3685 2220 exter-

2095 2248 2426 2326 minarentur
2452 2246 2632 2319 (Josue
2653 2263 2726 2316 XI,
2755 2247 2887 2318 20)?
2909 2247 3026 2308 Non
3049 2257 3132 2304 est
3152 2258 3426 2323 peccatum
3449 2261 3503 2310 ct
3524 2267 3680 2332 pinna

2097 2339 2298 2430 peccati
2329 2339 2470 2411 quod
2498 2355 2603 2396 non
2631 2339 2837 2406 audivit
2873 2340 3112 2406 Roboam
3163 2358 3256 2398 rex
3297 2342 3509 2414 plebem
3549 2343 3686 2412 bene

2097 2439 2426 2498 monentem,
2466 2432 2738 2502 quoniam,
2784 2431 2921 2486 sicut
2960 2433 3232 2502 Scriptura
3260 2433 3515 2506 loquitur,
3559 2433 3687 2493 Erat

2099 2527 2354 2582 conversio
2379 2543 2412 2580 a
2437 2523 2678 2594 Domino,
2709 2535 2762 2585 ut
2789 2534 3027 2585 statueret
3057 2525 3260 2584 verbum
3285 2543 3435 2584 suum
3465 2529 3603 2602 quod
3625 2529 3690 2594 de

2097 2617 2190 2674 illa
2218 2619 2411 2674 locutus
2439 2627 2512 2673 est
2537 2619 2590 2672 in
2621 2635 2774 2690 manu
2811 2619 3070 2692 praphette
3094 2621 3116 2652 '
3149 2617 3238 2694 (Ill
3261 2619 3390 2692 Reg.
3426 2637 3520 2688 xu,
3555 2621 3688 2695 15)?

2097 2709 2214 2788 Non
2246 2722 2323 2768 est
2357 2720 2630 2796 peccatum
2657 2721 2713 2784 et
2740 2725 2895 2794 prmia
2924 2713 3126 2782 peccati
3172 2712 3224 2771 in
3260 2727 3328 2775 eo
3366 2712 3509 2783 qum]
3543 2715 3684 2780 θοι-ί-

2101 2814 2248 2891 plum
2275 2812 2376 2866 est,
2406 2802 2674 2858 Amasiam
2707 2817 2886 2877 regem
2910 2801 2939 2871 ι
2947 2802 3047 2868 uda
3069 2803 3309 2876 noluisse
3331 2803 3517 2872 audire
3535 2805 3688 2870 leam

2102 2913 2282 2976 regem
2306 2896 2466 2952 Israel
2495 2897 2630 2966 bene
2658 2905 2984 2971 monentem.
3018 2913 3086 2963 ne
3114 2899 3434 2972 procederet
3470 2899 3536 2956 ad
3575 2899 3692 2962 hel-

2103 2985 2358 3046 landum?
2381 2989 2470 3046 Sic
2496 2990 2638 3067 enim
2670 2989 2864 3068 legitur
2891 3007 2905 3046 :
2941 2989 3010 3051 Et
3049 3006 3150 3059 non
3184 2990 3375 3056 audivit
3412 2989 3651 3058 Ameriae
3673 3031 3690 3057 ν

2103 3081 2338 3160 quoniam
2363 3097 2397 3138 a
2425 3079 2532 3134 Deo
2557 3090 2663 3136 erat
2691 3092 2746 3142 ut
2770 3081 3051 3148 traderetur
3079 3081 3132 3140 iu
3167 3098 3348 3140 manus
3379 3081 3423 3148 ε,
3444 3083 3686 3154 quoniam

2104 3174 2404 3244 quaesierunt
2435 3175 2583 3230 deum
2611 3173 2775 3238 Edam
2803 3173 2884 3245 (il
2912 3171 3094 3240 Parui.
3128 3189 3254 3248 xxv,
3287 3173 3402 3245 20).
3435 3174 3502 3229 Ει.
3523 3173 3693 3242 multa

2105 3269 2206 3326 alia
2237 3282 2660 3332 commemorare
2702 3281 3010 3340 possumus,
3043 3267 3096 3333 in
3136 3265 3326 3342 quibus
3357 3265 3559 3337 liquido
3585 3281 3693 3336 ap-

2109 3369 2278 3435 paret,
2308 3360 2518 3415 occulto
2556 3358 2758 3429 judicio
2787 3359 2882 3416 Dei
2914 3358 3028 3417 ﬁeri
3057 3359 3462 3435 perversitatem
3492 3356 3693 3423 cordis,

2109 3448 2167 3532 iit
2187 3441 2295 3526 non
2317 3451 2562 3521 audiatur
2579 3451 2720 3526 quod
2742 3467 2926 3518 verum
2956 3451 3169 3518 dicitur.
3193 3460 3248 3512 et
3273 3450 3395 3522 inde
3425 3458 3696 3522 peccetur.

2113 3555 2168 3602 et
2193 3546 2262 3612 sit
2290 3548 2462 3618 ipsum
2494 3553 2770 3621 peccatum
2811 3542 3166 3619 praecedentis
3193 3543 3354 3614 etiam
3385 3557 3540 3613 pinna
3569 3555 3699 3622 μορ-

2111 3639 2236 3713 cati.
2260 3637 2394 3704 Nam
2424 3637 2646 3696 credere.
2683 3636 2982 3706 mendacio,
3011 3645 3066 3710 et
3090 3650 3195 3704 non
3217 3635 3438 3695 credere
3462 3634 3698 3702 veritati,

2113 3730 2294 3816 utique
2315 3738 2591 3802 peccatum
2604 3727 2872 3789 est.Vcnit
2889 3735 3063 3786 tamen
3080 3725 3149 3798 ab
3163 3741 3226 3787 ca
3246 3727 3483 3796 catcitatc
3498 3725 3698 3793 cordis.

2113 3839 2232 3894 quae
2251 3821 2462 3878 occulto
2485 3819 2687 3891 judicio
2714 3820 2828 3886 Dei,
2852 3819 2946 3875 sed
2965 3828 3140 3875 tamen
3165 3820 3331 3890 justo,
3359 3819 3519 3884 etiam
3543 3833 3701 3890 patria

2115 3914 2319 4002 peccati
2372 3921 2719 3990 monstratur.
2769 3911 2936 3984 Quale
2967 3921 3050 3975 est
3079 3911 3238 3972 etiam
3279 3910 3408 3978 illud
3451 3909 3594 3981 quod
3632 3909 3704 3966 ad

2115 4000 2623 4084 Thessalonicenses
2649 4002 2836 4064 scribit
2861 4001 3151 4078 Apostolus
3178 4019 3192 4074 ς
3217 4000 3326 4065 Pro
3353 4016 3410 4069 βο
3447 4001 3583 4074 quod
3621 4000 3706 4068 di-

2118 4097 2379 4154 lectionem
2403 4097 2626 4170 peritatis
2665 4112 2766 4150 non
2791 4101 3102 4165 receperunt,
3132 4100 3187 4156 ut
3215 4091 3342 4153 salvi
3380 4091 3578 4170 ﬁerent,
3607 4099 3656 4162 et
3682 4088 3708 4123 ⁵

2118 4189 2232 4246 ideo
2261 4165 2419 4244 mittet
2461 4188 2564 4244 illis
2603 4187 2738 4261 Deus
2781 4187 3124 4269 Operationem
3153 4185 3360 4256 erroris,
3404 4193 3461 4241 ut
3497 4165 3710 4260 ci'edaut

2120 4284 2380 4362 mendacio
2413 4281 2477 4366 (ll
2512 4281 2688 4358 Thess.
2729 4297 2790 4350 ιι,
2823 4278 2934 4356 lii).
2967 4280 3108 4356 Ecce
3138 4294 3293 4352 paena
3321 4277 3546 4356 peccati,
3578 4291 3708 4352 pec-

2121 4388 2298 4454 catum
2329 4385 2430 4434 est.
2469 4375 2769 4455 Utrumque
2821 4373 3012 4441 claret,
3064 4372 3301 4445 breviter
3351 4369 3548 4430 dictum
3578 4377 3666 4438 est
3689 4407 3708 4438 ,

2123 4480 2306 4556 aperte
2332 4469 2530 4527 dictum
2561 4477 2664 4534 est,
2693 4466 2760 4524 ab
2784 4481 2851 4521 eo
2879 4465 3078 4538 dictum
3100 4473 3205 4534 est,
3232 4463 3381 4536 cujus
3418 4461 3522 4531 alia
3547 4460 3713 4534 verba

2211 4573 2354 4645 tuam
2379 4559 2698 4632 sententiam
2726 4557 2920 4618 frustra
2948 4555 3266 4636 detorquere
3287 4562 3510 4628 conatus
3532 4567 3614 4620 es.

2199 4643 2292 4712 13.
2317 4653 2452 4728 Quid
2487 4661 2569 4728 est
2597 4659 2772 4713 autem
2801 4648 2941 4722 quod
2971 4647 3124 4727 dicis,
3155 4647 3280 4717 Cum
3305 4644 3572 4717 dpsideriis
3606 4643 3718 4702 suis

2127 4747 2298 4822 traditi
2327 4725 2770 4826 dicuntuf,'reticti
2797 4757 2886 4824 per
2924 4725 3148 4815 divinam
3185 4738 3482 4818 patientiam
3521 4735 3719 4818 intelli-

2128 4821 2444 4927 gendisunt,
2467 4821 2592 4917 'nqn‘
2631 4853 2722 4927 pp;
2760 4821 3037 4927 potentiam
3065 4833 3128 4927 in
3170 4841 3378 4927 peccgtg
3422 4829 3672 4927 compulsi
3693 4829 3720 4884 2

2130 4934 2276 5016 quasi
2306 4949 2411 4988 non
2435 4925 2598 5002 simul
2639 4923 2817 5016 ppsuit
2845 4928 2865 4960 ⁸
2895 4926 3010 5010 lucc
3043 4926 3149 5000 dup
3175 4924 3321 5016 idem
3344 4923 3642 5016 apostolus,
3665 4931 3724 4994 pt

2133 5014 2466 5108 patientiam,
2506 5032 2560 5080 et
2591 5014 2904 5102 potentiam,
2953 5018 3043 5103 ubi
3077 5017 3171 5098 ait,
3213 5014 3275 5094 ,δῇ
3304 5015 3326 5070 2
3358 5024 3528 5094 autem
3554 5014 3725 5087 ualetis

2137 5119 2270 5194 Deus
2295 5117 2555 5189 ostendere
2585 5117 2717 5191 iram
2757 5123 2804 5184 et
2852 5113 3197 5192 demangtsare
3230 5109 3509 5190 potentiam
3540 5122 3724 5178 suam,

2135 5213 2302 5293 αιιξιιίι
2327 5213 2378 5286 in
2402 5210 2559 5288 multo
2579 5208 2823 5290 patientia
2851 5223 2972 5286 rasa
2999 5206 3111 5284 iure
3137 5219 3250 5281 attat
3275 5206 3499 5278 referta
3525 5206 3645 5265 sunt
3663 5198 3721 5274 in

2137 5307 2566 5439 οιμίιᾶθόᾚὲ
2585 5309 2759 5440 iiii?
2779 5295 3319 5440 ξῗὲἳὲἓέεὲἕὲἕὲξέ
3335 5293 3728 5440 dimisit

3011 5421 3086 5475 eis
3101 5417 3352 5485 traditur}
3414 5419 3430 5432 "

2207 5499 2516 5605 ζῗίίὲωθέίὲἓί
2538 5499 3214 5605 ἣᾜὲῗιῖὂιῖἕὲᾝέιάιίἱάεωηι,
3257 5538 3464 5592 hostium
3491 5548 3510 5590 :
3534 5499 3732 5591 tamelsi

2144 5620 2208 5671 ab
2225 5616 2452 5668 omnibus
2472 5623 2578 5676 Mss,
2605 5615 2732 5676 absit
2747 5619 2800 5676 et
2821 5615 3000 5676 apta.

2207 5659 2818 5742 cast—samiae»:
2830 5659 3114 5742 eam
3601 5659 3736 5729 ιιιαι

2145 5698 2816 5806 ιηἰπῗὲζιῖὶέαὲῗρῗῗὲθῖιέῖἴὲῧ
2831 5698 3549 5806 etjt'mmu’mm“
3561 5698 3580 5728 ’
3602 5698 3684 5806 ’ζ

2213 5805 2234 5837 ⁸
2256 5799 2362 5851 sola
2387 5799 2534 5850 editio
2556 5805 2685 5860 hom,
2709 5799 2922 5861 posuerit
3220 5806 3226 5812 '

2215 5867 2238 5902 ι
2260 5861 2396 5925 mliti,
2415 5861 2508 5918 sic.
