4142 6542
435 437 536 496 79!

437 554 771 620 perditionem
799 549 973 623 (Rom.
1013 566 1090 619 ιι,
1119 549 1236 620 22).
1266 550 1401 618 Quid
1447 549 1638 604 horum
1680 559 1853 606 tamen
1883 547 2016 602 dicis

437 661 558 704 esse
583 645 723 716 quod
746 646 1000 712 scriptum
1033 651 1136 710 est,
1165 642 1232 695 Et
1264 643 1509 712 propheta
1535 644 1579 696 si
1607 643 1844 695 erraverit
1867 651 1911 695 et
1938 641 2018 695 lo-

437 748 586 792 cutus
613 737 783 807 fuerit,
827 751 918 805 ego
956 734 1205 791 Dominus
1229 737 1408 793 seduxi
1443 739 1742 808 praphetam
1772 737 1947 804 illum,
1972 746 2020 790 et

435 827 700 882 extendam
728 842 932 880 manum
959 844 1120 881 meam
1149 845 1298 899 super
1317 846 1451 898 eum,
1481 840 1527 884 et
1547 831 1884 886 exterminabo
1905 847 2020 883 eum

434 923 499 973 de
522 917 683 972 medio
713 919 889 988 papuli
915 921 1010 972 mei
1036 918 1204 974 Israel
1225 919 1438 992 (Ezeclt.
1481 939 1588 989 xxv,
1626 923 1719 994 9)?
1766 922 2018 993 patientia

433 1021 537 1077 est,
569 1027 638 1066 an
663 1014 940 1082 potentia?
966 1013 1253 1082 Quodlibet
1280 1017 1475 1086 eligas,
1507 1017 1590 1072 vel
1627 1026 1908 1086 utrumque
1941 1015 2020 1069 fa-

434 1104 628 1167 tearis;
661 1104 812 1160 vides
837 1114 1013 1160 tamen
1032 1105 1162 1161 falsa
1186 1109 1555 1177 prephetantis
1577 1116 1852 1178 peccatum
1878 1121 2017 1174 esse,

431 1213 753 1270 pmnamque
782 1200 1004 1268 peccati.
1047 1199 1127 1253 An
1163 1209 1218 1254 et
1245 1200 1330 1254 hic
1361 1200 1603 1255 dicturus
1627 1215 1706 1264 es,
1736 1199 1874 1269 quod
1905 1199 2018 1263 ait,

430 1286 547 1360 Ego
574 1287 824 1342 Dominus
848 1289 1028 1344 seduxi
1054 1291 1348 1360 prOpItetam
1385 1291 1530 1344 illum
1553 1333 1568 1356 ,
1620 1289 2018 1359 intelligendum

432 1397 576 1450 esse,
605 1383 846 1448 Deserui,
871 1392 928 1436 ut
955 1399 1050 1453 pro
1079 1384 1196 1453 ejus
1224 1385 1240 1414 ¹
1273 1384 1475 1438 meritis
1498 1382 1750 1438 seductus
1770 1390 1974 1437 erraret
1998 1381 2021 1434 ?

431 1473 547 1545 Age
571 1483 627 1529 ut
653 1475 734 1530 vis
751 1517 764 1542 ,
804 1483 979 1529 tamen
1010 1491 1074 1528 eo
1104 1475 1264 1531 modo
1293 1475 1505 1542 punitus
1529 1483 1612 1530 est
1639 1490 1732 1546 pro
1754 1483 1975 1545 peccato
2001 1514 2018 1541 ,

435 1576 494 1622 ut
539 1567 730 1624 falsum
767 1569 1140 1640 pmphetando
1183 1579 1448 1639 peccaret.
1495 1569 1599 1624 Sed
1645 1569 1773 1624 illud
1816 1569 2022 1623 intuere

433 1658 578 1728 quod
606 1657 739 1713 vidit
764 1658 1010 1713 Min-lunas
1040 1660 1323 1730 propheta,
1356 1660 1632 1713 Dominum
1661 1659 1910 1714 sedentem
1935 1675 2022 1712 su-

433 1766 526 1823 per
551 1749 786 1805 thronum
816 1767 1000 1817 suum,
1031 1763 1076 1804 et
1104 1753 1266 1806 omnis
1292 1753 1539 1807 exercitus
1558 1752 1670 1806 caeli
1698 1754 1860 1804 stabat
1888 1751 2023 1804 circa

434 1857 549 1896 eum
574 1859 606 1896 a
625 1843 815 1896 dextris
836 1844 944 1914 ejus
975 1853 1019 1896 et
1040 1859 1071 1896 a
1095 1843 1312 1898 sinistris
1339 1845 1470 1913 ejus.
1501 1843 1566 1897 Et
1591 1843 1718 1898 dixit
1745 1843 2022 1896 Dominus:

438 1934 566 2002 Quis
591 1935 788 1990 seducet
814 1935 984 1990 Achab
1011 1953 1177 2007 regem
1200 1935 1401 2002 Israel,
1430 1945 1474 1990 et
1500 1937 1754 2005 ascendet,
1794 1945 1842 1993 et
1877 1935 2024 1989 cadet

431 2026 490 2080 in
531 2027 754 2081 Ramotlt
798 2025 1038 2082 Galund?
1093 2027 1161 2080 Et
1190 2028 1318 2081 dixit
1357 2029 1450 2081 iste
1489 2029 1582 2094 sic,
1628 2038 1676 2082 et
1711 2029 1805 2082 iste
1832 2028 1923 2080 sic.
1956 2025 2024 2080 Et

435 2119 558 2176 exiit
595 2120 804 2192 spiritus
828 2161 843 2186 ,
888 2129 934 2173 et
981 2121 1114 2174 stetit
1149 2121 1203 2174 in
1232 2130 1502 2190 conspectu
1531 2120 1756 2188 Domini,
1785 2129 1829 2173 et
1853 2120 2023 2174 dixit:

434 2209 550 2283 Ego
574 2210 808 2266 seducunt
835 2227 966 2264 eum.
993 2211 1058 2264 Et
1082 2211 1212 2265 dixit
1237 2211 1483 2265 Dominus
1513 2213 1580 2264 ad
1613 2228 1764 2266 omn:
1792 2209 1854 2264 In
1882 2227 1981 2281 quo
1999 2209 2026 2264 .9

435 2300 508 2357 Et
535 2303 664 2357 dixit
693 2319 714 2358 :
741 2303 903 2358 Exibo
928 2312 975 2358 et
1003 2319 1088 2358 ero
1115 2305 1326 2375 spiritus
1365 2303 1585 2357 mendax
1613 2305 1664 2356 in
1687 2319 1776 2359 ore
1799 2304 2026 2356 omnium

435 2395 797 2464 praphetarum
837 2395 966 2467 ejus.
1009 2393 1078 2449 Et
1105 2395 1234 2450 dixit
1273 2412 1292 2450 :
1333 2395 1590 2461 Scduces,
1617 2404 1662 2449 et
1693 2395 2026 2467 prtevalebis;

433 2486 518 2540 exi
540 2495 587 2540 et
621 2488 701 2558 [ac
729 2487 802 2540 sic
843 2486 931 2559 (ΙΙΙ
958 2485 1085 2558 Reg.
1119 2504 1254 2554 χιιι,
1285 2487 1494 2558 19-22).
1519 2485 1656 2556 Quid
1691 2490 1758 2542 ad
1803 2487 1904 2544 ista
1941 2487 2026 2542 d‘i—

435 2585 620 2632 cturus
645 2577 742 2631 es?
768 2594 964 2650 nempe
1006 2594 1102 2633 rex
1137 2580 1252 2650 ipse
1286 2580 1548 2649 peccavit,
1589 2579 1734 2634 falsis
1757 2579 2027 2635 credendo

434 2669 734 2742 prophetis.
761 2672 829 2725 At
854 2671 969 2726 haec
999 2671 1112 2742 ipsa
1142 2682 1260 2726 erat
1285 2681 1338 2728 et
1361 2687 1514 2744 pmna
1545 2675 1778 2742 peccati,
1812 2673 1922 2728 Deo
1941 2673 2030 2742 ju-

437 2761 677 2830 dieaute,
717 2763 824 2817 Deo
854 2763 1095 2817 mittente
1135 2765 1382 2834 angelum
1427 2766 1658 2830 malum;
1694 2775 1748 2818 ut
1791 2766 2028 2834 apertius

436 2850 858 2922 intclligercmus
879 2853 1146 2922 quomodo
1175 2854 1226 2907 in
1251 2853 1462 2909 Psalmo
1481 2855 1680 2909 dictum
1704 2856 1792 2918 sit,
1817 2854 2028 2910 misisse

436 2941 570 2996 iram
595 2941 970 3014 indignationis
986 2959 1097 2999 sua:
1109 2959 1203 3012 per
1215 2945 1434 3016 angelos
1450 2945 1618 3000 malos
1631 2945 1648 3016 (
1659 2944 1802 2998 Psal.
1823 2961 2026 3012 Lxxvn,

436 3034 554 3106 49).
585 3035 689 3091 Sed
725 3035 978 3106 numquid
1025 3037 1255 3108 errando
1280 3079 1296 3105 ,
1344 3038 1600 3107 numquid
1653 3037 1848 3106 injuste
1875 3036 2031 3108 quid-

436 3143 596 3198 quam
619 3113 702 3183 δἐι
725 3137 925 3185 temere
947 3129 1259 3200 judicando,
1281 3130 1393 3186 sive
1417 3129 1700 3186 faciendo?
1722 3130 1872 3186 Absit
1895 3149 1908 3184 :
1933 3130 2028 3186 sed

435 3236 544 3276 non
575 3221 770 3277 frustra
796 3223 870 3277 illi
897 3223 1098 3278 dictum
1141 3233 1245 3292 est,
1287 3223 1495 3279 Iudicia
1539 3235 1626 3279 tua
1660 3227 1790 3280 sicut
1816 3227 2030 3298 abyssus

436 3313 599 3366 multa
628 3311 797 3382 (Psal.
821 3329 988 3379 xxxv,
1021 3313 1099 3382 7).
1139 3313 1254 3369 Non
1279 3314 1476 3370 frustra
1507 3316 1772 3371 exclamat
1798 3319 2029 3386 Aposto-

435 3403 542 3470 lus,
586 3401 632 3458 0
681 3404 894 3459 altitudo
928 3405 1218 3460 divitiarum
1262 3408 1524 3476 sapientia:
1560 3417 1609 3461 et
1647 3409 1864 3462 scientiae
1891 3407 2031 3464 Dei!

435 3513 590 3566 quam
625 3497 976 3552 inscrutabilia
1014 3508 1132 3553 sunt
1155 3497 1360 3568 judicia
1396 3501 1526 3568 ejus,
1576 3509 1622 3554 et
1661 3500 2029 3572 inuestigabiles

435 3586 534 3642 vite
570 3588 725 3659 ejus!
769 3589 893 3654 Quis
946 3590 1079 3644 enim
1118 3591 1348 3661 cognovit
1404 3607 1604 3645 sensum
1645 3590 1894 3646 Domini?
1939 3602 2030 3646 aut

436 3680 550 3750 quis
587 3679 908 3735 consiliarius
938 3683 1046 3753 ejus
1079 3681 1220 3751 fuit?
1243 3681 1342 3735 Aut
1364 3683 1474 3750 quis
1498 3684 1637 3753 prior
1667 3683 1806 3737 dedit
1844 3683 1944 3748 illi,
1973 3691 2030 3737 ut

434 3771 744 3826 retribuatur
768 3772 814 3826 ei
834 3771 1008 3842 (Rom.
1036 3788 1112 3839 x1,
1137 3773 1361 3843 33-55)?
1381 3773 1592 3828 Nullum
1615 3775 1764 3846 eligit
1783 3775 2026 3846 dignum,

435 3863 538 3920 sed
573 3864 826 3935 eligendo
869 3865 1032 3920 efﬁcit
1065 3864 1284 3938 dignum
1318 3867 1370 3927 ’ς
1416 3867 1618 3922 nullum
1655 3876 1832 3924 tamen
1875 3869 2032 3939 punit

433 3954 735 4026 indignum.

511 4046 739 4102 CAPUT
767 4046 854 4102 lV.
879 4077 952 4088 —
977 4049 1117 4103 14.1
1136 4049 1256 4117 Ait,
1284 4069 1304 4102 ι
1330 4051 1530 4121 inquis,
1551 4069 1569 4102 ι
1590 4050 1908 4122 Apostolus,
1927 4051 2033 4109 Bo-

438 4142 573 4197 nitas
595 4142 687 4195 Dei
714 4142 782 4195 ad
801 4143 1142 4212 paenitentiam
1169 4153 1216 4197 te
1236 4143 1496 4198 adducit.»
1527 4144 1719 4200 Verum
1749 4155 1864 4212 est,
1895 4162 2029 4203 con-

439 4246 578 4305 stat;
611 4237 704 4293 sed
726 4254 884 4309 quem
913 4237 1312 4308 prmdestinavit
1349 4239 1606 4294 adducit:
1635 4241 1876 4309 quamvis
1915 4241 2030 4311 ipse

439 4332 736 4387 secundum
765 4331 1016 4386 duritiam
1053 4346 1202 4385 suam
1247 4339 1302 4386 et
1330 4347 1424 4386 cor
1452 4333 1822 4402 impmnitens,
1863 4349 2031 4404 quan-

333 4481 340 4485 _
439 4434 555 4479 tum
576 4423 642 4478 ad
669 4423 843 4494 ipsum
872 4424 1082 4491 attinet,
1111 4423 1434 4480 thesaurizet
1469 4425 1569 4479 sibi
1599 4425 1732 4480 iram
1755 4426 1808 4480 in
1832 4425 2031 4482 dicirte

441 4522 499 4572 et
519 4515 860 4572 revelationis
879 4515 1008 4584 justi
1031 4515 1215 4585 judicii
1245 4515 1358 4581 Dei,
1389 4517 1476 4588 qui
1517 4516 1706 4573 reddet
1746 4518 2030 4590 unicuique

441 4605 734 4662 secundum
759 4621 921 4676 opera
952 4606 1068 4678 ejus
1095 4605 1206 4677 (Id.
1236 4624 1294 4674 ιι,
1317 4608 1866 4678 4-6).Quantamlibet
1888 4612 2031 4668 enim

440 4698 686 4770 praabeat
711 4699 1056 4769 patientiam;
1085 4699 1182 4754 nisi
1212 4699 1326 4770 ipse
1349 4700 1576 4768 dederit,
1597 4703 1714 4773 quis
1733 4704 1842 4774 agit
1859 4705 2033 4776 ι)ωηί-

443 4790 668 4845 tentiam
693 4790 722 4844 ?
741 4792 822 4845 An
851 4791 1047 4846 oblitus
1073 4806 1132 4847 es
1157 4791 1299 4862 quod
1317 4791 1457 4848 idem
1487 4793 1602 4864 ipse
1627 4794 1815 4851 doctor
1829 4797 1922 4864 ait,
1949 4795 2034 4851 Ne

444 4885 578 4953 forte
597 4881 680 4936 det
701 4881 804 4936 illis
829 4880 970 4936 Deus
999 4884 1344 4954 paenitentiam
1367 4883 1436 4937 ad
1474 4888 1870 4956 cognoscendam
1899 4889 2031 4942 veri-

443 4983 625 5040 tatem;
641 4984 692 5030 et
705 4975 1002 5046 resipiscam
1017 4993 1048 5029 a
1062 4976 1250 5031 diaboli
1266 4978 1458 5047 laqueis
1475 4977 1541 5050 (ll
1555 4978 1751 5046 Tim.n,
1766 4983 1836 5038 25
1853 4991 1900 5038 et
1913 4983 2033 5056 26)?

444 5065 552 5122 Sed
572 5063 771 5136 judicia
800 5065 917 5136 ejus
945 5065 1111 5121 multa
1133 5067 1378 5141 abyssus.
1405 5067 1517 5124 Nos
1541 5081 1686 5126 certe
1729 5074 1773 5128 si
1821 5089 1945 5140 eos,
1979 5077 2032 5132 in

443 5173 582 5230 quos
611 5157 766 5224 nobis
794 5165 1032 5228 potestas
1055 5165 1168 5224 est,
1199 5168 1324 5215 ante
1371 5159 1557 5214 oculos
1597 5171 1812 5219 nostros
1841 5181 2033 5235 perpe-

444 5259 590 5306 trare
627 5247 830 5304 scelera
869 5249 1272 5318 permittamus,
1315 5251 1394 5308 rei
1441 5266 1564 5306 eum
1612 5252 1740 5322 ipsis
1789 5255 2028 5314 erimus:

441 5359 604 5415 quam
631 5357 762 5398 vero
793 5340 1196 5398 innumerabilia
1216 5341 1307 5398 ille
1337 5344 1596 5414 permittit
1611 5343 1724 5401 ﬁeri
1753 5357 1876 5402 ante
1901 5366 2034 5406 ocu-

439 5437 525 5494 los
551 5451 700 5500 suos,
731 5450 850 5506 qua:
873 5435 1074 5506 utique,
1107 5435 1152 5490 si
1169 5435 1447 5502 nolulsset,
1475 5437 1618 5495 nulla
1647 5441 1862 5508 ratione
1909 5458 2033 5514 per-

445 5536 679 5583 mitteret
699 5527 725 5582 ?
743 5533 798 5582 et
818 5533 995 5582 tamen
1014 5525 1192 5598 justus
1217 5537 1270 5584 et
1295 5527 1466 5584 bonus
1493 5540 1594 5586 est.
1621 5532 1688 5588 Et
1711 5534 1853 5604 quod
1893 5551 2034 5607 pra:-

444 5617 622 5676 bendo
641 5618 950 5690 patientiam
977 5617 1068 5674 dat
1101 5617 1276 5676 locum
1307 5620 1655 5694 pmnitentiae,
1703 5626 1892 5682 nolens
1932 5628 2032 5684 ali-

513 5754 531 5819 ξ
555 5760 734 5819 Amet
756 5761 862 5819 Mss.
887 5755 1048 5807 Gallic.
1071 5763 1126 5808 et
1145 5759 1316 5819 νηπία,
1341 5759 1429 5810 eis.

509 5815 949 5890 f-lgiitgi‘etaliquot
970 5825 1100 5884 Mss,
1123 5815 1319 5872 Nullum
1332 5819 1476 5886 elegit
1501 5819 1720 5887 dignum,
1741 5824 1830 5876 sed
1851 5822 2035 5890 eligen-

453 5875 521 5929 do
532 5875 686 5938 effecit
708 5875 922 5942 dignum.

1219 431 1490 491 CONTRA
1532 430 1868 488 JULIANUM
1906 428 2371 502 PELAGIANUM,
2411 434 2470 490 S.
2511 436 2879 496 AUGUSTINI

3607 443 3715 504 79!

2133 565 2288 620 quem
2319 555 2498 622 perire
2551 554 2615 626 (ll
2638 554 2780 610 Petr.
2809 572 2886 622 ιιι,
2914 555 2992 627 9),
3019 556 3153 610 novit
3182 554 3432 612 Dominus
3465 559 3554 628 qui
3595 570 3713 616 sunt

2129 643 2236 712 ejus
2283 643 2352 714 (Il
2385 643 2516 698 Tim.
2545 661 2600 710 ιι,
2623 646 2738 716 19),
2765 655 2819 700 et
2845 647 3016 700 omnia
3041 657 3346 716 cooperatur
3371 649 3387 680 ¹
3417 649 3470 704 in
3499 650 3709 718 bonum,

2130 736 2226 791 sed
2241 737 2320 791 Itis
2343 739 2428 808 qui
2451 739 2726 794 secundum
2753 740 3064 811 propositum
3084 741 3248 794 vocati
3273 751 3408 795 sunt.
3437 741 3550 798 Non
3565 745 3708 800 enim

2129 843 2316 884 omnes
2342 832 2430 901 qui
2461 833 2632 886 vocati
2671 841 2826 898 sunt,
2880 832 3173 888 secundum
3228 836 3555 904 propositum
3586 848 3714 893 sunt

2129 921 2320 975 vocati.
2371 921 2525 976 Multi
2564 923 2695 976 enim
2733 923 2928 988 vocati,
2971 923 3123 992 pauci
3162 937 3277 977 vero
3305 925 3446 979 electi
3487 925 3704 997 (Matth.

2128 1027 2259 1078 xxn,
2283 1013 2393 1083 14).
2426 1013 2526 1080 Qui
2568 1027 2695 1084 ergo
2745 1012 2938 1080 electi,
2965 1012 3020 1067 bi
3052 1013 3343 1068 secundum
3371 1018 3706 1086 prepositum

2128 1106 2321 1158 vocati.
2361 1104 2511 1161 Unde
2541 1115 2595 1160 et
2629 1105 2752 1160 alibi
2785 1105 2914 1160 dicit
2948 1123 2961 1159 :
3011 1105 3306 1160 Secundum
3343 1107 3572 1165 virtutem
3610 1108 3710 1163 Dei

2129 1195 2292 1249 salvos
2317 1212 2416 1248 non
2443 1197 2672 1267 facientis
2715 1205 2762 1250 et
2807 1197 3032 1250 vocantis
3061 1197 3322 1252 vocatione
3351 1215 3450 1252 sua
3488 1209 3665 1253 sancta
3690 1217 3708 1264 ;

2129 1303 2230 1341 non
2257 1288 2532 1341 secundum
2558 1305 2713 1360 opera
2736 1297 2928 1356 nostra,
2961 1289 3051 1344 sed
3069 1291 3344 1344 secundum
3363 1307 3514 1345 suum
3525 1309 3716 1361 propo~

2128 1380 2278 1434 situm
2303 1391 2349 1434 et
2373 1381 2614 1453 gratiam,
2646 1398 2760 1453 qua:
2787 1383 2909 1436 data
2945 1392 3016 1436 est
3055 1383 3196 1438 nobis
3241 1385 3295 1438 in
3343 1382 3548 1439 Christo
3591 1383 3718 1440 Jesu

2129 1485 2248 1530 ante
2271 1477 2456 1532 sacculo
2489 1486 2676 1532 wterna
2714 1476 2792 1551 (ll
2823 1475 2953 1531 Tim.
2979 1493 3018 1546 ι,
3044 1478 3078 1534 8
3099 1488 3146 1533 et
3167 1478 3246 1550 9).
3275 1479 3520 1549 Denique
3547 1488 3602 1534 et
3631 1479 3718 1534 hic

2129 1583 2252 1624 cum
2290 1570 2548 1636 dixisset,
2575 1570 2761 1626 Omnia
2800 1579 3100 1642 coeperatur
3125 1573 3178 1626 in
3205 1571 3391 1626 bonum
3421 1572 3499 1626 Itis
3526 1573 3613 1642 qui
3641 1589 3720 1626 se-

2129 1661 2352 1716 cundum
2363 1664 2675 1733 propositum
2690 1663 2849 1717 vocati
2861 1670 2980 1716 sunt
2999 1677 3017 1716 :
3035 1663 3289 1718 continuo
3299 1662 3552 1728 subdidit,
3577 1661 3718 1728 Quo-

2131 1755 2270 1808 niam
2293 1771 2418 1825 quos
2464 1765 2579 1810 ante
2623 1755 2906 1827 prxscivit,
2933 1764 2982 1809 et
3025 1755 3396 1827 praedestinavit
3435 1759 3718 1826 conformes

2131 1845 2369 1918 imaginis
2388 1847 2514 1902 Filii
2543 1848 2672 1919 ejus,
2703 1856 2760 1902 ut
2795 1849 2860 1903 sit
2883 1848 3248 1920 primogenitus
3269 1849 3322 1901 in
3347 1847 3520 1902 multis
3545 1847 3719 1918 fratri-

2132 1939 2225 1996 bus
2247 1957 2265 1994 :
2285 1957 2410 2012 quos
2434 1951 2600 1995 autem
2629 1943 2999 2013 praedestinavit
3022 1984 3036 2008 ,
3063 1942 3181 1997 illos
3209 1951 3256 1996 et
3281 1943 3497 2008 vocavit;
3521 1951 3568 1996 et
3593 1959 3720 2013 quos

2132 2035 2345 2102 vocavit,
2363 2019 2501 2106 ipsos
2520 2044 2566 2089 et
2579 2035 2902 2106 justi/ienuit;
2921 2052 3044 2105 quos
3061 2045 3228 2090 autem
3237 2036 3558 2108 justi/ienuit,
3575 2037 3716 2106 ipsos

2133 2134 2180 2180 et
2207 2127 2709 2197 gloriﬁcavit(Rom.
2747 2143 2860 2192 vnl,
2889 2127 3098 2197 28-50).
3148 2127 3211 2182 Hi
3257 2137 3380 2182 sunt
3419 2127 3714 2184 secundum

2133 2212 2466 2282 propositum
2489 2214 2681 2268 vocati.
2703 2213 2806 2284 Ipsi
2834 2228 2963 2284 ergo
2987 2212 3230 2280 electi,et
3252 2213 3353 2268 hoc
3379 2223 3502 2269 ante
3530 2215 3714 2269 mundi

2133 2303 2568 2359 constitutionem
2597 2303 2813 2375 (Ephes.
2861 2320 2900 2369 ι,
2927 2303 3004 2376 4),
3035 2304 3103 2359 ab
3127 2318 3192 2359 eo
3221 2305 3308 2374 qui
3332 2314 3486 2359 vocat
3503 2321 3566 2359 ea
3594 2321 3716 2375 qua:

2135 2407 2242 2448 non
2260 2402 2385 2449 sunt
2412 2403 2660 2466 tanquam
2689 2396 2799 2450 sint
2825 2393 3002 2468 (Rom.
3032 2411 3106 2461 iv,
3139 2394 3253 2465 17).
3277 2393 3382 2450 Sed
3407 2395 3561 2450 electi
3579 2437 3594 2460 ,
3623 2411 3720 2465 per

2135 2484 2452 2541 electionem
2467 2486 2670 2557 gratiae.
2694 2485 2849 2541 Unde
2864 2485 2992 2540 dicit
3013 2486 3152 2540 idem
3178 2485 3364 2541 doctor
3377 2495 3428 2541 et
3440 2485 3506 2541 de
3521 2485 3680 2542 Israel
3699 2504 3712 2540 :

2136 2575 2389 2649 Reliquiae
2415 2593 2505 2648 per
2519 2577 2808 2632 electionem
2836 2577 3013 2649 gratiae
3037 2579 3188 2649 facta:
3206 2578 3380 2631 sunt'.
3399 2575 3472 2632 Et,
3489 2591 3555 2632 ne
3579 2575 3717 2632 forte

2137 2676 2262 2724 ante
2291 2669 2720 2724 constitutionem
2761 2667 2945 2724 mundi
2983 2682 3052 2724 ex
3094 2667 3348 2738 operibus
3381 2667 3719 2738 pracognitis

2138 2769 2452 2828 putarentur
2475 2761 2628 2816 electi
2648 2803 2663 2827 ,
2692 2771 2908 2816 secutus
2933 2767 3051 2824 est,
3079 2768 3134 2815 et
3161 2757 3406 2829 adjunxit
3427 2775 3442 2812 :
3465 2757 3526 2816 Si
3555 2767 3722 2814 autem

2137 2851 2326 2920 gratia,
2343 2851 2457 2921 jam
2479 2866 2577 2904 non
2604 2867 2667 2904 ex
2693 2851 2949 2921 aperibus;
2973 2849 3198 2920 alioquin
3222 2850 3388 2922 gratia
3403 2849 3517 2920 jam
3533 2857 3720 2904 nonest

2138 2943 2306 3012 gratia
2332 2939 2440 3012 (Id.
2469 2959 2544 3008 ιι,
2577 2944 2630 3005 5.
2655 2943 2734 3014 6).
2753 2944 2831 2998 Ex
2849 2943 2950 2998 isto
2967 2957 3190 2998 numero
3209 2942 3502 2998 electorum
3519 2949 3572 2997 et
3589 2957 3723 3012 prae-

2139 3033 2522 3089 destinatorum
2549 3037 2706 3089 etiam
2723 3035 2810 3105 qui
2829 3035 3115 3106 pessimam
3135 3033 3405 3090 duxerunt
3422 3035 3605 3100 vitam,
3625 3049 3720 3104 per

2139 3126 2238 3182 Dei
2269 3127 2648 3198 benignitatem
2699 3127 3033 3182 adducuntur
3075 3125 3144 3182 ad
3185 3126 3586 3196 pmnitentiam,
3625 3139 3722 3195 per

2139 3219 2293 3291 cujus
2318 3220 2746 3292 patientiamnon
2775 3229 2899 3275 sunt
2923 3219 3049 3274 huic
3075 3219 3200 3274 vitae
3229 3218 3282 3273 in
3310 3218 3422 3288 ipsa
3451 3217 3708 3273 scelerum

2139 3314 2536 3384 perpetratione
2555 3312 2812 3370 subtracti
2837 3330 2852 3379 ;
2871 3319 2928 3367 ut
2954 3310 3268 3366 ostendatur
3291 3318 3345 3365 et
3369 3309 3497 3380 ipsis
3525 3315 3580 3364 et
3598 3307 3718 3362 aliis

2139 3403 2512 3460 cohaeredibus
2541 3420 2756 3472 eorum,
2785 3402 2852 3458 de
2869 3417 3028 3475 quam
3067 3401 3334 3473 profundo
3371 3399 3510 3455 malo
3554 3398 3720 3469 possit

2139 3498 2235 3554 Dei
2263 3498 2432 3568 gratia
2449 3497 2696 3552 liberare.
2726 3497 2802 3551 Ex
2821 3495 2904 3551 his
2919 3509 3080 3550 nemo
3109 3495 3266 3564 perit,
3293 3506 3625 3564 quacumque
3649 3506 3723 3546 ae-

2139 3597 2249 3644 tate
2274 3589 2551 3644 moriatur.
2583 3588 2734 3642 Absit
2757 3586 2899 3643 enim
2920 3626 2934 3652 ,
2963 3595 3022 3640 ut
3045 3584 3451 3656 praadestinatus
3475 3582 3542 3637 ad
3561 3583 3721 3638 vitam

2138 3681 2258 3736 sine
2281 3680 2627 3736 Sacramento
2653 3679 2962 3736 Mediatoris
3015 3678 3167 3735 linire
3209 3678 3547 3749 permittatur
3587 3675 3722 3731 hanc

2139 3774 2302 3831 vitam
2322 3773 2365 3828 ³.
2413 3774 2637 3844 Propter
2683 3774 2782 3828 hos
2807 3772 2831 3804 ⁴⁵
2859 3773 3116 3827 Dominus
3147 3772 3257 3838 ait,
3289 3769 3418 3826 ch
3445 3779 3517 3824 est
3554 3780 3722 3824 autem

2139 3867 2371 3922 uoluntas
2399 3866 2508 3934 eius
2527 3867 2612 3936 qui
2654 3866 2789 3920 misit
2835 3881 2914 3920 me
2951 3863 3147 3930 Patris,
3175 3874 3230 3918 ut
3259 3881 3405 3920 omne
3423 3863 3560 3935 quod
3585 3861 3723 3918 dedit

2137 3959 2404 4027 mihi,non
2417 3958 2625 4030 perdam
2651 3973 2716 4012 ex
2737 3971 2796 4011 eo
2823 3955 3018 4028 (Joan.
3051 3972 3124 4020 vt,
3148 3955 3216 4012 39
3249 3955 3294 4027 ).
3322 3955 3516 4011 Caateri
3544 3964 3720 4009 autem

2137 4051 2392 4108 mortales
2420 4051 2512 4123 qui
2541 4065 2605 4106 ex
2639 4050 2743 4104 isto
2773 4063 2997 4104 numero
3025 4063 3132 4103 non
3159 4057 3316 4113 sunt,
3349 4042 3412 4103 et
3440 4063 3508 4102 ex
3535 4047 3719 4103 eadem

2139 4142 2355 4214 quidem
2377 4156 2554 4197 massa
2584 4155 2652 4196 ex
2679 4155 2781 4209 qua
2809 4147 2864 4195 et
2889 4139 2997 4206 isti,
3025 4139 3121 4194 sed
3149 4153 3274 4194 vasa
3293 4139 3386 4194 ira:
3413 4139 3538 4194 facti
3561 4145 3718 4204 sunt,

2139 4236 2207 4292 ad
2233 4235 2512 4290 utilitatem
2541 4241 2832 4288 nascuntur
2853 4233 3096 4287 istorum.
3111 4230 3226 4288 Non
3241 4230 3383 4286 enim
3399 4244 3720 4301 quemquam

2137 4341 2324 4384 eorum
2357 4327 2495 4381 Deus
2517 4335 2716 4381 temere
2739 4339 2802 4380 ac
2828 4323 3050 4380 fortuito
3063 4332 3231 4389 creat,
3251 4332 3342 4378 aut
3365 4321 3494 4392 quid
3519 4322 3586 4377 de
3607 4321 3712 4376 illis

2139 4419 2269 4476 boni
2292 4426 2542 4490 operetur
2570 4417 2780 4488 ignorat
2805 4433 2819 4472 :
2851 4431 2972 4472 cum
2999 4425 3054 4472 et
3083 4415 3183 4470 hoc
3221 4416 3336 4486 ipso
3363 4413 3561 4470 bonum
3591 4428 3722 4483 ope-

2139 4523 2308 4580 retur,
2341 4511 2483 4583 quod
2501 4511 2554 4566 in
2581 4511 2660 4567 eis
2680 4511 2967 4567 humanam
2992 4519 3140 4565 creat
3167 4517 3410 4564 naturam
3433 4549 3447 4572 ,
3483 4515 3539 4562 et
3563 4521 3625 4561 ex
3644 4507 3721 4560 eis

2140 4606 2382 4664 ordinem
2410 4607 2594 4662 sseculi
2625 4606 2901 4676 praesentis
2929 4611 3171 4660 exornat.
3201 4602 3428 4657 Istorum
3453 4601 3718 4656 neminem

2143 4698 2362 4754 adducit
2380 4697 2444 4752 ad
2466 4697 2829 4767 paenitentiam
2847 4695 3116 4750 salubrem
3146 4702 3201 4749 et
3229 4692 3589 4764 Spiritualem,
3619 4706 3720 4761 qua

2141 4791 2302 4846 homo
2333 4791 2384 4845 in
2411 4787 2623 4845 Christo
2645 4787 3022 4844 reconciliatur
3058 4785 3188 4852 Deo,
3215 4785 3330 4841 sive
3359 4783 3464 4839 illis
3500 4781 3722 4852 amplio-

2140 4899 2255 4940 rem
2285 4882 2612 4954 patientiam,
2640 4882 2752 4936 sive
2781 4895 2886 4936 non
2907 4880 3167 4952 imparem
3197 4879 3450 4949 prmbeat.
3471 4877 3723 4944 Quamvis

2141 4991 2270 5046 ergo
2293 4989 2481 5031 manes
2507 4989 2572 5028 ex
2602 4972 2788 5030 eadem
2818 4987 2994 5028 massa
3043 4970 3356 5042 perditionis
3407 4978 3462 5026 et
3499 4969 3718 5025 damna-

2143 5066 2303 5122 tionis
2327 5063 2621 5121 secundum
2652 5063 2905 5119 duritiam
2952 5063 3132 5120 cordis
3172 5063 3252 5118 sui
3278 5071 3333 5119 et
3359 5060 3722 5131 corimpcnni-

2141 5167 2260 5214 tens
2281 5200 2295 5223 ,
2341 5167 2599 5229 quantum
2627 5156 2694 5210 ad
2725 5156 2871 5227 ipsos
2903 5155 3166 5225 pertinet,
3217 5154 3574 5210 thesaurizent
3621 5151 3722 5204 sibi

2143 5253 2276 5307 iram
2303 5252 2356 5307 in
2378 5251 2466 5307 die
2493 5251 2621 5318 irae,
2667 5265 2772 5322 quo
2820 5250 3059 5306 redditur
3101 5249 3381 5318 unicuique
3428 5243 3722 5302 secundum

2141 5359 2303 5417 opera
2328 5359 2460 5400 sua:
2491 5343 2633 5400 Deus
2662 5352 2840 5399 tamen
2866 5343 2999 5396 alios
3027 5340 3151 5396 inde
3187 5355 3282 5411 per
3317 5335 3722 5395 misericordem

2206 5459 2224 5490 ί
2251 5467 2350 5508 Am.
2377 5465 2450 5521 Er.
2477 5466 2531 5510 et
2551 5457 2769 5509 nonnulli
2805 5459 3290 5521 Mss.,cooperantur.
3313 5453 3433 5502 vide
3457 5451 3634 5500 librum
3657 5450 3723 5500 de

2141 5523 2297 5570 Gratia
2314 5527 2366 5570 et
2389 5520 2545 5570 libero
2564 5521 2787 5578 Arbitrio,
2811 5533 2863 5567 ιι.
2890 5520 2953 5568 33

2205 5584 2226 5612 ³
2251 5583 2332 5632 Hic
2356 5583 2560 5632 Vaticani
2583 5573 2785 5631 codices
2795 5587 2847 5630 et
2859 5579 3171 5630 l-‘Ioriaceusis
3188 5575 3387 5639 addunt,
3411 5573 3558 5628 salute
3579 5574 3723 5638 facta

2141 5644 2443 5706 sunt._sbest
2459 5679 2473 5704 ,
2499 5641 2662 5702 Μίνω,
2686 5655 2715 5691 a
2731 5655 2892 5706 gnsco
2907 5638 3290 5706 textu/iposmli.

2207 5707 2228 5738 ³
2247 5696 2563 5776 Floriaeensis
2579 5696 2679 5776 μέ.
2702 5740 2717 5765 ,
2733 5696 2808 5755 ναι
2829 5696 3194 5768 praedestinatos
3230 5701 3296 5755 ad
3577 5696 3722 5764 [inire

2141 5767 3029 5942 έᾚῗίξῖαιὲἕιιιιληιιδπίνιίε
3051 5834 3104 5882 et
3121 5825 3496 5888 Gemmcensis.
3517 5828 3720 5892 Ρτοριεν
