4142 6510
309 367 416 426 193

308 484 602 542 bonitatem
651 479 868 536 adducit
931 475 998 532 ad
1050 472 1419 546 paenitentiam
1447 514 1464 539 ,
1521 471 1656 526 alios
1706 485 1902 525 secun-

217 589 219 591 '
310 579 434 635 dum
469 572 672 646 jostum
695 571 955 643 judicium
995 583 1104 624 non
1144 566 1380 622 adducit.
1418 564 1590 620 liabet
1632 564 1774 619 enim
1810 577 1906 633 po-

310 678 554 727 teSIatem
595 664 894 722 adducendi
947 670 1004 718 et
1059 659 1332 722 trahendi,
1385 658 1502 728 ipso
1546 654 1772 711 Domino
1815 649 1900 708 di-

309 771 494 825 cente,
528 759 694 813 Nemo
745 757 877 812 venit
918 755 987 808 ad
1014 771 1092 808 me
1116 794 1131 818 ,
1165 752 1263 806 nisi
1289 749 1464 816 Pater,
1513 749 1598 820 qui
1628 748 1765 802 misit
1790 764 1901 814 me,

313 854 517 912 traxerit
539 869 654 907 eum
679 849 858 922 (Joan.
881 863 950 913 vt,
979 846 1096 917 44).
1113 844 1380 915 Numquid
1403 852 1582 898 autem
1612 841 1794 896 Achab
1813 855 1903 896 re-

310 963 426 1021 gem
454 945 773 1015 sacrilegum
801 952 856 998 et
884 940 1104 1010 impium
1132 938 1354 994 adduxit
1396 937 1461 992 ad
1493 936 1900 1007 pmnitentiam;

311 1049 400 1096 aut
417 1039 606 1094 saltem
637 1051 732 1107 per
756 1033 1068 1090 mendacem
1101 1031 1344 1102 spiritum
1364 1029 1474 1101 jam
1499 1028 1720 1084 seducto
1746 1035 1904 1097 atque

313 1133 551 1202 decepto,
570 1129 878 1200 patientiam
895 1135 951 1182 et
966 1123 1417 1194 longanimitatem
1438 1119 1700 1191 praebuit?
1717 1118 1905 1174 Nonne

315 1223 363 1278 in
391 1237 456 1278 eo
481 1220 685 1282 statim,
716 1227 934 1289 propter
953 1215 1094 1286 quod
1120 1223 1235 1269 erat
1275 1211 1559 1277 seductus,
1606 1217 1778 1264 morte
1813 1223 1903 1263 ra-

316 1313 487 1384 piente
511 1311 834 1381 completum
864 1316 948 1364 est
969 1306 1060 1380 (ιιι
1089 1307 1214 1376 Reg.
1245 1299 1384 1372 χχιι)
1406 1302 1578 1371 ?Quis
1602 1317 1723 1357 eum
1759 1301 1904 1356 dicat

316 1420 414 1460 non
436 1417 712 1475 peccasse,
743 1400 952 1472 spiritui
1000 1397 1271 1454 credendo
1311 1395 1552 1452 mendaci
1574 1394 1598 1448 ?
1619 1395 1738 1464 quis
1763 1393 1906 1449 dicat

317 1496 416 1552 hoc
441 1503 720 1566 peccatum
750 1507 962 1564 poenam
994 1505 1100 1545 non
1149 1489 1317 1544 fuisse
1344 1487 1569 1558 peccati,
1598 1487 1903 1542 venientem

316 1587 378 1644 de
397 1587 600 1658 judicio
620 1571 754 1650 Dei,
786 1584 852 1639 ad
897 1598 1056 1654 quem
1099 1581 1224 1651 legit
1269 1579 1584 1635 mendacem
1625 1578 1899 1650 spiritum,

317 1680 423 1734 sive
477 1679 723 1742 missum,
769 1676 882 1730 sive
913 1671 1279 1744 permissum?
1327 1671 1456 1740 Quis
1485 1671 1674 1725 horum
1707 1669 1904 1739 aliquid

317 1771 462 1836 dicit,
494 1769 597 1823 nisi
621 1769 712 1838 qui
737 1768 868 1822 dicit
895 1765 1036 1837 quod
1058 1765 1198 1833 vult,
1221 1771 1274 1820 et
1311 1762 1453 1834 quod
1481 1777 1664 1817 verum
1705 1769 1788 1818 est
1811 1775 1906 1816 au-

318 1862 429 1918 dire
455 1877 562 1916 non
590 1859 747 1914 vult?

387 1953 473 2008 15.
498 1951 629 2020 Quis
650 1965 780 2004 vero
805 1949 876 2003 ita
903 1947 1154 2018 desipiat,
1189 1955 1246 2001 ut
1269 1961 1390 2002 cum
1429 1943 1660 2000 audierit
1682 1943 1822 2015 quod
1850 1942 1904 1998 in

319 2046 518 2117 psalmo
569 2043 800 2108 canitur,
835 2041 918 2096 Ne
962 2043 1135 2095 tradas
1166 2057 1243 2095 nte
1263 2082 1276 2106 ,
1324 2039 1569 2106 Domine,
1600 2056 1631 2092 a
1660 2037 1907 2094 desiderto

320 2153 424 2191 nico
448 2134 700 2207 peccaturi
731 2132 904 2202 (Psat.
931 2148 1153 2198 cxxxtx,
1176 2131 1268 2200 9):
1300 2130 1402 2186 hoc
1426 2130 1570 2186 dicat
1600 2144 1785 2185 orasse
1805 2129 1906 2184 lto-

322 2230 537 2292 minem,
571 2241 639 2282 ne
669 2227 808 2281 Deus
836 2227 906 2280 sit
925 2225 1131 2296 patiens
1149 2239 1275 2295 erga
1298 2224 1478 2289 illum;
1521 2223 1566 2278 si
1589 2241 1607 2274 ι
1629 2223 1770 2280 Deus
1798 2238 1906 2278 non

322 2321 480 2377 tradit
507 2329 565 2375 ut
589 2320 726 2374 mala
771 2319 919 2382 fiant,
947 2317 1049 2372 nisi
1095 2318 1382 2388 patientem
1423 2316 1717 2372 bonitatem
1764 2330 1907 2385 pra:-

322 2412 492 2469 bendo
509 2409 898 2484 cumiiunt(a)?
917 2429 936 2462 ι
959 2408 1095 2478 Quid
1113 2417 1195 2464 est
1209 2416 1386 2464 autem
1407 2408 1550 2480 quod
1577 2407 1812 2478 quotidie
1823 2406 1910 2462 di-

321 2507 513 2575 cimus,
545 2503 630 2561 Νι
657 2520 749 2562 nos
767 2503 959 2576 inferas
986 2505 1039 2559 in
1065 2502 1389 2559 tentationem
1419 2501 1632 2578 (Matth.
1664 2516 1742 2568 vt,
1788 2497 1908 2572 l5);

323 2599 427 2656 nisi
457 2608 517 2653 ut
545 2612 650 2653 non
678 2597 950 2652 tradantur
967 2596 1417 2666 concupiscentiis
1465 2592 1707 2651 nostris?
1732 2591 1911 2651 Unus-

325 2691 556 2762 quisque
577 2689 717 2746 enim
738 2698 966 2744 tentatur
981 2705 1011 2743 a
1031 2688 1462 2759 concupiscentia
1493 2703 1588 2744 sua
1615 2687 1914 2743 abstractus

323 2791 377 2838 et
414 2781 627 2837 illectus
663 2779 862 2853 (Jacobi
908 2796 947 2848 ι,
979 2778 1093 2854 ii).
1140 2781 1221 2836 An
1251 2780 1387 2834 forte
1426 2781 1527 2836 hoc
1565 2794 1596 2833 a
1637 2779 1747 2833 Deo
1779 2777 1916 2847 peti-

323 2887 462 2938 mus,
492 2879 549 2926 ut
580 2885 684 2926 non
705 2871 775 2925 sit
801 2885 925 2941 erga
969 2885 1068 2925 nos
1099 2869 1306 2940 patiens
1350 2869 1558 2924 bonitas
1601 2869 1717 2939 ejus
1745 2868 1769 2920 ?
1796 2865 1913 2922 Non

325 2978 452 3034 ergo
480 2962 597 3033 ejus
628 2962 937 3016 invocamus
965 2960 1388 3016 misericordiam
1411 3000 1428 3023 ,
1459 2959 1553 3015 sed
1587 2959 1764 3030 potius
1810 2958 1915 3012 ira-

326 3053 571 3110 cundiam
597 3066 974 3122 provocamus.
996 3050 1126 3120 Quis
1147 3051 1247 3105 ista
1270 3051 1441 3120 sapiat
1464 3049 1785 3106 sanus‘timo
1797 3048 1916 3120 quis

325 3149 408 3205 vel
433 3148 671 3204 furiosus
693 3147 810 3202 haec
838 3144 1022 3200 dicat?
1045 3143 1229 3200 Tradit
1247 3159 1375 3215 ergo
1387 3143 1527 3200 Deus
1557 3143 1610 3198 in
1640 3141 1918 3212 passiones

325 3239 635 3312 ignominia:
658 3281 675 3307 ,
711 3247 768 3293 ut
797 3238 930 3293 fiant
969 3252 1087 3309 quae
1130 3251 1236 3290 non
1263 3235 1620 3300 conveniunt;
1668 3232 1763 3290 sed
1803 3234 1918 3305 ipse

325 3331 710 3388 convenienter
736 3329 933 3386 tradit:
962 3338 1017 3384 et
1044 3328 1176 3384 fiunt
1202 3327 1388 3384 eadem
1417 3334 1672 3397 peccata,
1715 3332 1770 3381 et
1789 3340 1918 3396 pec-

331 3433 574 3480 catorum
605 3421 863 3494 supplicia
889 3421 1303 3492 praeteritorum,
1336 3429 1391 3475 et
1413 3419 1793 3489 suppliciorum
1808 3433 1922 3474 me-

332 3516 436 3571 rita
466 3515 757 3570 futurorum
781 3531 795 3568 :
825 3514 966 3570 sicut
981 3511 1394 3568 tradiditAchab
1416 3510 1468 3565 in
1490 3509 1923 3582 pseudoprophe-

333 3614 512 3662 tarum
538 3605 904 3671 mendacium;
937 3604 1075 3659 sicut
1117 3601 1335 3658 tradidit
1377 3601 1618 3657 Roboam
1647 3601 1700 3655 in
1731 3601 1920 3656 falsum

335 3699 618 3756 consilium
650 3697 740 3771 (Ill
766 3697 894 3770 Reg.
924 3698 1040 3767 xu).
1070 3696 1220 3752 Facit
1245 3697 1361 3751 haec
1399 3694 1551 3750 miris
1595 3702 1650 3750 ct
1677 3693 1920 3749 inell'abi-

333 3793 473 3850 libus
501 3792 692 3858 modis,
723 3791 813 3861 qui
845 3789 1147 3860 novitjusta
1169 3788 1367 3859 judicia
1397 3801 1515 3852 sua,
1538 3801 1645 3842 non
1673 3785 1846 3840 solum
1870 3785 1922 3840 in

332 3887 646 3958 corporibus
662 3881 1073 3950 hominum,sed
1097 3890 1152 3937 et
1176 3881 1229 3936 in
1253 3879 1384 3950 ipsis
1408 3877 1660 3933 cordibus
1686 3876 1920 3948 operari.

293 4042 295 4046 η
333 3980 429 4049 Qui
457 3994 564 4035 non
597 3975 726 4032 facit
752 3976 1057 4030 voluntates
1084 3972 1287 4037 malas;
1317 3970 1412 4028 sed
1447 3970 1616 4025 utitur
1641 3971 1723 4025 eis
1752 3977 1811 4024 ut
1834 3983 1928 4024 vo-

333 4070 509 4138 luerit,
538 4084 664 4124 cum
698 4058 901 4138 aliquid
942 4066 1123 4136 inique
1164 4064 1299 4119 velle
1339 4077 1446 4117 non
1469 4063 1660 4133 possit.
1700 4061 1928 4116 Exaudit

334 4161 748 4232 prepitius,'non
777 4157 992 4214 exaudit
1028 4157 1193 4211 iratus
1227 4172 1240 4209 :
1273 4163 1327 4210 et
1342 4170 1547 4220 rursus,
1574 4169 1681 4210 non
1703 4153 1923 4210 exaudit

336 4252 624 4324 propitius,
657 4250 872 4305 exaudit
905 4250 1092 4304 iratus.
1136 4247 1313 4303 Parcit
1343 4247 1623 4318 propitius,
1653 4262 1762 4303 non
1801 4263 1927 4316 par-

339 4343 414 4398 cit
431 4343 602 4398 iratus
627 4359 641 4396 :
671 4351 726 4398 et
744 4357 952 4408 rursus,
984 4357 1088 4396 non
1121 4341 1292 4411 parcit
1316 4340 1597 4410 propitius,
1622 4342 1792 4410 parcit
1818 4341 1925 4396 ira-

341 4441 466 4490 tus:
493 4433 724 4504 atquein
747 4433 832 4488 his
851 4434 1099 4489 omnibus
1122 4433 1294 4488 bonus
1318 4440 1623 4502 perseverat
1650 4441 1704 4486 et
1730 4431 1927 4502 justus.

342 4525 456 4582 Sed
497 4526 567 4581 ad
614 4525 744 4581 haec.
773 4527 887 4597 quis
927 4526 1153 4582 idoneus
1174 4524 1240 4599 (ll
1262 4524 1380 4579 Cor.
1403 4540 1462 4590 ιι,
1496 4523 1584 4595 16)
1608 4524 1630 4577 ?
1655 4524 1835 4594 utique
1863 4523 1930 4579 ad

341 4619 462 4675 haec
481 4617 597 4689 ejus
624 4618 1012 4689 perscrutanda
1040 4627 1094 4673 et
1122 4615 1490 4688 investiganda
1530 4615 1730 4686 judicia
1752 4656 1767 4680 ,
1812 4615 1932 4686 quis

340 4711 504 4767 homo
527 4711 750 4768 idoneus
769 4754 785 4780 ,
833 4727 991 4784 quem
1035 4710 1383 4783 corruptibile
1414 4719 1668 4782 aggravat
1694 4723 1890 4781 corpus
1913 4753 1929 4781 ,

337 4803 550 4860 etiamsi
581 4803 775 4860 habeat
789 4804 901 4875 jam
928 4804 1099 4859 sancti
1126 4803 1356 4873 Spiritus
1376 4802 1609 4874 pignus?
1898 4806 1902 4809 '

412 4895 502 4954 16.
529 4894 637 4952 Sed
662 4896 827 4951 homo
853 4895 1156 4966 intelligens
1181 4903 1238 4950 et
1273 4902 1480 4960 acutus,
1515 4894 1770 4963 «justam:
1798 4893 1935 4950 dicis

343 5007 365 5042 ι
395 5000 517 5045 esse
541 4987 820 5043 libidinem
850 4996 905 5043 et
923 4985 1096 5042 laudis
1127 4986 1393 5056 praeconio
1421 4985 1814 5056 praedicandam
1842 5027 1856 5051 ,
1886 4986 1931 5040 si

337 5097 462 5137 eum
493 5081 584 5152 qui
613 5080 729 5137 Deo
758 5094 866 5135 non
913 5078 1169 5142 obedivit,
1197 5093 1302 5133 non
1345 5078 1421 5132 illi
1452 5077 1751 5134 obediendo
1776 5079 1935 5149 puni-

338 5175 437 5229 vit.
452 5195 471 5228 ι
500 5173 559 5231 Si
582 5172 877 5246 prudenter
896 5171 986 5228 hic
1009 5185 1247 5242 sapores,
1274 5169 1516 5241 profecto
1536 5185 1655 5228 esse
1680 5172 1938 5244 iniquita-

338 5275 450 5322 teut
465 5265 694 5332 videres,
725 5277 829 5337 qua
850 5267 866 5295 ³
898 5278 1022 5334 pars
1046 5261 1271 5318 inferior
1301 5262 1533 5316 hominis
1559 5271 1824 5334 repugnat
1847 5280 1938 5319 su-

339 5360 543 5431 periori
564 5368 728 5431 atque
759 5356 968 5414 meliori
999 5372 1014 5410 :
1049 5364 1105 5412 et
1148 5365 1326 5411 tamen
1357 5356 1501 5426 juste
1545 5356 1784 5427 iniquum
1828 5372 1939 5413 suae

342 5454 525 5510 carnis
549 5453 830 5520 iniquitate
847 5452 1114 5524 punitum,
1144 5452 1280 5506 sicut
1308 5459 1391 5506 est
1418 5465 1511 5505 rex
1543 5449 1754 5521 iniquus
1783 5451 1938 5506 mali-

343 5549 429 5618 gni
457 5548 678 5618 spiritus
698 5545 975 5618 iniquitate
997 5544 1238 5618 punitus.
1263 5544 1344 5599 An
1376 5551 1430 5598 et
1451 5544 1620 5612 ipsum
1653 5543 1939 5614 malignum

342 5643 594 5714 spiritum
617 5641 834 5698 laudare
862 5635 1151 5712 disponis?
1181 5639 1275 5694 Eia
1302 5653 1399 5710 age
1419 5679 1436 5706 ,
1463 5637 1590 5709 quid
1617 5636 1845 5692 moraris
1872 5634 1892 5669 ‘
1919 5637 1944 5691 ‘t

407 5737 600 5806 iz’atis-
625 5743 830 5806 ςιιιειιυοι·
845 5741 960 5806 .ass-
989 5740 1041 5783 et
1061 5731 1276 5806 νιοιιιςοε
1290 5731 1431 5806 asia-

408 5800 432 5830 ¹
456 5797 601 5860 Editi,
628 5794 730 5853 Eia,
773 5797 890 5860 quid
924 5795 1132 5847 moraris
1149 5794 1174 5846 .9
1204 5794 1498 5857 addidimus,
1533 5805 1639 5858 age,
1675 5805 1740 5844 ex
1777 5803 1944 5844 manu-

345 5862 536 5922 scripto
559 5859 866 5922 niurias-ensi.

408 5919 488 5980 (ἀ)
522 5919 696 5973 Juliani
718 5921 824 5973 inec
847 5920 1038 5973 videtur
1061 5919 1324 5974 sententia.

1680 353 1881 408 LIBER
1920 353 2237 422 QUINTUS.

3486 361 3592 418 795

2012 469 2175 525 Decet
2199 469 2344 525 enim
2386 478 2437 524 te
2468 467 2740 523 inimicum
2769 466 3013 538 gratuitae
3039 469 3134 525 Dei
3159 470 3410 530 bonitatis
3429 515 3445 542 ,
3477 475 3593 531 lan-

2006 561 2247 617 datorcm
2292 562 2512 632 spiritus
2542 577 2662 618 esse
2691 563 2981 620 mendacis.
3011 564 3119 621 Nec
3147 567 3412 624 laborabis
3439 567 3592 626 inve-

2006 656 2122 710 nire
2150 654 2276 725 quid
2306 654 2452 710 dicas
2486 655 2706 710 :laudes
2733 658 2848 726 ejus
2883 667 3093 728 paratas
3141 659 3337 726 habes,
3380 663 3424 716 si
3477 662 3594 718 haec

2007 747 2118 817 ipsa
2147 747 2198 801 in
2221 762 2341 802 eutn
2369 746 2528 801 verba
2551 749 2884 805 transtuleris
2903 790 2918 815 ,
2953 766 3071 820 qua:
3100 754 3325 822 posuisti
3358 754 3409 808 in
3439 754 3594 810 laude

2006 839 2242 896 libidinis
2261 880 2276 905 ,
2305 840 2451 894 velut
2484 842 2863 910 consequentia
2914 844 3231 898 sententiam
3256 861 3426 900 meam
3448 888 3462 912 ,
3492 862 3594 916 qua

2007 945 2106 1002 ego
2126 930 2234 985 dixi
2257 971 2272 996 ,
2310 949 2328 982 ι
2359 929 2618 1000 lnjustum
2647 932 2790 985 enim
2835 941 2951 988 erat
2979 942 3035 987 ut
3065 933 3524 1004 obtemperaretur
3564 954 3593 992 a

2006 1038 2164 1079 servo
2189 1039 2305 1090 suo,
2338 1023 2440 1079 hoc
2470 1033 2551 1078 est
2579 1038 2610 1078 a
2641 1038 2866 1094 corpore
2907 1040 3035 1091 suo,
3059 1027 3107 1079 ei
3140 1027 3228 1096 qui
3258 1044 3363 1083 non
3390 1031 3596 1084 obtem-

2008 1122 2289 1186 peraverat
2315 1113 2542 1168 Domino
2566 1129 2664 1168 suo
2689 1133 2708 1166 ι
2732 1113 2834 1186 (De
2853 1114 3062 1185 Nuptiis
3085 1126 3128 1169 et
3159 1117 3595 1188 Concupiscentia,

2007 1207 2075 1261 lib
2116 1208 2167 1273 l,
2195 1223 2250 1274 η.
2283 1205 2363 1277 7).
2393 1205 2546 1274 Quod
2578 1215 2634 1261 tu
2655 1221 2876 1277 negans,
2894 1216 2946 1261 et
2969 1207 3159 1262 falsum
3183 1224 3301 1263 esse
3317 1210 3596 1274 deridens,

2006 1299 2151 1355 velut
2189 1297 2478 1354 ostendere
2523 1298 2738 1352 voluisti
2763 1313 2883 1368 quae
2913 1309 3230 1368 sequeretur
3259 1299 3595 1366 absurditas;

2007 1401 2257 1462 tanquam
2285 1391 2530 1446 ultricem
2549 1391 2775 1462 peccati,
2791 1392 2838 1446 si
2859 1391 2960 1446 hoc
2978 1393 3047 1446 ita
3067 1401 3168 1459 est,
3193 1393 3463 1448 libidinem
3493 1394 3600 1447 latt-

2014 1484 2167 1540 dans.
2201 1484 2359 1539 Certe
2389 1485 2551 1538 istttm
2585 1485 2897 1540 mendacem
2944 1486 3190 1554 spiritum
3218 1487 3345 1557 quia
3378 1487 3599 1557 impium

2006 1591 2220 1646 regem,
2252 1576 2391 1630 sicut
2417 1575 2742 1642 merebatur,
2774 1574 3006 1634 fallendo
3032 1577 3192 1631 traxit
3241 1577 3307 1632 ad
3336 1587 3598 1645 mortem,

2006 1683 2114 1724 non
2136 1682 2297 1738 negas
2323 1667 2614 1737 iniquitatis
2642 1667 2893 1724 ttltorem.
2949 1667 3088 1724 Ecce
3118 1685 3216 1739 ego
3243 1678 3298 1724 et
3327 1668 3417 1724 hic
3442 1670 3564 1724 dico
3583 1711 3598 1737 ,

2007 1759 2263 1830 lnjustum
2290 1757 2432 1814 enim
2459 1768 2575 1813 erat
2606 1759 2772 1830 utqui
2805 1776 2910 1814 non
2941 1760 3245 1816 crediderat
3289 1761 3399 1816 Deo
3429 1777 3558 1816 vero
3583 1803 3599 1829 ,

2007 1867 2114 1908 non
2131 1852 2469 1923 deciperetur
2488 1868 2517 1906 a
2546 1852 2699 1908 falso.
2724 1854 2906 1910 Lauda
2929 1871 3059 1926 ergo
3085 1864 3139 1910 et
3163 1857 3318 1911 istius
3337 1857 3598 1927 justitiam

2007 1944 2277 2012 falsitatis,
2308 1953 2364 1999 et
2390 1945 2478 2000 dic
2506 1961 2625 2015 quae
2650 1946 2828 2001 dixisti
2858 1948 2908 2002 in
2941 1948 3097 2004 laude
3124 1949 3356 2004 libidinis
3384 1969 3396 2005 :
3423 1969 3441 2003 ι
3467 1950 3601 2017 Quia
3655 1993 3657 2002 .
3694 1991 3699 2002 .

2012 2034 2146 2090 nihil
2175 2051 2236 2091 ea
2263 2044 2439 2106 potest
2481 2036 2801 2092 laudabilius
2842 2039 3128 2105 mstimari,
3183 2041 3229 2095 si
3273 2041 3602 2112 iniquitatem

2008 2131 2118 2185 ulta
2147 2130 2419 2185 commissi
2471 2131 2612 2197 est',
2645 2130 2691 2184 si
2724 2131 3014 2186 vindicavit
3065 2133 3315 2202 injuriam
3364 2135 3497 2199 Dei,
3551 2145 3606 2191 et

2010 2222 2134 2293 quia
2165 2221 2238 2276 ita
2268 2221 2594 2276 consortium
2627 2223 2828 2291 peccati
2857 2237 2963 2277 non
3004 2223 3205 2291 habuit,
3261 2233 3318 2279 ut
3367 2225 3603 2280 officium

2010 2312 2330 2368 vindicantis
2354 2321 2703 2368 assumeret.»
2736 2312 2923 2367 Omnia
2970 2313 3086 2368 haec
3137 2314 3429 2370 secundum
3485 2325 3603 2371 tuos

2010 2402 2351 2460 acutissimus
2363 2411 2735 2467 sensus,recte
2754 2403 3008 2458 dicuntur
3027 2414 3079 2458 et
3110 2404 3165 2458 in
3196 2405 3605 2460 illiusimmundi

2012 2497 2228 2567 spiritus
2255 2494 2415 2550 laude
2438 2497 2483 2548 ³.
2514 2494 2658 2565 Ergo
2685 2496 3012 2564 praeconium
3035 2496 3180 2551 vocis
3198 2496 3218 2527 ³
3246 2507 3348 2552 tute
3371 2498 3422 2552 in
3448 2498 3607 2553 simili

2013 2602 2196 2656 causa,
2219 2595 2310 2644 aut
2327 2584 2570 2645 mendaci
2589 2584 2756 2644 redde
2781 2586 3010 2659 spiritui,
3041 2595 3133 2644 aut
3161 2588 3460 2646 contumaci
3483 2589 3608 2644 tolle

2015 2684 2246 2740 libidini.

2088 2778 2174 2832 l7.
2191 2775 2328 2845 Quid
2350 2775 2488 2845 fugis
2507 2775 2574 2831 ad
2603 2775 3037 2830 obscurissimam
3057 2775 3124 2831 de
3149 2777 3324 2832 anima
3354 2779 3609 2848 quaestio-

2015 2884 2138 2926 nem
2156 2868 2248 2922 ?lu
2265 2867 2509 2938 paradiso
2533 2867 2600 2921 ab
2619 2867 2798 2921 animo
2813 2867 3026 2938 quidem
3059 2869 3222 2938 coepit
3245 2869 3405 2925 elatio
3425 2910 3441 2937 ,
3471 2879 3525 2925 et
3544 2870 3608 2926 ad

2017 2971 2343 3034 praeceptum
2365 2960 2860 3031 transgrediendum
2901 2960 3022 3016 inde
3041 2963 3324 3016 consensio
3343 3005 3358 3029 ,
3387 2971 3607 3033 propter

2018 3058 2159 3128 quod
2177 3057 2378 3112 dictum
2407 3065 2490 3110 est
2510 3070 2538 3108 a
2569 3064 2838 3126 serpente,
2869 3052 3028 3108 Erilis
3054 3055 3182 3109 sicut
3221 3057 3292 3108 dii
3337 3055 3490 3122 (Gen.
3528 3072 3604 3122 tu,

2019 3151 2108 3222 5):
2143 3149 2235 3206 sed
2265 3159 2536 3219 peccatum
2561 3147 2690 3203 illud
2721 3149 2880 3202 homo
2910 3157 3050 3202 totus
3081 3147 3336 3218 implevit.
3355 3148 3504 3203 Tunc
3532 3157 3615 3204 est

2019 3255 2144 3297 caro
2170 3241 2303 3296 facta
2335 3240 2570 3310 peccati,
2599 3239 2752 3307 cujus
2782 3237 2908 3292 vitia
2939 3247 3199 3293 sanantur
3224 3239 3334 3294 sola
3363 3238 3615 3294 similitu-

2020 3332 2145 3388 dine
2172 3332 2351 3386 caruis
2379 3330 2602 3401 peccati.
2635 3329 2705 3386 Ut
2734 3345 2861 3400 ergo
2898 3339 2951 3385 et
2978 3330 3154 3386 anima
3176 3339 3231 3386 et
3257 3346 3383 3386 caro
3421 3331 3618 3402 pariter

2022 3435 2308 3496 utrumque
2353 3424 2601 3494 puniatur
2624 3463 2640 3490 ,
2677 3422 2778 3478 nisi
2808 3421 2950 3493 quod
2979 3424 3215 3478 nascitur
3238 3464 3253 3487 ,
3288 3423 3619 3480 renaseendo

2021 3516 2341 3574 emundetur
2370 3515 2432 3582 ις
2461 3515 2702 3586 profecto
2727 3523 2819 3570 aut
2845 3525 3129 3588 utrumque
3155 3517 3395 3572 vitiatum
3421 3533 3488 3572 ex
3517 3518 3617 3572 ho-

2023 3611 2168 3666 mine
2194 3608 2440 3673 trahitur,
2495 3616 2587 3662 aut
2626 3607 2854 3663 alterum
2882 3624 2934 3663 ιιι
2961 3610 3133 3664 altero
3179 3619 3427 3679 tanquam
3459 3612 3510 3664 in
3541 3609 3620 3664 vi-

2025 3703 2155 3756 tiato
2199 3715 2328 3756 vase
2371 3698 2751 3770 corrumpitur,
2803 3699 2890 3754 ubi
2939 3699 3147 3754 occulta
3183 3699 3385 3770 justitia
3426 3700 3619 3755 divina:

2025 3793 2158 3864 legis
2183 3790 2492 3848 includitur.
2520 3791 2659 3858 Quid
2690 3799 2870 3846 autem
2898 3790 3088 3845 horum
3115 3791 3185 3845 sit
3215 3807 3421 3860 verum,
3450 3793 3623 3847 liben-

2027 3890 2131 3941 tius
2156 3884 2306 3940 disco
2332 3898 2489 3954 quam
2515 3882 2658 3950 dico,
2677 3897 2744 3937 ne
2766 3881 2991 3936 audeam
3017 3881 3213 3938 docere
3239 3883 3380 3954 quod
3410 3884 3614 3938 nescio.

2027 3977 2141 4032 lloc
2187 3988 2362 4030 tamen
2404 3975 2536 4042 scio,
2583 3974 2635 4029 id
2680 3973 2872 4028 horum
2901 3989 3022 4030 esse
3068 3982 3274 4042 verum,
3316 3975 3458 4046 quod
3491 3976 3620 4031 fides

2029 4085 2176 4135 vera,
2223 4069 2462 4138 antiqua,
2509 4065 2793 4134 catholica,
2843 4081 2946 4137 qua
2992 4066 3228 4122 creditur
3267 4079 3321 4123 et
3367 4069 3622 4123 asseritur

2029 4160 2292 4231 originale
2330 4166 2608 4230 peccatum
2633 4198 2648 4226 ,
2677 4172 2782 4213 non
2811 4172 2934 4213 esse
2958 4159 3248 4214 convicerit
3277 4159 3486 4214 falsum.
3519 4158 3620 4214 lsla

2031 4255 2165 4310 ﬁdes
2191 4269 2296 4310 non
2327 4263 2548 4323 negetur
2579 4271 2592 4306 :
2626 4261 2682 4308 ct
2707 4251 2808 4307 hoc
2835 4252 2976 4322 quod
3013 4252 3080 4307 de
3122 4253 3297 4307 anima
3339 4253 3495 4317 latet,
3532 4261 3625 4307 aut

2032 4361 2097 4401 ex
2122 4346 2231 4400 otio
2257 4343 2505 4410 discitur;
2528 4350 2640 4410 aut,
2669 4343 2808 4398 sicut
2838 4343 2939 4397 alia
2967 4344 3130 4397 multa
3162 4343 3212 4397 in
3238 4342 3338 4398 hac
3351 4343 3480 4408 vita,
3507 4343 3624 4398 sine

2032 4440 2218 4496 salutis
2242 4439 2364 4494 labe
2392 4439 2644 4494 nescitur.
2680 4437 2844 4507 Magis
2868 4437 3008 4492 enim
3038 4434 3332 4491 curandum
3362 4444 3445 4490 cst
3466 4477 3481 4501 ,
3512 4437 3624 4489 sive

2034 4532 2088 4588 itt
2131 4531 2387 4602 parvulis,
2435 4531 2549 4586 sive
2593 4530 2646 4584 in
2688 4527 3011 4598 grandibus,
3041 4543 3149 4598 quo
3189 4527 3365 4580 anima
3409 4535 3627 4580 sanetur

2035 4625 2235 4680 auxilio
2261 4664 2275 4690 ,
2307 4637 2466 4693 quam
2493 4637 2600 4692 quo
2623 4621 2804 4675 vitiata
2845 4619 2914 4673 sit
2948 4619 3141 4673 merito
3171 4635 3184 4672 :
3213 4632 3333 4688 quae
3374 4626 3550 4672 tamen
3581 4617 3626 4670 si

2037 4716 2218 4773 vitiata
2244 4714 2543 4786 negabitur,
2567 4728 2666 4768 nec
2691 4711 2985 4768 sanabitur.

2109 4813 2196 4868 18.
2219 4808 2352 4866 lllud
2383 4823 2511 4863 sane
2535 4823 2630 4863 cur
2658 4805 2881 4872 dixeris,
2908 4804 3210 4875 excogitare
3241 4817 3344 4857 non
3373 4803 3540 4872 potui,
3574 4800 3626 4855 in

2037 4919 2103 4962 eo
2133 4901 2274 4974 quod
2304 4897 2738 4957 comtnemoraSti
2773 4896 2972 4952 dixisse
3004 4893 3320 4965 Apostolum
3344 4934 3358 4959 ,
3390 4892 3458 4946 Et
3487 4902 3628 4946 tene-

2041 4997 2145 5052 bris
2169 4996 2429 5068 oppletum
2475 5001 2546 5048 est
2572 4991 2813 5062 insipiens
2857 5005 2943 5044 cor
2986 5005 3159 5043 eorum
3190 4985 3381 5058 (Rom.
3415 5002 3464 5050 ι,
3500 4985 3562 5039 2i
3587 4984 3628 5056 ).

2040 5087 2306 5145 Addidisti
2331 5085 2495 5151 enim,
2531 5103 2550 5138 ι
2583 5082 2872 5139 notandum
2904 5094 3024 5136 esse
3049 5122 3064 5148 ,
3093 5079 3345 5150 quoniam
3373 5076 3633 5146 insipien-

2043 5181 2171 5236 tiam
2201 5192 2420 5235 causam
2463 5175 2608 5232 dicat
2636 5175 2876 5230 omnium
2905 5173 3190 5228 malorum.
3227 5190 3246 5223 ι
3279 5171 3390 5225 lloc
3415 5169 3629 5240 quidem

2042 5274 2243 5330 dixisse
2285 5271 2601 5344 Apostolum
2643 5285 2751 5324 non
2781 5268 2912 5323 satis
2950 5274 3182 5322 constat.
3216 5264 3323 5321 Sed
3354 5279 3458 5318 non
3505 5262 3632 5316 inde

2043 5365 2310 5424 contendo
2337 5381 2351 5419 :
2385 5373 2438 5419 tu
2469 5362 2643 5433 potius
2664 5376 2759 5416 cur
2789 5359 2894 5414 hoc
2931 5357 3130 5413 dixeris
3158 5370 3357 5424 quaero.
3387 5354 3467 5408 An
3496 5352 3632 5407 forte

2045 5461 2166 5532 quia
2213 5456 2420 5529 parvuli
2464 5471 2572 5512 non
2620 5461 2764 5510 recte
2810 5452 3061 5508 dicuntur
3106 5448 3455 5518 insipientes,
3509 5446 3632 5513 quia

2112 5589 2126 5620 ι
2156 5587 2292 5645 Editi,
2337 5583 2380 5636 si
2425 5581 2673 5693 iniquitate
2713 5577 2817 5632 ulta
2855 5587 3109 5630 conumssa
3139 5577 3225 5624 est.
3261 5569 3584 5623 Emendantur
3605 5583 3637 5623 ιι

2112 5663 2156 5693 s.
2181 5651 2326 5693 Vatia.
2355 5653 2408 5693 et.
2429 5645 2508 5693 Gal
2532 5646 2591 5693 ie.

2045 5657 2156 5700 Mss.
2181 5651 2326 5698 Vatic.
2355 5653 2408 5696 et
2429 5645 2591 5696 Gallic.

2111 5715 2131 5744 ²
2154 5719 2249 5761 Sex
2274 5718 2404 5768 Mss,
2425 5707 2633 5758 laudem.

2114 5775 2136 5806 ³
2161 5781 2262 5820 Αιιι.
2288 5779 2362 5820 Er.
2392 5764 2443 5820 et
2465 5769 2562 5818 duo
2579 5776 2707 5828 Mss,
2730 5764 2909 5817 laudis.

2113 5834 2136 5866 ⁸
2159 5836 2231 5884 sic
2244 5832 2560 5883 Floriacensis
2577 5821 2734 5881 codex
2759 5835 2812 5881 et
2834 5830 3052 5894 quinque
3070 5825 3281 5878 Vaticani
3303 5821 3637 5888 ιιιιιιιιιεσιμι.

2054 5902 2113 5948 At
2129 5895 2266 5956 editi,
2288 5893 2588 5947 mentietur.
