4142 6496
539 366 646 452 793'

543 490 788 565 nondum.
818 497 1088 578 sapientiae
1119 509 1340 577 possunt
1364 517 1485 558 esse
1508 499 1818 573 participes,
1858 496 1981 554 ideo
2004 494 2124 551 nul-

539 601 649 657 lum
677 600 870 655 malum
887 598 964 652 eis
992 597 1167 651 inesse
1187 594 1267 650 vis
1283 592 1451 662 credi,
1477 586 1617 681 quod
1643 606 1764 648 esse
1789 601 2120 681 consequens

543 691 838 753 arbitraris,
867 688 912 742 si
942 688 1203 742 malorum
1227 686 1465 741 omnium
1493 678 1652 739 causa
1682 682 1983 752 insipientia
2006 678 2122 733 est?

542 780 647 837 Sed
688 780 732 835 si
759 778 1119 849 disputatione
1149 777 1490 833 subtilissima
1518 783 1573 830 et
1597 773 1961 830 elimatissima
1988 784 2122 839 opus

536 880 657 935 est,
701 878 758 925 ut
796 866 1027 926 sciamus
1071 878 1250 925 utrum
1300 871 1501 939 primos
1540 866 1782 920 homines
1821 860 2121 933 insipientia

534 964 816 1035 superbos,
843 979 909 1020 an
940 965 1253 1035 insipientes
1283 962 1532 1033 superbia
1563 959 1747 1016 iecerit
1780 977 1794 1041 ς
1827 972 1966 1012 nunc
1995 969 2122 1026 pro-

535 1065 656 1126 pter
683 1057 733 1111 id
774 1056 914 1128 quod
952 1057 1092 1110 inter
1132 1070 1229 1110 nos
1271 1052 1444 1125 agitur
1470 1094 1485 1120 ,
1517 1051 1636 1124 quis
1677 1052 1887 1122 ignorat
1934 1061 2122 1103 omnes

534 1146 800 1214 homines,
825 1147 1146 1223 quicumque
1175 1146 1444 1215 sapientes
1474 1142 1626 1223 fiunt,
1653 1157 1718 1198 ex
1746 1139 2124 1211 insipientibus

534 1235 689 1293 ﬁeri?
722 1226 832 1293 Nisi
856 1237 995 1293 forte
1021 1237 1185 1309 aliqui
1216 1252 1282 1293 ex
1310 1235 1647 1306 praeconibus
1674 1231 1981 1288 Mediatoris
2007 1245 2124 1285 ma-

533 1341 636 1398 gna
681 1329 798 1399 ejus
820 1326 1152 1398 multumque
1197 1327 1405 1382 insolita
1452 1325 1619 1397 gratia
1659 1323 1725 1379 ad
1766 1321 2118 1395 sapientiam,

534 1434 642 1475 non
688 1435 755 1475 ex
798 1421 1101 1491 insipientia
1125 1461 1140 1485 ,
1171 1418 1264 1475 sed
1309 1434 1375 1475 ex
1410 1417 1628 1473 infantia
1669 1415 1896 1471 transire
1936 1422 2124 1484 potue-

534 1510 643 1566 rint
672 1513 712 1564 ί.
743 1511 896 1580 Quod
925 1513 968 1566 si
1000 1519 1186 1567 natura
1208 1512 1324 1567 sine
1353 1510 1454 1565 iide
1483 1508 1789 1564 Mediatoris
1819 1506 1933 1561 iieri
1964 1519 2122 1576 posse

532 1601 875 1667 contenditis,
923 1616 1172 1657 arcanum
1213 1601 1358 1656 virus
1388 1598 1618 1670 panditis
1646 1599 1866 1653 haeresis
1905 1604 2119 1653 vestrae.

532 1692 675 1749 Nihil
712 1676 852 1749 enim
897 1709 994 1749 vos
1030 1709 1189 1765 agere
1236 1699 1459 1763 apparet
1510 1699 1654 1746 tanta
1701 1689 2015 1745 defensioue
2067 1694 2123 1744 et

534 1784 689 1840 laude
707 1795 927 1854 naturae,
954 1786 1141 1841 nisiut
1162 1784 1406 1841 Christus
1419 1785 1583 1855 gratis
1610 1790 1850 1839 mortuus
1878 1783 1950 1839 sit
1974 1782 1999 1856 (
2012 1779 2121 1836 Ga-

533 1877 626 1930 tat.
653 1880 690 1931 it
712 1920 726 1943 ,
763 1877 827 1932 2i
851 1880 900 1947 );
934 1877 1086 1948 cujus
1124 1893 1229 1932 nos
1273 1876 1498 1931 dicimus
1526 1875 1685 1930 fidem
1712 1891 1833 1947 qua:
1861 1890 1960 1947 per
1986 1875 2122 1930 dileo

534 1968 766 2022 ctionem
811 1979 1062 2038 operatur
1092 1967 1211 2040 (Id.
1239 1984 1293 2034 v,
1325 1968 1430 2036 6),
1464 1968 1623 2023 etiam
1654 1976 1842 2022 natura
1868 1967 2123 2037 insipien-

530 2057 676 2113 tibus
701 2046 968 2129 opitulari.
1011 2044 1148 2115 Sunt
1187 2061 1329 2115 enim
1368 2046 1457 2130 qui
1499 2068 1644 2115 tanta
1671 2058 1847 2114 cordis
1870 2059 2119 2115 obtunsi-

533 2157 643 2205 tate
667 2151 688 2185 ⁸
714 2159 1025 2219 nascuntur,
1058 2160 1115 2206 ut
1140 2151 1424 2207 similiores
1454 2150 1736 2222 pecoribus
1762 2165 1919 2221 quam
1949 2148 2123 2206 bomii

530 2241 691 2297 nibus
730 2257 853 2298 esse
896 2243 1216 2300 videantur:
1249 2260 1476 2316 quorum
1507 2253 1668 2300 tanta:
1712 2244 1971 2300 fatuitatis
1998 2259 2121 2315 quae

529 2331 585 2388 in
612 2333 715 2388 illis
744 2336 1001 2390 naturalis
1028 2344 1287 2406 apparet,
1321 2352 1429 2417 non
1471 2338 1695 2408 potestis
1733 2337 1899 2391 ullum
1940 2336 2122 2393 dicere

531 2426 804 2492 meritum,
835 2428 925 2498 qui
952 2429 1156 2484 nullum
1183 2444 1303 2485 esse
1330 2430 1507 2485 dicitis
1532 2429 1791 2511 originale
1819 2440 2119 2499 peccatum.

529 2517 661 2587 Quis
684 2527 862 2575 autem
886 2535 992 2576 non
1015 2521 1253 2592 quotidie
1280 2521 1470 2593 probet
1491 2523 1718 2578 testibus
1733 2522 1896 2578 rebus
1925 2521 2117 2576 huma-

531 2610 617 2665 nis
636 2651 652 2677 ,
703 2611 982 2682 parvulum
1010 2612 1159 2684 prius
1190 2612 1322 2669 nihil
1364 2629 1576 2685 sapere,
1609 2615 1802 2672 deinde
1830 2615 2122 2671 crescendo

528 2716 665 2756 vana
716 2717 938 2773 sapere,
993 2713 1048 2760 et
1091 2715 1273 2774 postea
1326 2706 1371 2760 si
1415 2705 1481 2761 ad
1526 2706 1892 2775 sapientium'
1921 2715 2121 2762 sortem

528 2792 797 2863 pertinet,
842 2803 989 2850 recta
1032 2810 1269 2867 sapere;
1294 2805 1455 2868 atque
1496 2798 1568 2852 ita
1593 2797 1663 2851 ab’
1687 2796 1905 2852 infantia
1945 2798 2011 2853 ad
2037 2814 2119 2853 sa-

526 2884 782 2954 pientiam
830 2902 925 2957 per
952 2887 1312 2960 insipientiam
1356 2889 1586 2946 mediam
1623 2891 1938 2960 pervenire?
1981 2891 2125 2961 Qua-

527 2986 747 3048 propter
773 2980 1004 3037 humana
1036 2982 1225 3037 natura
1267 2998 1385 3053 quae
1425 2983 1569 3052 jacet
1613 2982 1665 3037 in
1716 2983 1993 3052 parvulis,
2035 2984 2121 3039 cui

526 3059 779 3126 laudibus
809 3073 1003 3128 vestris
1039 3058 1357 3128 salvatorem
1399 3081 1648 3143 tauquam
1673 3088 1805 3129 sana
1832 3074 1903 3130 sit
1926 3073 2126 3132 invide-

528 3159 617 3228 tis,
663 3163 1113 3231 quemadmodum
1142 3166 1292 3236 prius
1326 3165 1562 3236 proferat
1598 3167 1919 3236 insipientiai
1959 3183 2121 3239 quam

533 3252 810 3321 sapientiae
832 3255 1062 3311 fructum
1102 3257 1294 3313 videtis
1317 3300 1332 3324 ,
1364 3268 1418 3314 et
1442 3259 1639 3315 radicis
1678 3265 1797 3331 eius
1824 3261 2008 3317 vitium
2038 3263 2121 3318 vi-

526 3333 656 3401 dere
683 3360 792 3403 non
819 3349 1009 3414 vultis;
1057 3359 1150 3406 aut
1191 3351 1403 3420 videtis,
1447 3336 1589 3424 quod
1631 3353 1786 3425 pejus
1814 3362 1916 3423 est,
1947 3362 2001 3410 et
2020 3370 2120 3412 ne-

526 3436 686 3506 gatis.

596 3527 827 3586 CAPUT
851 3529 896 3586 ν
911 3531 1010 3605 (a).
1028 3562 1101 3575 —
1115 3533 1204 3590 ιο.
1237 3533 1440 3591 Deinde
1460 3536 1578 3592 aliis
1601 3536 1779 3594 verbis
1801 3538 1937 3595 meis
1951 3540 2121 3596 inter-

522 3620 713 3689 positis
738 3622 1082 3679 eaiumniaris
1106 3666 1120 3691 ,
1159 3643 1180 3677 ‹
1212 3625 1356 3697 quod
1382 3642 1482 3697 ego
1507 3627 1637 3683 mihi
1676 3629 1793 3699 ipse
1820 3632 2121 3688 contrarius

522 3710 734 3777 nterim,
766 3713 855 3782 qui
883 3728 1004 3770 cum
1026 3714 1284 3771 dixissem
1310 3717 1638 3774 inobedienti
1671 3720 1881 3776 homini
1904 3737 2118 3792 pmnam

523 3802 942 3861 inobedieutiam
971 3807 1055 3862 sui
1092 3811 1335 3879 corporis
1364 3811 1625 3868 redditam
1652 3854 1666 3880 ,
1713 3814 1969 3871 continuo
2014 3806 2118 3874 alia

525 3896 769 3950 membra
816 3899 1058 3968 corporis
1100 3901 1416 3957 nominatim
1463 3906 1843 3975 expresserim,
1890 3892 2116 3978 dicens,

520 3988 663 4058 quod
688 3988 752 4043 ad
768 3999 950 4045 nutum
974 4001 1174 4047 nostra:
1198 3995 1435 4051 serviant
1456 3997 1888 4070 voluntati‘iwe
1912 3998 2120 4073 Nuptiis

521 4087 567 4132 et
588 4079 1033 4165 Cancupiacentia,
1054 4083 1141 4138 lib.
1164 4086 1215 4150 1,
1232 4087 1334 4141 ’ιῖ
1369 4075 1429 4151 Η
1456 4085 1568 4143 Hoc
1593 4104 1693 4159 ego
1722 4089 1854 4157 dixi,
1874 4093 2119 4163 genitali-

518 4170 620 4228 bus
638 4174 816 4243 utique
827 4158 1082 4244 exceptis,
1096 4191 1215 4248 qua:
1224 4179 1466 4248 corporis
1477 4158 1693 4235 nomine
1707 4158 2003 4253 nuncupavi
2023 4200 2117 4241 :ac

518 4276 618 4333 per
644 4262 765 4331 hoc,
797 4273 849 4318 et
876 4279 1069 4336 corpus
1095 4268 1349 4324 voluntati
1371 4271 1535 4324 servit
1561 4271 1613 4325 in
1634 4271 1859 4327 aliorum
1881 4275 2116 4334 motione

518 4356 912 4422 membrorum;
942 4365 996 4412 et
1022 4372 1220 4429 corpus
1242 4348 1501 4416 voluntati
1533 4376 1639 4418 non
1677 4365 1844 4420 servit
1877 4365 1929 4421 in
1960 4369 2118 4423 moti-

516 4445 619 4502 bus
646 4448 983 4518 genitalium.
1029 4449 1149 4506 Non
1196 4460 1323 4507 sunt
1368 4467 1496 4525 ergo
1526 4454 1685 4510 verba
1728 4471 1845 4512 mea
1893 4459 2032 4515 inter
2054 4475 2114 4516 se

516 4543 1065 4615 contraria,qnamvis
1083 4555 1134 4601 te
1146 4546 1415 4616 patiantur
1433 4590 1449 4615 ,
1474 4548 1559 4603 vel
1585 4564 1690 4604 non
1718 4551 2070 4624 intelligendo
2093 4594 2108 4619 ,

515 4633 602 4688 vel
627 4634 759 4689 alios
784 4636 1084 4707 intelligere
1106 4653 1214 4692 non
1235 4639 1484 4705 sinendo,
1510 4642 1859 4698 contrarium.
1880 4644 1937 4698 Si
1964 4646 2108 4701 enim

516 4738 643 4794 pars
672 4728 914 4795 corporis
943 4744 1048 4784 non
1075 4739 1256 4800 posset
1282 4733 1499 4789 nomine
1523 4735 1765 4805 corporis
1792 4740 2106 4808 nuncupari,

518 4829 628 4869 non
662 4814 867 4899 diceret
904 4821 1191 4889 Apostolus
1210 4863 1225 4888 ,
1255 4822 1455 4878 Mulier
1474 4840 1576 4879 non
1606 4826 1752 4880 habet
1780 4828 1860 4881 sui
1884 4831 2111 4899 corporis

517 4894 812 4980 potestatem
829 4952 844 4976 ,
876 4908 966 4965 sed
986 4914 1065 4967 vir
1097 4928 1116 4968 :
1141 4915 1376 4971 similiter
1406 4928 1455 4972 et
1480 4919 1558 4973 vir
1581 4934 1689 4974 non
1714 4920 1865 4975 habet
1885 4894 2109 4978 sui-cor-

513 5000 654 5069 poris
673 5011 966 5073 potestatem
991 5045 1005 5069 ,
1045 5006 1135 5059 sed
1165 5007 1346 5061 mulier
1375 5007 1427 5081 (i
1454 5007 1572 5063 Cor.
1602 5025 1677 5065 vit
1697 5051 1714 5080 ,
1741 5011 1834 5084 4).
1864 5012 1979 5084 Ipsa
2006 5016 2109 5070 uti-

513 5109 620 5167 que
648 5094 885 5150 membra
915 5096 1190 5167 appellans
1219 5101 1460 5168 corporis
1492 5101 1707 5157 nomine
1726 5144 1741 5168 ,
1777 5094 1971 5174 quibus
1998 5107 2110 5164 dis-

513 5188 753 5244 cernitur
821 5174 984 5243 sexus
1027 5193 1405 5262 peragiturque
1450 5181 1786 5249 concubitus.
1841 5194 1972 5264 Quis
2025 5208 2109 5255 est

511 5281 658 5336 enim
699 5278 789 5352 qui
832 5278 994 5345 dicat,
1040 5281 1215 5335 virum
1260 5282 1342 5337 sui
1386 5290 1702 5353 potestatem
1728 5288 1971 5358 corporis
2000 5304 2105 5346 non

509 5373 712 5429 habere
731 5412 748 5439 ,
776 5371 822 5428 si
851 5374 903 5427 in
935 5371 1020 5429 his
1048 5373 1228 5429 verbis
1254 5374 1496 5445 Apostoli
1527 5384 1697 5431 totum
1724 5392 1921 5449 corpus
1950 5381 2105 5437 intel-

573 5465 595 5500 ι
616 5466 839 5532 Quinque
862 5464 1092 5532 Vaticani,
1111 5471 1181 5532 _et
1205 5465 1424 5532 nonnulli
1464 5478 1531 5516 ex
1566 5466 1821 5532 Gallicanis
1849 5476 1978 5532 lss.,
2006 5467 2112 5527 Nisi

510 5526 635 5603 [oi-te
672 5525 1438 5603 ᾳβῌριᾴξτςβτφξδῆζςρριιιςῄρ.
1484 5531 1691 5595 neSpicit
1724 5525 2024 5598 augustiuuS
2044 5525 2104 5586 ad

484 5586 769 5658 ιιεεεηιιαηὶ
791 5586 875 5658 aut
893 5588 961 5658 ad
976 5586 1510 5658 Joanneinfsapttstam.
1540 5586 1545 5591 ’
1576 5586 1581 5605 ⁷

572 5652 594 5683 ³
615 5653 690 5701 sic
712 5658 816 5701 Mss.
844 5649 981 5709 Editi,
1006 5648 1275 5701 obtusitate.

510 5836 515 5842 ἢ
573 5785 597 5804 ο
616 5785 799 5841 Aliqum
817 5785 944 5836 uss,
966 5785 1236 5841 votwuaus.

440 5849 450 5857 -
566 5829 801 5896 ωιιμιει
822 5842 924 5885 ιιι.
948 5840 1127 5898 om,
1147 5836 1199 5886 4.

1316 380 1588 439 CONTRA
1626 373 1965 441 JULIANUM
1999 364 2468 444 PELAGIANUM,
2508 375 2566 434 s.
2607 377 2970 438 AUGUSTINI
3024 364 3029 365 ί

2237 493 2389 565 ligas,
2435 496 2577 566 quod
2619 504 2830 553 constat
2867 498 3112 555 omnibus
3142 500 3436 558 membris?
3465 502 3544 559 Ae
3588 518 3686 575 per
3710 504 3821 563 hoc

2229 600 2328 661 ego
2378 587 2670 642 secundum
2723 590 3078 658 Apostolum,
3129 590 3292 647 etiam
3357 593 3531 649 solum
3582 598 3817 666 genitale

2231 678 2530 733 membrum
2581 680 2799 735 nomine
2845 683 3089 750 corporis
3144 683 3464 753 nuncupavi,
3515 687 3657 756 quod
3705 703 3813 745 non

2229 770 2520 837 voluntate,
2545 772 2682 828 sicut
2706 787 2920 828 manum
2942 774 3024 829 vel
3042 775 3255 843 pedem,
3274 775 3597 835 sedlibidino
3610 784 3813 838 moveri

2228 862 2469 933 agnoscit
2488 877 2677 920 sensus
2695 865 2976 933 humanus,
2999 866 3155 936 quite
3176 865 3387 924 deridet
3405 869 3455 926 in
3473 871 3632 928 rebus
3649 875 3819 928 mani»

2228 952 2379 1010 festis
2403 955 2735 1026 impudentes
2756 957 2976 1013 nebulas
2991 959 3333 1025 exeitantem,
3351 970 3406 1014 ut
3420 963 3725 1019 nosdiutius
3741 967 3814 1023 de

2229 1047 2490 1117 pudendis
2508 1049 2675 1104 rebus
2686 1061 2839 1121 cogat
2882 1060 2937 1107 et
2960 1053 3254 1108 necessitas
3276 1053 3420 1124 loqui
3445 1096 3460 1120 ,
3483 1065 3537 1115 et
3558 1056 3817 1115 honestas

2228 1140 2596 1213 circumloqui.
2638 1143 2742 1200 Sed
2783 1146 2874 1215 qui
2915 1146 3076 1202 verba
3128 1162 3245 1202 mea
3300 1149 3448 1220 legit,
3500 1165 3618 1221 qua
3660 1152 3817 1209 refelc

2228 1233 2338 1288 lere
2382 1235 2567 1290 niteris
2592 1277 2608 1303 ,
2660 1238 2843 1313 eisque
2898 1247 2950 1294 te
2992 1239 3329 1297 insidiantem
3375 1244 3660 1314 perspicit,
3695 1246 3816 1301 sui-

2228 1323 2339 1381 ﬁcit
2363 1326 2632 1398 mihiquia
2660 1318 2779 1384 loco
2809 1330 2899 1384 illo
2914 1331 3040 1403 quid
3066 1331 3290 1389 dixerim
3318 1349 3512 1405 corpus
3544 1337 3815 1409 intelligit.

2296 1420 2385 1476 20.
2406 1421 2602 1477 Verum
2619 1432 2672 1477 tu
2686 1424 2774 1494 qui
2789 1439 2874 1479 me
2894 1426 3073 1482 verbis
3092 1427 3228 1483 meis
3251 1442 3582 1500 repugnasse
3606 1431 3812 1499 dixisti,

2227 1515 2369 1586 quod
2400 1530 2523 1571 esse
2552 1515 2892 1571 falsissimum
2925 1518 3126 1574 videbit
3164 1520 3406 1591 quisquis
3450 1529 3503 1577 te
3543 1522 3726 1578 audito
3750 1539 3815 1579 ea

2226 1605 2513 1677 reicgerit,
2561 1616 2616 1663 et
2659 1608 2974 1679 Apostolum
3016 1611 3266 1682 genitalia
3315 1614 3533 1669 nomine
3575 1618 3816 1686 corporis

2225 1700 2525 1771 appellasse
2568 1700 2857 1758 recoluerit
2886 1720 2898 1756 :
2929 1709 2985 1757 tu
3013 1717 3141 1773 ergo
3175 1704 3266 1775 qui
3296 1705 3349 1760 in
3379 1720 3466 1761 me
3494 1708 3647 1777 quasi
3685 1724 3815 1765 scn-

2225 1793 2420 1846 tcntias
2446 1807 2594 1859 meas
2620 1793 2761 1849 inter
2790 1808 2851 1849 se
2880 1802 3181 1867 pugnantes
3223 1798 3418 1852 notasti
3444 1840 3459 1866 ,
3487 1806 3544 1853 et
3573 1815 3813 1856 momor~

2225 1883 2372 1961 disti,
2397 1899 2606 1953 expone
2626 1885 3073 1955 quemadmodum
3096 1888 3189 1942 tibi
3216 1889 3333 1960 ipse
3362 1892 3689 1957 constiteris,
3714 1909 3814 1949 nec

2227 1974 2321 2030 tibi
2364 1974 2479 2046 ipse
2503 1969 2765 2032 restiteris
2789 2017 2805 2044 ,
2838 1976 2925 2032 ubi
2950 1978 3182 2050 primum
3208 1980 3423 2048 dixisti,
3461 2001 3481 2036 ι
3517 1984 3649 2041 Cum
3677 2002 3811 2042 ven-

2224 2073 2337 2120 tum
2381 2064 2540 2121 fuerit
2568 2074 2628 2121 ut
2652 2066 2743 2121 filii
2769 2069 3100 2126 seminentur
3119 2113 3136 2138 ,
3165 2071 3233 2126 ad
3262 2072 3547 2131 voluntatis
3573 2092 3800 2147 prorsus

2224 2165 2412 2212 nutum
2450 2156 2688 2212 membra
2736 2157 2788 2212 in
2814 2156 2917 2214 hoc
2950 2176 3084 2230 opus
3110 2170 3287 2216 creata
3327 2163 3595 2233 famulari;
3626 2176 3682 2224 et
3708 2168 3811 2224 nisi

2225 2263 2408 2304 eorum
2437 2248 2814 2318 impedimenta
2839 2291 2855 2317 ,
2886 2260 2980 2305 aut
3003 2251 3069 2308 de
3094 2252 3431 2323 inﬁrmitate,
3471 2266 3566 2312 aut
3605 2258 3674 2314 de
3710 2260 3812 2314 im-

2224 2340 2591 2396 moderatione
2619 2343 2937 2414 proveniant
2959 2385 2974 2409 ,
3011 2344 3216 2401 servire
3243 2347 3406 2402 animi
3436 2349 3662 2420 imperio
3690 2352 3707 2385 ¹
3738 2368 3752 2405 :
3786 2370 3805 2406 ι

2224 2440 2410 2501 postea
2447 2447 2614 2499 vero,
2662 2451 2682 2486 ‹
2713 2434 2817 2489 hoc
2858 2449 3027 2505 genus
3056 2445 3234 2493 motus
3281 2438 3337 2494 in
3369 2441 3451 2495 his
3496 2442 3804 2499 habendum

2226 2524 2423 2589 putasti
2449 2564 2465 2590 ,
2511 2538 2631 2593 quae
2656 2525 2823 2579 multa
2855 2526 2908 2580 in
2938 2535 3121 2582 nostro
3157 2543 3386 2601 corpore
3411 2516 3599 2590 ordine
3624 2550 3723 2591 suo
3745 2550 3811 2590 ae

2225 2614 2623 2687 dispensatione
2648 2626 2856 2673 secreta
2878 2660 2894 2687 ,
2917 2620 3207 2676 voluntatis
3229 2637 3336 2677 non
3363 2626 3646 2696 imperium
3670 2669 3686 2696 ,
3715 2629 3811 2686 sed

2224 2721 2545 2764 consensum
2576 2710 2858 2782 requirunt
2885 2713 2927 2765 ⁸.
2967 2731 2986 2765 ι
3032 2713 3130 2770 Ubi
3156 2714 3370 2786 quidem
3401 2721 3694 2790 perspicua:
3731 2730 3813 2780 ve-

2224 2803 2370 2858 ritati
2395 2819 2463 2860 ex
2501 2804 2678 2875 aliqua
2706 2810 2859 2877 parte
2899 2808 3108 2862 cessisti
3139 2826 3153 2862 :
3196 2809 3291 2865 sed
3334 2810 3465 2868 illud
3500 2815 3641 2885 quod
3670 2817 3811 2887 prius

2225 2896 2436 2953 dixeras
2481 2897 2665 2955 delere
2711 2898 2963 2955 debuisti.
3004 2900 3285 2970 Quomodo
3325 2905 3467 2959 enim
3519 2908 3809 2965 secundum

2226 2993 2457 3064 priorem
2501 2994 2818 3049 sententiam
2873 3002 3016 3049 tuam
3044 3037 3058 3061 ,
3096 3014 3115 3049 ε
3148 2995 3214 3051 ad
3256 2998 3548 3054 voluntatis
3595 3010 3812 3071 prorsus

2224 3080 2409 3137 nutum
2437 3082 2559 3151 ista,
2593 3102 2612 3137 ι
2634 3083 2701 3138 de
2743 3084 2935 3154 quibus
2959 3084 3188 3163 agimus,
3227 3105 3246 3138 ι
3275 3090 3511 3145 membra
3542 3090 3813 3147 famulan-

2225 3183 2344 3245 tur,
2395 3184 2555 3248 atque
2589 3176 2814 3248 imperio
2853 3178 3017 3233 animi
3057 3178 3329 3247 serviunt;
3375 3201 3394 3235 ι
3426 3182 3471 3238 si
3516 3168 3811 3242 secundum

2224 3267 2579 3340 posteriorem
2626 3269 2945 3349 sententiam
2976 3278 3143 3339 tuam,
3181 3289 3200 3323 ε
3233 3258 3374 3327 sicut
3413 3272 3580 3349 fames
3607 3283 3663 3330 et
3691 3278 3813 3333 sitis

2224 3362 2280 3415 et
2302 3359 2547 3432 digestio,
2580 3376 2686 3415 non
2713 3361 3002 3419 voluntatis
3028 3351 3350 3434 imperium,
3369 3365 3460 3420 sed
3488 3374 3811 3425 consensum

2223 3449 2539 3521 requirunt?
2569 3468 2590 3504 ι
2623 3451 2843 3507 Multum
2873 3452 3087 3533 quidem
3110 3444 3362 3510 laborasti
3387 3496 3402 3521 ,
3426 3465 3483 3511 ut
3516 3458 3631 3513 haec
3655 3457 3810 3516 inve-

2223 3542 2389 3612 nires,
2412 3558 2530 3614 qua:
2550 3551 2734 3599 contra
2762 3552 2813 3600 te
2841 3545 3016 3615 potius
3041 3560 3199 3616 quam
3229 3554 3411 3601 contra
3441 3562 3528 3603 me
3557 3548 3765 3608 diceres
3794 3570 3809 3608 :

2223 3633 2317 3709 sed
2346 3618 2510 3690 intuli
2540 3650 2698 3690 causa
2726 3650 2831 3690 non
2872 3635 2968 3691 tibi
2994 3644 3138 3691 esset
3180 3640 3517 3723 necessarius
3546 3640 3731 3721 labor.
3764 3644 3809 3699 si

2223 3727 2436 3784 adesset
2483 3727 2671 3798 pudor.
2713 3728 2850 3797 Quid
2894 3732 3035 3785 enim
3067 3731 3306 3801 prodest,
3337 3734 3461 3804 quia
3506 3751 3811 3811 (verecun-

2222 3819 2336 3889 dari
2375 3830 2427 3876 te
2478 3839 2498 3874 ι
2545 3819 2699 3888 dicis,
2744 3838 2765 3872 ι
2797 3829 2850 3875 ct
2890 3818 2958 3876 de
2990 3821 3150 3877 rebus
3178 3822 3320 3894 loqui
3354 3824 3548 3907 talibus
3587 3808 3810 3884 horrore

2221 3912 2515 3985 prohiberi,
2556 3912 2649 3969 sed
2690 3910 3022 3970 necessitate
3059 3915 3334 3986 compelli;
3389 3935 3408 3970 ι
3452 3919 3665 3989 quando
3703 3937 3808 3978 non

2221 3994 2481 4077 erubuisti
2509 4007 2828 4077 sententiam
2856 4015 2999 4085 tuam
3028 4008 3331 4079 relinquere
3361 4011 3613 4087 scriptam
3634 4057 3649 4081 ,
3676 4029 3809 4071 con-

2222 4088 2302 4173 tra
2343 4113 2499 4170 quam
2543 4107 2597 4153 tu
2634 4099 2749 4169 ipse
2797 4101 3074 4173 perspicua
3119 4103 3341 4159 veritate
3383 4094 3644 4174 turbatus,
3683 4123 3810 4165 mox

2220 4179 2376 4247 aliam
2409 4191 2726 4247 sententiam
2754 4180 3061 4265 protulisti?
3085 4194 3398 4267 Quanquam
3428 4207 3481 4252 et
3512 4199 3624 4269 ipsa
3652 4212 3805 4257 com-

2219 4285 2533 4340 memoratio
2569 4285 2906 4341 verecundite
2947 4295 3049 4342 tute
3086 4288 3246 4343 nimis
3299 4278 3653 4349 inverecunda
3700 4305 3802 4352 est.

2216 4364 2323 4432 Sed
2346 4364 2466 4445 ideo
2503 4362 2646 4453 mihi.
2666 4378 2840 4448 placet
2862 4419 2878 4445 ,
2905 4378 3027 4451 quia
3056 4388 3240 4435 contra
3270 4390 3322 4436 te
3348 4381 3599 4453 loquitur.
3629 4378 3802 4445 iiomo

2216 4456 2277 4555 es
2338 4450 2520 4533 enim,
2588 4464 2679 4571 qui
2727 4485 2834 4542 non
2888 4469 3160 4549 erubescis
3203 4464 3476 4561 libidinem
3533 4460 3796 4557 laudare,

2466 4606 2824 4686 {uersam
2854 4610 3074 4686 imiteris
3114 4612 3360 4686 saniores
3395 4624 3495 4681 Am-
3529 4621 3605 4685 ετ.
3632 4617 3805 4686 θυεμ

2284 4677 2335 4749 0;
2353 4671 2951 4749 uanisscuuibéec“;verba
2974 4671 3326 4749 serenam;
3354 4671 3803 4749 σπιθίίρνίςιεβίλίέ-

2284 4683 2335 4720 οι
2353 4683 2590 4720 manuscrl
2609 4683 2663 4721 ηι
2684 4683 2787 4729 haec
2802 4683 2950 4725 verba
2974 4683 3291 4738 interponunt
3314 4691 3326 4725 :
3354 4687 3474 4728 cum
3533 4683 3634 4734 rius
3656 4683 3803 4733 dixe-

2213 4683 2282 4804 ῗῖέἲ
2304 4729 2425 4811 (vel.
2445 4685 2651 4804 «turris
2669 4733 3127 4811 ηιςηιονςιςσωιίιαεα
3147 4737 3214 4811 at!
3237 4743 3405 4811 MM
3425 4691 3680 4811 ροῦἶπιιμίδ
3697 4752 3803 4790 κετ-

2214 4796 2548 4872 Ψῖξέεέιέῖέἐιηί
2563 4796 2776 4872 iniistis
2792 4796 3073 4872 subiicere:
3094 4800 3562 4872 ηοξρηοιέμιη.,ἑηιςν
3588 4801 3676 4865 iis;
3700 4815 3808 4869 ror-

2265 4858 2346 4907 iris
2368 4862 2529 4929 partes
2550 4858 2719 4929 cauam
2743 4858 2987 4927 deputacit
3024 4858 3443 4926 (véwmm'su)
3461 4858 3571 4934 qum
3592 4858 3595 4865 ’
3615 4858 3708 4931 ubi:

2265 4922 2409 4968 illam
2439 4924 2712 4968 uenenum.
2757 4919 2845 4968 sed
2879 4926 3161 4968 cnnamum
3197 4922 3464 4968 reanirum-
3503 4937 3555 4968 πη
3597 4934 3691 4968 ano
3713 4927 3806 4968 ςιιη

2233 4932 2346 4967 :mm

2757 4919 2845 4970 sed
3197 4919 3485 4987 réquiryrit,'
3503 4922 3555 4975 in
3597 4919 3691 4987 quo'
3713 4926 3806 4976 sibi

2213 4979 2336 5089 (vei;
2487 4978 2717 5093 “dqu
3162 4978 3497 5052 mi?er
3521 4978 3641 5049 (vel,
3676 5001 3809 5049 con:-

2213 5054 2302 5105 pro
2334 5055 2433 5093 (ms
2463 5080 2472 5090 .
2502 5049 2619 5092 Dein
2657 5056 2686 5092 e
2725 5055 3088 5105 prosequuntur
3123 5083 3135 5095 .
3178 5053 3345 5096 Potea
3388 5060 3497 5105 rch
3532 5043 3620 5105 (ioc
3656 5062 3809 5105 genus

2212 5051 2472 5111 pronam).
2502 5051 2689 5093 Deinde
2744 5055 3088 5111 :rosetuuutnr
3123 5059 3136 5095 :
3178 5053 3345 5096 Potea
3388 5051 3467 5117 per
3532 5051 3620 5105 (ioc
3656 5062 3809 5114 genus

2210 5106 2381 5177 motus,
2407 5108 2503 5177 etc.
2532 5106 2711 5155 absunt
2725 5056 2812 5155 illa
2831 5118 2860 5155 a
2878 5061 3161 5158 melioribus
3175 5061 3609 5173 manuscrqrtilsyet
3629 5112 3810 5161 met-ito

2209 5177 2302 5258 mf
3112 5239 3315 5301 veteres
3288 5232 3570 5345 fugi-lmde
3585 5233 3800 5303 codices,

2209 5292 2340 5345 post;
2367 5287 2450 5339 sed
2474 5288 3065 5345 consentium‘remdrnnt:
3104 5293 3211 5343 haec
3234 5307 3264 5343 e
3391 5296 3509 5345 uiue
3532 5294 3585 5344 iu
3607 5302 3800 5345 textum

2243 5287 3268 5381 suaeamr..taes:m§2..e
3607 5287 3805 5381 suae

2210 5355 2512 5462 ξαρριεβῇῗέ
2535 5364 2547 5411 ς
2571 5355 2727 5423 ’προίξ
2747 5365 2852 5423 εεθο
2874 5355 3033 5415 velim
3052 5355 3614 5440 membranei;
3641 5358 3805 5409 verius

2209 5425 2335 5492 9'33!!!
2357 5425 2400 5492 2
2427 5410 3122 5492 n33)sém‘eisml'izws
3132 5430 3230 5492 ρυῑξ
3269 5431 3412 5492 vitae!
3427 5432 3543 5492 ιιιεη»
3574 5419 3803 5492 θράσος-

2208 5480 2403 5552 ξςηξμξη
2426 5473 2712 5552 equi-eis-
2910 5477 3168 5552 ’νοιιίξιιαιίε
3190 5473 3395 5552 tam
3418 5484 3502 5551 an;
3522 5473 3674 5552 me:
3693 5481 3806 5552 ειιιτ

2204 5535 2849 5615 ξίὲςιὲξζιξτ,ἔι’⁷ἐίίςη,αῖξνέιθῖξέ
2865 5537 3151 5615 imiimi?
3187 5547 3234 5615 si
3259 5535 3570 5615 ramalia?!
3610 5541 3803 5615 sibimet

2207 5549 2389 5608 meare.
2435 5547 2570 5607 unde
2619 5547 2823 5648 apparet
2871 5547 3151 5650 "(pretich
3187 5554 3215 5607 ς
3301 5547 3570 5613 camerium
3610 5547 3803 5615 sibimet

2207 5603 2628 5679 εἶέἕὲἕέδὲιὲξίίέ
2645 5597 3172 5679 τίὲἕὲᾒίέςέῗὶἓδέἱτςὲθ
3188 5547 3479 5679 ᾧτίῇεἲβράω
3494 5609 3539 5679 εἴ
3562 5618 3676 5679 φατι
3690 5614 3805 5678 (ἶνα-

2207 5657 3258 5739 ρμέ¹.ἲζρζίδζέἐ’ἕφελῗρὲ⁸βξίωέθῖιείνὲϊίοθα’
3271 5657 3805 5739 mammea-

3200 5719 3467 5802 mpsm
3489 5719 3637 5801 ρνιιίιε
3660 5728 3807 5802 ate-

2204 5788 2302 5855 ναξ,
2325 5794 2420 5845 non
2440 5783 2668 5858 ηψιαδξε·
2694 5783 2850 5898 μὲἆιειξ
2865 5783 3177 5851 slbssem'aus'
3202 5783 3410 5857 "partem
3444 5783 3659 5856 priorem
3681 5790 3806 5845 reti-

2206 5851 2315 5895 nuit
2335 5850 2701 5897 Lovameusmm
2807 5854 2894 5898 uo.

2206 5850 2315 5895 uult
2335 5850 2701 5897 Lovauieusium
2724 5850 2894 5899 editio.
