4142 6530
343 550 401 599 et
429 537 757 600 erm
809 542 866 592 te
903 532 1145 591 dieis'de
1187 531 1425 589 libidinis
1464 531 1696 588 motibus
1753 529 1935 613 dispu-

346 641 487 691 tare.

418 724 515 782 94.
544 721 686 793 Quid
713 727 893 778 autem
919 733 1171 789 magnum
1193 716 1366 773 fuerat
1390 715 1605 781 intueri,
1630 713 1774 787 quod
1796 721 1945 786 post-

349 830 577 888 eaquam
600 814 732 882 dixi,
765 831 786 866 ι
812 812 881 870 Ut
904 812 1008 867 alia
1026 810 1265 866 membra
1294 818 1607 867 moveantur
1630 809 1859 880 positum
1884 806 1940 863 in

349 914 620 981 potestate
644 915 762 972 est;
812 922 833 958 ο
867 905 1121 960 continuo
1146 902 1350 974 subjeci
1375 945 1390 970 ,
1431 901 1644 974 quando
1670 902 1737 957 ab
1766 901 1941 972 impe-

350 998 609 1058 dimentis
637 1011 835 1068 corpus
861 995 1089 1052 liberum
1133 995 1394 1053 habemus
1438 1003 1494 1050 et
1530 994 1762 1049 sanum?
1789 994 1945 1049 Som-

352 1108 454 1153 nus
480 1092 625 1148 enim
654 1089 870 1162 quando
898 1089 1095 1144 invitos
1123 1087 1335 1158 premit,
1366 1095 1422 1142 et
1440 1085 1718 1152 lassitudo,
1749 1086 1933 1155 utique

352 1184 738 1256 impedimenta
777 1189 924 1249 sunt,
964 1179 1159 1251 quibus
1196 1178 1558 1234 membrorum
1590 1177 1799 1248 agilitas
1844 1175 1944 1258 imo

355 1278 592 1351 peditur.
626 1274 833 1332 Deinde
855 1273 1002 1345 quod
1031 1272 1176 1339 nisti,
1215 1290 1235 1325 ι
1264 1286 1364 1327 nec
1391 1271 1443 1325 in
1469 1284 1588 1326 eam
1618 1278 1824 1342 partem
1853 1283 1939 1324 se-

351 1370 443 1442 qui
470 1368 713 1427 metnbra
756 1380 916 1439 quam
945 1366 1195 1427 volumus
1216 1406 1231 1432 ,
1261 1364 1306 1419 si
1338 1364 1411 1418 ita
1440 1364 1666 1419 velimus
1705 1371 1764 1416 ut
1789 1362 1943 1447 habi-

354 1470 439 1519 tus
463 1461 579 1531 ipse
616 1474 724 1521 non
751 1458 995 1529 petitur:
1032 1475 1053 1510 ι
1085 1470 1192 1513 non
1233 1455 1510 1511 attendisti
1553 1462 1833 1526 propterea
1859 1468 1945 1509 me

352 1552 687 1626 praedixisse,
723 1569 742 1603 ι
779 1558 844 1605 ut
882 1548 951 1604 ad
989 1563 1152 1619 opera
1195 1546 1296 1605 sibi
1322 1560 1556 1618 congrua
1584 1554 1941 1612 moveantur;

351 1662 425 1717 lt;
445 1661 545 1718 per
572 1645 677 1700 hoc
707 1644 755 1700 si
790 1658 854 1699 ea
878 1642 1122 1698 volumus
1141 1640 1362 1697 ﬂectere
1389 1655 1496 1711 quo
1536 1655 1723 1697 eorum
1754 1648 1944 1696 natura

353 1756 460 1797 non
489 1742 688 1810 patitur
713 1777 730 1805 ,
757 1736 825 1793 ad
848 1749 1012 1807 opera
1045 1734 1146 1791 sibi
1173 1750 1280 1789 non
1302 1749 1535 1806 congrua
1576 1749 1684 1790 non
1707 1746 1943 1806 sequun-

354 1839 460 1889 tur.
507 1829 712 1886 Tamen
750 1826 969 1898 quando
1019 1840 1083 1882 ea
1125 1826 1403 1897 sequentia
1446 1825 1748 1882 voluntario
1795 1833 1945 1881 metu

352 1924 593 1995 agimus,
624 1920 863 1978 libidinis
906 1919 1173 1991 adiutorio
1210 1935 1317 1975 non
1354 1933 1575 1991 egemus
1602 1937 1616 1974 :
1644 1926 1700 1975 et
1725 1934 1845 1975 eum
1874 1919 1944 1976 ab

351 2017 432 2075 eis
474 2013 755 2071 movendis
804 2026 1021 2069 cessare
1046 2011 1324 2077 volumus,
1353 2010 1609 2070 continuo
1648 2022 1940 2078 cessamus,

352 2120 453 2169 nec
489 2114 676 2179 contra
713 2105 1047 2170 voluntatem
1094 2112 1332 2160 nostram
1377 2104 1609 2162 stimulis
1654 2105 1675 2142 ³
1705 2104 1944 2162 libidinis

350 2201 673 2269 excitantur.

300 2308 311 2318 '
421 2294 515 2352 ΕΩ.
570 2292 712 2351 Sane
754 2292 896 2365 quod
952 2291 1106 2360 dicis,
1164 2309 1187 2345 α
1238 2292 1399 2349 etiam
1453 2292 1703 2364 genitalia
1742 2292 1943 2348 servire

354 2389 519 2447 animi
539 2387 830 2460 imperim»
850 2401 1042 2443 novam
1068 2386 1353 2457 quamdam
1376 2385 1651 2442 libidinem
1669 2386 1825 2453 dicis,
1852 2395 1944 2442 aut

349 2477 490 2541 [orte
516 2479 676 2536 nimis
698 2479 973 2549 antiquam
999 2519 1015 2545 ,
1042 2479 1219 2549 qualis
1246 2487 1301 2535 et
1330 2478 1383 2534 in
1416 2478 1666 2549 paradiso
1688 2492 1808 2535 esse
1839 2492 1939 2549 p0-

352 2572 567 2639 tuisset,
609 2572 657 2627 si
703 2582 862 2627 nemo
905 2578 1198 2642 peccasset.
1247 2570 1355 2627 Sed
1410 2571 1536 2642 quid
1590 2570 1716 2627 hinc
1766 2580 1939 2627 tecum

351 2676 510 2733 agam
535 2703 552 2728 ,
602 2661 815 2733 quando
858 2661 1245 2732 posterioribus
1300 2662 1476 2717 verbis
1526 2670 1579 2718 et
1612 2650 1730 2717 hoc
1776 2662 1938 2731 tollis,

346 2753 552 2824 quibus
586 2754 725 2811 dicis
744 2793 761 2823 ,
789 2772 810 2809 ι
840 2767 945 2821 non
975 2753 1181 2810 moveri
1204 2752 1323 2809 haec
1345 2753 1413 2809 ad
1442 2754 1605 2809 animi
1634 2754 1936 2824 imperiam,

344 2844 445 2911 sed
483 2844 665 2917 potius
706 2853 1020 2917 exspectare
1045 2844 1402 2903 consensum?
1432 2865 1450 2899 ι
1485 2843 1596 2901 Nee
1618 2852 1795 2901 tamen
1822 2830 1943 2901 ideo

350 2937 518 3001 debes
542 2940 702 2999 istam
732 2939 1006 3007 libidinem
1037 2938 1161 2995 fami
1186 2940 1270 2995 vel
1300 2938 1418 2994 aliis
1455 2938 1717 2995 molestiis
1739 2937 1940 2994 nostris

346 3045 685 3102 enumerare.
728 3028 884 3100 Quod
925 3030 1067 3087 enim
1123 3044 1283 3091 nemo
1324 3043 1447 3085 eum
1477 3029 1588 3084 vult
1633 3028 1817 3095 esurit,
1851 3037 1943 3083 aut

344 3125 501 3189 sitit,
530 3132 628 3181 aut
651 3123 875 3195 digerit;
921 3123 1230 3195 indigentia
1262 3131 1388 3180 sunt
1416 3124 1531 3181 istae
1559 3121 1831 3179 reﬁciendi
1855 3114 1959 3177 vel

346 3220 676 3276 esoneraudi
703 3220 947 3289 corporis
971 3262 988 3288 ,
1042 3220 1234 3291 quibus
1274 3220 1693 3277 subveniendum
1723 3228 1841 3286 est,
1871 3228 1940 3277 ne

346 3312 572 3370 ledatur
597 3353 615 3380 ,
660 3319 756 3367 aut
789 3311 1000 3368 occidat
1053 3330 1068 3368 :
1110 3312 1369 3384 numquid
1407 3321 1584 3368 autem
1615 3312 1823 3369 laeditur
1849 3321 1943 3368 aut

344 3403 546 3472 occidit
577 3418 793 3475 corpus,
822 3405 870 3460 si
916 3404 1121 3460 libidini
1159 3419 1266 3460 non
1295 3404 1612 3461 adhibeatur
1650 3406 1941 3461 assensus?

348 3495 612 3565 Discernc
647 3511 776 3567 ergo
802 3495 943 3552 mala
968 3511 1092 3567 quae
1120 3510 1216 3567 per
1241 3497 1552 3568 patientiam
1591 3497 1935 3565 sustinemus,

346 3586 421 3646 ab
445 3586 524 3643 eis
548 3587 700 3643 malis
725 3603 843 3659 quat
866 3604 965 3661 per
991 3590 1375 3645 continentiam
1406 3590 1765 3647 refrenamns.
1800 3590 1935 3647 Nam

347 3688 409 3741 0t
431 3678 524 3737 illa
566 3680 704 3736 mala
746 3690 906 3748 sunt,
934 3697 1058 3753 quae
1086 3682 1141 3737 in
1182 3697 1409 3754 corpore
1434 3684 1622 3739 mortis
1646 3683 1808 3754 hujus
1846 3699 1944 3756 po-

346 3770 553 3826 tuimus
576 3771 825 3842 asper-iri.
867 3772 1093 3841 Quanta
1130 3781 1308 3829 autem
1346 3782 1409 3830 et
1433 3789 1595 3844 quam
1637 3775 1941 3846 tranquilla:

346 3862 629 3932 potestatis
651 3876 896 3921 essemus
918 3864 1082 3923 etiam
1112 3865 1180 3921 de
1204 3865 1288 3922 his
1325 3868 1557 3922 motibus
1576 3910 1592 3935 ,
1625 3867 1818 3939 quibus
1844 3867 1941 3923 ali-

341 3965 523 4023 menta
548 3965 838 4017 sumuntur
852 3966 907 4014 et
931 3957 1260 4029 digeruntur,
1295 3959 1349 4015 in
1378 3960 1465 4014 illa
1506 3956 1756 4016 felicitate
1778 3975 1937 4031 para-

344 4046 469 4115 disi,
494 4049 615 4119 quis
643 4048 819 4120 possit
843 4057 903 4104 nt
939 4057 1147 4106 certum
1177 4059 1260 4106 est
1292 4050 1546 4122 indagare
1568 4093 1585 4119 ,
1631 4051 1751 4123 quis
1779 4063 1837 4107 ut
1861 4052 1941 4108 di-

342 4153 505 4209 gnum
534 4149 619 4196 est
643 4140 949 4211 explicare?
993 4140 1091 4198 Ubi
1118 4140 1259 4198 absit
1286 4150 1346 4197 ut
1372 4143 1655 4198 credamus
1679 4184 1694 4210 ,
1726 4142 1933 4214 aliquid

343 4229 514 4301 [uisse
537 4231 681 4291 unde
707 4246 926 4298 sensim
954 4240 1196 4289 nostrum
1220 4274 1238 4302 ,
1284 4234 1398 4289 sive
1434 4235 1757 4290 intrinsecus
1780 4276 1795 4300 ,
1827 4235 1940 4291 sive

346 4324 685 4383 extrinsecus
724 4337 816 4382 aut
866 4325 1020 4391 dolor
1042 4335 1325 4399 pangeret,
1353 4337 1446 4383 aut
1472 4328 1623 4384 labor
1666 4327 1938 4399 fatigaret,

346 4427 447 4476 aut
472 4419 645 4488 pudor
682 4420 1028 4477 confunderet
1049 4464 1064 4489 ,
1093 4429 1185 4477 aut
1211 4412 1375 4478 ardor
1415 4431 1622 4492 ureret,
1654 4433 1748 4478 aut
1793 4422 1942 4494 algor

344 4512 663 4583 stringeret,
693 4521 785 4569 aut
810 4514 1000 4571 horror
1023 4512 1342 4571 o'ifeuderet.

416 4603 511 4660 25.
535 4603 694 4673 Quid,
717 4605 856 4675 quod
879 4606 1033 4661 istam
1056 4606 1472 4677 pulcherrimam
1496 4605 1746 4663 famulam
1770 4616 1937 4677 tuam,
2005 4649 2013 4657 .

340 4710 504 4767 quam
531 4711 620 4753 me
644 4696 808 4766 pudet
835 4698 1048 4759 assidue
1069 4699 1152 4754 vel
1181 4698 1532 4769 vituperando
1561 4700 1858 4768 nominare,
1890 4711 1942 4758 te

338 4794 527 4845 autem
558 4787 853 4857 prindicare
880 4804 984 4845 non
1016 4788 1199 4860 pudet,
1230 4807 1252 4842 ι
1284 4790 1795 4848 commendatiorem
1826 4792 1941 4849 fieri
1974 4786 1987 4840 \

346 4887 521 4948 putas,
553 4880 700 4950 quod
726 4881 774 4936 ei
805 4881 1067 4948 serviunt,
1092 4890 1150 4936 ut
1173 4881 1446 4939 ardentius
1473 4884 1755 4953 excitetur,
1780 4886 1940 4941 etiam

344 4978 553 5029 canem:
579 4972 821 5042 corporis
844 4980 1048 5043 partes,
1073 4973 1188 5029 sive
1212 4974 1354 5029 oculi
1382 4973 1628 5030 videntes
1653 4975 1719 5031 ad
1745 4991 1943 5032 concu-

341 5062 681 5132 piscendum,
711 5065 827 5121 sive
854 5065 961 5121 alia
1000 5066 1241 5123 membra
1280 5067 1336 5122 in
1367 5068 1565 5123 osculis
1595 5077 1650 5124 et
1679 5070 1942 5149 amplexi-

342 5152 482 5215 bus?
514 5174 537 5209 ι
572 5158 746 5215 Aures
781 5172 998 5228 quoque
1024 5157 1261 5215 hominis
1297 5150 1568 5230 quomodo
1597 5161 1647 5216 ei
1678 5148 1940 5218 subderes

342 5245 634 5314 invenisti,
678 5256 735 5304 et
776 5250 997 5305 erealsti
1048 5249 1165 5321 ejus
1209 5252 1631 5307 vetustissimum
1684 5254 1934 5325 quidem,

340 5336 440 5397 sed
486 5338 644 5409 plane
703 5340 1150 5411 gloriosissimum
1201 5343 1411 5399 titulum
1436 5384 1452 5412 ,
1510 5322 1940 5403 commemorans

337 5429 487 5501 quod
519 5431 573 5491 in
603 5433 944 5503 expositione
971 5434 1333 5492 Consiliorum
1363 5451 1579 5493 suorum
1609 5437 1816 5495 Tullius
1845 5456 1943 5510 po-

334 5522 479 5583 suit:
508 5540 530 5578 ι
557 5521 697 5592 Quia
716 5539 838 5581 cum
851 5525 1106 5589 vinolenti
1122 5526 1490 5585 adolescentes
1514 5528 1762 5584 tibiarum
1779 5530 1938 5586 etiam

334 5621 539 5681 cantu,
580 5623 642 5669 ut
668 5615 763 5684 iit,
792 5616 1065 5684 instincti,
1094 5618 1334 5675 mulieris
1366 5620 1571 5692 pudica:
1616 5621 1757 5677 fores
1788 5621 1935 5701 frau-

334 5713 561 5801 gerentg
592 5706 939 5801 admonuisse
967 5709 1263 5785 tibicinam,
1288 5720 1347 5773 ut
1375 5712 1671 5801 spondeum
1697 5723 1935 5782 caneret,

333 5782 673 5873 Pythagoras
699 5782 932 5857 dicitur:
961 5802 1107 5884 quod
1130 5782 1251 5858 cum
1282 5803 1371 5860 illa
1401 5782 1619 5863 fecisset
1639 5848 1654 5874 ,
1684 5805 1938 5881 tarditate

398 5912 421 5946 ι
445 5911 589 5979 satu,
609 5909 823 5968 me.
846 5892 1041 5981 Aliquot
1060 5921 1192 5979 uss,
1210 5914 1414 5970 stimuli.

1698 413 1900 474 LIBER
1937 402 2257 483 QUINTUS.

2052 530 2335 587 modorum
2366 536 2419 585 et
2443 531 2702 602 gravitate
2728 542 2914 591 cantus
2942 533 3157 593 iiiomm
3186 537 3449 612 furentem
3476 541 3633 612 petu-

2048 621 2267 703 lantiam
2293 622 2559 682 resedisse
2581 628 2623 682 ¹.
2667 644 2688 680 ι
2724 625 2885 683 Vides
2913 645 3039 701 ergo
3063 647 3222 709 quam
3255 610 3635 709 congruentius

2048 730 2147 787 ego
2174 715 2402 772 dixerim
2422 760 2436 784 ,
2465 718 2545 772 sui
2570 717 2708 789 juris
2734 718 2872 775 hanc
2899 712 3019 778 esse
3049 707 3280 793 quodam
3311 707 3472 780 modo
3491 766 3505 792 ,
3547 726 3635 781 cui

2047 811 2278 865 servitur
2303 811 2373 866 ab
2399 810 2518 866 aliis
2541 812 2809 880 sensibus,
2852 822 2911 869 ut
2940 815 2992 869 in
3024 829 3158 887 opus
3189 832 3343 872 suum
3389 818 3636 889 dignettir

2047 915 2351 972 assurgere,
2384 902 2469 958 vel
2508 918 2538 958 a
2582 917 2678 958 sua
2719 906 3081 962 commotione
3119 909 3479 985 requiescere.
3526 892 3636 966 Hoc

2046 992 2187 1046 enim
2206 1007 2305 1064 ego
2326 992 2447 1049 ideo
2465 992 2595 1060 dixi,
2616 995 2758 1066 quia,
2778 996 2914 1051 sicut
2931 997 3043 1068 ipse
3063 998 3338 1055 confessus
3356 1014 3435 1087 es,
3457 1019 3475 1053 ι
3496 1015 3627 1057 con-

2048 1082 2279 1137 sentitur
2319 1084 2369 1140 ei
2415 1085 2591 1154 potius
2638 1099 2798 1156 quam
2838 1086 3151 1158 imperatur.
3197 1108 3217 1142 ι
3252 1087 3384 1145 Nam
3414 1082 3468 1146 et
3496 1092 3635 1163 quod

2055 1191 2075 1225 ι
2110 1173 2231 1230 aliis
2259 1177 2559 1232 concitatur
2589 1176 2852 1246 stimulis,
2896 1178 2982 1235 vel
3026 1179 3390 1259 modulamine
3433 1172 3635 1255 frangi-

2050 1272 2136 1320 tur
2158 1274 2213 1321 et
2232 1266 2470 1335 sedatur,
2506 1287 2527 1322 ι
2558 1268 2699 1324 sicut
2729 1270 2844 1340 ipse
2874 1271 3237 1341 prosequeris,
3263 1258 3501 1341 profecto
3531 1290 3634 1329 non

2050 1358 2221 1425 ﬁeret,
2255 1361 2299 1414 si
2330 1360 2557 1416 serviret
2586 1359 2819 1418 hominis
2852 1362 3136 1418 veluntati.
3167 1362 3405 1420 Feminae
3434 1373 3635 1441 autem,

2047 1468 2181 1523 quas
2207 1454 2274 1509 ab
2304 1455 2406 1510 isto
2441 1465 2588 1511 motu
2622 1457 2887 1513 immunes
2929 1454 3098 1525 facis,
3146 1458 3388 1528 quamvis
3429 1458 3635 1529 possint

2047 1546 2189 1601 virili
2218 1549 2666 1621 concupiscentia:
2702 1549 3004 1621 subiacere,
3047 1559 3104 1607 et
3140 1550 3356 1623 quando
3396 1530 3501 1605 nbn
3548 1565 3639 1631 pa-

2022 1662 2023 1665 η
2048 1639 2252 1695 tiuutur
2276 1656 2459 1707 suam;
2493 1651 2671 1698 tamen
2698 1653 2954 1714 quantum
2975 1636 3099 1714 ejus
3127 1645 3288 1700 etiam
3320 1644 3451 1716 ips:e
3478 1642 3639 1700 suil‘e-

2046 1741 2168 1789 rant
2190 1731 2464 1804 impetum,
2491 1735 2574 1791 cui
2605 1744 2865 1808 repugnat
2889 1736 3054 1794 decus
3082 1736 3443 1815 honestasque
3467 1747 3639 1813 casta-

2048 1841 2189 1893 rum,
2221 1827 2580 1913 interrogetur
2593 1828 2795 1900 Joseph
2810 1828 2963 1902 (Gen.
2984 1846 3157 1911 sum
3180 1830 3219 1901 ).
3240 1829 3479 1888 Debuisti
3508 1845 3638 1886 sane

2049 1918 2213 1973 homo
2234 1919 2655 1977 ecclesiasticus”
2673 1922 3035 1979 ecclesiastica
3058 1924 3260 2001 musica
3279 1923 3454 2009 potius
3474 1937 3634 1994 quam

2048 2009 2398 2082 Pythagorica
2429 2014 2780 2080 commoneri,
2795 2013 2920 2085 quid
2939 2013 3190 2069 Davidica
3207 2012 3230 2046 ⁸
3247 2012 3449 2089 cithara
3468 2013 3638 2095 egerit

2048 2105 2103 2160 in
2129 2104 2309 2173 Saﬁie,
2342 2108 2556 2199 quando
2578 2109 2721 2163 malo
2747 2110 2936 2207 spiritu
2965 2110 3277 2176 vexabatur,
3306 2118 3362 2165 et
3390 2118 3638 2181 tangente

2047 2196 2307 2252 citharam
2348 2196 2532 2254 Sancto
2557 2200 2624 2254 ab
2650 2199 2740 2253 illa
2770 2196 3011 2279 molestia
3060 2199 3356 2277 respirabat
3441 2198 3460 2252 l
3504 2197 3632 2293 Reg.

2047 2290 2167 2361 xw)
2193 2306 2305 2372 :_ne
2344 2291 2464 2347 ideo
2506 2291 2704 2359 bonum
2728 2276 2925 2364 aliquid
2953 2293 3232 2357 existimes
3260 2276 3638 2365 concupiscen-

2050 2381 2175 2436 tiam
2198 2384 2527 2455 carnis,quia
2546 2400 2926 2457 nonnunquam
2942 2387 3160 2461 musicis
3177 2385 3456 2441 cohibetur
3467 2384 3632 2461 sonis.

2117 2470 2346 2547 CAPUT
2377 2468 2542 2529 VL—
2555 2473 2645 2557 ει.
2673 2460 2826 2545 Quod
2848 2460 3024 2553 autem
3043 2475 3176 2547 dicis
3195 2477 3521 2544 exclamans,
3544 2493 3563 2553 ς

2046 2578 2206 2635 quam
2254 2566 2412 2638 digne
2450 2566 2708 2643 Jeremias
2765 2584 2885 2624 cum
2935 2568 3313 2655 prophetarum
3373 2568 3540 2631 choro
3583 2577 3638 2625 et

2046 2655 2352 2713 sanctorum
2385 2658 2624 2714 omnium
2652 2659 2996 2726 exclamaret,
3024 2659 3152 2731 Quis
3177 2659 3315 2714 dabit
3343 2658 3497 2731 capiti
3525 2675 3635 2713 meo

2045 2765 2250 2839 nquam,
2278 2758 2325 2805 et
2353 2748 2513 2806 oculis
2541 2750 2662 2806 meis
2689 2754 2878 2839 [antem
2897 2750 3238 2831 lacrumarum
3263 2770 3283 2806 ι
3314 2748 3526 2831 (Jererp.
3554 2765 3631 2835 ix,

2048 2837 2163 2911 i‘)?
2211 2848 2269 2897 ut
2298 2840 2599 2919 insipientis
2624 2837 2804 2923 populi
2830 2850 3045 2914 peccata
3067 2842 3321 2917 deﬁeret!
3366 2844 3487 2923 quia
3530 2843 3635 2923 iis.

2044 2931 2208 2989 clesia
2237 2931 2435 2989 Christi
2464 2918 2717 2991 doctores
2744 2935 3018 3006 Pelagiani
3062 2936 3262 2992 erroris
3290 2918 3539 3012 expellit.
3579 2936 3635 2999 Si

2045 3022 2178 3079 ﬂere
2205 3024 2490 3081 salubriter
2511 3026 2699 3091 velles,
2729 3025 2830 3081 hoc
2858 3025 3038 3097 ﬂeres,
3068 3026 3208 3098 quod
3245 3026 3341 3101 illo
3365 3043 3424 3095 es
3453 3027 3633 3109 impli-

2046 3125 2197 3171 catus
2221 3130 2425 3182 errore,
2450 3116 2634 3189 eisque
2656 3128 2708 3173 te
2733 3116 2986 3189 lacrymis
3012 3117 3079 3177 ab
3101 3116 3290 3193 eadem
3320 3134 3457 3193 nova
3488 3130 3633 3191 peste

2046 3206 2301 3263 dilueras.
2328 3206 2411 3262 An
2444 3208 2679 3287 ignoras,
2710 3207 2792 3263 vel
2824 3188 3024 3264 oblitus
3049 3222 3130 3273 es,
3170 3209 3253 3269 vel
3277 3188 3635 3283 ‘considerare

2047 3298 2336 3366 detrectas,
2376 3298 2673 3355 Ecclesiam
2704 3307 2942 3355 sanctam
2967 3339 2984 3366 ,
3031 3314 3191 3354 unam
3216 3340 3230 3364 ,
3278 3299 3633 3367 catholicam,

2048 3392 2210 3447 etiam
2258 3390 2488 3473 paradisi
2535 3391 2886 3461 significatam
2935 3389 3101 3446 fuisse
3148 3390 3446 3473 vocabulo?
3498 3389 3635 3458 Quid

2047 3498 2176 3555 ergo
2203 3482 2491 3552 miramini,
2523 3483 2570 3539 si
2610 3483 2677 3540 de
2717 3483 2821 3539 isto
2856 3483 3106 3563 paradiso
3146 3484 3288 3563 foras
3327 3482 3635 3557 mittimini,

2042 3575 2137 3646 qui
2176 3575 2349 3645 legem
2392 3566 2624 3644 qurc'est
2667 3574 2718 3629 in
2763 3560 3023 3629 membris
3069 3560 3287 3642 nostris,
3334 3588 3637 3651 repugnans

2048 3665 2149 3737 legi
2191 3665 2409 3749 mentis,
2454 3665 2508 3719 in
2537 3665 2689 3720 illum
2723 3664 3025 3736 paradisum
3057 3665 3218 3719 vultis
3252 3663 3525 3733 inducere,
3569 3663 3639 3749 de

2046 3772 2154 3829 quo
2182 3756 2330 3813 foras
2359 3742 2648 3813 a‘Domino
2676 3752 2822 3812 missi
2854 3771 3060 3821 sumus,
3092 3773 3192 3813 nec
3216 3756 3284 3821 ad
3309 3773 3430 3812 eum
3457 3742 3639 3837 redire

2048 3836 2363 3927 poterimus,
2405 3848 2507 3903 nisi
2548 3846 2687 3903 hanc
2716 3849 2770 3902 in
2812 3848 2914 3902 isto
2946 3838 3191 3921 paradiso
3234 3836 3557 3927 vicerimuS?
3581 3846 3639 3923 Si

2048 3926 2189 3997 enim
2234 3956 2342 3997 non
2387 3941 2488 3998 ista
2531 3940 2963 4025 concupiscentia
2995 3956 3153 4023 quam
3194 3941 3435 3999 defendis
3480 3957 3640 4027 repu-

2046 4042 2173 4105 gnat
2215 4033 2320 4105 iegi
2364 4033 2600 4111 mentis,
2645 4034 2851 4089 nullum
2895 4033 3153 4089 adversus
3200 4049 3318 4089 eam
3363 4043 3636 4091 certamen

2047 4127 2327 4199 quisquam
2375 4137 2594 4184 sanctus
2623 4137 2859 4184 exercet.
2891 4126 2969 4183 Tu
2997 4136 3174 4184 autem
3220 4128 3498 4205 confessus
3541 4142 3634 4197 es,

2048 4206 2306 4278 adversus
2337 4223 2494 4277 istam
2526 4236 2683 4293 quam
2715 4222 2902 4303 tueris,
2934 4236 3189 4299 exercere
3216 4232 3431 4293 sanctos
3464 4239 3483 4299 ς
3518 4221 3637 4303 glq-

2046 4315 2189 4371 rlosa
2228 4315 2522 4370 certamina
2559 4330 2579 4367 ι
2625 4312 2864 4396 (Supra,
2892 4296 2983 4368 'lib.
3026 4314 3083 4396 β,
3127 4296 3183 4367 η’.
3230 4312 3366 4386 42).
3410 4296 3527 4396 Ipsa
3556 4296 3642 4368 est

2047 4407 2209 4480 igitur
2244 4422 2362 4477 qum
2401 4414 2661 4477 repugnat
2700 4390 2802 4477 legi
2841 4388 3037 4460 mentis
3070 4388 3135 4465 ‘in
3180 4420 3407 4483 corpore
3435 4388 3640 4481 'mortis

2046 4486 2227 4570 hujus,
2257 4498 2326 4553 dc
2355 4513 2457 4569 qua
2489 4511 2549 4553 se
2576 4496 2747 4568 gratia
2775 4494 2870 4551 Dei
2900 4512 2993 4567 per
3019 4494 3199 4552 Jcsum
3225 4495 3498 4551 Christum
3533 4496 3635 4549 Do-

2048 4594 2256 4649 minum
2280 4572 2528 4647 nostrum
2559 4582 2775 4667 liberari
2803 4576 3008 4645 dicebat
3034 4590 3324 4669 Apostolus
3341 4588 3519 4667 (Rom.
3544 4605 3636 4652 vit.

2043 4684 2221 4743 lii-25
2244 4685 2286 4755 ).
2319 4664 2568 4740 Sentisne
2606 4685 2718 4755 jam
2763 4683 2999 4765 tandem,
3032 4664 3218 4765 gratiae
3247 4664 3405 4753 hujus
3437 4682 3635 4737 inimici

2048 4787 2257 4851 quanto
2284 4778 2393 4833 sint
2423 4777 2567 4832 fonte
2595 4766 2949 4857 lacrymarum
2980 4756 3285 4875 plangendi,
3316 4784 3370 4857 et
3412 4792 3479 4829 nc
3508 4776 3642 4829 a!ios

2048 4871 2117 4928 ad
2148 4870 2423 4926 interitum
2463 4884 2646 4925 secum
2683 4854 2920 4936 trahant,
2957 4854 3154 4951 quanta
3185 4854 3466 4949 pastoralis
3497 4884 3640 4945 curm

2049 4961 2425 5018 observatione
2450 4960 2689 5016 vitandi?
2710 4946 2819 5015 Vos
2846 4958 2988 5039 enim
3022 4977 3043 5013 ι
3072 4946 3282 5039 augetis
3316 4979 3334 5039 ς
3366 4946 3463 5039 ista
3497 4960 3643 5012 novi-

2051 5063 2161 5112 tate
2186 5070 2305 5111 eam
2335 5069 2457 5125 qua)
2487 5054 2539 5109 in
2582 5053 2832 5127 omnibus
2871 5036 2954 5131 est
2999 5034 3270 5133 hmrcticis
3295 5034 3325 5118 ,I
3363 5072 3382 5133 ε
3417 5034 3639 5107 occidui

2046 5147 2306 5220 temporis
2353 5147 2692 5218 pravitatem.
2746 5166 2767 5200 ι
2816 5146 2920 5229 Vos
2950 5164 2971 5199 ε
3000 5148 3132 5229 estis
3173 5148 3325 5231 ruinq
3354 5162 3583 5223 morum,
3618 5164 3635 5198 ι

2049 5240 2140 5312 qui
2170 5238 2337 5311 ipsius
2366 5238 2487 5294 iidei
2529 5253 2691 5308 supra
2730 5253 2889 5308 quam
2929 5253 3110 5294 mores
3147 5236 3440 5293 ardiﬁramli
3475 5245 3637 5305 sunt,

2047 5316 2309 5387 molimini
2337 5329 2682 5386 fundamenta
2714 5318 3046 5387 subvertere.
3064 5331 3169 5385 Vos
3198 5349 3215 5382 ι
3248 5329 3461 5423 pudoris
3485 5330 3642 5403 inter-

2045 5423 2173 5493 itus,
2209 5442 2230 5478 ι
2264 5437 2399 5507 quos
2425 5424 2646 5480 laudare
2676 5438 2781 5479 non
2814 5423 2998 5507 pudet,
3049 5432 3236 5495 contra
3270 5423 3409 5496 quod
3442 5432 3640 5507 pugnat

2110 5672 2348 5782 impius
2374 5671 2434 5733 ,ίη
2477 5671 2762 5747 Misimus
2796 5671 3112 5782 etrusculide
3154 5672 3344 5745 musica,
3388 5671 3471 5720 uhi
3511 5671 3640 5722 hunc

2110 5749 2204 5782 tum
2249 5747 2388 5782 ocum
2411 5732 2521 5782 libri
2549 5736 2791 5782 Ciceronis
2847 5748 2875 5782 e
2907 5734 3122 5782 COilSIlllS
3145 5746 3251 5782 suis
3272 5740 3406 5782 (atat.
3436 5746 3543 5782 ιιι-ο.
3567 5746 3640 5782 re-

2046 5732 2204 5803 lps'tti'n
2234 5732 2388 5803 locum
2411 5732 2521 5803 libri
2549 5732 2791 5803 Ciceronis
2812 5732 2875 5793 de
2907 5734 3122 5803 consiliis
3145 5735 3251 5795 suis
3272 5734 3406 5795 citat,
3436 5746 3543 5797 pro,
3567 5746 3641 5785 re-

2045 5794 2414 5863 sedisseJegit,
2438 5794 2785 5863 εθὴδεάᾳᾲςξσζέ
2868 5794 2913 5811 ”
3066 5794 3117 5863 ’ξ
3178 5794 3181 5795 ⁷
3525 5805 3536 5863 _'

2111 5864 2131 5893 ¹
2156 5856 2270 5910 miti
2291 5898 2304 5919 ,
2328 5856 2491 5908 ‘Itomo
2522 5856 2858 5928 ecclesiastico}.
2906 5866 3009 5911 Mss.
3027 5893 3044 5922 ,
3096 5856 3236 5909 homo
3270 5857 3639 5913 θεοιεεὶαδιὶἐω.

2117 5928 2137 5960 ³
2161 5936 2257 5973 Ani.
2289 5932 2337 5974 et
2361 5930 2489 5978 3155.,
2522 5927 2755 5971 Davitica.
