4142 6548
470 474 578 533 II99

472 599 529 647 et
562 585 753 660 pudor.
801 583 914 638 Hoc
963 577 1138 648 potius
1180 570 1368 628 audire
1409 568 1571 625 debet
1608 561 1892 660 Ecclesia,
1937 571 2058 660 qua:

474 650 628 751 virgo
655 676 870 736 dicitur,
903 680 961 725 ut
996 683 1092 724 vos
1117 675 1341 731 caveat;
1378 662 1480 717 hoc
1508 667 1789 720 matronae,
1822 654 1926 709 hoc
1947 650 2062 751 vir-

477 741 629 844 gines
673 779 872 830 sacrae,
921 762 1024 816 hoc
1073 757 1248 814 omnis
1293 753 1546 827 pudicitia
1593 749 1902 806 christiana.
1947 741 2063 798 Non

479 836 645 924 enim,
673 856 810 911 sicut
838 852 1136 915 insimulas,
1161 867 1181 902 ι
1204 863 1324 903 cum
1341 843 1641 901 Manichacis
1656 841 1862 904 dicunt,
1890 836 2068 891 inesse

481 950 629 1007 carni
655 961 767 1003 sua:
795 945 919 1000 mali
948 941 1319 997 necessitatem
1343 954 1357 992 :
1394 956 1416 992 ι
1447 933 1589 1007 quod
1613 932 1812 988 malum
1841 927 1915 984 illi
1944 925 2072 981 sub-

483 1039 753 1103 stantiale,
799 1046 853 1093 et
892 1036 1003 1091 Deo
1043 1041 1373 1089 cozeternum
1419 1043 1539 1083 esse
1580 1024 1947 1081 mentiuntur:
1977 1015 2073 1071 sed

484 1132 672 1188 dicunt
695 1143 826 1185 sane
850 1143 971 1183 cum
992 1124 1271 1195 Apostolo,
1301 1121 1457 1176 Video
1477 1117 1634 1173 aliam
1660 1116 1817 1186 legem
1842 1113 1895 1167 in
1920 1125 2076 1165 mem-

487 1225 590 1280 bris
617 1222 761 1289 meis,
792 1226 1155 1291 repugnantem
1195 1214 1295 1285 tegi
1329 1212 1508 1266 mentis
1536 1224 1691 1273 mete;
1734 1219 1855 1261 esse
1898 1212 2074 1257 tamen

488 1333 610 1375 eam
637 1314 741 1371 sub
764 1312 930 1370 animi
960 1318 1245 1382 potestate,
1273 1306 1442 1378 gratia
1468 1304 1560 1359 Dei
1589 1317 1684 1374 per
1706 1300 1889 1356 Jesum
1923 1297 2079 1353 Chri-

491 1421 635 1468 stum
672 1408 955 1465 Dominum
998 1416 1263 1468 nostrum,
1312 1403 1365 1456 in
1418 1399 1607 1455 mortis
1650 1410 1875 1465 corpore
1923 1392 2084 1448 casti-

494 1503 749 1574 gandam,
784 1500 836 1554 in
866 1504 1039 1552 morte
1067 1494 1310 1565 corporis
1340 1488 1733 1553 resolvendam,
1763 1487 1817 1541 in
1843 1483 2085 1553 corporis

497 1590 896 1649 resurrectione
944 1598 999 1642 et
1042 1586 1233 1642 mortis
1278 1591 1454 1639 morte
1514 1579 1831 1636 sanandam.
1879 1577 2087 1631 Tenent

499 1683 643 1739 enim
674 1691 915 1737 sanctam
941 1677 1348 1750 professionem,
1394 1690 1502 1729 non
1542 1672 1658 1728 solo
1689 1670 1868 1725 habitu
1898 1667 2085 1733 vestis,

499 1774 593 1830 sed
619 1782 673 1828 et
703 1772 897 1827 mentis
926 1778 983 1825 et
1011 1769 1272 1840 corporis,
1302 1764 1603 1823 resistendo
1643 1760 2090 1831 concupiscentia

502 1867 702 1932 carnis,
725 1864 866 1936 quod
896 1864 983 1918 hic
1003 1863 1115 1919 fieri
1141 1870 1349 1932 potest;
1372 1874 1479 1915 non
1501 1874 1564 1914 ea
1587 1872 1808 1929 prorsus
1834 1853 2089 1920 carendo,

503 1958 646 2030 quod
679 1957 765 2012 hic
795 1956 911 2011 fieri
939 1969 1046 2009 non
1076 1962 1270 2024 potest.
1294 1952 1408 2006 Hoc
1429 1965 1557 2022 ergo
1581 1948 1821 2015 audiant,
1845 1955 1904 2003 ut
1921 1946 2096 2002 donec

505 2052 596 2107 illa
619 2059 855 2116 careant,
884 2063 981 2103 vos
1005 2055 1245 2103 caveant.
1294 2044 1426 2100 Nam
1456 2045 1501 2098 si
1527 2044 1594 2099 ab
1618 2041 1869 2099 omnibus
1894 2040 2095 2096 sanctis

507 2156 739 2214 qumras,
764 2150 1014 2212 tanquam
1043 2139 1098 2193 in
1126 2147 1310 2211 sancto
1336 2135 1605 2190 auditorio
1632 2133 1843 2189 duobus
1868 2133 2097 2188 recitare

507 2232 863 2303 cupientibus,
881 2240 1060 2285 utrum
1080 2231 1522 2298 vituperatorem,
1545 2240 1614 2283 an
1638 2223 1971 2280 laudatorem
1990 2237 2099 2278 ma-

508 2325 611 2381 lint
637 2323 824 2379 audire
851 2322 1121 2387 libidinis;
1169 2319 1297 2391 quid
1325 2319 1395 2375 de
1437 2319 1544 2374 illis
1586 2332 1969 2388 responsurum
1999 2332 2099 2387 pu-

512 2424 619 2483 tas,
646 2415 1032 2472 continentium
1061 2412 1326 2480 laborem,
1366 2410 1773 2482 coniugatorum
1805 2408 2061 2480 pudorem
2081 2449 2099 2476 ,

514 2507 758 2563 omnium
787 2504 1122 2561 castitatem?
1142 2504 1289 2559 Itane
1312 2518 1442 2557 vero
1469 2501 1764 2572 abiicerent
1788 2499 1856 2554 ab
1883 2499 2103 2555 auribus

514 2599 633 2654 suis
660 2595 898 2653 libidinis
925 2596 1392 2667 vituperationem,
1425 2603 1480 2648 et
1503 2593 1733 2649 libenter
1760 2591 2007 2647 audirent
2034 2590 2105 2646 li-

516 2690 716 2747 bidinis
751 2688 1004 2744 laudem?
1026 2686 1144 2742 Non
1175 2700 1343 2758 usque
1367 2684 1503 2741 adeo
1531 2684 1825 2756 putandum
1855 2694 1939 2741 est
1980 2698 2106 2755 per-

518 2782 628 2837 isse
673 2780 903 2836 frontem
930 2778 999 2834 de
1025 2778 1187 2833 rebus
1211 2777 1309 2850 (a),
1352 2785 1410 2831 ut
1454 2776 1557 2831 hoc
1585 2775 1858 2844 dedecus,
1907 2774 2010 2841 nisi
2052 2773 2108 2830 in

520 2871 615 2926 tali
646 2870 783 2926 forte
808 2868 1074 2924 auditorio
1103 2868 1276 2935 fieret,
1306 2866 1396 2922 ubi
1428 2875 1479 2922 te
1503 2865 1795 2922 recitaturo
1822 2865 2110 2922 considen-

522 2965 667 3021 tibus
702 2962 980 3034 discipulis
1015 2963 1126 3018 suis
1151 2961 1408 3035 magister
1433 2960 1720 3019 Caelestius
1746 2968 1840 3016 aut
1866 2959 2110 3032 Pelagius

522 3055 854 3130 prmsideret.

594 3146 820 3204 CAPUT
838 3147 923 3204 VII
939 3145 1113 3220 (b).—
1123 3145 1215 3203 25.
1235 3145 1370 3202 Hinc
1384 3145 1451 3201 ad
1464 3145 1569 3201 alia
1585 3144 1747 3202 verba
1759 3159 1879 3201 mea
1893 3143 2111 3213 transis,

525 3240 617 3298 ubi
659 3240 808 3296 dixi:
846 3259 866 3292 ι
901 3239 1052 3294 Hunc
1095 3239 1275 3309 itaque
1316 3246 1522 3293 motum
1568 3237 1689 3294 ideo
1739 3237 2112 3306 indecentem,

525 3333 652 3405 quia
695 3332 1111 3399 inobedicutetu,
1158 3346 1280 3387 cum
1325 3330 1401 3386 illi
1447 3330 1604 3401 primi
1653 3329 1900 3386 homines
1936 3329 1989 3384 in
2018 3343 2116 3385 sua

527 3439 690 3480 carne
712 3423 1031 3487 sensissent,
1058 3433 1114 3479 et
1142 3422 1196 3478 in
1226 3437 1320 3478 sua
1351 3421 1593 3477 nuditate
1617 3421 1998 3489 erubuissent,
2037 3419 2118 3476 fo-

526 3517 615 3573 liis
645 3514 890 3572 ltculneis
923 3514 1109 3571 eadem
1141 3513 1380 3570 membra
1409 3521 1656 3569 texerunt
1680 3530 1693 3566 :
1724 3520 1784 3568 ut
1808 3512 1999 3568 saltem
2025 3527 2115 3567 ar-

529 3608 691 3664 bitrio
715 3605 1188 3663 verecundantium
1223 3606 1510 3673 velaretur,
1555 3604 1699 3675 quod
1743 3619 1851 3661 non
1896 3603 2120 3661 arbitrio

530 3698 827 3753 volentium
865 3696 1216 3763 movebatur;
1245 3704 1300 3750 et
1326 3695 1581 3766 quoniam
1608 3694 1840 3766 pudebat
1865 3693 2010 3766 quod
2038 3694 2121 3750 in-

531 3789 789 3846 decenter
812 3788 1031 3854 libebat,
1058 3786 1352 3859 operiendo
1378 3789 1531 3843 fieret
1556 3787 1698 3859 quod
1726 3786 1953 3844 decebat
1976 3806 1996 3840 ι
2022 3786 2124 3861 (De

535 3881 748 3954 Nuptiis
786 3889 831 3935 et
857 3878 1303 3951 Concupiseentia,
1346 3878 1435 3935 lib.
1479 3880 1533 3946 i,
1565 3896 1620 3934 η.
1650 3878 1744 3952 7).
1801 3879 1897 3935 llis
1943 3879 2124 3936 verbis

533 3976 671 4031 meis
703 3973 1015 4051 propositis,
1042 3973 1146 4028 hoc
1188 3982 1242 4029 te
1280 3972 1393 4044 iam
1432 3972 1762 4030 destruxisse
1802 3973 1857 4029 in
1902 3971 2125 4029 secundi

537 4068 615 4123 tui
643 4067 763 4122 libri
791 4064 1184 4137 disputatione,
1210 4072 1266 4121 et
1291 4064 1345 4120 in
1371 4063 1529 4134 hujus
1564 4064 1728 4131 tertii,
1754 4065 1838 4121 cui
1868 4079 2011 4121 nunc
2040 4080 2128 4121 re-

537 4159 798 4237 spondeo,
847 4166 997 4229 parte
1035 4158 1334 4229 superiore,
1372 4157 1518 4213 inani
1558 4157 1849 4229 iactatione
1889 4174 2129 4216 comme-

538 4266 740 4306 moras.
781 4249 934 4304 Nuuc
961 4259 1162 4317 autem,
1191 4249 1312 4319 quia
1343 4248 1501 4304 istum
1534 4266 1555 4302 ¢
1603 4259 1805 4305 motum
1842 4269 1863 4303 ι
1893 4250 2129 4307 libidinis

540 4341 651 4396 dixi
679 4359 699 4393 ‹
727 4341 848 4396 ideo
876 4326 1233 4407 indecentem,
1257 4340 1381 4412 quia
1406 4340 1840 4409 inobedientem;
1877 4361 1898 4396 ι
1930 4343 2130 4402 dixisse

541 4446 629 4487 me
657 4431 738 4486 vis
762 4431 959 4502 putari,
990 4449 1010 4482 ί
1048 4446 1157 4486 non
1205 4446 1324 4487 eam
1350 4433 1596 4503 corpori,
1641 4448 1749 4489 non
1792 4434 1974 4492 animo
2009 4450 2131 4494 esse

542 4525 860 4595 subiectam,
892 4510 987 4580 sed
1019 4523 1130 4580 fera
1159 4525 1356 4582 virtute
1382 4540 1598 4597 semper
1636 4526 1972 4585 indomitam.
2011 4547 2033 4584 ι
2062 4529 2134 4587 At

543 4632 644 4689 ego
673 4617 817 4673 illam
854 4617 1104 4673 virtutem
1145 4618 1572 4689 nunquam‘dixi
1610 4633 1752 4687 esse,
1797 4619 1894 4677 sed
1923 4620 2132 4677 vitium.

544 4710 697 4780 Quod
725 4712 772 4766 si
803 4728 909 4766 non
946 4720 1191 4768 movetur
1218 4710 1674 4784 concupiscendo,
1716 4712 1845 4785 quid
1871 4721 1955 4771 est
1989 4714 2133 4786 quod

545 4803 806 4858 adversus
843 4818 963 4858 eam
1003 4803 1220 4859 castitas
1248 4803 1470 4861 dimicat
1495 4805 1865 4862 continendo?
1892 4805 1980 4865 ubi
2009 4817 2136 4864 sunt

548 4893 638 4947 illa
667 4908 785 4963 qua:
812 4893 1069 4950 adversus
1094 4909 1215 4950 eam
1244 4895 1525 4953 confessus
1550 4911 1611 4953 es
1637 4899 1880 4955 exerceri
1919 4910 2136 4957 sancto-

549 4999 666 5039 rum
703 5002 722 5036 ι
769 4984 997 5056 gloriosa
1044 4987 1374 5043 certamina?
1409 5007 1430 5042 ι
1463 4990 1729 5056 Quantum
1780 5007 1907 5063 ergo
1948 4994 2139 5051 attinet

549 5076 616 5131 ad
642 5076 977 5150 pudicitiam,
1005 5078 1146 5149 quod
1169 5079 1287 5150 eius
1313 5080 1550 5137 libidinis
1575 5085 1990 5155 expugnatione,
2035 5101 2138 5157 op-

551 5172 851 5243 pressione,
876 5171 1192 5239 frenattone,
1211 5181 1265 5228 et
1283 5173 1351 5228 ad
1370 5173 1500 5230 nihil
1520 5175 1761 5231 illicitum
1786 5178 2140 5248 permissione

553 5272 818 5333 servetur,
856 5264 962 5321 hoc
986 5264 1121 5321 dicis
1149 5265 1292 5337 quod
1329 5281 1429 5338 ego
1460 5284 1476 5323 :
1517 5266 1612 5323 sed
1651 5268 1795 5339 quod
1834 5286 2142 5343 expugnati-

553 5358 703 5426 dum,
730 5356 1162 5428 opprimendum,
1194 5357 1573 5415 refrenandum
1604 5369 1721 5426 est,
1749 5377 1820 5418 ne
1858 5361 1929 5418 ad
1958 5363 2140 5421 illicita

552 5451 746 5523 rapiat,
776 5451 969 5522 quibus
1011 5450 1217 5508 inhiare
1261 5468 1367 5509 non
1414 5463 1624 5523 cessat,
1672 5455 1873 5513 bonum
1921 5472 2041 5515 esse
2086 5469 2143 5516 tu

553 5544 711 5613 dicis,
742 5559 850 5600 non
874 5559 991 5615 ego.
1019 5544 1150 5611 Quis
1174 5554 1352 5601 autem
1383 5556 1623 5604 nostrum
1651 5565 1837 5607 verum
1863 5551 2026 5622 dicat,
2050 5553 2143 5625 iu-

554 5638 734 5695 dicent
761 5638 920 5707 casti,
945 5639 1307 5698 auscultantes
1332 5655 1439 5697 non
1468 5641 1663 5714 linguae
1687 5652 1822 5714 tua),
1854 5645 1949 5702 sed
1973 5662 2143 5719 expe-
2206 5694 2216 5701 .

556 5732 936 5828 rientizeusuze.
965 5731 1179 5828 iudicet
1216 5735 1536 5806 Apostolus,
1553 5736 1761 5809 dicens,
1798 5737 1960 5797 Video
1988 5726 2146 5828 aliam

621 5820 696 5890 (.9)
727 5821 902 5890 alludit
922 5823 983 5873 ad
1005 5830 1136 5875 Fers.
1162 5833 1253 5890 sat.
1278 5827 1328 5890 5,
1352 5842 1484 5883 vers.
1508 5832 1615 5890 103,
1644 5832 1749 5889 104.

625 5822 675 5878 (a
727 5822 902 5874 alludit
922 5823 983 5873 ad
1005 5830 1136 5875 Fers.
1162 5833 1253 5877 sat.
1278 5827 1310 5879 5
1352 5842 1484 5883 vers.
1508 5832 1600 5887 103

625 5822 700 5947 (ιζ
730 5885 858 5948 Apud
878 5894 980 5937 sm.
1007 5895 1060 5940 et
1080 5893 1178 5954 En,
1198 5889 1247 5943 5.
1312 5862 1328 5890 ’
1600 5872 1615 5898 ’

1259 455 1535 514 CONTRA
1574 444 1917 510 JULIANUM
1958 437 2426 507 PELAGIANUM,
2455 438 2513 496 S.
2554 438 2917 498 AUGUSTINI

3639 427 3749 490 800

2171 555 2331 625 legem
2361 555 2416 609 in
2441 554 2675 609 membris
2708 555 2851 619 meis,
2882 560 3245 624 repugnantem
3277 551 3376 622 legi
3402 550 3583 606 mentis
3608 566 3753 606 mea.

2241 647 2332 702 26.
2378 665 2398 700 ι
2436 645 2542 702 Sed
2586 645 2913 711 Patet-niani,
2944 663 2964 697 ι
2996 643 3193 714 inquis,
3229 661 3248 696 ι
3285 643 3553 714 iidemque
3578 642 3759 700 Venu-

2173 738 2333 793 stiani
2358 737 2594 793 haeretici
2619 736 2693 810 (a)
2723 737 2925 792 similes
2950 733 3276 801 Manichteis,
3302 733 3487 789 dicunt
3509 748 3541 788 a
3567 734 3763 791 lumbis

2148 847 2345 905 Lusque
2370 831 2439 887 ad
2464 831 2627 902 pedes
2653 830 2925 886 diabolum
2952 828 3144 884 fecisse
3175 842 3369 899 corpus
3392 827 3646 896 hominis,
3673 844 3765 884 su-

2178 926 2418 997 periores
2442 940 2572 985 vero
2612 933 2792 996 partes
2834 925 3000 979 Deum
3040 924 3185 978 velut
3226 938 3383 993 supra
3425 923 3607 980 basem
3657 922 3764 979 ali-

2180 1031 2339 1087 quam
2365 1018 2657 1073 collocasse
2686 1035 2697 1069 :
2727 1016 3036 1086 adduntque
3061 1015 3196 1069 nihil
3222 1014 3290 1070 ab
3328 1015 3557 1071 hominis
3585 1016 3765 1071 studio

2182 1108 2403 1180 requiri,
2429 1124 2588 1179 quam
2628 1119 2686 1165 ut
2713 1111 2890 1164 anima
2920 1124 3079 1179 quam
3120 1108 3176 1163 in
3206 1108 3481 1164 stomacho
3509 1118 3565 1164 et
3590 1110 3767 1179 capite

2185 1202 2429 1258 habitare
2454 1202 2657 1268 dicunt,
2684 1202 2880 1257 munda
2907 1209 3182 1258 servetur:
3212 1201 3405 1271 pubem
3429 1216 3560 1256 vero
3584 1201 3629 1256 si
3654 1215 3773 1255 om-

2186 1295 2333 1350 nium
2360 1293 2679 1366 flagitiorum
2713 1293 2960 1351 sordibus
2986 1294 3271 1361 oblinatur,
3321 1294 3471 1349 aiunt
3511 1292 3579 1349 ad
3620 1309 3771 1349 suam

2186 1403 2294 1446 non
2326 1390 2595 1459 pertinere
2621 1403 2824 1444 curam.
2857 1387 2933 1443 Ita
2978 1403 3214 1459 semper,
3250 1407 3271 1442 ι
3304 1388 3501 1458 inquis,
3531 1405 3551 1439 ‹
3590 1399 3646 1442 ut
3673 1387 3773 1458 ips;

2190 1483 2398 1540 libidini
2431 1483 2657 1553 turpiter
2683 1483 2940 1550 serviant,
2972 1482 3180 1538 titulum
3207 1481 3255 1537 ei
3283 1482 3521 1554 propriae
3543 1489 3777 1552 potesta-

2193 1576 2262 1632 tis
2291 1575 2533 1647 affigunt.
2574 1573 2740 1645 Cujus
2766 1574 3087 1645 cognatione
3129 1572 3430 1641 sententiae,
3482 1591 3504 1626 ι
3539 1572 3779 1642 posuisse

2193 1683 2284 1725 me
2312 1669 2365 1723 in
2396 1668 2534 1723 libro
2559 1682 2680 1724 meo
2701 1667 2941 1722 asseris:
2978 1684 2998 1718 ι
3030 1664 3267 1721 Arbitrio
3306 1662 3779 1720 verecundantium

2197 1760 2495 1824 velabatur,
2535 1758 2677 1829 quod
2708 1772 2816 1813 non
2845 1756 3066 1812 arbitrio
3096 1756 3387 1812 volentium
3428 1755 3779 1819 movebatur;

2198 1862 2254 1911 et
2279 1852 2421 1924 quod
2451 1868 2557 1907 non
2595 1852 2838 1907 serviens
2873 1850 3169 1915 voluntati,
3215 1864 3314 1905 suo
3346 1849 3469 1920 iure
3495 1863 3689 1919 corpus
3720 1847 3784 1903 li-

2172 1946 2327 2011 .bido
2366 1944 2681 2001 succendat.
2731 1963 2751 1997 ι
2782 1943 3050 2015 Numquid
3088 1943 3212 1999 ideo
3239 1943 3347 1998 vim
3381 1942 3624 1998 veritatis
3647 1941 3785 1998 effu-

2200 2054 2328 2111 gere
2354 2038 2573 2109 poteris,
2602 2038 2725 2108 quia
2762 2037 2918 2093 nobis
2957 2034 3333 2092 calumniando
3373 2035 3631 2105 importes
3656 2035 3674 2066 ¹
3700 2048 3788 2091 so-

2176 2133 2317 2197 ,cios
2349 2129 2633 2186 falsitatis?
2669 2128 2824 2198 Quod
2852 2129 2997 2185 enim
3040 2144 3140 2200 ego
3180 2128 3236 2183 in
3272 2127 3416 2183 libro
3460 2141 3584 2183 meo
3612 2126 3787 2198 posui,

2204 2226 2289 2281 cui
2318 2224 2510 2280 cedere
2534 2222 2738 2279 utinam
2774 2238 2934 2294 quam
2978 2223 3232 2279 resistere
3272 2221 3572 2289 maluisses,
3630 2219 3792 2291 longe

2124 2386 2131 2389 _
2205 2317 2368 2373 distat
2395 2316 2464 2372 ab
2490 2317 2605 2371 istis
2634 2315 2970 2372 Paternianis
2997 2330 3093 2371 seu
3124 2314 3484 2371 Venustianis.
3513 2315 3624 2386 Ego
3645 2314 3790 2369 enim

2208 2408 2504 2466 secundum
2530 2409 2848 2465 catholicam
2879 2407 3061 2476 fidem,
3081 2417 3262 2470 .totum
3291 2396 3578 2475 hominem,
3621 2415 3791 2463 totam

2210 2502 2414 2558 scilicet
2442 2503 2677 2557 animam
2710 2509 2982 2572 totumque
3005 2515 3202 2572 corpus
3226 2500 3341 2571 eius
3364 2500 3474 2556 Deo
3499 2514 3712 2556 summo
3736 2506 3794 2554 et

2209 2608 2340 2650 vero
2370 2593 2546 2649 tribuo
2571 2593 2839 2649 creatori:
2868 2592 3138 2649 diabolum
3162 2600 3341 2648 autem
3362 2591 3482 2648 dico
3502 2590 3794 2647 humanam

2214 2684 2299 2740 vel
2323 2684 2519 2756 aliquid
2550 2684 2665 2755 eius
2693 2699 2802 2741 non
2847 2699 3081 2751 creasse,
3128 2683 3224 2740 sed
3254 2684 3469 2739 vitiasse
3513 2692 3793 2750 naturam;

2213 2786 2508 2848 contraque
2534 2777 2705 2848 ipsam
2731 2776 3053 2833 diabolicam
3088 2777 3318 2849 plagam,
3346 2792 3467 2848 qua:
3495 2775 3592 2831 Dei
3619 2775 3798 2847 opitu-

2212 2869 2414 2926 latione
2440 2871 2676 2927 sananda
2706 2880 2791 2926 est
2808 2912 2825 2938 ,
2865 2870 3038 2927 donec
3059 2869 3129 2925 ab
3154 2884 3217 2925 ea
3247 2870 3460 2941 penitus
3488 2869 3795 2935 liberemur,

2219 2963 2374 3019 nobis
2403 2978 2525 3019 esse
2553 2963 2893 3034 pugnandum
2919 2981 2933 3020 :
2972 2977 3073 3019 nec
3105 2963 3338 3018 animam
3369 2978 3472 3033 qua
3500 2952 3694 3032 corpus
3718 2961 3799 3017 vi-

2215 3055 2314 3122 vit,
2342 3057 2647 3112 uuiversam
2675 3056 2926 3112 mundam
2950 3057 2995 3124 ³,
3024 3062 3281 3127 quantum
3306 3054 3361 3109 in
3388 3052 3489 3109 hac
3514 3053 3620 3109 vita
3649 3067 3803 3108 mun-

2218 3148 2319 3205 dus
2343 3148 2504 3204 homo
2531 3158 2633 3214 est,
2662 3160 2822 3219 posse
2849 3148 3084 3216 servari,
3127 3148 3172 3202 si
3207 3144 3651 3216 concupiscentia:
3676 3157 3804 3200 ear-

2218 3239 2305 3295 nis
2332 3238 2399 3294 ad
2426 3239 2622 3311 ﬂagitia
2650 3237 3005 3311 perpetranda
3032 3247 3087 3294 et
3122 3250 3346 3308 qumque
3373 3233 3643 3292 immunda
3666 3250 3805 3290 con-

2221 3333 2470 3391 senserit.
2499 3332 2769 3400 Quantum
2795 3346 2924 3404 ergo
2949 3331 3184 3402 pertinet
3204 3329 3273 3386 ad
3299 3329 3452 3386 istam
3480 3327 3804 3383 calumniam

2223 3434 2388 3493 tuam,
2421 3424 2679 3496 numquid
2708 3424 2876 3480 habes
2899 3424 3158 3479 adversus
3180 3424 3281 3480 ista
3307 3438 3425 3495 qua:
3449 3420 3628 3478 dicas?
3651 3420 3808 3490 Quod

2222 3516 2271 3572 si
2299 3532 2490 3587 parum
2516 3525 2621 3585 est,
2651 3531 2777 3572 ecce
2816 3516 3015 3571 damno
3050 3524 3107 3572 et
3134 3513 3542 3584 anathematizo
3583 3528 3648 3570 ea
3689 3527 3809 3585 qua:

2225 3610 2578 3666 Paternianos
2624 3624 2723 3666 seu
2762 3608 3118 3666 Venustianos
3160 3609 3362 3666 sentire
3405 3608 3625 3676 dixisti;
3673 3606 3811 3663 addo

2227 3702 2389 3758 etiam
2427 3700 2782 3757 Manichmos:
2828 3709 3083 3772 utrosque
3128 3715 3249 3758 cum
3295 3700 3506 3758 caeteris
3548 3697 3810 3755 haereticis

2227 3808 2501 3862 exsecror,
2527 3793 2745 3860 damno,
2771 3791 3187 3860 anathematizo,
3213 3791 3473 3850 detestor.
3501 3789 3640 3861 Quid
3664 3804 3812 3862 qua!-

2230 3887 2306 3943 ris
2329 3886 2601 3958 amplius?
2628 3887 2776 3941 Exue
2807 3895 2859 3942 te
2883 3886 3181 3953 calumniis,
3215 3884 3417 3941 viribus
3444 3884 3666 3951 luctare,
3706 3897 3814 3938 non

2231 3978 2525 4035 fraudibus.
2560 3977 2849 4049 Responde
2872 3978 3016 4036 unde
3054 3979 3144 4048 sit,
3193 3978 3281 4035 cui
3321 3978 3424 4034 nisi
3462 3983 3813 4049 repugnetur,

2231 4071 2377 4127 nulla
2407 4071 2626 4127 castitas
2653 4070 2971 4128 custoditur.
3013 4070 3134 4127 Non
3159 4080 3243 4127 est
3268 4080 3417 4127 certe
3444 4078 3632 4124 natura
3657 4078 3818 4140 atque

2231 4162 2549 4231 substantia,
2586 4161 2882 4218 secundum
2919 4160 3274 4217 Venustianos
3298 4170 3354 4217 et
3375 4159 3699 4216 Manichmos
3727 4176 3742 4214 :
3772 4159 3818 4215 si

2232 4270 2333 4311 nec
2357 4254 2540 4309 vitium
2568 4265 2775 4309 natura:
2803 4260 2906 4321 est,
2933 4251 3060 4324 quid
3084 4251 3212 4308 est?
3235 4251 3513 4321 Exsurgit,
3539 4251 3817 4322 opprime;

2235 4348 2505 4412 renititur,
2533 4346 2780 4416 refreno;
2811 4354 3090 4419 repugnat,
3119 4358 3386 4418 expugno.
3417 4345 3474 4401 ln
3505 4352 3612 4400 tota
3642 4343 3821 4400 anima

2236 4449 2291 4493 et
2317 4446 2429 4494 toto
2457 4453 2682 4507 corpore
2710 4439 3043 4496 conditorem
3072 4437 3245 4499 habeo
3282 4438 3429 4509 pacis
3467 4438 3633 4494 Deum
3658 4454 3673 4491 :
3700 4435 3823 4509 quis

2237 4530 2291 4586 in
2319 4545 2407 4587 me
2434 4530 2715 4586 seminavit
2743 4529 2847 4586 hoc
2873 4530 3116 4588 bellum?
3149 4529 3328 4595 Solve,
3369 4528 3646 4600 Apostolc,
3672 4543 3821 4599 qure-

2238 4624 2490 4692 stionem,
2531 4632 2691 4695 atque
2719 4623 3021 4695 responde:
3053 4623 3157 4679 Per
3181 4640 3340 4679 unum
3363 4623 3619 4679 [continent
3643 4637 3825 4693 pecca-

2240 4728 2346 4771 tum
2373 4718 2573 4772 iutravit
2601 4717 2654 4771 in
2679 4717 2944 4783 mundum,
2972 4726 3020 4771 et
3050 4733 3143 4787 per
3169 4724 3427 4788 peccatum
3464 4730 3601 4769 mors
3617 4729 3637 4779 ;
3679 4723 3727 4768 et
3752 4715 3827 4767 ita

2240 4809 2294 4863 in
2328 4825 2497 4864 omnes
2523 4808 2749 4862 homines
2773 4808 3083 4878 pertransiit,
3103 4807 3157 4862 in
3183 4824 3284 4879 quo
3303 4824 3476 4862 omnes
3499 4813 3830 4879 peccaverunt

2243 4899 2421 4972 (Rom.
2446 4898 2620 4970 v,l2).
2648 4898 2754 4954 Sed
2782 4913 2887 4954 non
2912 4899 3026 4954 vult
3049 4898 3311 4954 Julianus.
3342 4897 3412 4953 Et
3434 4897 3501 4952 ad
3531 4897 3652 4963 hoc,
3680 4896 3830 4968 Apo-

2244 4992 2379 5046 stole
2399 4990 2572 5055 beate,
2601 4989 2899 5059 responde:
2926 4989 2989 5045 Si
3006 4991 3118 5061 quis
3137 4989 3275 5045 vobis
3299 4988 3669 5044 annuntiaverit
3698 5002 3835 5058 pra:-

2244 5091 2320 5140 ter
2342 5084 2479 5151 quod
2505 5083 2787 5155 accepistis,
2814 5084 3085 5138 anathema
3112 5084 3177 5138 sit
3202 5083 3219 5150 (
3242 5082 3410 5137 Galat.
3441 5098 3479 5144 ι,
3512 5079 3606 5154 9).

2314 5176 2407 5232 27.
2437 5175 2545 5234 Sed
2578 5194 2600 5229 ‹
2635 5175 2682 5233 si
2723 5175 3047 5244 connivere,
3087 5195 3108 5230 ι
3141 5175 3281 5233 sicut
3319 5172 3486 5242 dicis,
3523 5192 3543 5227 ι
3580 5174 3839 5230 invictum

2247 5283 2370 5326 esse
2395 5267 2628 5326 libidinis
2656 5268 2852 5324 malum
2869 5309 2886 5336 ,
2919 5266 3211 5341 profitebor
3235 5282 3323 5323 me
3346 5281 3470 5323 esse
3494 5264 3839 5336 turpitudinis

2248 5361 2566 5418 advocatum
2589 5380 2604 5418 :
2644 5361 2690 5419 si
2714 5370 2895 5418 autem
2918 5360 3125 5429 dixero,
3162 5360 3363 5416 malum
3385 5375 3472 5416 me
3495 5358 3713 5431 quidem
3737 5357 3839 5413 hoe

2251 5456 2490 5511 naturale
2513 5455 2732 5520 dixisse,
2763 5455 2856 5512 sed
2881 5455 3023 5526 quod
3051 5455 3191 5511 vinci
3233 5453 3421 5526 possit,
3453 5452 3504 5507 id
3535 5461 3640 5520 est,
3670 5450 3843 5523 possit

2249 5547 2460 5615 caveri;
2502 5565 2521 5600 ι
2554 5547 2796 5619 protinus
2826 5555 2883 5602 tu
2907 5562 2972 5604 ex
2996 5546 3098 5602 alia
3126 5555 3277 5635 parte
3301 5545 3584 5602 sententia:
3611 5553 3714 5600 tua:
3739 5542 3841 5601 tri-

2318 5712 2335 5747 ί
2360 5709 2588 5774 Plerique
2609 5718 2738 5772 Mss.,
2760 5709 2990 5774 imputas.

2254 5772 2566 5894 dgnhqu‘ot
2618 5781 2726 5825 Mss.
2755 5807 2771 5837 ,
2826 5772 2922 5838 qua
2973 5784 3148 5839 corpus
3201 5772 3313 5826 vivit
3365 5773 3643 5828 tativersum
3693 5785 3842 5828 mum

2386 5876 2402 5894 .
2435 5856 2465 5890 e
2486 5855 2529 5893 c.

2386 5876 2402 5895 ο
2435 5855 2529 5893 etc.

2320 5904 2397 5968 (a)
2427 5905 2542 5956 Vide
2568 5904 2742 5957 librum
2763 5905 2828 5959 de
2851 5903 3153 5958 tlteresibus.
3179 5899 3302 5953 har.
3325 5900 3404 5953 85.
