4142 6520
318 346 416 403 801

319 439 526 512 pudias.
562 453 582 489 ι
619 435 848 492 Possunt
884 434 1027 490 enim
1067 432 1339 498 nomines,
1383 451 1402 485 ι
1433 411 1646 503 inquis,
1685 452 1704 486 ι
1741 449 1901 489 omne

317 533 485 586 vitare
510 541 804 602 peccatum,
827 544 948 584 cum
972 537 1195 600 possunt
1218 543 1434 584 vincere
1458 528 1902 598 concupiscentia:

314 621 536 678 malum.
557 620 613 677 Si
629 621 771 677 enim
793 619 960 675 libido
984 621 1226 676 naturale
1253 621 1449 674 malum
1476 629 1577 687 est,
1596 628 1650 674 et
1676 619 1902 673 vincitur

311 729 497 770 amore
522 713 765 777 virtutis;
795 713 963 768 multo
989 714 1157 782 magis
1187 733 1206 766 ι
1241 713 1375 769 dicis
1409 731 1428 765 ‹
1459 714 1546 768 illa
1572 713 1750 768 omnia
1777 713 1901 767 vitia

314 808 575 879 superari,
597 823 716 877 quae
731 806 798 862 de
815 806 927 862 sola
944 807 1214 862 voluntate
1227 807 1558 877 contingunt.
1585 825 1604 860 ι
1628 806 1744 862 Jam
1765 806 1904 860 mul-

317 905 382 954 tis
407 901 580 954 modis
604 899 671 953 ad
698 899 797 955 ista
825 907 1019 964 vestra,
1037 908 1090 953 et
1118 913 1260 967 saepe
1289 913 1602 968 reSpousum
1635 907 1735 954 est.
1767 897 1900 965 Quia

315 991 437 1046 dum
466 991 555 1046 hic
579 991 808 1046 vivimus
827 1033 842 1057 ,
871 990 958 1044 ubi
993 1004 1118 1045 caro
1144 990 1472 1060 concupiscit
1509 989 1765 1044 adversus
1791 988 1901 1058 spi-

315 1084 496 1146 ritum,
521 1095 577 1139 et
599 1084 817 1153 spiritus
833 1084 1085 1138 adversus
1099 1097 1312 1137 carnem
1339 1081 1530 1152 (Galat.
1549 1084 1630 1149 v,i
1642 1083 1718 1152 7),
1733 1097 1900 1151 quano

315 1175 562 1230 tmnlibet
586 1175 638 1230 in
666 1175 768 1229 isto
789 1175 1033 1230 conflictu
1058 1174 1358 1243 superiores
1384 1173 1574 1237 simus,
1606 1188 1704 1228 nec
1731 1189 1901 1228 mem-

313 1267 409 1322 bra
437 1279 617 1324 nostra
643 1269 992 1323 exhibeamus
1017 1282 1164 1320 arma
1190 1266 1485 1336 iniquitatis
1512 1276 1750 1336 peccato,
1770 1266 1901 1322 obes

311 1359 522 1414 dientes
559 1359 836 1414 desideriis
861 1360 976 1428 ejus
1021 1357 1197 1429 (Rom.
1227 1374 1276 1412 vi
1297 1399 1310 1421 ,
1343 1359 1412 1413 15
1432 1401 1447 1424 ,
1479 1357 1604 1431 19.);
1639 1369 1811 1412 tamen
1841 1365 1902 1413 ut

312 1462 517 1508 taceam
544 1454 612 1509 de
651 1454 893 1523 corporis
921 1453 1166 1507 sensibus
1187 1493 1201 1514 .
1231 1461 1285 1508 et
1315 1453 1368 1506 in
1395 1451 1555 1507 rebus
1575 1493 1590 1517 ,
1620 1452 1811 1521 quibus
1837 1451 1900 1504 li-

313 1546 416 1602 cite
443 1547 672 1612 utimur,
704 1545 1042 1614 subrepentis
1062 1545 1348 1614 voluptatis
1375 1543 1681 1598 excessibus
1701 1584 1716 1608 ,
1747 1543 1798 1596 in
1821 1542 1900 1611 ip-

313 1640 385 1693 sis
413 1647 560 1694 certc
589 1648 786 1692 nostra:
826 1637 1163 1707 cogitationis
1204 1637 1432 1691 molibus
1461 1644 1515 1690 et
1541 1634 1817 1690 affectibus
1855 1635 1901 1689 si

314 1732 588 1786 dixerimus
612 1732 730 1800 quia
761 1740 1019 1800 peccatum
1050 1747 1149 1784 non
1177 1729 1414 1783 habemus
1432 1769 1447 1793 ,
1480 1745 1570 1783 nos
1593 1729 1728 1797 ipsos
1751 1727 1900 1781 sedu-
1927 1761 1932 1764 -

313 1826 500 1889 cimus,
531 1834 577 1877 et
605 1824 783 1878 veritas
809 1824 862 1876 in
893 1824 1032 1876 nobis
1062 1840 1161 1876 non
1188 1833 1258 1875 est
1290 1823 1331 1894 (l
1356 1822 1510 1876 Joan.
1560 1837 1609 1884 ι,
1652 1820 1727 1892 8).
1761 1819 1900 1874 Fru-

313 1929 418 1974 stra
451 1920 609 1990 igitur
635 1919 686 1973 in
714 1918 814 1972 alia
845 1927 946 1972 tute
971 1917 1250 1972 sententia:
1282 1926 1430 1986 parte
1457 1915 1716 1984 tripudias
1748 1930 1762 1967 :
1797 1914 1899 1969 nisi

313 2011 449 2066 forte
492 2010 810 2066 sententiam
839 2009 1058 2064 Joannis
1084 2009 1306 2078 apostoli
1346 2008 1603 2077 sacrilega
1633 2022 1897 2076 praesum-

315 2101 491 2172 ptione
519 2099 787 2170 repudias.
816 2100 968 2167 Quod
995 2108 1168 2153 autem
1202 2114 1341 2153 nunc
1366 2100 1539 2170 agitur
1559 2137 1573 2163 ,
1601 2098 1897 2154 naturalem

314 2207 431 2247 esse
461 2190 734 2246 libidinem
762 2200 816 2246 et
831 2206 931 2260 ego
957 2190 1098 2256 dico,
1120 2190 1240 2259 quia
1271 2205 1391 2244 cum
1416 2190 1500 2242 illa
1529 2189 1761 2244 nascitur
1781 2203 1898 2242 om-

314 2283 396 2338 nis
425 2283 618 2346 homo;
647 2291 703 2337 et
728 2292 782 2336 tu
821 2283 995 2336 multo
1023 2282 1250 2351 amplius
1271 2323 1285 2345 ,
1317 2282 1406 2352 qui
1439 2281 1573 2335 dicis
1603 2279 1745 2350 quod
1773 2294 1895 2334 cum

313 2374 401 2429 illa
425 2374 497 2429 sit
521 2373 765 2429 conditus
789 2373 995 2444 primus
1020 2373 1198 2436 homo.
1232 2373 1360 2427 item
1387 2373 1402 2404 ί
1435 2372 1746 2427 vincendam
1777 2386 1898 2426 esse

313 2465 584 2521 libidinem
606 2508 622 2532 ,
652 2475 812 2535 atque
842 2473 898 2519 ut
925 2465 1170 2519 vincatur
1212 2465 1260 2520 ei
1307 2464 1664 2519 resistendum
1694 2479 1816 2519 esse
1844 2469 1900 2518 et

311 2559 710 2628 repugnandum
731 2600 746 2620 ,
791 2567 845 2613 et
872 2573 972 2628 ego
999 2557 1120 2613 dico
1140 2599 1155 2623 ,
1205 2567 1260 2612 et
1291 2569 1380 2622 tu,
1426 2573 1496 2613 ne
1523 2573 1550 2611 a
1584 2574 1670 2612 me
1716 2557 1898 2612 audias

309 2650 453 2720 quod
479 2649 609 2704 mihi
638 2651 751 2718 ipse
778 2649 990 2716 dixisti,
1027 2669 1044 2701 ‹
1084 2650 1322 2720 profiteri
1351 2658 1405 2706 te
1433 2651 1772 2720 turpitudinis
1798 2650 1897 2705 ad-

310 2752 592 2809 vocatum,
623 2744 665 2796 si
711 2743 976 2798 libidinem
1007 2744 1284 2813 negaveris
1327 2757 1446 2798 esse
1471 2742 1784 2798 viucendam
1819 2759 1832 2795 :
1872 2760 1893 2795 ι

307 2850 424 2904 qua:
454 2833 639 2903 utique
683 2849 788 2888 non
822 2833 1078 2896 vincitur,
1112 2835 1157 2887 si
1199 2833 1403 2887 nullum
1436 2849 1555 2887 cum
1585 2848 1648 2887 ea
1695 2832 1898 2902 geritur

309 2927 526 2983 bellum.
558 2925 690 2981 Cum
726 2926 884 2997 igitur
913 2926 1185 2982 libidinem
1231 2934 1285 2980 et
1313 2925 1608 2980 naturalem
1656 2941 1810 2992 esse,
1843 2933 1900 2981 et

309 3017 443 3072 vinci
493 3032 684 3087 posse,
729 3017 889 3072 ambo
927 3018 1200 3083 dicamus;
1243 3026 1420 3071 utrum
1471 3015 1671 3071 bonum
1710 3017 1894 3072 viaea-

307 3126 443 3176 mus,
469 3125 538 3164 an
569 3111 790 3176 malum,
838 3111 949 3180 ipsa
977 3111 1115 3166 inter
1140 3125 1238 3164 nos
1264 3109 1488 3164 vertitur
1509 3109 1753 3179 qurestio.
1787 3107 1895 3164 Sed

271 3247 278 3253 .
309 3204 424 3260 vide
452 3220 611 3275 quam
658 3205 734 3259 sis
774 3204 1036 3260 absurdus
1058 3245 1072 3268 ,
1100 3204 1190 3274 qui
1229 3212 1282 3258 et
1307 3203 1385 3258 sic
1407 3204 1427 3234 '
1460 3202 1668 3257 hostem
1694 3201 1774 3256 vis
1797 3217 1898 3257 ex-

306 3311 539 3366 pugnare
587 3295 897 3362 libidinem,
929 3304 984 3351 et
1025 3295 1092 3350 de
1121 3296 1262 3350 malo
1305 3295 1421 3364 ejus
1464 3310 1568 3349 non
1612 3294 1694 3349 vis
1739 3293 1895 3350 linire

305 3388 687 3458 qutestionem;
721 3395 778 3442 ut
803 3388 847 3442 si
880 3397 933 3443 te
975 3387 1027 3442 in
1055 3387 1498 3458 concupiscentiae
1525 3387 1765 3442 diabolus
1793 3386 1894 3441 ad-

307 3481 562 3534 versitate
604 3495 705 3534 nou
738 3479 958 3548 vicerit,
997 3479 1176 3534 vincat
1217 3487 1268 3534 te
1307 3479 1358 3533 in
1392 3479 1740 3549 perversitate
1766 3491 1894 3533 sen-

310 3570 510 3624 tentias.

379 3659 474 3714 28.
507 3658 693 3715 Adhuc
714 3675 816 3716 non
841 3660 1096 3732 evigilas,
1141 3669 1197 3716 ut
1225 3659 1487 3730 intelligas
1517 3669 1752 3714 nostram
1794 3675 1893 3714 na-

309 3761 483 3807 turam
512 3768 616 3808 non
644 3769 795 3818 esse,
820 3753 914 3809 sed
944 3754 1165 3819 vitium,
1193 3761 1378 3808 contra
1402 3753 1542 3824 quod
1574 3755 1769 3808 virtute
1797 3769 1897 3824 pu-

305 3847 574 3917 gnamus?
599 3846 780 3917 Neque
805 3847 948 3902 enim
977 3847 1118 3901 bono
1155 3847 1347 3900 bonum
1369 3886 1385 3910 ,
1416 3845 1508 3900 sed
1549 3845 1688 3899 bono
1714 3846 1894 3914 utique

309 3937 503 3992 malum
532 3938 815 3992 vincimus.
832 3936 1121 3992 Considera
1152 3952 1271 3992 cum
1295 3951 1401 4007 quo
1429 3937 1624 4002 vincat,
1647 3951 1769 3990 cum
1786 3951 1894 4006 quo

308 4029 568 4084 vincatur.
594 4029 820 4096 Quando
843 4029 986 4083 enim
1029 4027 1192 4082 libido
1216 4028 1380 4082 vincit
1397 4069 1412 4092 ,
1439 4027 1605 4082 vincit
1628 4036 1680 4082 et
1705 4027 1895 4081 diabo-

312 4123 389 4176 lus
421 4141 434 4176 :
467 4123 681 4194 quando
725 4122 892 4177 libido
935 4121 1199 4188 vincitur,
1249 4132 1303 4176 et
1350 4120 1596 4176 diabolus
1643 4121 1894 4175 vincitur.

309 4213 474 4281 Quem
503 4230 632 4284 ergo
663 4214 831 4268 vincit
855 4213 1037 4279 libido,
1066 4221 1121 4268 et
1148 4229 1176 4266 a
1205 4228 1311 4284 quo
1343 4213 1590 4277 vincitur,
1621 4213 1790 4266 hostis
1814 4220 1898 4266 est

307 4307 426 4377 ejus
458 4324 474 4360 :
505 4322 628 4362 cum
659 4322 764 4378 quo
807 4316 984 4363 autem
1029 4307 1188 4362 vincit
1217 4315 1272 4361 et
1295 4307 1559 4373 vincitur,
1605 4315 1792 4360 auctor
1817 4313 1901 4360 est

305 4400 452 4471 ejus.
481 4399 632 4470 Rogo
657 4408 730 4463 te,
751 4400 933 4455 oculos
958 4401 1124 4471 aperi,
1148 4408 1201 4454 et
1223 4415 1383 4454 cerne
1406 4414 1520 4468 qua:
1547 4407 1728 4468 aperta
1751 4406 1897 4453 sunt.

306 4475 468 4548 Nulla
487 4506 663 4562 pugna
680 4500 762 4546 est
784 4492 896 4546 sine
918 4493 1074 4547 malo.
1099 4491 1320 4559 Quando
1339 4491 1481 4546 enim
1510 4499 1790 4560 pugnatur,
1808 4496 1902 4544 aut

310 4584 514 4639 bonum
547 4590 745 4653 pugnat
772 4592 825 4637 et
864 4582 1056 4637 malum
1076 4624 1090 4648 ,
1124 4592 1214 4636 aut
1240 4583 1436 4636 malum
1465 4591 1519 4636 et
1548 4581 1742 4635 malum
1767 4621 1782 4646 ,
1810 4589 1900 4636 aut

308 4677 354 4730 si
377 4676 486 4731 duo
512 4674 652 4730 bona
679 4675 816 4730 inter
838 4689 897 4730 se
921 4684 1173 4746 pugnant,
1205 4675 1316 4744 ipsa
1343 4689 1516 4745 pugna
1541 4683 1623 4728 est
1647 4689 1900 4744 magnum

311 4769 530 4822 malum.
563 4767 715 4836 Quod
741 4767 792 4822 in
823 4783 1048 4837 corpore
1073 4767 1287 4838 quando
1314 4767 1591 4836 contingit,
1620 4777 1762 4822 utea
1785 4767 1901 4836 qui-

310 4860 407 4916 bus
446 4869 690 4927 constat,
720 4860 772 4915 id
815 4871 898 4916 est
924 4861 1202 4915 humidum
1231 4868 1285 4915 et
1311 4860 1508 4914 siccum
1529 4902 1543 4925 ,
1575 4859 1805 4915 calidum
1845 4867 1902 4914 et

310 4951 560 5022 frigidum
579 4992 594 5017 ,
619 4952 866 5022 quamvis
896 4953 1003 5006 sint
1029 4952 1167 5006 inter
1189 4967 1247 5006 se
1273 4951 1537 5006 contraria
1560 4991 1574 5016 ,
1601 4965 1786 5020 pacem
1815 4965 1901 5004 se-

307 5059 430 5098 cum
472 5045 921 5116 coneordiamque
951 5061 1056 5099 non
1098 5053 1348 5110 teneant,
1394 5044 1566 5100 morbi
1593 5043 1899 5114 aegrotatio-

309 5152 514 5206 nesque
540 5145 851 5192 nascuntur.
885 5137 952 5192 Et
975 5137 1095 5207 quis
1123 5137 1318 5192 audeat
1341 5137 1521 5193 dicere
1539 5178 1555 5203 ,
1587 5135 1782 5206 aliquid
1809 5150 1901 5189 eo-

308 5243 426 5283 rum
445 5245 550 5283 non
567 5244 687 5285 esse
705 5229 924 5294 bonum;
943 5245 1063 5285 cum
1085 5231 1260 5285 omnis
1281 5239 1522 5285 creatura
1547 5230 1638 5284 Dei
1655 5229 1790 5284 bona
1808 5229 1896 5292 sit,

304 5329 364 5376 et
387 5320 705 5376 benedicant
729 5321 782 5376 in
815 5321 1015 5393 hymno
1038 5322 1197 5376 trium
1223 5337 1509 5392 puerorum
1540 5321 1702 5391 frigus
1728 5328 1782 5375 et
1801 5336 1901 5375 tes-

306 5420 395 5465 tus
418 5411 697 5468 Dominum
726 5411 886 5482 (Dan.
916 5428 970 5466 Ill
991 5455 1005 5478 ,
1036 5412 1168 5481 67)?
1195 5414 1322 5478 Qua:
1347 5412 1485 5468 inter
1509 5427 1568 5468 se
1593 5412 1855 5466 contraria
1881 5452 1896 5478 ,

306 5513 524 5560 servant
551 5515 728 5559 tamen
769 5519 866 5574 pro
895 5519 1074 5560 rerum
1106 5505 1468 5560 incolumitate
1507 5503 1844 5560 concordiam
1881 5518 1894 5554 :

370 5711 388 5743 ι
412 5708 552 5770 ῐιΔὶιί,
575 5713 662 5760 Ita.
687 5708 858 5758 Melius
879 5714 1009 5770 δίει,
1038 5713 1175 5759 Item.

366 5774 389 5844 ξ
428 5779 496 5824 tta
540 5768 860 5823 'rloriacensis
909 5768 1002 5822 Ms.
1054 5779 1108 5821 At
1159 5769 1310 5830 editi,
1361 5776 1408 5821 et
1459 5768 1626 5832 sicut;
1682 5771 1858 5817 omisso

301 5845 406 5902 φη.

1659 335 1862 396 LIBER
1893 338 2214 409 QUINTUS.

3491 358 3599 419 802

2017 451 2139 490 cum
2165 451 2292 492 vero
2320 437 2372 491 in
2415 447 2600 496 nostro
2626 455 2849 512 corpore
2878 441 3213 516 discrepant,
3259 462 3481 518 seseque
3511 455 3595 507 in-

2014 529 2184 584 vicem
2213 541 2550 602 oppuguant,
2597 535 2844 592 valetudo
2874 539 3134 595 turbatur.
3163 541 3231 596 Et
3257 541 3357 598 hoc
3384 553 3550 598 totum
3575 586 3595 610 ,

2010 621 2147 677 sicut
2171 624 2280 692 ipsa
2308 639 2476 693 mors,
2497 628 2565 683 de
2591 632 2790 699 peccati
2809 631 2950 688 illius
2977 637 3358 706 propagatione
3375 639 3596 695 descen-

2009 710 2104 767 dit.
2131 713 2315 784 Neque
2343 717 2486 773 enim
2512 726 2567 773 et
2609 718 2723 776 haec
2765 725 3044 794 quisquam
3089 727 3317 796 dixerit,
3348 732 3391 785 si
3437 747 3597 787 nemo

2008 817 2314 876 peccasset,
2350 825 2448 864 nos
2478 811 2532 865 in
2559 812 2645 866 illa
2674 813 2999 873 beatitudine
3026 821 3257 888 paradisi
3284 822 3445 878 fuisse
3475 839 3600 894 pas—

2009 911 2182 953 suros.
2213 898 2317 954 Sed
2345 902 2464 957 alia:
2506 913 2630 958 sunt
2676 921 2851 960 rerum
2884 911 3240 978 corporalium
3273 915 3555 982 qualitates
3577 957 3593 982 .

2007 1006 2125 1060 qum
2155 1007 2336 1048 secum
2367 1009 2396 1048 a
2427 997 2708 1052 contrariis
2754 1008 3119 1069 temperantur
3149 1014 3204 1057 ut
3248 1006 3384 1060 bene
3417 1009 3595 1063 valea-

2007 1097 2152 1147 mus;
2177 1093 2230 1138 et
2254 1100 2374 1139 cum
2403 1087 2508 1141 sint
2535 1088 2585 1140 in
2613 1087 2825 1144 diverso
2854 1107 3049 1160 genere
3076 1093 3247 1158 bonae,
3276 1105 3450 1151 tamen
3471 1113 3594 1154 cum

2006 1170 2333 1241 discordant,
2367 1177 2559 1232 malam
2585 1180 2942 1236 valetudinem
2969 1181 3169 1239 faciunt
3195 1201 3209 1249 ;
3252 1196 3306 1240 et
3329 1189 3446 1242 alia:
3472 1200 3595 1245 sunt

2006 1267 2198 1322 anima:
2225 1269 2572 1339 cupiditates,
2621 1288 2738 1341 qua:
2781 1283 3061 1344 propterea
3101 1275 3281 1331 carnis
3307 1279 3555 1334 dicuntur
3580 1322 3594 1346 ,

2006 1360 2129 1428 quia
2172 1361 2461 1415 secundum
2490 1379 2705 1419 carnem
2745 1367 2920 1419 anima
2962 1368 3322 1437 concupiscit,
3351 1385 3472 1424 cum
3520 1373 3597 1426 sic

2005 1455 2365 1523 concupiscit,
2398 1465 2456 1510 ut
2484 1457 2532 1510 ei
2563 1458 2778 1526 spiritus
2798 1500 2814 1525 ,
2843 1457 2895 1512 id
2923 1469 3004 1513 est
3031 1475 3154 1530 pars
3181 1461 3299 1530 ejus
3325 1462 3517 1516 melior
3544 1471 3598 1518 et

2006 1546 2268 1615 superior,
2289 1548 2480 1602 debeat
2500 1565 2814 1620 repugnare.
2836 1552 3074 1622 Denique
3095 1553 3194 1608 ista
3213 1554 3336 1608 vitia
3359 1533 3463 1611 non
3486 1572 3596 1611 mc-

2005 1635 2152 1691 dicos
2179 1638 2314 1692 ullos
2337 1654 2620 1708 corporum
2647 1652 2913 1711 quaerunt,
2935 1644 3029 1698 sed
3057 1645 3224 1714 gratia
3251 1645 3452 1700 Christi
3483 1661 3598 1702 me-

2005 1728 2216 1784 dicante
2240 1741 2525 1786 curantur:
2548 1734 2716 1804 prius,
2739 1745 2794 1788 ut
2818 1744 2968 1789 reatu
2985 1751 3092 1789 non
3121 1746 3357 1803 teneant;
3375 1737 3593 1805 deinde,

2005 1829 2064 1874 ut
2087 1821 2336 1875 conflictu
2368 1838 2473 1877 non
2503 1825 2750 1892 vincant;
2779 1835 3070 1896 postremo,
3095 1837 3151 1881 ut
3177 1829 3320 1882 omni
3351 1844 3414 1884 ex
3443 1839 3596 1899 parte

2005 1921 2188 1966 sanata
2233 1913 2376 1967 nulla
2404 1916 2621 1970 omnino
2668 1927 2997 1974 remaneant.
3032 1920 3264 1976 Proinde
3306 1937 3426 1976 cum
3457 1922 3596 1978 mala

2003 2005 2379 2074 concupiscere
2407 2008 2602 2062 malum
2629 2010 2715 2075 sit,
2742 2019 2796 2066 et
2821 2011 2957 2066 bona
2983 2013 3364 2083 concupiscere
3391 2013 3590 2068 bonum

2003 2095 2092 2162 sit,
2121 2105 2278 2166 atque
2307 2097 2408 2153 hoc
2434 2098 2630 2154 bellum
2665 2102 2917 2171 quamdiu
2946 2102 3032 2156 hic
3058 2103 3251 2157 vivitur
3297 2119 3400 2158 non
3439 2104 3594 2173 quie-

2003 2200 2140 2258 scat,
2169 2207 2290 2247 cum
2317 2209 2442 2248 caro
2466 2195 2794 2265 concupiscit
2823 2195 3078 2251 adversus
3101 2197 3369 2266 spiritum,
3399 2207 3454 2252 et
3479 2197 3593 2266 spi-

2003 2282 2136 2337 ritus
2163 2283 2416 2339 adversus
2441 2301 2691 2353 carnem;
2730 2286 2850 2356 quis
2879 2303 2962 2342 me
2990 2287 3235 2342 liberabit
3259 2289 3326 2342 de
3367 2301 3596 2356 corpore

2003 2377 2190 2430 mortis
2215 2377 2393 2446 hujus,
2420 2379 2518 2432 nisi
2547 2380 2715 2448 gratia
2744 2379 2837 2434 Dei
2866 2395 2961 2449 per
2985 2379 3164 2435 Jesum
3195 2380 3463 2434 Christum
3489 2381 3594 2434 Do-

2003 2467 2205 2522 minum
2249 2470 2528 2523 nostrum?
2554 2467 2650 2524 Cui
2688 2471 2872 2540 gratiae
2902 2471 3060 2526 nimis
3099 2470 3372 2525 inimicum
3399 2470 3591 2542 dogma

2004 2557 2365 2614 horrescimus
2393 2571 2651 2615 vestrum.

2072 2648 2163 2705 29.
2195 2650 2299 2705 Sed
2328 2652 2407 2705 vir
2431 2652 2770 2718 fortissimus,
2801 2661 3180 2707 nocturnorum
3210 2662 3265 2709 et
3293 2653 3338 2709 si
3363 2669 3468 2709 non
3494 2653 3592 2708 ad-

2002 2740 2364 2806 ministrator,
2409 2753 2554 2797 certe
2598 2743 2906 2798 exhortator
2951 2745 3370 2815 pra-dicatorque
3419 2744 3591 2799 bello-

2002 2846 2144 2898 rum,
2183 2849 2201 2882 ι
2229 2846 2478 2887 enervem
2511 2843 2565 2888 et
2593 2834 2807 2889 mollem
2837 2849 2956 2892 esse
2993 2853 3011 2886 ι
3046 2835 3181 2890 dicis
3215 2854 3234 2886 ι
3264 2835 3591 2905 opinionem,

2003 2938 2104 2992 qua
2132 2925 2368 2979 creditur
2395 2926 2447 2980 in
2476 2927 2724 2995 paradiso
2751 2927 2814 2981 ad
2844 2938 3029 2982 nutum
3057 2929 3346 2983 voluntatis
3381 2929 3591 3000 genita-

2003 3015 2071 3070 lia
2095 3019 2330 3086 potuisse
2353 3020 2575 3075 servire.
2613 3038 2635 3070 ›
2673 3021 2842 3075 Tanto
2867 3021 3009 3076 enim
3037 3021 3168 3087 tibi,
3200 3033 3450 3092 tanquam
3477 3022 3593 3079 viro

2002 3116 2151 3162 casto
2170 3148 2186 3174 ,
2215 3109 2568 3165 eil'eminatior
2590 3111 2803 3166 videtur
2828 3128 2949 3167 esse
2975 3113 3184 3167 animus
3205 3153 3219 3177 ,
3244 3122 3443 3182 quanto
3473 3113 3592 3183 plus

2004 3197 2162 3254 habet
2185 3202 2461 3270 potestatis
2481 3201 2535 3255 in
2560 3217 2774 3272 corpus.
2802 3200 2907 3257 Sed
2937 3218 3062 3258 ecce
3091 3220 3196 3258 non
3225 3203 3497 3260 vobiscum
3522 3204 3592 3260 de

2002 3290 2233 3346 libidinis
2259 3293 2496 3348 absentia
2542 3295 2894 3363 praesentiave
2935 3297 3309 3352 contendimus
3329 3338 3346 3365 ,
3379 3311 3480 3352 nec
3507 3297 3591 3351 di-

2002 3381 2282 3438 lectionem
2309 3401 2466 3454 quam
2498 3385 2694 3442 debere
2723 3402 2818 3441 vos
2845 3387 2895 3442 ei
2922 3388 3196 3455 videmus,
3229 3389 3587 3456 offendimus;

2001 3473 2190 3528 saltem
2218 3475 2386 3543 ipsam
2414 3477 2623 3531 subdite
2649 3479 2936 3533 voluntatis
2965 3480 3188 3550 imperio
3214 3481 3269 3535 in
3299 3481 3390 3535 illo
3417 3481 3590 3537 felici-

2001 3565 2126 3619 tatis
2150 3567 2286 3621 loco.
2315 3567 2534 3622 Auferte
2563 3568 2685 3623 inde
2712 3570 3165 3625 evidentissimum
3198 3587 3445 3642 pugnam,
3471 3589 3591 3642 qua:

2003 3655 2063 3711 fit
2087 3658 2202 3728 ejus
2247 3660 2466 3714 motioni
2507 3670 2685 3716 mente
2712 3663 2972 3716 renitente
3005 3680 3017 3714 :
3050 3663 3259 3718 auferte
3305 3663 3430 3718 inde
3473 3674 3590 3718 tur-

2002 3752 2274 3821 pissimam
2304 3768 2510 3823 pacem,
2537 3770 2656 3823 qua:
2685 3754 2740 3807 fit
2766 3754 2879 3825 ejus
2902 3754 3246 3808 dominationi
3272 3765 3450 3810 mente
3471 3769 3592 3810 ser-

2005 3843 2198 3897 viente.
2231 3845 2292 3898 Et
2323 3852 2488 3909 certe,
2517 3845 2639 3914 quia
2672 3860 2774 3897 non
2807 3860 2923 3899 eam
2956 3845 3112 3898 talem
3140 3844 3348 3909 videtis,
3378 3845 3591 3915 qualem

2003 3932 2077 3988 ibi
2101 3935 2444 3999 constituere,
2469 3935 2512 3989 si
2540 3936 2744 3989 ratione
2771 3951 2876 3988 non
2904 3935 3249 4001 revocamini,
3281 3935 3483 4005 pudore
3501 3951 3593 3990 co-

2003 4025 2211 4096 gimini,
2232 4027 2282 4080 in
2310 4041 2373 4080 ea
2390 4027 2560 4096 qualis
2579 4041 2719 4081 nunc
2744 4035 2826 4080 est
2844 4027 3026 4080 vitium
3046 4027 3302 4097 originale
3329 4026 3589 4094 fatemini;

2003 4119 2088 4173 cui
2116 4119 2160 4173 si
2187 4118 2449 4173 servimus
2476 4119 2712 4188 perimus
2733 4159 2748 4183 ,
2780 4119 2863 4172 cui
2908 4133 3267 4187 repugnamus
3294 4133 3361 4172 ne
3386 4117 3591 4172 servia-

2003 4224 2142 4265 mus.
2172 4211 2309 4266 Ecce
2334 4210 2476 4280 quod
2515 4210 2727 4276 laudas,
2757 4225 2856 4264 nec
2883 4211 3038 4264 times
3065 4225 3129 4263 ne
3158 4209 3250 4262 tibi
3291 4210 3464 4279 potius
3493 4209 3592 4263 ad-

2005 4316 2224 4357 moneas
2249 4317 2368 4357 esse
2391 4301 2709 4369 dicendum,
2749 4300 2890 4371 quod
2919 4301 2984 4355 ad
3014 4302 3210 4371 flagitia
3238 4300 3470 4355 concites
3498 4300 3590 4354 ho-

2005 4393 2199 4460 mines,
2219 4408 2286 4448 ne
2311 4393 3042 4462 resistantc0ncupisccnlitn,
3061 4409 3218 4462 quam
3241 4393 3379 4446 sicut
3397 4393 3592 4447 bonum

2005 4487 2243 4542 naturale
2268 4485 2634 4541 commendas.
2662 4485 2799 4554 Quid
2825 4486 2965 4540 enim
2999 4494 3051 4540 te
3077 4485 3307 4554 adjuvat,
3340 4485 3481 4554 quod
3509 4501 3587 4538 rc-

2005 4580 2338 4651 prehendere
2354 4578 2547 4634 videris
2565 4579 2681 4648 ejus
2702 4592 3004 4643 excessum,
3026 4577 3179 4645 cujus
3195 4576 3460 4646 approbas
3482 4591 3594 4630 mo-

2006 4674 2151 4728 tum?
2173 4674 2323 4728 Tunc
2348 4672 2487 4726 enim
2513 4671 2724 4727 excedit
2747 4672 2948 4726 licitum
2978 4670 3222 4736 limitem,
3245 4669 3459 4740 quando
3479 4669 3596 4739 ejus

2005 4768 2238 4824 motibus
2265 4767 2490 4822 ceditur.
2516 4765 2650 4820 Mala
2676 4775 2756 4820 est
2785 4774 2964 4818 tamen
2991 4771 3046 4818 et
3071 4763 3284 4834 quando
3311 4777 3417 4817 non
3448 4763 3596 4817 cedi-

2007 4872 2125 4927 tur;
2157 4861 2278 4932 quia
2306 4861 2446 4915 malo
2483 4859 2751 4914 resistitur
2771 4902 2783 4923 ,
2816 4874 2882 4913 ne
2909 4858 3108 4913 bonum
3137 4855 3400 4912 castitatis
3427 4856 3598 4909 inter-

2005 4966 2126 5022 eat,
2158 4957 2201 5010 si
2230 4954 2352 5009 huic
2376 4954 2516 5008 malo
2543 4969 2648 5008 non
2693 4953 2991 5007 resistatur.
3037 4950 3208 5018 Quam
3237 4958 3293 5003 tu
3339 4964 3459 5002 cum
3503 4947 3600 5000 bo-

2005 5065 2126 5103 nam
2154 5047 2466 5102 naturaliter
2492 5045 2626 5100 dicis
2645 5085 2660 5111 ,
2691 5053 2865 5099 astute
2909 5043 2984 5097 illi
3013 5057 3226 5112 semper
3253 5039 3600 5095 consentien-

2005 5141 2129 5196 dum
2154 5155 2272 5195 esse
2298 5139 2560 5203 decernis;
2583 5155 2649 5193 ne
2675 5137 2858 5193 renisu
2886 5137 3129 5205 improbo
3155 5143 3482 5204 repugnetur
3509 5147 3603 5184 nae

2005 5233 2160 5289 turali
2182 5234 2341 5288 bono.
2373 5231 2442 5286 Ita
2462 5231 2658 5302 quippe
2680 5238 2857 5302 potest
2881 5229 3129 5285 facillime
3153 5242 3279 5282 vera
3302 5240 3420 5281 esse
3441 5224 3599 5279 etiam

2005 5327 2092 5382 illa
2117 5335 2291 5382 vestra
2335 5326 2598 5381 sententia
2619 5367 2634 5390 ,
2666 5339 2769 5393 qua
2799 5323 2974 5378 dicitis
3016 5322 3285 5377 hominem
3331 5320 3447 5373 sine
3474 5329 3601 5386 pec-

2004 5431 2125 5476 cato
2153 5435 2270 5475 esse
2311 5419 2354 5474 si
2385 5418 2530 5474 velit.
2559 5415 2676 5472 Non
2707 5425 2790 5472 est
2813 5417 2954 5470 enim
2983 5413 3252 5484 quomodo
3279 5411 3435 5465 faciat
3458 5405 3600 5477 quod

2005 5529 2110 5566 non
2136 5513 2279 5578 licet,
2308 5509 2520 5580 quando
2547 5508 2670 5563 licet
2695 5505 2947 5578 quidquid
2975 5506 3122 5572 libet,
3151 5503 3271 5574 quia
3295 5503 3493 5557 bonum
3519 5506 3602 5553 est

2004 5606 2147 5678 quod
2178 5605 2490 5662 naturaliter
2534 5602 2681 5658 libet.
2727 5601 2782 5656 Si
2825 5616 2953 5669 ergo
2982 5599 3208 5662 adsunt,
3243 5592 3604 5664 voluptatibus

2004 5703 2307 5774 perfruatur
2339 5717 2352 5754 :
2387 5699 2430 5753 si
2462 5705 2640 5752 autem
2682 5711 2790 5750 non
2818 5693 3044 5757 adsunt,
3074 5690 3204 5761 ipsis
3232 5702 3414 5742 earum
3455 5685 3605 5760 cogi—

2007 5799 2331 5862 tationibus,
2361 5796 2500 5850 sicut
2543 5791 2776 5864 Epicuro
2823 5786 2995 5842 visum
3045 5793 3126 5840 est
3146 5823 3162 5853 ,
3192 5782 3485 5838 oblectetur
3506 5823 3522 5852 ,
3551 5789 3606 5837 et
