4142 6524
336 466 481 542 quod
498 472 567 525 ad
595 458 780 524 earum
809 471 944 537 opus
965 464 1235 537 pertinet,
1266 465 1525 534 peragunt
1565 461 1783 531 nuptiae;
1810 458 1917 516 Sed

336 560 457 633 qitll
487 563 599 630 ipse
626 559 765 615 fetus
796 556 1123 613 damnatum
1154 548 1409 622 nascitur,
1442 554 1487 610 si
1516 556 1624 609 non
1667 556 1918 607 renasca-

338 651 457 715 tur;
487 662 555 705 eo
593 644 759 720 usque
787 646 1146 719 pertendunt,
1176 658 1283 702 non
1313 646 1492 716 operis
1520 642 1602 699 sui
1629 640 1769 697 velut
1797 638 1918 697 ani-

336 740 657 804 bolati‘onis:
699 738 795 794 sed
821 738 1112 793 voluntatis
1149 737 1256 793 nne
1301 734 1587 791 altitonans
1631 733 1919 803 conjugis;

339 840 398 887 It
423 826 815 901 τεθεικέναηάοε
840 825 1100 899 merent
1124 838 1143 883 :
1169 834 1390 898 propter
1407 825 1549 896 quod
1576 825 1635 879 tn
1660 824 1740 879 eis
1768 830 1917 888 vera;

340 923 439 979 hoc
459 933 535 978 est
559 965 575 988 ,
599 923 709 978 Deo
733 924 946 993 placens
971 930 1052 976 est
1081 920 1352 990 pudicitia.
1378 919 1505 974 Sine
1531 917 1634 973 iide
1662 917 1805 991 epim
1826 917 1921 971 ιω·

344 1014 594 1086 possibile
619 1023 703 1071 est
729 1012 838 1070 Duo
865 1009 1073 1084 placere
1101 1006 1285 1082 (Hebr;
1318 1027 1405 1079 XI;
1436 1011 1469 1065 6
1487 1011 1527 1080 ).'

354 1136 359 1141 -
409 1108 633 1165 CAPUT
649 1108 722 1162 ιχ
742 1104 911 1179 (ay—4
925 1105 1011 1162 ω.
1034 1104 1196 1159 Venls
1218 1100 1408 1158 deinde
1427 1102 1491 1156 ad
1519 1100 1668 1168 illud,
1686 1098 1777 1155 ubi
1804 1095 1921 1169 ego

338 1198 458 1255 tnus
485 1211 552 1254 ex
579 1199 819 1268 Apostoti
844 1193 1164 1260 testimonio,
1182 1201 1237 1247 ut
1260 1194 1389 1249 sciat
1414 1193 1752 1264 unusquisque
1769 1203 1918 1244 suum

339 1307 449 1356 vas,
479 1289 531 1344 id
555 1297 637 1343 est
659 1303 807 1343 suam
822 1285 1117 1356 conjugem,
1142 1283 1417 1355 possidere;
1445 1299 1544 1337 non
1568 1285 1623 1337 in
1642 1284 1814 1338 modo
1829 1281 1920 1335 de-

336 1379 533 1443 siderii,
552 1379 679 1432 situt
696 1376 873 1431 Gentes
884 1373 1243 1447 quwignomit
1256 1374 1412 1430 Betim
1429 1374 1473 1448 (Ι
1491 1371 1661 1429 Theti.
1680 1384 1751 1438 tv,
1770 1373 1825 1438 ιι
1839 1371 1916 1442 ii)!

338 1468 479 1539 quod
521 1480 796 1537 exponens
819 1466 928 1529 diti
952 1506 967 1533 ,
1003 1483 1024 1518 ε
1058 1466 1176 1522 Non
1198 1466 1528 1535 co‘njugalem
1554 1502 1568 1529 ,
1601 1464 1705 1519 hoc
1743 1472 1826 1518 est
1853 1462 1918 1516 tiu

339 1562 502 1619 citum
544 1560 934 1628 honestumque
976 1558 1347 1621 concubitum,
1377 1557 1539 1612 fuisse
1556 1554 1917 1627 prohibitum;

340 1652 435 1708 sed
480 1656 539 1707 ut
575 1652 753 1721 nperis
795 1651 953 1721 hujus
979 1650 1139 1706 causa
1182 1650 1253 1705 sit
1295 1648 1538 1704 voluntas
1576 1644 1917 1719 propaginis;

342 1757 448 1807 non
474 1743 652 1798 carnis
677 1741 957 1812 voluptas;
986 1751 1040 1797 et
1081 1739 1221 1811 quod
1263 1738 1380 1795 sine
1409 1738 1626 1794 libidine
1670 1738 1783 1792 ileri
1811 1738 1919 1791 noti

341 1841 546 1904 potest;
570 1833 649 1887 sie
673 1840 850 1887 tamen
880 1832 1002 1894 iisti
1031 1832 1088 1886 ut
1113 1830 1217 1885 non
1245 1831 1463 1902 propter
1483 1828 1750 1885 libidinem
1782 1828 1871 1882 Ωιι
1893 1840 1913 1881 t

341 1923 444 1993 (De
469 1922 676 1993 Nuptiis
720 1931 767 1977 et
805 1921 1251 1991 (ἔσπαρται-ἀπείη,
1282 1920 1372 1975 ιω.
1402 1922 1426 1975 i
1453 1944 1468 1987 ι
1491 1934 1581 1974 rm.
1614 1919 1670 1985 ος
1697 1918 1810 1989 i6).
1839 1917 1917 1975 lbi

344 2023 400 2069 tu
422 2014 690 2070 exclamas
718 2030 734 2069 :
758 2016 777 2066 ι
804 2012 851 2068 0
869 2012 1080 2068 altitudo
1095 2013 1383 2068 diuiti-runt
1409 2011 1731 2083 dpientt'taet
1757 2013 1920 2067 scien-

341 2107 426 2162 tia
473 2104 615 2181 Βῆ(
656 2104 806 2161 Rom.
855 2118 943 2173 xv;
972 2106 1041 2161 i5
1068 2104 1118 2177 ιε
1183 2104 1469 2177 quiexmi
1527 2103 1753 2159 futuram
1792 2116 1922 2175 opaii
1964 2152 1979 2163 .

342 2214 459 2255 rem
509 2198 915 2254 retributionem
975 2210 1044 2254 ea
1089 2197 1255 2275 multa
1302 2204 1454 2268 parte
1503 2196 1727 2253 liberem
1774 2196 1921 2250 urbi-

344 2289 501 2345 trium
557 2288 785 2345 ioruiam
842 2289 1011 2344 voluit
1055 2288 1282 2359 implere
1343 2287 1565 2361 judiciii
1617 2287 1923 2345 Iustiniano

342 2381 484 2436 enim
504 2380 607 2436 sibi
634 2381 802 2436 bonus
826 2379 1009 2447 homo,
1044 2382 1065 2431 t
1100 2381 1296 2451 imis,
1328 2395 1350 2433 α
1375 2380 1653 2450 malusque
1676 2378 1923 2434 commit-

346 2474 469 2529 titur
486 2513 503 2539 ,
531 2483 588 2528 ut
615 2481 669 2528 et
713 2473 884 2529 bonus
903 2487 963 2529 se
989 2472 1214 2541 i'ruatur,
1255 2481 1310 2527 et
1336 2472 1506 2527 malus
1533 2478 1593 2529 se
1618 2472 1732 2542 ipse
1749 2472 1938 2542 potia--

345 2567 451 2621 tur.
488 2582 510 2619 ι
542 2564 671 2631 Quae
698 2574 917 2635 prorsus
937 2560 1255 2619 exelabmtio
1274 2570 1365 2619 tua
1390 2564 1409 2596 ι
1435 2560 1504 2618 ad
1531 2574 1644 2618 rem
1671 2575 1777 2617 non
1809 2564 1924 2632 per-

344 2655 513 2723 tinet,
534 2660 639 2726 qua
664 2666 715 2712 te
745 2653 910 2713 sentis
937 2654 1113 2728 urgeri
1145 2670 1160 2711 ε
1187 2656 1289 2712 net:
1320 2663 1416 2712 tuo
1457 2656 1691 2712 clamore
1714 2654 1923 2725 pondus

342 2761 455 2819 quo
483 2748 743 2818 git-emittis
762 2746 1021 2813 sublevat,
1047 2744 1267 2817 impium
1291 2747 1484 2818 dogma
1508 2744 1745 2803 vestrum
1771 2758 1922 2802 more

341 2838 493 2899 dicas
521 2842 726 2907 taleas,
751 2854 857 2911 quo
876 2838 1024 2896 vobis
1047 2840 1221 2910 placet
1235 2841 1394 2895 etiam
1423 2840 1620 2895 bonum
1648 2834 1921 2895 hominem

342 2930 524 2987 divino
543 2930 746 3001 judicio
775 2930 876 2986 sibi
914 2930 1177 3002 quemque
1217 2930 1510 2997 committi,
1539 2943 1607 2984 ne
1633 2927 1839 2983 scilicet
1871 2925 1923 2984 ei

342 3024 413 3079 sit
456 3021 761 3079 necessaria
812 3022 910 3078 Dei
962 3023 1131 3092 gratia
1151 3062 1165 3088 ,
1195 3020 1342 3077 velut
1383 3020 1576 3077 idoneo
1598 3020 1690 3091 qui
1725 3018 1922 3076 setitet-

342 3115 514 3186 ipsum
539 3122 682 3186 agat.
700 3114 808 3171 Sed
836 3112 973 3170 absit
987 3122 1048 3169 ut
1073 3114 1144 3169 ita
1169 3114 1256 3168 sit.
1287 3110 1511 3168 Prorsus
1538 3112 1630 3183 qui
1657 3108 1758 3169 sibi
1777 3110 1927 3167 coit!-

343 3205 653 3272 mittuntur,
680 3210 736 3260 et
780 3217 813 3259 ι
837 3204 1139 3273 semetipsis
1180 3212 1430 3273 egeritur,
1456 3215 1564 3257 non
1605 3209 1730 3256 sunt
1757 3201 1918 3267 boni,

344 3296 466 3366 quia
516 3310 625 3350 non
666 3304 791 3351 sunt
838 3294 933 3351 iilii
976 3295 1093 3350 Dei.
1146 3293 1396 3365 Quotquot
1440 3293 1574 3348 enim
1611 3293 1792 3362 spiritu
1824 3291 1963 3367 Dei.

345 3395 587 3458 aguntur,
609 3386 663 3441 hi
688 3386 783 3455 ﬁlii
818 3394 939 3441 sunt
980 3383 1077 3440 Dei
1104 3384 1281 3457 (ﬂent.
1309 3387 1406 3440 v‘m
1427 3425 1444 3452 ,
1477 3385 1589 3456 it).
1620 3384 1756 3441 Puto
1780 3383 1925 3454 quod

345 3489 605 3546 agnoscas
632 3476 687 3531 in
714 3475 814 3532 hac
857 3475 1119 3531 «utentia
1160 3474 1353 3546 dogma
1391 3474 1773 3545 apostolicum,
1817 3488 1925 3544 quo

348 3566 482 3627 illud
509 3567 829 3623 subvertitur
860 3574 1119 3623 vestrum.

384 3700 391 3707 ,
423 3656 517 3713 36.
550 3655 916 3713 Verumtamen
959 3656 1093 3713 dicis
1121 3656 1321 3726 aliquid
1347 3664 1533 3712 contra
1561 3665 1641 3722 te,
1672 3655 1813 3725 quod
1843 3664 1925 3712 ta-

350 3748 491 3809 citus
509 3749 781 3819 preterire
801 3762 904 3806 non
930 3748 1121 3805 debeo.
1149 3744 1502 3804 Meministine
1543 3747 1793 3819 quamdiu
1811 3746 1928 3803 dis-

350 3842 619 3911 putaveris
653 3849 834 3897 contra
876 3841 1253 3897 lucidissimam
1300 3852 1420 3910 quas
1461 3854 1557 3911 per
1614 3840 1928 3909 Apostolum

352 3930 661 4002 deprompta
709 3940 792 3988 est
830 3933 1139 3998 veritatem,
1165 3930 1471 3995 afﬁrmans,
1505 3947 1525 3983 α
1560 3930 1717 3986 Nullo
1768 3930 1930 3987 modo

353 4034 469 4078 esse
494 4032 653 4092 posse
676 4022 875 4093 aliquid
900 4022 1041 4092 quod
1065 4030 1120 4078 et
1146 4030 1422 4092 peccatum
1451 4020 1522 4077 sit
1545 4028 1601 4077 et
1626 4033 1782 4090 penna
1804 4034 1929 4090 pec-

342 4113 494 4168 cati?
524 4131 542 4164 ι
566 4112 705 4181 Quid
733 4122 960 4183 estergo
985 4127 1146 4179 nunc,
1166 4111 1308 4182 quod
1334 4111 1530 4167 oblitus
1559 4119 1717 4167 tanta:
1741 4111 1929 4181 loqua-

354 4206 525 4271 citatis
577 4215 683 4263 tuae
729 4205 850 4262 ideo
878 4206 1080 4265 laudas
1117 4203 1448 4260 altitudinem
1486 4202 1789 4259 divitiarum
1837 4216 1928 4258 sa-

355 4295 563 4365 pientia:
589 4305 645 4352 et
664 4296 901 4351 scientiae
925 4295 1050 4363 Dei,
1077 4295 1199 4365 quia
1231 4312 1252 4347 ι
1284 4303 1436 4350 extra
1457 4292 1685 4349 futuram
1706 4308 1928 4362 operum

359 4386 754 4461 retributionem
782 4400 852 4442 ex
877 4387 1040 4441 multa
1073 4392 1223 4457 parte
1250 4385 1474 4441 liberum
1510 4384 1783 4440 arbitrium
1813 4382 1927 4439 i‘or-

353 4492 493 4534 mam
532 4480 700 4535 voluit
735 4479 954 4548 inuidere
972 4476 1199 4548 iudicii?
1221 4476 1521 4533 iustissime
1548 4476 1690 4531 enim
1737 4475 1872 4543 sibi,
1900 4490 1923 4528 ι

351 4573 487 4628 sicut
520 4571 743 4639 deiinis,
777 4588 798 4625 t
829 4572 1000 4628 bonus
1025 4570 1188 4628 homo
1220 4570 1500 4640 malusque
1542 4568 1925 4635 committitur,

353 4674 408 4718 ut
433 4673 487 4720 et
523 4664 697 4719 bonus
730 4676 789 4721 se
816 4664 1052 4731 iruatur,
1088 4682 1109 4716 ο
1144 4663 1323 4733 utique
1351 4662 1403 4716 in
1430 4674 1592 4730 opere
1614 4659 1792 4726 bono;
1821 4676 1841 4712 ι
1874 4667 1931 4727 et

352 4755 524 4812 maius
546 4771 608 4813 se
632 4756 750 4826 ipse
769 4756 1017 4827 patiatur,
1051 4768 1072 4811 δ
1105 4756 1285 4827 utique
1323 4754 1377 4810 in
1409 4767 1572 4824 opere
1590 4753 1750 4809 malo.
1774 4751 1927 4820 Quod

351 4846 592 4915 proiecto
620 4847 696 4902 illi
739 4856 795 4904 et
822 4855 1096 4917 peccatum
1133 4854 1251 4914 est,
1277 4846 1397 4916 quia
1444 4843 1644 4899 malum
1689 4842 1849 4909 facit;
1875 4849 1932 4899 et

351 4953 506 5007 paena
552 4938 797 5008 peccati,
827 4938 950 5008 quia
976 4937 1172 4993 malum
1212 4950 1271 4992 se
1314 4935 1552 5005 patitur:
1585 4942 1641 4988 ut
1668 4948 1734 4988 ex
1764 4932 1927 4987 multa

350 5040 502 5098 parte
542 5028 766 5085 ianuam
793 5028 1007 5099 iudicii,
1032 5043 1139 5099 quo
1166 5026 1305 5082 bona
1330 5025 1485 5081 bonis
1515 5032 1569 5080 et
1599 5024 1741 5081 maia
1775 5022 1928 5078 malis

350 5122 753 5184 retribuuntur.
778 5119 889 5191 jam
931 5119 1159 5190 impleat.
1190 5118 1412 5175 liberum
1463 5114 1742 5171 arbitrium
1765 5153 1782 5183 ,
1822 5128 1929 5185 quo

349 5220 496 5267 recte
522 5210 731 5281 agendo
750 5226 810 5267 se
838 5210 1029 5266 fruitur
1052 5210 1244 5275 bonus,
1276 5216 1330 5263 et
1355 5204 1621 5277 peccando
1644 5220 1703 5261 se
1732 5203 1929 5275 patitur

349 5301 547 5356 malus.
572 5300 756 5356 Cernis
781 5315 1006 5370 nempe,
1036 5314 1159 5354 cum
1194 5312 1343 5355 arma
1370 5307 1457 5352 tua
1478 5310 1611 5363 vana
1631 5294 1844 5367 quidem
1874 5301 1930 5350 et

348 5391 540 5446 obtusa
569 5391 834 5461 iactanter
857 5390 1099 5456 ventilas,
1124 5387 1390 5460 quomodo
1414 5401 1517 5457 qua
1547 5384 1804 5455 ierireris,
1832 5400 1930 5439 nu-

346 5482 603 5550 (laveris;
633 5483 745 5540 imo
787 5492 838 5539 te
861 5481 978 5553 ipse
1015 5481 1361 5553 percusseris.
1404 5479 1475 5536 Et
1513 5482 1731 5551 insuper
1759 5477 1930 5549 jactas

350 5652 435 5764 ωας
460 5628 1930 5717 ναωωωααωωωωηιεπιαηωαοαὰσοιωηαω

417 5776 491 5838 (α)
524 5774 658 5839 Apud
679 5782 781 5827 Am.
804 5787 856 5833 et
877 5781 977 5840 Β..
994 5774 1046 5832 ’1.

1683 344 1897 404 “BER
1921 330 2245 413 QUINTUS;

2030 473 2147 515 mea
2199 459 2339 514 inter
2379 471 2439 513 se
2466 456 2605 514 dicta
2657 468 2787 537 esse
2821 463 3120 535 canini-id;
3162 470 3281 538 quia
3320 464 3465 538 diil,
3497 470 3606 529 iion

2026 549 2240 621 quidem
2277 560 2334 604 ut
2363 544 2417 606 tu
2443 550 2804 623 calumniaris,
2841 574 2860 607 t
2890 550 3227 614 concubitum
3257 554 3541 630 corporum
3570 581 3601 619 λ

2026 638 2237 719 diabolo
2267 639 2435 723 fuisse,
2456 655 2747 714 repertum;
2780 665 2794 699 ι
2827 662 2947 703 cum
2968 651 3174 706 etiamsi
3206 667 3363 729 nemo
3394 669 3607 723 peccas-

2026 733 2384 815 set,'nonnisil
2419 735 2808 815 concutnbente
2852 748 3075 811 utroque
3123 756 3253 797 sexu
3298 742 3387 798 filii
3416 760 3606 813 nasce-

2026 831 2209 897 rentur
2248 824 2387 879 :sed
2432 816 2581 892 dixi,
2631 846 2649 880 ι
2694 828 3107 911 inobedientiam
3151 834 3331 889 carnis
3379 852 3499 907 qua:
3553 837 3605 892 in

2025 930 2187 1001 carne
2212 918 2620 1003 concupiscente
2650 919 2908 976 adversus
2952 924 3193 992 spiritum
3220 936 3460 995 apparet,
3492 927 3605 982 dia-

2027 1005 2202 1087 bolico
2247 1007 2466 1087 vulnere
2511 1010 2817 1078 contigisse.
2861 1029 2879 1062 ι
2920 1011 2984 1065 Ει
3016 1028 3234 1078 rursus,
3283 1016 3403 1083 quia
3459 1018 3602 1084 dixi,

2032 1084 2211 1179 {banc
2241 1096 2409 1183 legem
2438 1084 2637 1183 peccati
2671 1109 3045 1171 repugnantem
3085 1102 3183 1173 legi
3221 1106 3408 1160 mentis
3436 1124 3464 1159 a
3495 1094 3602 1163 Deo

2026 1174 2223 1265 illatam
2257 1174 2472 1273 prepter
2520 1176 2772 1244 ultionem
2798 1230 2811 1254 ,
2844 1180 2897 1245 et
2943 1190 3064 1246 ideo
3094 1208 3304 1262 poenam
3336 1210 3453 1251 esse
3475 1212 3602 1265 pcc-

2024 1264 2150 1351 cati.
2190 1297 2209 1331 ι
2243 1264 2366 1333 lianc
2395 1264 2532 1335 inter
2559 1295 2616 1336 se
2658 1270 2936 1337 asseveras
2965 1298 3084 1338 esse
3109 1286 3372 1338 contraria
3408 1304 3421 1340 :
3453 1264 3603 1357 quasi

2026 1360 2140 1425 ﬁeri
2184 1386 2288 1455 non
2320 1360 2487 1455 possit
2511 1382 2567 1427 ut
2595 1390 2756 1429 unum
2799 1383 2956 1447 atque
2985 1366 3364 1431 idem'malnm
3413 1386 3467 1431 ct
3496 1368 3604 1431 dia-

2024 1460 2132 1518 boli
2183 1448 2456 1533 iniquitate
2512 1474 2566 1520 et
2610 1458 2703 1531 Dei
2747 1468 2995 1538 {equitate
3028 1469 3368 1539 peccantibus
3402 1470 3606 1540 ingera-

2027 1544 2128 1635 tnr;
2157 1569 2278 1635 cum
2322 1555 2481 1635 etiam
2513 1544 2627 1625 ipse
2662 1542 2913 1635 diabolus
2943 1540 2997 1613 et
3036 1552 3249 1630 propria
3279 1562 3605 1632 malignitate

2025 1634 2093 1700 sit
2116 1622 2342 1701 inicstus
2363 1634 2671 1703 bominibus
2694 1690 2709 1715 ,
2740 1640 2794 1705 et
2823 1622 2913 1707 Dei
2948 1622 3153 1722 judicio
3180 1654 3387 1709 sinatur
3406 1622 3605 1712 nocere

2026 1737 2387 1805 peccantibus.
2418 1737 2600 1807 Neque
2623 1738 2748 1795 hinc
2786 1740 2885 1796 sibi
2913 1734 3024 1807 ipsa
3049 1741 3226 1797 divina
3256 1732 3606 1800 adversantur

2023 1821 2231 1909 eioquia
2252 1867 2266 1892 ,
2294 1820 2738 1909 [quiascriptum
2773 1840 2886 1909 est,
2915 1820 3049 1889 Deus
3096 1845 3303 1889 mortem
3346 1851 3447 1890 non
3486 1820 3605 1908 fecit

2025 1910 2177 2001 (ξαρ.
2212 1908 2397 1989 1,15);
2432 1908 2661 1989 itemque
2710 1908 2965 2001 scriptum
3009 1933 3123 1989 est,
3161 1927 3271 1978 t’t'ta
3308 1934 3357 1979 et
3396 1942 3531 1980 mors
3572 1942 3607 1980 α

2028 1996 2242 2087 Domino
2276 2002 2383 2061 Deo
2414 2002 2596 2081 (Eccli.
2628 2004 2706 2077 ii,
2743 1996 2868 2082 η).
2900 1996 3033 2080 Quia
3079 2012 3330 2084 deceptor
3373 2014 3604 2072 hominis

2024 2112 2184 2153 causa
2211 2096 2397 2154 mortis
2422 2092 2504 2156 est
2541 2094 2784 2157 diabolus
2803 2145 2817 2169 ,
2846 2094 3003 2175 quam
3033 2122 3137 2161 non
3190 2119 3247 2161 nt
3275 2108 3476 2178 primus
3505 2124 3604 2163 au-

2024 2184 2141 2259 ctor
2177 2186 2327 2261 ejus,
2355 2190 2450 2247 sed
2496 2184 2553 2248 ut
2601 2184 2802 2265 peccati
2840 2190 2979 2250 ultor
3014 2197 3188 2252 intulit
3215 2198 3371 2254 Deus.
3407 2192 3603 2254 Verum

2026 2278 2179 2338 iStam
2231 2284 2575 2355 qumstionem
2631 2287 2760 2341 satis
2797 2276 3029 2344 dilucide
3073 2291 3186 2360 ipse
3226 2290 3467 2357 solvisti,
3511 2290 3603 2361 qui

2025 2375 2294 2445 hominem
2315 2377 2510 2434 malum
2529 2376 2712 2434 dixisti
2734 2374 2832 2435 sibi
2860 2396 2977 2436 esse
2993 2372 3358 2450 commissum,
3388 2392 3444 2436 ut
3460 2362 3602 2452 quod

2025 2452 2126 2533 sibi
2153 2477 2234 2523 est
2261 2467 2372 2539 ipse
2414 2458 2731 2543 supplicium
2752 2510 2766 2534 ,
2796 2460 2813 2502 ἰ
2845 2460 2901 2525 et
2928 2454 3162 2526 divinum
3191 2472 3260 2526 sit
3299 2468 3557 2543 judicium
3586 2514 3602 2540 ,

2025 2551 2081 2614 et
2126 2556 2298 2628 ipsum
2341 2554 2567 2615 liberum
2612 2550 2926 2629 arbitrium;
2961 2576 3058 2615 nec
3091 2554 3196 2615 sint
3226 2560 3366 2618 inter
3402 2579 3461 2618 se
3501 2562 3606 2619 duo

2026 2649 2125 2705 ista
2155 2651 2441 2725 contraria,
2472 2651 2615 2723 quod
2658 2653 2713 2709 in
2738 2644 2896 2725 pmna
2940 2668 3035 2710 sua
3062 2663 3116 2710 et
3136 2654 3249 2725 ipse
3273 2664 3458 2710 auctor
3483 2665 3605 2725 est,

2025 2730 2081 2798 et
2108 2742 2243 2797 ultor
2276 2736 2433 2798 Dens.
2702 2812 2707 2819 _

2097 2824 2188 2890 37.
2218 2834 2466 2893 Abuteris
2491 2822 2670 2894 autem
2695 2826 2921 2909 ingeniis
2949 2832 3284 2893 tardioribus.
3304 2836 3438 2893 Nolo
3464 2836 3607 2893 enim

2026 2926 2206 3013 dicere
2234 2929 2356 3001 quia
2379 2914 2433 2986 et
2458 2938 2513 2985 tu
2537 2946 2646 2986 non
2671 2931 2923 3004 intelligis
2939 2970 2956 2999 ,
2988 2940 3042 2986 ut
3066 2948 3173 2985 non
3197 2930 3468 2985 discernas
3494 2920 3609 2987 tunc

2027 3012 2167 3087 duo,
2214 3030 2268 3076 et
2308 3021 2536 3092 maligna
2578 3021 2865 3077 calliditate
2894 3012 2991 3077 aut
3038 3023 3317 3078 tenebrosa
3370 3016 3609 3079 excitate

2026 3109 2317 3166 confundas
2350 3112 2674 3168 voluntatem
2724 3122 2779 3169 et
2819 3094 3146 3183 voluptatem
3168 3130 3179 3166 :
3204 3123 3259 3169 et
3291 3108 3427 3170 sicut
3453 3116 3473 3146 ²
3496 3114 3610 3186 ipsa

2028 3202 2241 3261 nomina
2268 3186 2554 3260 Surdastris
2582 3204 2800 3260 auribus
2828 3221 2990 3275 unum
3028 3214 3189 3277 atque
3214 3205 3352 3262 idem
3378 3190 3607 3274 sonant,

2027 3294 2098 3377 ita
2125 3310 2213 3350 res
2242 3294 2385 3367 ipsas
2411 3296 2699 3352 surdastris
2728 3296 3170 3377 cordibus‘unum
3217 3295 3465 3369 idemque
3491 3313 3612 3355 esse

2028 3373 2351 3455 persuadere
2381 3395 2433 3444 te
2459 3402 2617 3457 posse
2656 3373 2914 3443 conﬁdas.
2956 3373 3092 3444 ilinc
3116 3398 3199 3445 est
3229 3388 3369 3459 quod
3391 3398 3612 3445 senten-

2030 3480 2131 3536 tias
2169 3495 2317 3536 meas
2361 3481 2582 3563 interise
2611 3481 2910 3537 contrarias
2932 3488 3087 3551 putas
3115 3464 3201 3537 vei
3224 3481 3395 3551 putari
3425 3470 3610 3563 cupis,

2031 3579 2280 3642 tanquam
2327 3560 2626 3647 improbem
2663 3570 2806 3644 quod
2856 3580 2979 3629 ante
3033 3572 3473 3647 approbaverim,
3510 3560 3612 3647 aut
3644 3634 3649 3643 Α

2030 3660 2322 3731 amplectar
2361 3644 2502 3732 quod
2530 3669 2654 3718 ante
2700 3662 3016 3732 respuerim.
3045 3644 3183 3717 Audi
3222 3652 3348 3732 ergo
3374 3644 3611 3731 apertam

2031 3752 2349 3809 sententiam
2398 3767 2571 3808 meam
2598 3794 2614 3819 ,
2658 3761 2713 3808 et
2754 3752 2989 3825 intellige
3030 3752 3117 3808 vel
3150 3757 3270 3825 sine
3315 3742 3613 3823 intelligere

2031 3834 2165 3919 alios
2181 3887 2198 3913 ,
2228 3860 2335 3901 non
2361 3828 2686 3902 oi'i'undendo
2706 3822 2961 3917 caligines
2998 3822 3271 3902 nebuiosae
3297 3822 3612 3916 disputatio-

2033 3940 2117 3995 nis
2163 3938 2435 4007 serenitati
2473 3932 2847 3994 sincerissima:
2897 3934 3158 3993 veritatis.
3202 3936 3352 3992 Sicut
3407 3925 3607 3992 bonum

2033 4041 2117 4086 est
2142 4024 2278 4086 bene
2302 4030 2378 4084 uti
2400 4014 2571 4094 matis,
2604 4029 2677 4084 ita
2710 4014 2989 4084 bonestum
3016 4038 3099 4085 est
3124 4029 3259 4084 bene
3287 4024 3362 4084 uti
3391 4022 3605 4083 inhone-

2032 4124 2149 4178 stis.
2185 4110 2333 4179 Unde
2362 4132 2415 4178 et
2454 4123 2566 4193 ipsa
2592 4116 2830 4178 membra
2861 4137 2968 4177 non
2993 4129 3211 4193 propter
3237 4120 3402 4177 divini
3432 4114 3612 4193 operis

2033 4213 2516 4285 pulchritudinem,
2580 4211 2674 4268 sed
2727 4204 2943 4285 propter
3013 4210 3275 4287 libidinis.
3320 4196 3612 4283 fmdiIatem

2033 4294 2295 4381 inhonesta
2332 4302 2466 4360 dixit
2508 4303 2793 4375 Apostolus
2823 4296 2880 4377 (Ι
2906 4288 3025 4359 Cor.
3074 4319 3188 4369 ιιι,
3213 4302 3343 4376 25).
3390 4294 3502 4359 Nec
3540 4294 3610 4357 ad

2033 4380 2213 4467 stupra
2242 4404 2499 4465 coguntur
2536 4384 2853 4463 necessitate
2879 4393 2969 4465 qui
3013 4380 3144 4449 casti
3170 4380 3295 4467 sunt
3320 4409 3333 4448 :
3362 4388 3485 4466 quia
3522 4408 3612 4448 re-

2033 4464 2228 4561 sistunt
2270 4464 2563 4542 inhonestae
2601 4474 2841 4550 libidini,
2991 4464 3276 4553 compeiiat
3317 4464 3411 4539 eos
3460 4476 3609 4537 inho-

2033 4586 2183 4632 nesta
2231 4577 2602 4640 committere,
2632 4572 2746 4653 'sine
2771 4590 2875 4651 qua
2919 4582 3094 4629 tamen
3138 4590 3242 4628 non
3270 4583 3491 4645 possunt
3517 4562 3614 4629 bo-

2035 4680 2185 4725 neste
2235 4666 2370 4723 iili'os
2388 4658 2692 4737 procreare.
2730 4652 2804 4721 ita
2830 4654 2889 4719 iit
2933 4652 2989 4719 ut
3017 4660 3329 4735 conjdgibus
3370 4658 3531 4720 castis
3559 4656 3612 4720 et

2035 4757 2277 4831 voluntas
2303 4757 2373 4835 sit
2412 4748 2465 4811 in
2501 4754 2701 4812 sobolis
2745 4746 3134 4826 procreatione,
3165 4756 3221 4809 et
3247 4746 3536 4809 necessitas
3558 4744 3609 4808 in

2032 4842 2272 4919 libidine.
2302 4840 2378 4903 De
2422 4844 2708 4902 inhoneSto
2754 4840 2949 4918 quippe
2977 4838 3230 4901 honestas
3272 4843 3444 4915 agitur
3489 4860 3612 4915 pro-

2032 4926 2284 5006 creandi,
2307 4928 2517 5010 quando
2537 4936 2809 4993 libidinem
2836 4952 2941 4993 non
2971 4942 3143 5005 amat,
3187 4934 3283 4993 sed
3311 4928 3501 4991 tolerat
3525 4950 3613 4992 ca-

2033 5036 2184 5089 stitas
2205 5006 2612 5089 concutnbendi.

2105 5120 2191 5181 38.
2220 5114 2373 5179 Soles
2400 5112 2629 5178 libenter
2670 5114 3093 5176 commemorare
3114 5162 3130 5189 ,
3160 5115 3350 5191 quibus
3378 5128 3429 5191 te
3454 5114 3610 5190 adju-

2032 5218 2146 5274 vari
2167 5202 2340 5289 putas,
2367 5206 2643 5271 auctorum
2669 5213 2962 5269 sententias
3003 5210 3360 5287 smculariuin.
3392 5186 3609 5266 intuere

2034 5288 2256 5365 honesto
2284 5288 2445 5365 corde
2464 5347 2481 5376 ,
2505 5310 2551 5362 si
2568 5302 2764 5378 jpotes,
2791 5298 2917 5378 quid
2946 5298 3014 5361 de
3045 5298 3248 5360 Catone
3290 5290 3445 5374 poeta
3473 5292 3615 5358 ceci-

2034 5398 2172 5459 nerit
2198 5420 2212 5456 :

2482 5486 2602 5556 Urbi,
2617 5482 2815 5556 (inquit)
2840 5492 2979 5556 pater
3003 5490 3109 5556 est,
3142 5476 3353 5551 uibiqitﬁ
3374 5474 3612 5548 nimiis;

2095 5553 2295 5607 iustitiae
2316 5541 2489 5616 eum,
2510 5541 2656 5616 rigidi
2677 5541 2897 5602 sei-vada
2919 5541 3109 5601 honesti
3126 5583 3143 5613 ,

2102 5775 2124 5806 ³
2144 5764 2455 5820 Fiariacensis
2473 5769 2576 5825 iis,

2669 5767 2810 5812 sicut.
