4142 6498
1323 325 1595 382 CONTRA
1634 323 1971 382 JULIANUM
2009 321 2474 397 PELAGIANUM,
2515 329 2573 387 S.
2605 331 2976 390 AUGUSTINI
3685 343 3794 406 800

2214 432 2422 491 perent,
2438 439 2544 494 quo
2553 437 2740 480 vacent
2756 427 2981 481 orationi
3001 444 3015 482 :
3037 435 3090 482 et
3109 441 3229 484 cum
3241 427 3308 485 ad
3324 428 3554 502 idipsnm
3569 435 3794 495 redeunt

1057 515 1257 604 ξῖξαξξδίξ
1279 515 1502 598 ῖζῖίξιρὲξῖ
1527 515 1822 604 ξίῖξξξζζη.
1849 542 2103 607 5884591).
2163 599 2165 602 g
2209 523 2427 584 propter
2473 515 2935 588 intemperantiam
2975 534 3156 588 suam,
3193 531 3440 578 noverint
3473 526 3632 582 etiam
3667 528 3791 588 inde

522 651 706 720 Qualis
725 649 866 704 enim
889 648 970 702 vir
996 647 1127 703 Cato
1167 645 1362 714 fuerit,
1389 655 1444 702 et
1471 655 1646 702 utrum
1669 647 1722 701 in
1756 663 1820 702 eo
1841 662 1966 702 vera
1991 647 2101 700 vir—
2167 611 2180 665 τ’
2561 612 2767 720 Ψηήίίξ
2784 615 2926 670 "om
2947 615 3111 717 df’bm
3129 627 3301 672 "03"“
3322 617 3536 720 (Ma‘fh-
3560 637 3636 720 "3
3665 624 3784 694 η)-

517 697 602 798 ιῖιε
651 743 1006 811 honestasque
1056 739 1266 795 laudata
1311 697 1407 805 sit,
1439 739 1538 795 alia
1569 739 1792 810 quaestio
1833 748 1915 794 est
1965 756 1980 794 :
2031 737 2100 793 ad
2381 703 2534 811 ﬁt")?!
2549 704 2842 811 ῗῗθξψίξυω
2870 706 3114 811 ἹῩἾξθων
3147 721 3252 811 Ϊξ⁰¹¹
3284 710 3575 811 θίῖθυηδυξη
3612 713 3787 785 ίωβθ·

529 323 634 384 807

585 429 636 473 In
659 435 913 474 commune
933 421 1114 478 bonus;
1149 417 1402 482 nullosque
1424 421 1610 482 Catonis
1631 421 1679 468 in
1702 429 1839 470 actus

585 487 832 549 Subrepsit
848 491 1132 549 partemque
1152 482 1257 530 tulit
1280 480 1370 549 sibi
1393 491 1502 549 nata
1521 480 1758 549 voluptas.

515 834 807 904 quemlibet
845 793 1022 889 tamen
1047 833 1208 887 linem
1236 849 1330 888 sua
1370 793 1601 888 referre;
1617 832 1790 888 ofﬁcia
1813 875 1827 899 ,
1852 847 1956 886 non
1990 831 2098 886 uti-
2455 801 2600 850 mmo
2625 793 2843 850 domo”
2868 795 3081 862 diem“
3111 795 3294 868 "tique
3333 799 3645 872 ίεηθδοίιυτο
3677 821 3787 864 non

512 942 616 998 qne
643 929 758 982 sine
787 928 1057 997 voluptate
1104 927 1241 982 filios
1269 927 1594 996 procreavit;
1621 935 1678 982 et
1718 935 1892 981 tamen
1917 924 2094 981 nullos

510 1019 726 1074 Catonis
757 1018 810 1073 in
838 1029 988 1074 actus
1027 1017 1291 1088 subrepsit
1323 1028 1634 1088 partemque
1673 1017 1792 1072 tulit
1834 1016 1935 1071 sibi
1967 1024 2089 1070 nata

511 1111 752 1180 voluptas
783 1129 798 1166 :
833 1112 1080 1181 quoniam
1108 1120 1162 1164 et
1197 1108 1336 1180 quod
1381 1125 1486 1164 non
1531 1107 1758 1164 faciebat
1789 1107 1907 1163 sine
1931 1106 2090 1162 volu-

509 1211 672 1269 ptate,
701 1217 806 1256 non
829 1201 1054 1257 faciebat
1080 1210 1297 1272 propter
1323 1201 1672 1270 voluptatem;
1699 1214 1796 1254 nec
1819 1197 1873 1254 in
1897 1197 2090 1253 morbo

509 1291 665 1362 lmjus
691 1293 943 1348 desiderii
982 1309 1136 1348 suum
1166 1308 1258 1347 vas
1289 1291 1596 1362 possidebat
1621 1333 1636 1358 ,
1667 1291 1909 1361 quamvis
1938 1290 2090 1360 igno-

507 1394 650 1440 raret
687 1385 886 1450 Deum;
920 1385 964 1440 si
1017 1384 1137 1439 talis
1173 1384 1270 1438 fuit
1295 1384 1468 1453 qualis
1505 1381 1845 1453 praedicatur.
1878 1381 1946 1436 Et
1980 1394 2086 1435 non

505 1477 585 1530 vis
613 1477 908 1547 intelligere
921 1477 1058 1547 quod
1079 1479 1155 1531 ait
1181 1477 1488 1546 Apostolus,
1517 1475 1584 1530 Ut
1602 1475 1728 1529 sciat
1745 1475 2085 1544 urmsquisque

504 1577 716 1622 vestrum
756 1585 903 1621 suum
929 1585 1014 1621 vas
1053 1569 1311 1637 possidere
1333 1611 1348 1635 ,
1375 1584 1476 1622 non
1519 1568 1572 1622 in
1599 1568 1773 1621 morbo
1814 1566 2078 1632 desiderii,

499 1658 630 1712 sicut
653 1657 860 1725 Gentes,
892 1675 1004 1727 qua:
1031 1659 1266 1730 ignorant
1298 1658 1479 1713 Deum.

569 1751 658 1806 59.
688 1751 832 1808 Bene
863 1753 1120 1807 discernis
1149 1753 1288 1807 inter
1323 1753 1524 1808 bonum
1554 1753 1730 1808 minus
1762 1752 2075 1824 conjugale,

498 1853 552 1899 et
579 1843 774 1898 bonum
807 1844 1032 1914 amplius
1052 1844 1395 1900 continentia:
1420 1861 1433 1897 :
1463 1843 1556 1899 sed
1585 1851 1731 1899 tuum
1752 1845 1942 1916 dogma
1971 1860 2077 1900 non

495 1935 698 1990 deseris
727 1935 1147 1990 inimicissimum
1179 1937 1380 2006 gratim.
1399 1935 1542 1990 Dicis
1563 1937 1727 2004 enim,
1752 1955 1771 1987 (
1800 1935 1940 2006 quod
1969 1935 2076 1990 Do-

495 2026 670 2080 minus
694 2027 1033 2081 continentiae
1057 2026 1282 2096 gloriam
1319 2027 1565 2081 libertate
1595 2027 1874 2082 electionis
1901 2026 2075 2080 hono-

492 2119 716 2183 raverit,
749 2117 962 2184 dicens,
997 2116 1096 2182 Qui
1117 2127 1275 2187 potest
1298 2133 1510 2188 capere,
1534 2118 1739 2187 capiat;
1774 2137 1792 2168 ι
1824 2125 2074 2187 tanquam

491 2207 594 2262 hoc
623 2209 863 2278 capiatur
889 2223 994 2262 non
1023 2207 1118 2263 Dei
1147 2223 1368 2264 munere
1386 2249 1401 2273 ,
1429 2207 1522 2264 sed
1553 2209 1756 2264 arbitrii
1787 2208 2031 2264 libertate
2055 2225 2070 2263 :

488 2307 542 2356 et
559 2309 700 2356 taces
727 2300 866 2371 quod
893 2287 1049 2370 supra
1068 2300 1292 2366 dixerat,
1318 2299 1439 2355 Non
1461 2317 1632 2356 omnes
1651 2301 1856 2372 capiunt
1873 2301 2073 2355 verbum

488 2390 602 2456 hoc,
616 2393 702 2445 sed
722 2392 900 2461 quibus
923 2394 1096 2444 datum
1118 2401 1188 2446 est
1211 2391 1419 2460 (Matth.
1439 2407 1550 2457 tux,
1571 2389 1658 2458 12,
1681 2390 1932 2462 ll).Vide
1951 2405 2070 2461 quae

489 2493 684 2549 taceas,
713 2501 831 2555 qua:
857 2485 1023 2539 dicas.
1057 2485 1192 2539 Puto
1217 2483 1358 2555 quod
1399 2492 1451 2539 te
1479 2493 1676 2554 pungat
1700 2483 2026 2539 conscientia
2051 2500 2067 2537 :

453 2627 456 2630 .
487 2576 580 2631 sed
614 2576 779 2631 vincit
819 2582 1024 2631 rectum
1057 2575 1300 2629 timorem
1321 2616 1338 2642 ,
1375 2589 1496 2628 cum
1539 2575 1726 2644 ingerit
1757 2590 2069 2644 perversum

487 2669 764 2740 pudorem,
797 2683 1010 2738 quoquo
1035 2666 1194 2721 modo
1219 2667 1330 2735 jam
1369 2665 1700 2721 defendenda
1741 2667 2066 2736 praecipitata

483 2761 763 2817 sententia.
791 2758 1182 2814 Tantummodo
1207 2773 1487 2813 excessum
1512 2756 1746 2812 libidinis
1777 2757 2064 2812 identidem

481 2852 665 2924 culpas
681 2893 695 2917 ,
729 2853 897 2921 ipsam
923 2849 1139 2905 laudare
1163 2863 1267 2903 non
1288 2862 1488 2904 cessas.
1509 2846 1619 2902 Nec
1641 2847 1871 2902 attendis
1890 2888 1906 2914 ,
1937 2861 2064 2901 sen-

482 2943 568 3008 tis,
601 2941 848 3012 intelligis
873 2940 1071 2995 malum
1097 2939 1352 3006 esse,-cni
1379 2953 1446 2993 ne
1473 2937 1698 2993 limitem
1725 2938 2062 2994 necessitatis

478 3032 720 3100 excedat,
748 3030 956 3102 cogitur
981 3029 1328 3101 temperantia
1355 3043 1675 3099 repugnare.

547 3124 638 3180 40.
673 3124 928 3192 Quamvis
969 3132 1054 3188 tn,
1094 3120 1236 3192 quod
1283 3121 1492 3177 monuit
1529 3121 1852 3190 Apostolus,
1899 3135 1969 3177 ne
2007 3119 2061 3176 in

477 3214 668 3270 morbo
696 3213 946 3270 desiderii
977 3227 1134 3268 suum
1162 3225 1255 3266 vas
1284 3210 1510 3281 quisque
1535 3211 1827 3280 possideat,
1859 3227 1968 3266 non
1994 3211 2062 3266 de

476 3304 743 3376 conjugio,
773 3304 866 3360 sed
892 3304 960 3358 de
989 3302 1341 3357 fornicatione
1363 3300 1730 3370 accipiendum
1760 3301 2056 3371 putaveris;

475 3403 634 3467 atque
655 3397 725 3451 ita
754 3395 1115 3466 temperantia:
1139 3404 1300 3450 totam
1323 3394 1659 3449 honestatem
1685 3393 1752 3449 de
1772 3392 2062 3449 concubitu

474 3487 758 3557 cenjugnm
784 3486 1091 3554 abstuleris,
1123 3494 1180 3540 ut
1207 3499 1368 3540 nemo
1394 3486 1494 3541 sibi
1515 3484 1760 3540 videatur
1787 3487 1841 3539 in
1871 3485 2062 3540 morbo

473 3577 723 3634 desiderii
747 3595 901 3634 suum
929 3595 1022 3634 vas
1049 3579 1345 3649 possidere,
1376 3587 1806 3650 quantacumque
1844 3579 2061 3635 libidine

471 3672 529 3728 in
559 3671 740 3727 uxoris
763 3671 1082 3742 genitalibus
1100 3670 1577 3742 potueritinsanire
1596 3671 1704 3726 ‘.Si
1722 3673 1864 3727 enim
1894 3671 2059 3726 ullum

471 3763 546 3819 ibi
593 3761 881 3818 tenendum
925 3763 1280 3826 existimares,
1305 3761 1552 3828 modum,
1598 3762 1818 3831 potuisti
1857 3771 1912 3818 et
1954 3763 2062 3820 illic

471 3856 914 3928 concupiscentia:
953 3856 1346 3927 reprehendere
1381 3870 1658 3912 excessum
1681 3899 1696 3923 ,
1726 3871 1954 3927 eumque
1981 3856 2062 3912 di-

384 3963 386 3965 ·
469 3965 594 4005 cere
631 3949 701 4004 ab
729 3951 986 4020 Apostolo
1014 3950 1369 4021 significatum
1399 3949 1648 4004 morbum
1691 3949 1974 4016 desiderii,
2007 3959 2062 4005 et

472 4057 578 4096 non
607 4041 848 4112 improbe
885 4058 1082 4112 negare
1101 4082 1114 4106 ,
1143 4057 1298 4096 suum
1328 4057 1423 4096 vas
1450 4041 1646 4096 dictum
1676 4041 1837 4098 fuisse
1871 4041 2060 4112 cuique

469 4133 752 4202 coniugem
777 4149 947 4188 suam.
970 4133 1087 4200 Quo
1107 4133 1269 4187 verbo
1295 4132 1346 4187 in
1375 4133 1564 4188 eadem
1591 4148 1651 4188 re
1678 4133 1838 4188 etiam
1866 4133 2057 4189 Petrus

470 4227 744 4294 apostolus
767 4225 950 4289 utitur,
989 4223 1077 4278 ubi
1103 4232 1285 4280 monet
1310 4233 1369 4278 ut
1395 4223 1496 4278 viri
1519 4225 1772 4280 uxoribus
1803 4225 1913 4279 suis
1933 4232 2055 4279 tan-

471 4331 628 4385 quam
655 4315 931 4370 inlirmiori
953 4315 1066 4369 vasi
1094 4313 1326 4370 tribuant
1345 4313 1626 4380 honorem,
1652 4315 1796 4370 velut
1822 4313 2060 4372 cohtere-

471 4407 624 4463 dibns
651 4407 869 4478 gratias;
897 4405 1192 4476 adiungens
1220 4415 1276 4462 et
1303 4405 1506 4471 dicens,
1533 4405 1603 4460 Et
1625 4407 1786 4462 videte
1804 4423 1868 4464 ne
1893 4409 2056 4478 impe-

470 4501 673 4554 diantur
694 4499 945 4554 orationes
970 4508 1146 4552 vestrae
1169 4497 1218 4570 (1
1245 4495 1389 4552 Petr.
1413 4513 1492 4564 Ill,
1516 4496 1594 4570 7).
1618 4497 1768 4553 Sicut
1791 4507 1844 4553 et
1862 4513 2060 4568 coapo-

469 4593 637 4647 stolns
681 4593 796 4662 ejus
839 4601 1075 4662 tempora
1119 4591 1418 4661 praescribit
1456 4590 1644 4646 orandi
1691 4593 2056 4662 temperantiae

468 4684 732 4753 conjugali
761 4701 774 4737 :
802 4691 857 4738 et
901 4681 1192 4738 secundum
1235 4682 1444 4736 veniam
1489 4682 1766 4748 concedit,
1813 4683 2054 4753 quamvis

466 4789 589 4830 cum
618 4773 843 4844 conjuge
861 4774 906 4838 ²,
931 4789 1041 4826 non
1069 4773 1249 4842 utique
1292 4773 1441 4827 illum
1482 4773 1680 4844 prolis,
1725 4773 1820 4828 sed
1865 4773 1955 4843 qui
1994 4772 2055 4827 lit

467 4863 754 4935 voluptatis
797 4863 1089 4917 intentione
1129 4861 1468 4918 concubitum
1509 4861 1706 4934 (lCor.
1730 4877 1831 4926 vu,
1859 4863 1924 4929 5,
1955 4862 2050 4932 6).

471 4955 621 5009 llnnc
644 4952 862 5008 audiant
885 4951 1170 5008 christiana
1201 4953 1446 5022 conjugia
1468 4993 1484 5019 ,
1513 4967 1620 5007 non
1656 4961 1738 5016 te,
1770 4953 1858 5024 qui
1889 4953 1968 5008 vis
1997 4953 2051 5009 in

468 5047 546 5102 eis
575 5060 734 5116 quam
763 5042 1009 5100 defendis
1030 5057 1301 5113 nunquam
1325 5041 1521 5098 frenari
1547 5043 2048 5114 concupiscentiam,

467 5137 563 5194 sed
605 5135 1042 5207 quotiescumque
1087 5149 1146 5189 se
1185 5134 1563 5200 commoverit,
1591 5134 1772 5188 satiari
1802 5135 2047 5206 avidam,

467 5245 692 5302 regnare
716 5243 982 5285 securam.
1008 5227 1158 5283 Hunc
1176 5227 1412 5294 audiant,
1437 5226 1672 5297 inquam,
1693 5226 1880 5283 ﬁdeles
1902 5229 2050 5284 Chri-

465 5322 533 5378 sti
557 5321 648 5394 qui
678 5329 802 5377 sunt
837 5319 1106 5375 connubio
1135 5319 1400 5388 colligati,
1429 5327 1488 5373 ut
1515 5334 1586 5374 ex
1613 5333 1876 5376 consensu
1909 5331 2046 5378 tern-

527 5439 545 5471 ι
574 5443 700 5498 post,
736 5441 944 5500 ροιᾳεηι
973 5446 1208 5500 insanire,
1243 5433 1362 5500 editi
1403 5443 1503 5484 Am.
1529 5439 1583 5500 et
1603 5441 1698 5492 Er"
1723 5449 1916 5500 necnon
1936 5440 2046 5500 qui-

463 5500 573 5550 dam
597 5495 913 5560 nianu'scripti
928 5495 1174 5560 addebant
1189 5529 1204 5556 ,
1245 5495 1304 5560 Si
1329 5501 1475 5560 recte;
1505 5495 1567 5546 de
1587 5496 1917 5560 temperauia‘
1935 5495 2045 5550 (Eon-

457 5559 616 5630 jugali
643 5556 886 5630 sapuisse:
918 5558 1190 5630 hereticus.
1221 5556 1339 5608 quid
1357 5558 1531 5630 sentire
1559 5556 1796 5630 debuerit,
1835 5558 1953 5630 quid
1982 5561 2044 5613 de

465 5619 672 5686 apostoli
709 5619 1002 5686 testimonio,
1031 5619 1298 5686 intelligere
1318 5627 1506 5684 Integra
1549 5619 1648 5686 ﬁde
1669 5619 1905 5686 potuerit;
1931 5637 2041 5686 qua:

465 5681 614 5748 verba
652 5685 814 5748 hace
834 5685 1075 5748 margine
1099 5681 1328 5732 translata
1355 5681 1487 5744 esse,
1517 5681 1720 5745 probant
1741 5681 2040 5748 antiquiores

465 5743 670 5807 codices,
691 5747 774 5807 qni
798 5747 872 5795 eis
893 5743 1075 5795 carent.

527 5805 548 5838 ³
570 5804 880 5857 Floriabensis
898 5812 1002 5870 Its,
1019 5817 1236 5871 quantus
1255 5805 1528 5870 conjugttm,
1551 5818 1646 5858 non
1667 5813 1848 5870 unaue,
1873 5819 1966 5858 etc.

2197 880 2431 950 jubetur.

2271 974 2496 1032 CAPUT
2522 977 2570 1031 X
2596 977 2691 1049 (a).
2712 1009 2786 1019 —
2804 979 2864 1034 Μ
2879 1019 2894 1035 .
2925 979 3029 1036 Sed
3059 981 3270 1037 insertis
3289 983 3407 1038 aliis
3423 985 3601 1042 verbis
3622 988 3782 1057 meis,

2197 1067 2284 1123 ubi
2303 1069 2630 1126 voluntatem
2653 1087 2777 1128 vere
2793 1073 3024 1144 piorum,
3053 1075 3173 1145 quia
3191 1072 3636 1147 Christianorum,
3652 1096 3752 1137 con
3767 1109 3780 1123 -

2197 1161 2380 1232 jugum
2403 1164 2792 1232 commendavi,
2825 1165 2914 1236 qui
2937 1165 3072 1221 filios
3095 1165 3160 1220 ad
3187 1165 3290 1222 hoc
3309 1178 3568 1236 generant
3595 1170 3650 1224 in
3677 1171 3779 1228 hoc

2202 1255 2401 1310 saeculo
2418 1297 2433 1322 ,
2461 1265 2520 1310 ut
2543 1272 2762 1327 promer
2783 1258 3006 1313 alterum
3035 1260 3288 1314 saeculum
3315 1271 3700 1332 regenerentur
3725 1265 3779 1320 in

2191 1343 2405 1401 Christo
2435 1346 2552 1419 (De
2577 1346 2789 1419 Nuptiis
2825 1357 2872 1404 et
2908 1349 3360 1422 Concupiscentia,
3389 1353 3476 1406 lib.
3507 1353 3560 1421 l,
3583 1371 3636 1408 ιι.
3667 1353 3775 1426 9);

2188 1449 2574 1494 commemoras
2617 1447 2670 1494 te
2707 1439 2816 1508 jam
2857 1441 2911 1495 in
2950 1442 3185 1497 secundo
3221 1443 3360 1498 libro
3400 1445 3553 1499 istam
3597 1461 3773 1502 meam

2187 1525 2515 1584 destruxisse
2563 1531 2883 1586 sententiam
2913 1549 2928 1586 :
2959 1531 3050 1586 ubi
3089 1533 3217 1603 quid
3249 1534 3344 1590 tibi
3373 1535 3733 1604 responderim
3752 1579 3771 1607 ,

2112 1679 2120 1699 __
2185 1618 2260 1674 ibi
2283 1620 2458 1690 potius
2481 1621 2656 1693 legant
2673 1623 2762 1694 qui
2789 1624 2992 1679 volunt.
3015 1623 3110 1681 Sic
3137 1626 3280 1681 enim
3305 1643 3411 1682 non
3433 1637 3557 1684 sunt
3575 1629 3774 1686 facienv

2183 1708 2250 1764 da
2270 1710 2550 1778 adulteria,
2574 1714 2732 1768 etiam
2751 1714 3022 1770 voluntate
3041 1717 3330 1786 generandi
3351 1719 3768 1789 regenerandos,

2182 1801 2630 1870 quemadmodum
2659 1819 2760 1859 nec
2787 1803 2926 1859 furta
2955 1805 3194 1861 facienda
3219 1814 3364 1872 sunt,
3393 1809 3553 1864 etiam
3578 1810 3768 1865 volun-

2183 1899 2290 1946 tate
2317 1893 2566 1960 pascendi
2595 1909 2855 1964 pauperes
2883 1903 3094 1950 sanctos
3123 1913 3138 1950 :
3164 1895 3307 1966 quod
3350 1906 3527 1954 tamen
3567 1898 3768 1954 facien-

2179 1981 2305 2038 dum
2348 1994 2465 2052 est,
2515 1999 2623 2040 non
2661 1985 2800 2040 furta
2839 1987 3226 2056 perpetrando,
3269 1989 3364 2044 sed
3398 1989 3535 2046 bene
3564 1991 3765 2048 utendo

2178 2089 2481 2131 mammona
2511 2077 2837 2147 iniquitatis,
2869 2087 2928 2132 ut
2954 2087 3009 2134 et
3036 2079 3134 2150 ipsi
3164 2079 3427 2150 recipiant
3447 2081 3465 2112 ¹
3493 2081 3547 2136 in
3578 2082 3758 2139 taber-

2179 2168 2366 2223 nacula
2393 2178 2592 2225 aeterna
2609 2169 2762 2240 (Luc.
2784 2185 2902 2238 xvr,
2929 2169 3020 2242 9);
3043 2171 3180 2226 sicut
3205 2187 3313 2226 non
3331 2171 3590 2229 adulteria
3609 2189 3762 2230 com-

2176 2260 2454 2328 mittendo,
2485 2261 2580 2317 sed
2605 2261 2952 2333 conjugaliter
2969 2262 3108 2318 bene
3129 2263 3326 2319 utendo
3343 2265 3482 2320 malo
3503 2265 3754 2336 libidinis,

2149 2365 2236 2405 ea
2265 2353 2538 2408 voluntate
2565 2352 2854 2423 generandi
2879 2362 3004 2409 sunt
3029 2353 3144 2424 lilii,
3173 2364 3230 2410 ut
3253 2370 3372 2411 cum
3397 2356 3477 2413 eis
3501 2367 3752 2430 regnetur

2173 2441 2228 2496 in
2252 2451 2510 2498 :eternum
2533 2441 2632 2516 (a).

2243 2533 2332 2587 42.
2366 2532 2563 2588 Verum
2603 2532 2874 2604 eleganter
2915 2533 3098 2592 laudas
3141 2545 3436 2607 susceptam
3463 2546 3638 2609 tuam,
3667 2541 3757 2596 di-

2171 2637 2328 2690 cens,
2360 2632 2416 2679 et
2441 2638 2628 2680 verum
2653 2624 2838 2681 dicens
2857 2627 2879 2658 ³
2913 2643 2934 2676 ι
2966 2625 3108 2696 quod
3147 2626 3280 2682 nihil
3321 2629 3406 2683 tali
3437 2632 3604 2700 possit
3629 2631 3758 2688 dum

2170 2715 2541 2772 concumbitur
2564 2718 2802 2788 cogitari.
2831 2737 2850 2770 ι
2881 2718 3106 2775 Prorsus
3129 2720 3201 2775 ita
3222 2729 3323 2778 est.
3345 2721 3483 2790 Quid
3506 2723 3648 2779 enim
3669 2740 3752 2782 co-

2168 2807 2322 2878 gitari
2351 2816 2528 2879 potest
2551 2818 2706 2874 tunc,
2737 2809 2949 2879 quando
2977 2827 3129 2868 mens
3173 2813 3286 2882 ipsa
3327 2829 3430 2884 qua
3465 2817 3749 2887 cogitatur,

2167 2900 2257 2956 illa
2286 2901 2485 2956 carnali
2523 2900 2877 2958 delectatione
2919 2902 3318 2974 snbmergitur?
3353 2904 3506 2962 Unde
3553 2908 3752 2978 optimc

2167 2989 2256 3048 ille
2283 2991 2351 3046 de
2379 2991 2646 3062 voluptate
2683 2991 2963 3061 disputans
2981 3035 2997 3060 ,
3031 2993 3183 3064 cujus
3211 2995 3373 3050 verba
3406 2995 3460 3051 in
3491 2997 3629 3053 libro
3658 3013 3750 3054 sn-

2167 3081 2376 3151 periore
2389 3081 2501 3152 jam
2527 3083 2680 3152 posui
2705 3101 2718 3136 :
2747 3101 2768 3134 ι
2795 3083 2957 3154 Cujus
2979 3094 3172 3151 motus,
3207 3105 3226 3138 ι
3253 3086 3441 3156 inquit,
3477 3104 3496 3139 ι
3529 3091 3751 3159 utqnis-

2165 3189 2269 3244 que
2295 3183 2378 3230 est
2405 3175 2668 3230 maximus
2690 3175 2804 3242 ,‘ita
2833 3187 2916 3232 est
2946 3177 3345 3233 inimicissimus
3374 3179 3743 3252 philosophias.

2165 3266 2467 3337 Congruere
2491 3268 2634 3323 enim
2660 3284 2780 3324 cum
2805 3271 3124 3340 cogitatione
3147 3287 3334 3343 magna
3356 3273 3600 3344 voluptas
3623 3289 3750 3332 cor-

2165 3359 2312 3429 poris
2338 3375 2444 3414 non
2474 3367 2668 3431 potest.
2701 3360 2831 3427 Quis
2853 3362 2995 3416 enim
3024 3376 3145 3417 cum
3185 3371 3362 3418 utatur
3385 3365 3688 3435 voluptate,
3719 3385 3742 3421 ι

2165 3451 2368 3522 inquit,
2398 3471 2418 3505 ι
2445 3467 2508 3507 ea
2537 3467 2640 3523 qua
2685 3453 2827 3508 nulla
2871 3453 3042 3524 possit
3083 3455 3256 3526 major
3283 3471 3434 3523 esse,
3471 3458 3750 3516 attendere

2164 3545 2374 3612 animo,
2416 3545 2552 3600 inire
2592 3545 2884 3611 rationem,
2925 3545 3160 3618 cogitare
3204 3547 3424 3603 omnino
3461 3549 3748 3621 quidquam

2166 3647 2340 3708 potest
2359 3638 2577 3709 (Supra,
2603 3656 2658 3692 η.
2689 3637 2778 3704 72,
2801 3655 2866 3694 ea:
2888 3638 3144 3694 Ciceronis
3167 3639 3497 3713 Hortensio)?
3517 3642 3632 3698 Non
3655 3644 3748 3714 igi-

2163 3738 2250 3784 tur
2279 3730 2436 3786 etiam
2466 3739 2521 3784 tu
2547 3731 2764 3800 potuisti
2802 3730 3013 3801 gravius
3041 3745 3294 3788 accusare
3333 3747 3492 3804 quam
3531 3733 3742 3804 laudas,

2164 3824 2265 3878 nisi
2291 3823 2502 3879 fatendo
2528 3825 2578 3878 in
2604 3823 2718 3892 ejus
2745 3823 2946 3894 impetu
2965 3824 3232 3880 neminem
3260 3839 3416 3894 posse
3440 3837 3622 3882 sancta
3648 3841 3742 3882 co-

2163 3915 2351 3985 gitare.
2377 3914 2481 3970 Sed
2507 3915 2687 3984 utique
2713 3914 2993 3985 religiosus
3031 3915 3242 3970 animus
3285 3915 3388 3970 isto
3430 3917 3572 3971 malo
3607 3917 3744 3974 bene

2165 4017 2318 4063 utens
2347 4006 2450 4062 hoc
2475 4007 2698 4076 cogitat,
2738 4014 2796 4060 ut
2821 4005 3095 4060 libidinem
3135 4007 3540 4063 concumbendo
3570 4009 3742 4079 patia-

2162 4107 2267 4164 tur,
2295 4097 2434 4168 quod
2461 4111 2566 4150 non
2593 4104 2766 4165 potest
2785 4096 3020 4167 cogitare
3039 4110 3160 4152 cum
3187 4097 3401 4167 patitur.
3431 4097 3578 4154 Sicut
3598 4099 3740 4153 salu-

2163 4197 2270 4246 tem
2291 4190 2452 4244 homo
2472 4189 2688 4260 cogitat,
2709 4197 2768 4244 ut
2785 4203 2974 4244 somno
2995 4205 3054 4245 se
3079 4189 3368 4260 impertiat,
3393 4192 3534 4261 quod
3559 4193 3740 4263 utique

2161 4296 2268 4336 non
2312 4289 2485 4352 potest
2512 4281 2746 4352 cogitare
2777 4295 2897 4336 cum
2931 4281 3130 4336 dormit
3161 4299 3174 4335 :
3204 4281 3300 4337 sed
3345 4297 3564 4339 somnus
3613 4299 3737 4340 cum

2160 4379 2383 4441 occupat
2409 4372 2670 4440 membra,
2699 4387 2804 4426 non
2825 4386 2886 4426 ea
2910 4370 3033 4427 facit
3061 4373 3417 4428 inohedientia
3447 4375 3736 4443 voluntati;

2159 4464 2282 4533 quia
2309 4473 2362 4518 et
2384 4465 2553 4533 ipsam
2579 4464 2903 4520 voluntatem
2929 4464 2997 4519 ab
3029 4464 3391 4534 hujuscemodi
3420 4468 3616 4523 alienat
3635 4467 3738 4524 im-

2159 4557 2328 4628 perio,
2357 4557 2647 4614 avertendo
2667 4558 2900 4613 animam
2929 4557 2994 4614 ad
3021 4559 3134 4615 visa
3161 4561 3516 4628 somniorum,
3541 4563 3593 4618 in
3623 4563 3743 4634 qui-

2157 4649 2258 4705 bus
2283 4665 2425 4720 srepe
2449 4650 2608 4706 etiam
2651 4649 2826 4706 futura
2843 4657 2848 4662 ‘
2865 4659 3158 4706 monstrata
3199 4662 3342 4707 sunt.
3369 4653 3524 4710 Unde
3549 4655 3595 4709 si
3623 4665 3740 4711 erat

2158 4741 2210 4795 in
2239 4740 2484 4810 paradiso
2511 4740 2823 4797 vicissitudo
2845 4740 3096 4812 vigilandi
3121 4750 3282 4813 atque
3303 4743 3621 4812 dormiendi,
3649 4745 3741 4801 ubi

2157 4845 2264 4887 non
2279 4839 2394 4887 erat
2413 4831 2609 4887 malum
2629 4831 3076 4904 concupiscendi;
3115 4841 3220 4888 tam
3265 4833 3437 4890 felicia
3469 4844 3622 4892 erant
3653 4851 3744 4892 so-

2156 4925 2300 4980 mnia
2324 4923 2721 4991 dormientium,
2749 4939 2908 4994 quam
2937 4924 3041 4978 vita
3069 4923 3418 4994 vigilantium.

2227 5018 2317 5072 45.
2343 5015 2496 5082 Quod
2537 5025 2717 5071 autem
2751 5024 2801 5071 te
2838 5014 3008 5085 jactas
3038 5056 3054 5084 ,
3097 5024 3152 5071 et
3193 5017 3420 5073 inaniter
3455 5033 3738 5089 spumeum

2157 5107 2412 5164 diﬂ‘undis
2441 5107 2734 5177 eloquium,
2768 5123 2788 5158 ι
2817 5114 3069 5176 parentes
3091 5119 3409 5177 comparans
3433 5109 3736 5178 parricidis,

2155 5198 2209 5254 in
2235 5199 2313 5254 eis
2347 5212 2595 5253 asserens
2619 5211 2740 5253 esse
2765 5210 2980 5252 causam
3009 5203 3070 5251 ut
3095 5195 3184 5252 lilii
3225 5213 3346 5253 cum
3385 5198 3738 5256 damnatione

2153 5299 2474 5346 nascantur:
2505 5308 2525 5342 ι
2551 5285 2738 5344 fereris
2758 5288 2779 5320 ³
2804 5288 3022 5344 omnino
3041 5289 3233 5360 linguae
3256 5300 3360 5346 tua:
3379 5291 3524 5346 velut
3547 5291 3736 5348 exsul-

2151 5381 2384 5438 tantibus
2409 5389 2465 5435 et
2489 5377 2862 5452 plaudentibus
2897 5379 3088 5449 pennis
3109 5422 3123 5445 ,
3153 5395 3252 5436 nec
3295 5381 3350 5436 in
3379 5381 3484 5438 isto
3507 5385 3734 5454 strepitu

2149 5487 2307 5545 quem
2338 5473 2432 5528 tibi
2455 5472 2569 5542 ipse
2586 5471 2730 5535 facis,
2760 5469 2981 5538 respicis
3003 5471 3190 5526 Deum.
3213 5472 3319 5528 Cur
3336 5473 3478 5530 enim
3501 5488 3608 5530 non
3631 5474 3734 5533 isu

2213 5565 2229 5632 ξ
2255 5564 2327 5612 sic
2347 5571 2452 5613 Mss.
2478 5569 2542 5632 ΑιΔ
2553 5561 2692 5632 editi,
2711 5559 3025 5626 recipimtur.

2209 5628 2230 5658 ³
2245 5632 2346 5674 Duo
2359 5633 2488 5684 Mss,
2509 5623 2650 5674 dicit.

2211 5689 2233 5719 ³
2263 5689 2336 5736 sic
2359 5696 2458 5745 ᾼηι.
2476 5681 2556 5736 Ἐιι.
2585 5695 2637 5736 et
2657 5691 2763 5734 Mss.
2783 5689 2915 5748 tum,
2940 5681 3108 5748 fertis.

2207 5749 2280 5810 (η)
2314 5750 2442 5810 Apud
2465 5758 2564 5796 Am.
2591 5757 2644 5797 et
2665 5746 2831 5810 Em}.

2207 5807 2280 5874 (b)
2310 5807 2484 5874 supra,
2505 5810 2591 5860 lib.
2617 5811 2664 5872 4,
2683 5821 2734 5858 n.
2757 5807 2838 5860 39.
