4142 6556
415 634 500 692 vel
536 634 639 688 tale
662 631 881 702 aliquid,
911 630 1212 702 ipsiepotius
1239 627 1514 687 hominum
1549 631 1788 688 Creatori
1825 646 1986 702 quam

412 723 739 795 genitoribus
765 721 976 787 dicitur,
1021 722 1114 791 qui
1157 730 1302 776 certe
1342 722 1580 777 omnium
1614 721 1875 776 bonorum
1905 729 1989 776 est

414 823 596 870 auctor
623 823 677 870 et
704 812 986 869 conditor?
1023 811 1091 866 Et
1133 821 1308 868 tamen
1346 828 1481 884 quos
1521 812 1728 884 ignibus
1770 812 1988 868 internis

417 907 678 979 praescivit
703 914 949 970 arsuros,
987 917 1174 958 creare
1216 918 1323 959 non
1351 903 1545 960 desinit
1579 922 1592 959 :
1622 918 1722 959 nec
1749 904 1798 959 ei
1817 944 1834 971 ,
1865 902 1988 974 quia

415 1011 508 1052 eos
530 1003 694 1060 creat,
718 995 819 1051 nisi
842 993 1052 1050 bonitas
1073 994 1360 1064 imputatur
1379 995 1418 1047 ι.
1445 993 1514 1048 Ει
1535 994 1792 1064 quosdam
1817 991 1989 1048 infan-

419 1096 498 1143 tes
521 1087 680 1142 etiam
708 1085 997 1156 baptizatos
1025 1098 1160 1154 quos
1179 1083 1385 1140 futuros
1410 1085 1674 1154 praescivit
1692 1093 1985 1154 apostatas,

420 1194 528 1235 non
555 1177 727 1235 aufert
748 1193 812 1232 ex
839 1176 937 1231 hac
960 1175 1065 1231 vita
1089 1175 1141 1230 in
1163 1185 1420 1232 aeternum
1447 1192 1668 1248 regnum
1691 1177 1986 1247 adoptatos,

424 1287 522 1327 nec
546 1272 624 1326 eis
651 1270 852 1325 confert
877 1284 1123 1340 magnum
1153 1269 1468 1324 beneficium
1490 1311 1505 1336 ,
1533 1270 1675 1340 quod
1703 1269 1846 1336 ei‘de
1885 1284 1991 1340 quo

425 1363 629 1432 legitur,
659 1359 850 1430 Raptus
869 1368 962 1425 est,
991 1375 1053 1414 ne
1076 1360 1270 1414 malitia
1312 1371 1527 1415 mutaret
1551 1361 1855 1415 intellectum
1884 1363 1992 1433 ejus

424 1453 444 1521 (
466 1450 592 1520 Sap.
620 1465 692 1516 IV,
722 1450 783 1506 11
807 1449 847 1521 ).
870 1449 978 1505 Nec
1006 1458 1182 1505 tamen
1220 1451 1332 1506 Deo
1362 1451 1629 1519 tribuitur,
1657 1453 1756 1508 nisi
1785 1452 1993 1509 bonitas

420 1549 580 1612 atque
595 1540 830 1610 iustitia,
857 1556 960 1612 qua
985 1541 1054 1597 de
1077 1541 1232 1598 bonis
1254 1551 1307 1597 et
1334 1542 1492 1598 malis
1528 1544 1706 1599 omnia
1748 1544 1887 1600 bene
1930 1559 1994 1600 ac

419 1644 563 1691 recte
583 1633 728 1690 facit.
751 1635 959 1702 Quanto
980 1634 1184 1691 facilius
1209 1635 1536 1707 intelligitur,
1559 1637 1864 1707 parentibus
1886 1653 1993 1694 non

420 1741 538 1781 esse
564 1725 900 1781 tribuendum
921 1767 936 1791 ,
962 1726 1066 1781 nisi
1093 1726 1235 1798 quod
1264 1727 1400 1782 filios
1438 1729 1662 1797 volunt,
1692 1729 1784 1801 qui
1809 1730 1994 1802 procul

420 1814 580 1870 dubio
608 1831 723 1884 qua:
751 1816 854 1870 illis
877 1814 1055 1873 futura
1079 1826 1201 1873 sunt
1226 1819 1508 1875 nesciunt?

491 1905 714 1962 CAPUT
750 1905 840 1963 XI.
873 1908 1048 1963 -44.
1073 1908 1224 1976 Quod
1263 1918 1438 1966 autem
1475 1915 1902 1970 commemorasti
1929 1929 1994 1970 ex

422 1996 706 2068 Evangelio
724 2039 739 2064 ,
782 1997 966 2054 Melius
990 2010 1096 2054 erat
1125 2001 1314 2056 homini
1340 2003 1419 2057 illi
1455 2021 1559 2060 non
1586 2006 1728 2060 nasci
1763 2007 1784 2076 (
1807 2006 1993 2061 Matth.

423 2105 565 2159 xxvi,
609 2089 735 2162 24);
765 2107 940 2147 nonne
965 2101 1025 2148 ut
1053 2103 1357 2150 nasceretur
1380 2096 1498 2167 plus
1521 2113 1682 2168 opere
1709 2099 1800 2154 Dei
1821 2109 1996 2156 actum

423 2188 538 2248 est,
563 2197 719 2252 quam
744 2186 1060 2254 parentum?
1081 2186 1186 2241 Cur
1213 2203 1321 2243 non
1351 2187 1462 2259 ipse
1490 2190 1703 2262 imagini
1727 2207 1838 2248 sua:
1861 2208 1998 2263 pra:-

425 2273 558 2328 stitit
598 2274 738 2344 quod
767 2277 954 2332 melius
978 2286 1130 2346 erat,
1161 2279 1250 2350 qui
1279 2281 1477 2343 malum
1507 2283 1649 2353 quod
1683 2284 1732 2340 ei
1763 2283 1997 2341 futurum

427 2361 594 2418 fuerat
621 2366 953 2434 prmsciebat,
980 2367 1118 2437 quod
1140 2378 1385 2438 parentes
1409 2386 1569 2428 nosse
1609 2389 1714 2429 non
1739 2375 1998 2446 possunt?

426 2451 493 2507 Et
522 2461 695 2509 tamen
719 2455 786 2510 ab
810 2457 890 2511 eis
917 2457 1005 2528 qui
1042 2468 1188 2515 recte
1230 2460 1562 2532 intelligunt,
1603 2479 1708 2520 non
1753 2467 1999 2522 tribuitur

427 2543 558 2612 Deo,
587 2545 688 2601 nisi
713 2546 852 2617 quod
879 2548 1187 2620 benignitati
1227 2551 1564 2608 tribuendum
1602 2563 1685 2611 est
1710 2555 1997 2613 Creatoris.

432 2635 522 2692 Sic
543 2646 598 2692 et
624 2640 923 2707 parentibus
951 2641 1068 2696 sine
1105 2641 1245 2698 nodo
1279 2643 1512 2700 difficilis
1549 2648 1856 2717 qumstionis
1899 2649 2002 2706 hoc

435 2728 700 2795 tribuitur,
740 2731 879 2800 quod
912 2732 1047 2788 filios
1073 2734 1414 2801 voluerunt”,
1447 2753 1673 2807 quorum
1703 2739 1876 2794 futura
1901 2756 2001 2796 ne-

430 2820 715 2875 sciverunt.
740 2819 852 2893 Ego
877 2833 1052 2879 autem
1089 2841 1198 2880 non
1235 2825 1356 2882 dico
1380 2830 1629 2898 parvulos
1655 2830 1772 2886 sine
1804 2830 2002 2888 Christi

431 2910 749 2980 Baptismate
776 2912 1066 2970 morientes
1092 2923 1234 2970 tanta
1263 2932 1419 2986 pmna
1447 2933 1566 2975 esse
1590 2920 1920 2990 plectendos,
1947 2932 2005 2978 ut

432 3001 509 3056 eis
528 3018 632 3056 non
659 3003 803 3058 nasci
829 3005 1004 3074 potius
1029 3007 1335 3076 expediret;
1359 3025 1480 3064 cum
1501 3010 1602 3066 hoc
1622 3011 1878 3068 Dominus
1897 3031 2004 3071 non

431 3091 498 3149 de
525 3093 842 3164 quibuslibet
879 3099 1243 3166 peccatoribus
1262 3142 1277 3168 ,
1309 3101 1404 3156 scd
1431 3101 1500 3158 de
1524 3105 1915 3160 scelestissimis
1950 3115 2006 3162 et

431 3183 752 3254 impiissimis
775 3187 988 3243 dixerit.
1017 3189 1073 3245 Si
1102 3191 1243 3245 enim
1273 3193 1411 3262 quod
1441 3194 1508 3250 de
1535 3194 1782 3253 Sodomis
1809 3197 1918 3264 ait,
1951 3207 2006 3255 et

430 3277 608 3347 utique
633 3293 738 3332 non
765 3278 831 3334 de
855 3281 988 3336 solis
1013 3281 1232 3354 intelligi
1255 3285 1442 3351 voluit,
1470 3287 1606 3342 alius
1627 3289 1733 3346 alio
1757 3291 2007 3347 tolerabi-

433 3364 532 3420 lius
552 3366 604 3421 in
633 3367 922 3438 diejudicii
949 3372 1196 3440 punietur
1227 3371 1336 3448 (Id.
1360 3391 1415 3441 x,
1449 3377 1533 3442 l5,
1550 3384 1597 3431 et
1619 3394 1690 3445 xl,
1727 3380 1853 3451 24);
1885 3382 2004 3450 quis

435 3455 749 3514 dubitaverit
769 3462 1018 3529 parvulos
1035 3479 1141 3518 non
1164 3458 1477 3535 baptizatos,
1501 3468 1592 3539 qui
1611 3470 1784 3525 solum
1808 3471 2004 3528 habent

438 3549 689 3619 originale
709 3562 1002 3621 peccatum,
1026 3570 1126 3612 nec
1151 3555 1272 3611 ullis
1293 3559 1522 3628 propriis
1545 3571 1920 3632 aggravantur,
1952 3565 2005 3619 in

440 3638 775 3698 damnatione
799 3646 1029 3700 omnium
1051 3646 1318 3704 levissima
1342 3648 1587 3706 futuros?
1611 3651 1739 3718 Quas
1759 3655 1929 3725 qualis
1955 3663 2009 3712 et

440 3743 634 3804 quanta
658 3734 778 3803 erit,
805 3741 1040 3807 quamvis
1062 3739 1283 3796 delinire
1313 3758 1417 3797 non
1446 3745 1666 3813 possim,
1695 3761 1801 3802 non
1826 3755 2005 3805 tamen

438 3824 614 3880 audeo
640 3825 815 3883 dicere
843 3830 980 3899 quod
1006 3831 1080 3886 eis
1107 3841 1165 3886 ut
1194 3833 1324 3888 nulli
1351 3845 1533 3891 essent
1560 3853 1719 3907 quam
1742 3848 1800 3893 ut
1827 3839 1900 3895 ibi
1921 3857 2009 3897 es-

437 3925 584 3985 sent,
618 3920 790 3988 potius
815 3923 1104 3992 expediret.
1143 3925 1342 3982 Verum
1380 3942 1476 3982 vos
1505 3943 1745 4000 quoque,
1787 3932 1878 4002 qui
1913 3948 2008 3990 eos

434 4009 580 4064 velut
608 4009 802 4067 liberos
840 4012 906 4067 ab
946 4016 1090 4069 omni
1121 4015 1459 4074 damnatione
1499 4034 1618 4076 esse
1652 4022 2006 4092 contenditis,

436 4101 664 4170 cogitare
685 4119 786 4158 non
809 4106 966 4160 vultis
980 4123 1083 4177 qua
1104 4108 1222 4164 illos
1243 4109 1579 4167 damnatione
1604 4114 1852 4182 puniatis,
1875 4114 2007 4171 alie-

438 4192 611 4247 nando
652 4209 681 4247 a
723 4196 823 4250 vita
868 4197 961 4252 Dei
1005 4208 1059 4254 et
1099 4215 1130 4254 a
1170 4216 1332 4273 regno
1362 4203 1456 4259 Dei
1481 4212 1562 4259 tot
1596 4204 1852 4276 imagines
1882 4209 2006 4275 Dei,

437 4294 703 4354 postremo
729 4291 1023 4358 separando
1051 4307 1080 4346 a
1108 4296 1415 4363 parentibus
1457 4297 1590 4366 piis,
1634 4313 1768 4368 quos
1806 4300 1874 4354 ad
1917 4315 2011 4357 eos

437 4379 791 4448 procreandos
813 4391 916 4437 tam
943 4383 1172 4440 disertus
1194 4385 1444 4443 hortaris.
1466 4388 1590 4443 llaec
1612 4399 1790 4446 autem
1814 4391 2012 4463 injuste

439 4467 726 4538 patiuntur,
757 4472 800 4525 si
832 4472 1033 4527 nullum
1057 4475 1487 4534 habentomnino
1517 4489 1792 4550 peccatum
1817 4499 1831 4537 :
1856 4494 1946 4538 aut
1965 4483 2011 4539 si

437 4556 596 4627 iuSIe,
621 4577 746 4632 ergo
772 4561 971 4619 habent
995 4567 1257 4636 originale
1283 4581 1584 4640 peccatum.

510 4649 599 4704 45.
629 4649 706 4722 (a)
727 4653 859 4707 Aliis
886 4653 1076 4712 deinde
1104 4661 1388 4729 propositis
1413 4663 1546 4718 meis
1591 4663 1789 4733 verbis,
1820 4664 2013 4736 quibus

440 4745 847 4799 commemoravi
895 4761 1054 4817 quam
1097 4750 1319 4806 honeste
1362 4755 1530 4809 sancti
1581 4757 1784 4826 antiqui
1832 4767 2012 4828 patres

441 4833 748 4904 coniugibus
765 4838 844 4891 usi
865 4836 1092 4906 fuerint;
1116 4841 1248 4897 dicis
1270 4862 1288 4896 ι
1313 4858 1406 4899 eos
1426 4860 1533 4901 non
1553 4846 1653 4903 hoc
1673 4847 1863 4903 intuitu
1883 4863 2011 4919 ope-

440 4939 554 5014 ram
592 4927 802 4985 dedisse
842 4933 1150 5003 propagini,
1190 4945 1248 4991 ut
1287 4945 1535 5009 tanquam
1576 4955 1698 4998 reos
1735 4943 2015 5014 gignerent

443 5013 577 5071 filios
606 5017 928 5088 Baptismate
967 5024 1277 5096 diluendos,
1317 5044 1382 5084 eo
1425 5031 1566 5100 quod
1605 5013 1870 5102 Baptisma
1908 5050 2014 5106 quo

441 5119 579 5160 nunc
611 5109 930 5180 adoptantur
962 5116 1198 5172 nondum
1217 5118 1388 5176 fuerat
1408 5121 1702 5178 institutum
1726 5142 1747 5177 ι
1783 5123 1884 5194 (De
1900 5124 2014 5181 Nu-

441 5197 559 5265 ptiis
574 5209 619 5252 et
637 5199 1068 5274 Concupiscentia,
1090 5209 1176 5264 lib.
1201 5211 1253 5277 1,
1284 5229 1336 5266 u.
1360 5212 1438 5282 9).
1464 5214 1576 5270 Hoc
1601 5215 1667 5270 de
1691 5215 2014 5287 Baptismate

439 5301 623 5344 verum
650 5291 783 5349 dicis
810 5312 823 5348 :
852 5311 952 5352 nec
980 5298 1098 5355 ideo
1127 5308 1301 5357 tamen
1328 5302 1650 5360 credendum
1678 5315 1779 5374 est,
1810 5316 1864 5364 et
1891 5316 2016 5364 ante

435 5377 616 5435 datam
637 5384 1095 5446 circumcisionem
1116 5391 1342 5450 famulos
1358 5395 1473 5462 Dei,
1493 5397 1917 5470 quandoquidem
1937 5399 2016 5455 eis

434 5468 616 5527 inerat
641 5473 946 5534 Mediatoris
971 5481 1103 5538 fides
1130 5485 1183 5538 in
1213 5500 1376 5542 came
1397 5489 1625 5557 venturi,
1658 5468 1805 5544 nullo
1834 5505 2015 5547 sacra-

427 5571 624 5619 mento
651 5567 768 5636 ejus
802 5571 1087 5642 opitulatos
1127 5575 1288 5634 fuisse
1331 5579 1564 5648 parvulis
1604 5580 1747 5648 suis;
1777 5582 2017 5652 quamvis

509 5677 706 5762 :‘Apudn
731 5691 853 5762 sui.
871 5693 1046 5762 etlltss:
1066 5723 1081 5748 ,
1105 5701 1203 5762 .uec
1223 5689 1402 5762 ei_nisi_,_
1423 5694 1536 5762 quia
1559 5709 1636 5746 eos
1659 5702 1808 5762 creat,
1836 5695 2020 5762 bonitas

412 5734 1682 5864 suggiggigéagxcépwqitdrﬁéédéi'Eoﬁiééj'i'nﬁié
1689 5734 2021 5823 'tBEi’tJF

510 5860 660 5936 ἶριιο
692 5875 822 5936 δείξειν
845 5871 1108 5936 συοάδβιϋσ
1129 5874 1392 5930 volaema.

517 5924 588 5992 (α)
620 5930 756 5993 Apud
777 5924 879 5982 χιό.
905 5941 957 5984 et
976 5924 1276 6002 n.,'cs,3;‘§;
1858 5934 1894 5953 ...

683 6015 912 6107 Saxum
953 6021 1232 6119 Ausum

1745 510 1948 569 LIBER
1983 506 2302 578 QUINTUS.

3561 518 3666 581 310

2095 631 2220 701 quid
2247 631 2372 687 illud
2398 645 2558 704 esset,
2591 636 2763 708 aliqua
2788 640 3085 698 necessaria
3109 657 3266 699 causa
3290 643 3557 716 Scriptura
3582 646 3669 702 la-

2092 732 2205 780 tere
2223 726 2470 784 voluerit.
2498 729 2628 784 Nam
2652 741 2706 787 et
2733 733 2994 789 sacriﬁcia
3021 750 3202 790 eorum
3226 737 3449 806 legimus
3473 737 3662 810 (Leuit.

2091 816 2220 889 xu),
2243 819 2434 889 quibus
2460 820 2641 890 utique
2669 825 2884 894 sanguis
2913 825 3000 880 ille
3026 825 3372 896 ﬁgurabatur,
3406 829 3492 898 qui
3515 829 3665 886 solus

2092 907 2233 961 tollit
2258 917 2532 977 peccatum
2552 911 2567 941 ³
2592 912 2771 966 mundi
2796 911 2985 984 (Joau.
3009 929 3044 978 ι,
3072 914 3196 984 29).
3227 916 3474 984 Apertius
3502 919 3665 974 etiam

2091 997 2224 1068 legis
2243 999 2351 1069 iam
2382 1009 2618 1070 tempore
2648 1004 2986 1059 nascentibus
3013 1005 3244 1074 parvulis
3264 1047 3278 1071 ,
3307 1007 3669 1065 offerebantur

2092 1089 2349 1145 sacriﬁcia
2370 1107 2466 1162 pro
2490 1094 2738 1162 peccatis.
2759 1093 3063 1163 Responde,
3088 1110 3183 1164 pro
3203 1097 3392 1166 quibus
3414 1101 3668 1168 peccatis.

2094 1179 2320 1250 Respice
2361 1184 2517 1237 etiam
2564 1185 2667 1238 illis
2699 1186 3074 1254 generantibus
3104 1188 3346 1256 patribus
3376 1192 3667 1259 perituram

2095 1270 2258 1326 fuisse
2285 1274 2512 1328 animam
2543 1277 2744 1344 parvuli
2773 1276 2839 1332 de
2869 1278 3064 1348 pepulo
3092 1293 3209 1345 suo,
3239 1280 3283 1334 si
3309 1279 3394 1335 die
3424 1298 3528 1337 non
3558 1284 3672 1337 cir-

2094 1363 2481 1420 cumcideretur
2502 1375 2690 1422 octavo
2713 1365 2865 1442 (Gen.
2893 1385 3021 1438 xvn,
3051 1370 3140 1444 14)
3167 1388 3180 1424 :
3202 1379 3256 1426 et
3283 1373 3545 1442 responde
3565 1390 3673 1444 quo

2095 1454 2284 1508 merito
2310 1455 2524 1523 periret,
2551 1471 2707 1527 quem
2723 1437 2895 1529 negas
2915 1437 3161 1530 originali
3186 1437 3477 1517 obnoxium
3506 1437 3675 1520 fuisse

2095 1552 2334 1612 peccato.

2166 1633 2389 1690 CAPUT
2413 1635 2530 1690 le.
2551 1666 2622 1677 —
2642 1637 2731 1693 46.
2773 1636 2893 1694 Jam
2934 1653 3064 1696 vero
3089 1659 3110 1696 ι
3139 1641 3207 1697 de
3244 1641 3474 1713 Joseph,
3521 1643 3676 1712 cujus

2096 1723 2314 1780 Mariam
2346 1745 2365 1779 ι
2401 1735 2532 1782 teste
2557 1727 2845 1800 Evangelio
2871 1748 2892 1782 ‹
2923 1731 3204 1802 coniugem
3237 1749 3256 1784 ι
3287 1732 3397 1787 dixi
3427 1731 3529 1805 (De
3549 1731 3676 1786 Nu-

2099 1815 2214 1885 ptiis
2239 1823 2283 1867 et
2303 1814 2734 1888 Coucupiscentia,
2765 1818 2854 1872 lib.
2879 1820 2932 1886 1,
2959 1836 3014 1876 u.
3044 1819 3160 1892 12),
3189 1821 3354 1876 multa
3380 1821 3466 1876 diu
3493 1821 3678 1892 dispu-

2099 1913 2180 1961 tas
2207 1915 2389 1961 contra
2429 1910 2745 1963 sententiam
2781 1925 2953 1965 meam
2973 1951 2990 1977 ,
3021 1919 3076 1968 et
3101 1913 3314 1967 conaris
3353 1913 3672 1980 ostendere,

2104 2014 2125 2048 ι
2151 1997 2272 2066 quia
2300 1998 2610 2054 concubitus
2650 1998 2848 2066 defuit,
2898 2001 3045 2056 nullo
3086 2002 3246 2057 modo
3285 2002 3446 2059 fuisse
3483 2003 3676 2074 conju-

2098 2087 2280 2159 gium:
2313 2108 2330 2141 ι
2362 2104 2425 2144 ae
2451 2106 2545 2160 per
2572 2091 2700 2158 hoc,
2731 2092 3025 2147 secundum
3066 2101 3121 2148 te
3145 2135 3160 2158 ,
3204 2110 3326 2149 cum
3376 2095 3680 2151 destiterint

2099 2179 2450 2234 concumbere
2475 2180 2746 2250 coniuges,
2773 2181 2884 2251 iam
2914 2197 3020 2238 non
3043 2193 3197 2238 erunt
3216 2185 3491 2255 conjuges,
3520 2198 3571 2241 et
3595 2185 3681 2239 di-

2099 2267 2326 2321 vortium
2357 2269 2458 2322 erit
2496 2269 2584 2323 illa
2626 2273 2873 2325 cessatio.
2904 2272 3058 2338 Quod
3084 2288 3150 2328 ne
3175 2275 3478 2345 contingat,
3519 2283 3680 2344 agant

2101 2358 2238 2414 sicut
2262 2369 2484 2428 possunt
2511 2360 2766 2431 decrepiti
2805 2363 2948 2432 quod
2983 2364 3207 2433 iuvenes
3238 2366 3496 2436 agebant,
3530 2375 3585 2422 et
3609 2367 3680 2422 ab
3725 2361 3731 2368 ’

2102 2448 2204 2503 hoc
2223 2465 2384 2520 opere
2403 2468 2507 2522 quo
2528 2453 2686 2508 etiam
2707 2455 2986 2509 continens
3008 2455 3226 2512 nimium
3253 2456 3556 2522 delectaris,
3579 2471 3684 2513 nec

2102 2540 2333 2596 effectis'
2359 2550 2515 2597 aetate
2554 2545 2865 2614 corporibus
2913 2555 3151 2613 parcant.
3191 2545 3304 2601 Non
3348 2562 3410 2602 se
3448 2548 3685 2618 cogitent

2103 2643 2355 2704 quantum
2383 2634 2450 2689 ad
2486 2635 2717 2690 libidinis
2760 2637 2949 2691 attinet
2993 2637 3290 2704 incentiva,
3317 2639 3592 2702 senuisse,
3625 2647 3687 2692 ut

2104 2725 2307 2794 possint
2334 2725 2585 2796 coniuges
2616 2741 2943 2795 permanere.
2971 2727 3028 2783 Si
3054 2727 3156 2786 hoc
3186 2729 3278 2784 tibi
3307 2729 3500 2799 placet,
3526 2738 3583 2784 tu
3607 2729 3686 2784 vi-

2104 2815 2265 2870 deris.
2307 2817 2417 2886 Ego
2458 2825 2633 2872 autem
2681 2816 2844 2892 (quia
2888 2819 3178 2876 liberorum
3229 2821 3684 2892 procreandorum

2105 2923 2264 2964 causa
2288 2923 2482 2964 uxores
2511 2925 2631 2966 esse
2658 2910 2926 2967 ducendas
2948 2953 2964 2977 ,
2994 2913 3246 2969 honestas
3284 2915 3552 2970 consentit
3576 2913 3685 2968 hu-

2106 3017 2280 3067 mana,
2313 3002 2545 3072 quolibet
2571 3004 2729 3058 modo
2754 3005 2958 3060 libidini
2984 3006 3140 3062 cedat
3168 3005 3502 3080 infirmitas),
3530 3022 3698 3078 praen

2109 3103 2189 3150 ter
2215 3093 2370 3148 fidem
2396 3111 2554 3164 quam
2581 3096 2679 3150 sibi
2707 3095 2902 3152 debent
2925 3097 3198 3168 conjuges,
3226 3113 3295 3154 ne
3319 3097 3449 3153 fiant
3470 3097 3683 3154 adulte-

2107 3186 2206 3252 ria,
2235 3194 2288 3240 et
2313 3186 2516 3255 prolem
2540 3187 2690 3256 cujus
2718 3188 3038 3258 generandae
3066 3204 3225 3244 causa
3267 3203 3426 3244 sexus
3454 3198 3681 3260 uterque

2108 3275 2412 3331 miscendus
2455 3285 2569 3343 est,
2616 3277 2817 3332 adverti
2858 3278 3016 3333 etiam
3062 3279 3275 3334 tertium
3315 3279 3513 3334 bonum
3542 3280 3689 3350 quod

2108 3383 2227 3424 esse
2256 3368 2308 3422 in
2341 3369 2648 3439 coniugibus
2693 3370 2882 3438 debet,
2912 3372 3143 3427 maxime
3191 3372 3578 3442 pertinentibus
3614 3370 3688 3428 ad

2112 3460 2360 3531 populum
2391 3459 2515 3526 Dei,
2547 3461 2686 3530 quod
2713 3463 2842 3518 mihi
2866 3464 3041 3519 visum
3080 3474 3162 3520 est
3199 3480 3320 3521 esse
3351 3463 3564 3536 aliquod
3591 3479 3687 3522 sa-

2109 3559 2456 3616 cramentum,
2491 3567 2560 3608 ne
2589 3551 2872 3608 divortium
2899 3553 2991 3608 fiat
3017 3555 3101 3610 vel
3130 3556 3198 3610 ab
3225 3570 3288 3611 ea
3314 3555 3539 3626 coniuge
3563 3570 3685 3625 qum

2111 3657 2216 3697 non
2248 3649 2421 3710 potest
2448 3657 2634 3712 parere
2653 3684 2667 3709 ,
2696 3643 2780 3698 vel
2818 3644 2954 3700 sicut
2985 3644 3173 3701 fecisse
3203 3647 3332 3702 Cato
3378 3645 3690 3716 prehibetur

2115 3733 2405 3808 (Plutarch.
2429 3735 2481 3788 in
2507 3735 2615 3806 ejus
2647 3734 2782 3804 Vita,
2810 3745 2855 3790 et
2879 3735 3072 3791 Lucan.
3101 3737 3188 3791 lib.
3210 3737 3291 3808 2),
3318 3752 3387 3793 ne
3404 3737 3554 3794 abeo
3571 3737 3691 3794 viro

2110 3825 2200 3896 qui
2230 3825 2405 3895 plures
2422 3841 2525 3879 non
2548 3825 2658 3880 vult
2683 3827 2954 3895 suscipere
2975 3826 3133 3894 filios,
3161 3827 3313 3882 alteri
3338 3826 3551 3883 fetanda
3575 3837 3691 3883 tra-

2111 3912 2408 3984 datur(De
2447 3911 2656 3982 Nuptiis
2695 3929 2740 3968 et
2765 3915 3196 3986 Coucupiscentia,
3240 3916 3327 3970 lib.
3375 3917 3430 3983 1,
3470 3934 3524 3972 η.
3554 3913 3690 3989 11).

2113 4006 2336 4076 Propter
2365 4005 2465 4060 hoc
2491 4007 2542 4060 in
2577 4007 2666 4062 illo
2691 4007 2831 4078 quod
2861 4007 3152 4063 secundum
3181 4007 3528 4079 Evangelium
3557 4024 3690 4066 con-

2109 4094 2309 4166 iugium
2350 4097 2682 4166 nuncupavi,
2729 4098 2904 4152 omnia
2947 4098 3043 4156 tria
3075 4098 3213 4153 bona
3239 4102 3540 4170 nuptiarum
3577 4099 3690 4155 dixi

2113 4203 2233 4245 esse
2256 4189 2516 4260 completa
2539 4207 2552 4256 ;
2579 4209 2596 4241 ι
2625 4189 2802 4254 fidem,
2826 4191 2944 4260 quia
2969 4191 3168 4246 nullum
3190 4191 3536 4258 adulterium;
3557 4205 3690 4262 pro-

2113 4279 2239 4345 lem,
2268 4279 2439 4350 ipsum
2471 4281 2749 4336 Dominum
2770 4281 3082 4346 Christum;
3112 4291 3526 4348 sacramentum,
3556 4281 3683 4352 quia

2114 4373 2314 4428 nullum
2338 4371 2643 4427 divortium.
2675 4391 2693 4424 ι
2719 4370 2836 4426 Non
2863 4387 2990 4442 ergo
3015 4372 3136 4442 quia
3155 4371 3267 4427 dixi
3292 4386 3451 4428 omne
3472 4372 3689 4442 nuptia-

2113 4478 2256 4532 rum,
2284 4464 2337 4519 id
2366 4473 2466 4529 est,
2497 4463 2599 4518 hoc
2629 4462 2946 4532 tripartitum
2980 4463 3174 4518 bonum
3199 4504 3214 4528 ,
3255 4463 3310 4517 in
3349 4461 3453 4518 illis
3486 4460 3688 4518 Christi

2117 4555 2421 4627 parentibus
2451 4555 2611 4610 fuisse
2648 4555 2997 4624 completum;
3039 4564 3317 4624 propterea
3359 4553 3461 4609 hoc
3485 4553 3690 4610 dixisse

2117 4645 2291 4716 putari
2332 4645 2536 4711 debeo,
2586 4645 2722 4699 sicut
2761 4644 3062 4709 insimulas,
3096 4661 3116 4698 ‹
3147 4653 3206 4698 ιιι
3248 4642 3504 4715 quidquid
3531 4642 3692 4699 aliter

2115 4735 2296 4802 fuerit,
2322 4736 2519 4790 malum
2539 4749 2659 4791 esse
2681 4734 2941 4791 videatur.
2971 4753 2992 4789 ι
3022 4736 3149 4791 Dico
3167 4735 3310 4792 enim
3333 4743 3391 4792 et
3415 4735 3568 4791 aliter
3588 4735 3691 4790 bo-

2117 4847 2244 4887 num
2275 4845 2395 4887 esse
2421 4830 2722 4901 coniugium
2740 4870 2757 4899 ,
2780 4829 2870 4886 ubi
2899 4829 3076 4900 proles
3101 4828 3204 4886 nisi
3224 4845 3322 4902 per
3346 4830 3690 4885 concubitum

2117 4938 2224 4978 non
2249 4931 2424 4993 potest
2445 4921 2734 4992 procreari.
2764 4919 2823 4978 Si
2848 4921 2990 4976 enim
3019 4921 3177 4977 aliter
3203 4929 3400 4990 posset,
3427 4929 3483 4976 et
3506 4929 3688 4977 tamen

2117 5015 2529 5072 concumberent
2549 5011 2820 5084 coniuges,
2839 5012 3171 5084 apertissime
3195 5011 3399 5068 libidini
3416 5011 3690 5081 cederent,

2118 5116 2278 5178 atque
2315 5107 2406 5163 illo
2449 5106 2588 5161 malo
2633 5114 2906 5161 uterentur
2945 5106 3272 5162 malezcum
3303 5120 3430 5162 vero
3473 5113 3694 5176 propter

2119 5199 2259 5270 quod
2289 5213 2447 5254 sexus
2479 5198 2636 5254 ambo
2667 5209 2790 5254 sunt
2816 5198 3058 5266 instituti,
3087 5197 3187 5254 nisi
3217 5213 3400 5266 eorum
3427 5199 3692 5254 commix-

2120 5289 2265 5344 tione
2293 5303 2399 5344 non
2426 5289 2658 5344 nascitur
2683 5289 2871 5357 homo;
2902 5297 3115 5359 propter
3135 5287 3236 5342 hoc
3262 5286 3410 5343 mixti
3437 5288 3690 5357 coniuges

2121 5380 2212 5435 illo
2236 5380 2376 5435 malo
2401 5388 2618 5434 utuntur
2640 5379 2776 5435 bene
2804 5395 2818 5432 :
2850 5379 2895 5434 si
2923 5390 3098 5434 autem
3123 5379 3190 5434 de
3210 5378 3427 5434 libidine
3447 5385 3694 5447 quan-unt

2122 5471 2282 5527 etiam
2310 5471 2652 5542 voluptatem,
2683 5471 2962 5528 venialitcr
2988 5471 3145 5525 male.

2193 5587 2283 5642 47.
2314 5603 2334 5638 ‹
2370 5585 2531 5655 Quasi
2576 5586 2828 5652 maritus,
2886 5603 2905 5637 ι
2956 5584 3161 5655 inquis,
3197 5601 3216 5636 ι
3249 5581 3445 5652 Joseph
3475 5579 3528 5634 in
3569 5577 3690 5649 opi-

2125 5678 2284 5735 nione
2326 5677 2561 5734 omnium
2600 5688 2732 5733 erat.
2771 5698 2789 5730 ι
2825 5675 3129 5733 Secundum
3171 5674 3309 5729 hanc
3350 5672 3651 5742 opinionem
3676 5714 3692 5737 ,

2125 5785 2231 5827 non
2277 5769 2566 5826 secundum
2601 5769 2880 5827 veritatem
2908 5769 3135 5825 locutam
3168 5765 3331 5824 fuisse
3368 5762 3697 5835 Scripturam

2190 5887 2209 5952 ξ
2242 5887 2314 5935 sic
2324 5890 2431 5934 Mss.
2457 5883 2830 5952 Editi,_pe§cata.

2191 5951 2212 5986 ι
2245 5953 2347 6001 Duo
2366 5954 2493 6014 Mss,
2516 5943 2732 6014 deﬂetis-

3014 6025 3452 6112 (Viam-tite.)
