4142 6488
369 417 474 482 ιιι
1149 403 1424 467 CONTRA
1458 396 1798 464 JULIANUM
1835 385 2302 464 PELAGIANUM,
2341 389 2402 452 S.
2441 385 2810 453 AUGUSTINI
3553 393 3662 456 διε

368 543 457 598 vis
477 534 732 610 intelligi,
763 541 822 592 ut
845 532 1104 606 virginem
1145 529 1365 586 Mariam
1393 527 1509 599 ejus
1553 518 1836 595 coniugem
1869 517 1956 576 di-

373 642 540 694 ceret.
564 631 676 687 Hoc
693 635 941 705 putemus
957 622 1340 696 evangelistam
1359 619 1539 678 facere
1554 616 1809 690 potuisse,
1835 626 1956 674 cum

374 725 458 781 vel
473 739 584 790 sua,
610 720 696 778 vel
709 717 997 792 cujuslibet
1015 716 1237 779 alterius
1253 711 1487 773 hominis
1509 709 1674 768 verba
1691 713 1956 772 narraret,

373 824 436 874 ul
461 811 754 877 secllndutn
799 809 1106 884 opinionem
1129 807 1406 878 hominum
1433 805 1742 878 loqueretur
1769 817 1784 854 :
1808 811 1964 856 num—

373 905 504 980 quid
539 914 595 964 et
631 904 854 984 angelus
881 903 1109 978 loquens
1132 917 1270 968 unus
1311 898 1382 962 ad
1403 913 1565 960 unum
1583 936 1602 966 ,
1627 903 1813 954 contra
1835 905 1966 947 con-

373 997 656 1078 scientiam
691 1007 747 1059 et
787 1011 940 1057 etiam
965 1005 1022 1053 et
1062 995 1231 1067 ipsius
1270 993 1357 1057 cui
1393 989 1741 1063 loquebatur,
1768 998 1964 1078 secun-

373 1093 505 1152 dum
553 1091 860 1166 opinionem
903 1089 1082 1164 patina
1131 1101 1294 1162 quam
1337 1082 1630 1142 secundum
1686 1077 1965 1135 veritatem

375 1185 554 1250 fuerat
591 1185 899 1251 locuturus,
927 1183 1020 1255 qui
1062 1181 1114 1241 ei
1156 1179 1324 1245 dixit,
1359 1175 1486 1234 Nati
1515 1175 1688 1230 timere
1739 1167 1968 1240 αοοίρθνε

375 1279 606 1342 Mariam
634 1279 904 1352 conjagcm
948 1276 1132 1337 tuam?
1155 1270 1396 1338 Deinde,
1439 1266 1568 1340 quid
1593 1279 1728 1336 opus
1765 1269 1883 1352 erat
1907 1265 1970 1314 ut

375 1387 551 1448 "Silus
575 1371 644 1432 ad
665 1351 868 1444 16mph
895 1366 1272 1444 generationes
1297 1359 1722 1434 perducerentur
1752 1351 1966 1427 (Matth.

377 1485 400 1528 ι
418 1511 434 1536 ,
461 1447 552 1538 ΞΟ,
586 1466 702 1540 ιι).
727 1465 775 1529 si
800 1479 909 1523 non
934 1477 997 1522 ea
1019 1460 1244 1520 veritate
1272 1457 1467 1513 factum
1493 1461 1597 1519 est,
1623 1463 1726 1522 qua
1755 1447 1812 1504 in
1840 1459 1970 1502 con-

375 1562 526 1636 jugio
549 1574 710 1619 sexus
737 1557 906 1613 virilis
933 1551 1182 1612 excellit?
1207 1547 1362 1617 Quod
1389 1561 1488 1618 ego
1517 1545 1572 1636 in
1597 1540 1854 1636 librocui
1880 1552 1968 1636 re-

373 1629 638 1726 spbndes,
653 1666 776 1714 cum
789 1648 1088 1721 posuissem
1113 1641 1220 1714 (De
1234 1638 1446 1712 Nuptiis
1471 1647 1519 1692 et
1533 1629 1970 1726 Concupisccntt'a,

375 1721 474 1808 lib.
503 1745 568 1814 1,
587 1759 646 1802 n.
677 1741 768 1815 12)
791 1783 818 1811 ,.
837 1749 898 1798 ιιι
925 1749 1145 1811 prorsus
1159 1733 1423 1804 attingere
1442 1726 1686 1786 timuisti.
1718 1721 1972 1815 Dioitau-

376 1847 493 1894 tem
520 1811 692 1894 Lm.
716 1811 1040 1903 evangelista
1067 1827 1139 1885 de
1165 1817 1411 1891 Domino,
1431 1819 1576 1892 quod
1606 1814 1878 1891 putabatur
1905 1811 1972 1882 ﬂ-

379 1927 483 1994 iitts
506 1925 702 1997 Ioseph
726 1923 882 1996 (Luc.
913 1937 970 1978 ιιι
990 1961 1008 1986 ,
1036 1917 1170 1991 25);
1201 1917 1326 1988 quia
1355 1915 1428 1971 ita
1451 1911 1764 1985 putabatur,
1794 1913 1856 1962 ιιι
1879 1919 1974 1976 per

379 2020 500 2091 ejus
522 2015 867 2076 concubitum
894 2013 1104 2086 genitus
1123 2009 1453 2066 crederetur.
1476 2005 1628 2061 lianc
1644 2000 1840 2058 falsam.
1875 2011 1974 2054 vo-

378 2112 486 2172 luit
505 2123 786 2169 removere
811 2107 1154 2179 opinionem,
1186 2117 1294 2158 non
1321 2099 1542 2156 Mariam
1580 2095 1726 2156 illius
1748 2091 1851 2148 viri
1878 2103 1976 2146 nec

381 2220 510 2279 gare
531 2203 812 2274 conjugem
829 2241 846 2268 ,
875 2207 1062 2256 contra
1083 2193 1330 2268 angelum
1359 2199 1568 2249 testem.

455 2297 549 2356 ιε.
570 2273 885 2366 Quanquam
928 2297 990 2349 ct
1014 2298 1070 2346 tu
1113 2289 1230 2361 ipse
1265 2285 1428 2343 etiam
1455 2302 1476 2338 ι
1510 2297 1579 2340 ex
1603 2273 1978 2351 desponsionis

380 2389 496 2449 ﬁde
527 2403 648 2446 eam
685 2401 886 2444 nomen
917 2382 1160 2454 conjugis
1183 2378 1460 2450 accepisse
1507 2393 1530 2430 ι
1579 2370 1816 2432 fatearis.
1847 2367 1979 2438 Quia

382 2481 523 2541 ﬁdes
563 2481 748 2553 utique
790 2477 1044 2536 inviolata
1091 2471 1408 2546 permansit.
1448 2468 1632 2540 Neque
1674 2465 1822 2524 enim
1853 2475 1977 2519 cum

385 2588 510 2631 eam
534 2571 758 2628 vidisset
789 2569 908 2642 jam
930 2567 1188 2639 virginem
1215 2577 1424 2621 sacram
1449 2559 1630 2616 divina
1655 2555 1981 2615 fecunditate

386 2666 672 2732 donatam,
703 2664 820 2734 ipse
859 2661 1018 2718 aliam
1061 2658 1305 2731 quaesivit
1347 2669 1568 2713 uxorem
1601 2670 1618 2708 :
1648 2668 1771 2710 cum
1799 2651 1984 2722 utique

387 2771 492 2814 nec
527 2755 686 2811 istam
732 2751 1046 2824 quassisset,
1075 2749 1121 2806 si
1163 2747 1521 2805 necessariam
1563 2744 1845 2818 conjugem
1871 2756 1982 2798 non

389 2847 617 2904 haberet
654 2861 669 2899 :
711 2844 807 2901 sed
831 2842 1102 2900 vinculum
1127 2837 1250 2897 ﬁdei
1277 2837 1572 2912 coniugalis
1596 2851 1706 2894 non
1747 2835 1870 2892 ideo
1891 2834 1983 2907 ju-

389 2939 590 2998 dicavit
633 2953 758 2997 esse
811 2935 1127 2994 solvendum
1146 2975 1163 3005 ,
1217 2933 1344 3006 quia
1399 2946 1526 3005 spes
1571 2927 1984 2988 commiscendzn

390 3035 572 3094 carnis
595 3033 772 3092 ablata
807 3038 911 3088 est.
939 3028 1140 3086 Verum
1179 3027 1249 3084 de
1291 3027 1394 3082 isto
1421 3024 1669 3097 conjugio
1715 3021 1859 3095 quod
1903 3021 1986 3078 vis

392 3129 673 3194 existima;
717 3141 817 3182 nos
857 3133 1040 3182 nmen
1081 3136 1188 3179 non
1237 3130 1296 3177 ut
1339 3117 1682 3176 calumniaris
1723 3115 1983 3184 dicimus,

402 3240 426 3276 ε
469 3221 548 3278 sic
571 3219 738 3276 fuisse
759 3217 964 3290 primos
999 3213 1256 3286 coniuges
1281 3212 1552 3268 institutos
1568 3252 1584 3279 ,
1606 3217 1667 3266 ιιι
1693 3208 1811 3265 sine
1837 3219 1988 3264 com-

392 3313 656 3372 mixtione
706 3309 981 3380 utriuaque
1029 3318 1192 3364 sexus
1239 3303 1493 3376 coniuges
1536 3309 1718 3359 essent
1755 3317 1771 3354 :
1824 3319 1846 3354 ι
1891 3295 1989 3356 sed

394 3417 578 3465 utrum
621 3405 676 3462 in
716 3401 966 3476 paradiso
1001 3407 1125 3456 ante
1168 3406 1446 3471 peccatum
1471 3411 1598 3452 caro
1627 3393 1990 3466 concupiverit

395 3499 658 3556 adversus
680 3495 961 3568 spiritum;
988 3493 1076 3550 vel
1101 3491 1278 3548 utrum
1299 3504 1441 3548 nunc
1469 3490 1521 3545 in
1547 3487 1862 3561 conjugibus
1888 3486 1992 3544 hoc

391 3606 520 3651 non
540 3589 665 3658 tias,
695 3587 910 3660 quando
949 3585 1192 3658 ejusdem
1221 3581 1668 3656 concupiscentiae
1705 3581 1864 3638 etiam
1893 3595 1994 3653 per

393 3677 1068 3756 pudicitiam-conﬂigalcm
1089 3673 1388 3734 'whibetur
1409 3687 1696 3740 excessus;
1731 3679 1786 3730 et
1811 3678 1992 3731 utrum

395 3775 602 3833 malum
649 3787 756 3830 non
798 3770 898 3838 sit,
929 3756 1016 3827 cui
1037 3767 1373 3846 repugnanti
1415 3765 1858 3826 consentiendum
1885 3781 1992 3824 non

397 3877 484 3926 est
501 3908 516 3937 ,
543 3881 614 3925 ne
650 3865 706 3922 in
749 3879 907 3922 suum
933 3869 1130 3936 pergat
1143 3875 1456 3929 excessum;
1501 3867 1557 3917 et
1581 3867 1765 3920 utrum
1788 3872 1898 3915 non
1925 3872 1994 3916 ex

397 3957 520 4030 ipsa
547 3965 604 4014 et
638 3971 761 4012 cum
786 3956 901 4028 ipsa
930 3954 952 3988 ⁸
978 3953 1413 4026 concupiscentia
1444 3958 1728 4020 nascatur,
1756 3949 1842 4008 cui
1875 3964 1994 4006 ma-

398 4051 516 4112 lum
573 4051 752 4112 inesse
805 4049 968 4105 ullum
1005 4062 1208 4120 negas;
1263 4055 1318 4104 et
1353 4053 1534 4103 utrum
1571 4043 1640 4101 ab
1685 4043 1996 4120 ingenerata

401 4144 550 4202 maio
589 4141 756 4214 possit
797 4140 1075 4198 hominum
1120 4139 1402 4212 quisquam
1452 4137 1556 4194 nisi
1593 4135 1998 4208 regeneratione

367 4257 373 4261 ·
399 4235 660 4301 liberari;
690 4232 796 4290 hoc
823 4232 964 4289 inter
989 4245 1092 4288 nos
1133 4228 1433 4289 disseritur.
1466 4225 1526 4284 in
1572 4225 1658 4284 his
1686 4225 1998 4301 quaestioni-

402 4327 508 4386 bus
529 4324 791 4382 catholica
836 4322 1064 4380 veritate
1090 4321 1380 4393 antiquitus
1409 4317 1600 4376 tradita
1626 4325 1806 4378 vestra
1835 4313 2000 4396 impia

402 4422 614 4481 novitas
643 4419 950 4476 suti‘ocatur.
1903 4409 1910 4414 '

479 4511 708 4572 CAPUT
747 4509 884 4568 lilii.
908 4539 982 4553 —
999 4508 1090 4567 49.
1117 4507 1270 4578 Quod
1293 4514 1470 4565 autem
1493 4505 1688 4578 putasti
1706 4519 2000 4586 congeren-

403 4607 476 4666 da
531 4611 654 4664 e‘sse
697 4617 974 4664 sacrarum
1027 4601 1330 4664 testimonia
1395 4599 1752 4669 Litterarum,
1805 4597 2000 4672 quibus

405 4699 667 4771 probares
691 4696 834 4753 unde
878 4681 1020 4754 inter
1056 4709 1156 4754 nos
1200 4695 1343 4751 nulla
1363 4693 1589 4770 quaestio
1630 4701 1744 4762 est,
1779 4711 1798 4748 ι
1832 4708 1862 4748 a
1890 4692 2004 4750 Deo

407 4789 584 4848 creari
631 4787 942 4858 hominem,
977 4805 998 4850 ι
1032 4787 1176 4860 quod
1219 4785 1288 4845 de
1314 4785 1550 4864 quolibet
1575 4783 1866 4843 vermiculo
1908 4771 2005 4846 ne-

407 4897 543 4957 gare
571 4881 652 4939 fas
675 4895 783 4939 non
807 4889 923 4950 est;
954 4896 1060 4958 quo
1091 4879 1379 4957 pertinuit,
1415 4879 1519 4938 nisi
1549 4888 1607 4936 ut
1633 4889 1685 4939 te
1720 4887 2007 4954 appareret

409 4989 634 5048 campos
655 4973 912 5050 quaesisse
937 4969 1220 5031 verborum
1240 5011 1258 5040 ,
1285 4971 1378 5028 ubi
1396 4981 1618 5029 ventose
1645 4981 1806 5044 atque
1831 4959 2006 5034 inani-

409 5054 503 5126 ter
521 5066 805 5125 curreresi
827 5064 937 5123 Sed
961 5079 1086 5121 cum
1113 5065 1276 5120 etiam
1300 5063 1470 5126 sancti
1493 5063 1597 5122 Job
1640 5065 2004 5132 testimonium

412 5169 527 5216 tam
575 5157 876 5230 loquaciter
918 5155 1238 5225 adbiberes,
1281 5169 1450 5228 quare
1494 5169 1598 5212 non
1630 5153 1726 5212 tibi
1767 5157 1915 5215 venit
1950 5157 2006 5217 in

409 5257 654 5308 mentem
690 5248 834 5322 quod
873 5249 950 5306 ait
987 5247 1126 5306 idem
1154 5248 1270 5320 ipse
1293 5243 1456 5304 homo
1485 5247 1613 5318 Dei,
1641 5263 1766 5308 cum
1789 5247 1856 5310 de
1876 5263 2005 5326 pec-

411 5343 553 5400 catis
581 5353 760 5399 sermo
787 5341 840 5401 ei
863 5343 885 5375 ¹
911 5347 1056 5398 esset
1077 5339 1328 5397 humanis
1346 5381 1362 5408 ,
1390 5340 1663 5410 nemian
1689 5341 1946 5404 mundum
1972 5357 2007 5402 a

410 5435 614 5504 sorde,
645 5449 746 5494 nec
787 5435 1040 5492 infantem
1070 5435 1224 5511 cujus
1264 5443 1348 5492 est
1387 5419 1690 5502 unius-diei
1714 5436 1822 5496 vita
1845 5451 2008 5511 super

411 5537 614 5586 terram
641 5527 760 5602 (Job
805 5545 931 5594 xw,
962 5528 1017 5597 5,
1046 5545 1147 5584 sec.
1181 5517 1398 5603 LXX)?
1425 5529 1558 5585 Nam
1587 5530 2006 5592 misericordiam

415 5630 475 5676 et
501 5621 707 5694 magnis
733 5630 788 5678 et
816 5621 1026 5694 pusillis
1066 5622 1318 5678 omnibus
1360 5623 1603 5693 praestari
1623 5622 1699 5680 ‘ab
1727 5621 1818 5678 illo
1843 5638 1872 5678 a
1903 5639 2008 5699 quo

418 5757 591 5880 ’,ἔπιε
610 5759 950 5825 ιιιιιιιιωειιιριιε
985 5761 1224 5814 Vaticanis
1245 5757 1570 5818 ει
1589 5759 1767 5824 deest,
1803 5765 1850 5815 et
1899 5773 2012 5815 eam

485 5879 836 5944 .m,,,,,

2067 514 2211 570 salus
2239 521 2322 570 est
2347 521 2401 570 et
2423 511 2700 568 hominum
2729 518 2784 568 et
2821 523 3073 584 pecorum
3091 546 3110 578 ,
3139 517 3196 568 et
3217 509 3313 582 qui
3335 510 3464 570 facit
3489 515 3663 574 solem

2067 620 2224 680 suum
2273 603 2406 662 oriri
2455 619 2616 674 super
2659 602 2832 659 bonos
2853 611 2912 658 et
2937 598 3110 660 malos
3155 600 3374 676 (Matth.
3415 618 3479 676 v,
3525 604 3620 680 45)
3643 647 3660 674 ,

2068 699 2192 771 quis
2217 699 2444 765 abnuat,
2469 697 2574 754 nisi
2601 693 2695 767 qui
2721 695 2887 751 Deum
2917 708 3037 752 esse
3055 734 3072 762 ,
3100 702 3196 750 aut
3221 703 3438 753 terrena
3470 711 3664 755 curare

2069 805 2180 848 non
2204 789 2414 846 crediti
2441 787 2596 857 Quod
2621 795 2679 850 tu
2702 787 2855 859 quasi
2881 785 3008 844 inde
3049 786 3500 846 contenderemus
3523 831 3542 859 ,
3565 804 3660 862 per

2072 881 2440 940 testimonium
2469 880 2641 937 sancti
2677 878 2779 936 Joh
2814 877 3014 936 docere
3040 877 3290 950 voluisti,
3321 879 3444 954 quia
3487 881 3658 952 dixit,

2074 975 2285 1034 Ossibus
2310 985 2357 1032 st
2375 977 2542 1032 nervis
2567 974 2860 1048 compagis“
2879 989 2961 1030 me
2977 1015 2994 1044 ,
3015 974 3172 1029 vitam
3189 983 3237 1030 et
3262 975 3663 1032 miscricordiam

2073 1069 2293 1124 tribuisti
2319 1068 2444 1124 mibi
2473 1065 2594 1141 (Job
2627 1084 2693 1138 Χ,
2725 1069 2788 1124 11
2807 1108 2824 1134 ,
2849 1065 2962 1139 12).
2989 1065 3094 1125 Ubi
3119 1065 3334 1138 quidem
3373 1066 3469 1125 ille
3493 1069 3665 1140 petuit

2073 1179 2182 1220 non
2222 1177 2440 1222 omnem
2491 1161 2794 1234 signiﬁcare
2839 1160 3114 1217 hominem
3132 1201 3149 1229 ,
3197 1157 3294 1216 sed
3321 1159 3393 1216 de
3442 1173 3502 1216 se
3550 1160 3666 1230 ipso

2075 1254 2276 1326 gratias
2295 1267 2492 1326 agere,
2524 1253 2666 1324 quod
2704 1267 2828 1309 eum
2857 1250 3148 1308 carnaliter
3169 1259 3354 1307 uatum
3388 1265 3498 1307 non
3523 1251 3670 1308 dese-

2076 1347 2276 1413 ruerit,
2305 1346 2400 1402 sed
2428 1345 2479 1402 ei
2504 1343 2928 1401 misericordiam
2949 1351 3009 1400 ut
3035 1357 3161 1400 vere
3189 1344 3209 1376 ⁸
3235 1342 3475 1413 viveret,
3503 1341 3559 1400 id
3587 1352 3670 1400 est

2071 1437 2219 1510 justo
2237 1437 2471 1504 viveret,
2500 1435 2594 1509 qui
2615 1451 2742 1493 eum
2765 1434 3038 1503 condidit,
3062 1435 3177 1508 ipse
3204 1435 3532 1508 praestiterit.
3561 1437 3670 1492 Aut

2077 1536 2228 1586 certe
2262 1533 2387 1600 quia
2439 1542 2624 1600 parum
2674 1536 2792 1586 erat
2837 1528 2946 1584 vita
2967 1567 2982 1595 ,
3037 1542 3197 1602 quam
3246 1528 3516 1585 nascendo
3558 1543 3670 1586 sor-

2078 1619 2212 1676 titus
2260 1627 2377 1686 est,
2423 1617 2549 1680 ideo
2589 1617 2822 1686 addidit,
2871 1627 2920 1674 et
2971 1618 3368 1674 misericordiam
3383 1635 3406 1686 ;
3449 1634 3521 1676 ne
3578 1633 3669 1676 re-

2077 1720 2327 1770 maneret
2371 1711 2684 1780 naturaliter
2733 1711 2876 1768 ﬁlius
2917 1711 3012 1768 iras
3061 1712 3202 1769 sicut
3252 1719 3309 1768 et
3335 1713 3517 1769 cteteri
3540 1753 3558 1780 ,
3587 1718 3672 1768 at-

2081 1821 2188 1878 que
2241 1805 2384 1862 inter
2427 1804 2576 1864 vasa"
2607 1805 2738 1875 ira},
2787 1819 2896 1862 non
2939 1803 3080 1867 inter
3117 1819 3246 1862 vasa
3290 1803 3674 1865 misericordias

2081 1898 2260 1956 ﬁeret.

2155 1989 2246 2046 50.
2291 1988 2402 2046 Cur
2449 1996 2630 2046 autem
2675 1987 2744 2044 de
2797 1988 2940 2044 malo
2991 1987 3135 2059 quod
3185 1987 3234 2064 ei
3276 1987 3488 2058 adjacet
3518 1994 3677 2060 atque

2083 2081 2230 2138 inest
2256 2079 2512 2138 membris
2538 2079 2656 2153 ejus
2677 2089 2802 2136 reus
2825 2094 2933 2136 non
2963 2080 3029 2136 sit
3069 2078 3240 2136 ﬁdelis
3257 2121 3273 2148 ,
3303 2087 3359 2137 ct
3381 2095 3446 2136 ex
3471 2094 3538 2136 eo
3565 2093 3677 2138 ma-

2087 2173 2144 2230 io
2191 2183 2370 2232 tamen
2405 2175 2499 2244 qui
2547 2174 2787 2230 nascitur
2829 2182 3036 2230 reatum
3084 2173 3292 2243 trahat,
3336 2161 3446 2246 jam
3493 2173 3676 2238 nescio

2083 2265 2298 2336 quoties
2358 2263 2611 2322 diximus.
2653 2262 2824 2320 Fideli
2881 2264 3024 2320 enim
3069 2262 3173 2320 hoc
3225 2263 3539 2320 beneﬁcium
3590 2279 3678 2322 rc-

2085 2341 2360 2427 generatio
2398 2354 2656 2422 contulit,
2699 2369 2810 2410 non
2847 2354 3145 2426 generatio.
3174 2353 3302 2410 inde
3342 2367 3470 2427 ergo
3515 2355 3583 2412 ah
3604 2354 3678 2414 is-

2087 2455 2148 2506 to
2175 2456 2342 2514 reatu,
2373 2449 2631 2506 solvenda
2657 2455 2742 2505 est
2787 2449 3004 2520 proles,
3064 2448 3205 2506 unde
3224 2438 3427 2507 solutus
3473 2456 3560 2506 est
3585 2463 3679 2523 pa-

2087 2555 2236 2599 rens.

2159 2633 2388 2694 CAPUT
2424 2635 2565 2692 XIV.
2592 2665 2667 2677 —
2692 2634 2783 2690 51.
2811 2633 2918 2691 Sed
2957 2649 3208 2706 magnum
3251 2633 3448 2706 aliquid
3474 2642 3528 2691 te
3563 2633 3682 2692 dia-

2089 2729 2279 2788 lectica
2304 2727 2487 2786 docuit
2505 2730 2550 2797 ³,
2585 2747 2606 2782 ‹
2637 2728 2773 2785 Rem
2802 2743 2922 2802 quae
2953 2729 3006 2784 in
3035 2728 3278 2802 subjecto
3299 2736 3416 2800 est,
3448 2728 3566 2785 sine
3594 2725 3682 2800 illa

2089 2837 2153 2880 re
2199 2835 2320 2879 esse
2362 2837 2469 2878 non
2500 2837 2693 2894 posse,
2744 2822 2800 2878 in
2827 2836 2932 2894 qua
2975 2822 3212 2894 subjecta
3261 2832 3362 2879 est.
3411 2822 3479 2879 Et
3505 2822 3628 2882 ideo
3655 2841 3677 2876 ι

2091 2922 2251 2988 putas
2284 2931 2304 2967 ι
2340 2916 2540 2970 malum
2569 2915 2712 2988 quod
2741 2923 2824 2972 est
2851 2913 2905 2971 in
2947 2921 3169 2987 parente
3189 2955 3205 2983 ,
3249 2915 3432 2993 utique
3476 2915 3531 2972 in
3557 2915 3686 2974 sub-

2089 3006 2272 3079 jecto,
2318 3007 2412 3064 alii
2449 3007 2561 3076 rei,
2595 3006 2650 3064 id
2674 3017 2758 3064 est
2787 3007 3052 3080 proli,'ad
3078 3023 3235 3082 quam
3264 3024 3372 3066 non
3397 3009 3684 3082 pervenit,

2091 3109 2306 3156 reatum
2336 3113 2444 3156 non
2474 3115 2636 3172 posse
2665 3102 3044 3158 transmittere.
3085 3120 3106 3156 ι
3137 3099 3303 3160 Recte
3322 3099 3424 3158 hoc
3447 3101 3680 3171 diceres,

2095 3192 2144 3249 si
2169 3192 2369 3249 malum
2395 3193 2842 3266 concupiscentia:
2869 3193 2939 3252 de
2981 3201 3202 3268 parente
3231 3209 3336 3250 non
3381 3195 3686 3268 perveniret

2099 3283 2170 3340 ad
2199 3284 2406 3356 prolem
2454 3303 2470 3341 :
2517 3300 2640 3341 eum
2679 3300 2811 3342 vero
2840 3286 2978 3344 sicut
3001 3285 3118 3346 sine
3142 3284 3236 3342 illo
3260 3300 3422 3344 nemo
3446 3287 3684 3365 semina-

2098 3381 2220 3442 tur,
2251 3374 2321 3432 ita
2353 3375 2472 3432 sine
2515 3375 2608 3432 illo
2633 3391 2796 3434 nemo
2823 3385 3103 3444 nascatur;
3135 3377 3407 3450 quomodo
3440 3377 3578 3440 dicis
3619 3393 3688 3457 cp

2099 3483 2207 3524 non
2239 3469 2552 3539 pervenire,
2581 3485 2688 3543 quo
2729 3471 2956 3528 transit?
3001 3469 3116 3528 Non
3147 3472 3290 3530 enim
3335 3471 3688 3548 Aristoteles,

2097 3559 2253 3632 cujus
2268 3561 2577 3633 categorias
2613 3559 2928 3633 insipienter
2963 3562 3138 3635 sapis,
3168 3561 3264 3620 sed
3290 3563 3580 3637 Apostolus
3606 3563 3690 3634 di-

2098 3653 2174 3710 cit
2201 3671 2218 3710 τ
2240 3653 2346 3710 Per
2369 3669 2528 3710 unum
2555 3653 2810 3710 hominem
2835 3665 3094 3728 peccatum
3114 3655 3320 3712 intravit
3343 3656 3400 3716 in
3423 3657 3690 3727 mundum;

2100 3754 2150 3802 et
2167 3762 2260 3818 per
2273 3763 2450 3804 omnes
2461 3745 2690 3802 homines
2705 3749 2991 3819 pertransiit
3015 3747 3191 3820 (Rom.
3209 3764 3261 3818 ν,
3283 3747 3394 3823 12).
3423 3747 3538 3808 Nec
3559 3764 3689 3827 sane

2097 3837 2199 3895 tibi
2211 3837 2488 3895 dialectica
2501 3839 2590 3895 illa
2604 3839 2882 3910 mentitur,
2901 3837 2998 3902 sed
3013 3847 3069 3897 tu
3085 3855 3192 3898 non
3207 3840 3478 3913 intelligis.
3492 3840 3690 3903 Verum

2101 3931 2248 3988 enim
2273 3939 2357 3988 est
2378 3929 2520 4002 quod
2549 3928 2624 3988 ibi
2652 3931 2940 4010 accepisti,
2972 3947 3036 3990 ea
3060 3949 3180 4008 quae
3209 3933 3262 3990 in
3281 3931 3522 4006 subjecto
3541 3941 3686 4003 sunt,

2101 4023 2244 4080 sicut
2267 4028 2396 4078 sunt
2417 4021 2732 4094 qualitates,
2765 4022 2884 4081 sine
2905 4023 3148 4096 subjecto
3172 4027 3227 4081 in
3251 4038 3356 4096 quo
3379 4032 3538 4092 sunt,
3569 4039 3690 4084 esse

2103 4127 2212 4172 non
2227 4126 2396 4184 posse
2413 4153 2429 4180 ,
2457 4113 2596 4170 sicut
2619 4121 2703 4170 est
2721 4113 2775 4170 in
2797 4113 3037 4185 subjecto
3055 4129 3281 4191 corpore
3298 4113 3448 4174 color
3467 4123 3560 4172 aut
3579 4113 3694 4176 for-

2105 4219 2226 4272 ma;
2251 4203 2347 4261 sed
2366 4203 2651 4261 afﬁciendo
2662 4199 2984 4275 "transeunt,
3006 4219 3110 4262 non
3128 4205 3437 4280 emigrando
3457 4223 3472 4261 :
3494 4221 3692 4280 quem-

2103 4296 2394 4354 admodum
2429 4295 2713 4369 Etbiupes
2729 4340 2746 4368 ,
2769 4298 2892 4382 quia
2918 4297 3054 4372 nigri
3085 4307 3230 4370 sunt,
3256 4299 3437 4371 nigros
3450 4283 3694 4382 gignunt.

2106 4405 2214 4447 non
2223 4397 2402 4446 tamen
2415 4389 2468 4446 in
2483 4389 2622 4446 tilica
2632 4396 2882 4462 parentes
2893 4391 3127 4450 colorem
3142 4406 3297 4449 suum
3309 4392 3455 4450 velut
3465 4393 3698 4456 tunicam

2106 4478 2462 4550 transierunt;
2503 4483 2600 4540 sed
2643 4482 2728 4539 sui
2751 4483 2994 4556 corporis
3039 4484 3292 4557 qualitate
3331 4500 3530 4558 corpus
3556 4481 3697 4560 quod

2107 4574 2176 4632 de
2216 4575 2322 4631 illis
2370 4585 2691 4648 propagatur
2732 4574 2992 4634 afﬁciunt.
3047 4576 3340 4636 Mirabilius
3390 4588 3475 4636 est
3518 4564 3694 4637 autem

2107 4667 2322 4738 quando
2362 4681 2543 4724 rerum
2569 4668 2925 4738 corporalium
2953 4661 3235 4742 qualitates
3259 4669 3312 4728 in
3335 4683 3424 4730 res
3449 4668 3696 4740 incorpor

2107 4759 2552 4818 raiestranseunt
2572 4801 2588 4826 ,
2619 4765 2674 4816 et
2703 4769 2880 4840 tamen
2923 4760 3016 4830 ﬁt,
3045 4759 3259 4833 quando
3285 4761 3477 4818 formas
3503 4773 3698 4832 carpo.-

2106 4870 2228 4912 rum
2267 4867 2400 4928 quas
2427 4849 2683 4912 “videmus
2701 4855 2732 4922 ,'
2759 4843 3038 4911 hatirimus
3061 4845 3287 4928 quodam
3333 4851 3530 4921 modo,
3558 4861 3616 4914 et
3639 4853 3696 4914 in

2108 4943 2370 5002 memoria
2394 4941 2860 5014 recondimus,'et
2899 4939 3232 5020 quocumque
3257 4943 3560 5016 pergimus,
3598 4958 3700 5005 no-

2107 5039 2318 5098 biscum
2357 5039 2580 5097 ferimus
2625 5057 2640 5094 :
2669 5054 2770 5100 nec
2811 5039 2914 5094 illae
2956 5045 3298 5098 recesserunt
3321 5051 3352 5092 a
3379 5038 3702 5110 corporibus

2110 5131 2223 5189 suis
2241 5173 2256 5200 ,
2287 5138 2344 5188 et
2379 5139 2558 5188 tamen
2584 5129 2651 5187 ad
2677 5133 2775 5188 nos
2799 5128 3036 5191 mirabili
3071 5119 3231 5194 modo
3264 5128 3474 5190 aﬁ'ectis
3503 5129 3704 5194 nostris

2109 5225 2359 5284 sensibus
2384 5224 2726 5284 transierunt.
2755 5220 3032 5296 Quomodo
3070 5230 3251 5284 autem
3291 5221 3360 5279 de
3383 5237 3615 5294 corpore
3637 5221 3703 5284 ad

2111 5316 2412 5389 spiritum,
2437 5331 2503 5374 eo
2541 5315 2702 5372 modo
2731 5323 3010 5375 transeunt
3049 5313 3120 5386 de
3165 5315 3357 5392 spiritu
3383 5315 3454 5374 ad
3487 5330 3704 5388 corpus.

2111 5408 2245 5468 Nam
2273 5409 2482 5466 colores
2521 5409 2788 5488 virgarum
2815 5423 2947 5486 quas
2976 5393 3203 5492 variavit
3242 5407 3408 5482 Iacob
3425 5448 3442 5476 ,
3471 5406 3706 5472 afﬁciens

2114 5502 2184 5561 do
2227 5503 2554 5566 transierunt
2578 5504 2650 5562 ‘in
2688 5497 2908 5582 animas.
2939 5489 3198 5590 pecorum
3238 5510 3506 5574 matrum,
3546 5517 3706 5572 atque
3793 5489 3802 5498 ’

2178 5642 2195 5673 ι
2229 5638 2546 5704 Floriacensis
2561 5647 2667 5704 Ms.,
2705 5638 2986 5704 attriueret,
3013 5639 3214 5702 enim,
3241 5649 3382 5702 aere;
3423 5635 3560 5701 otius
3600 5633 3706 5688 loco

2112 5699 2210 5754 duo
2231 5714 2262 5752 e
2274 5701 2516 5764 Vaticanis
2536 5699 2740 5764 habent,
2761 5701 2897 5764 bene.

2178 5765 2200 5798 ¹
2234 5763 2367 5814 Idem
2385 5763 2705 5816 Floriacensis
2721 5769 2830 5826 iis,
2855 5763 3094 5826 docuerit.

2675 5823 3194 5943 “tam
3221 5823 3570 5886 ’κτίσσε-ευ»
3613 5815 3703 5876 σαι

4049 3203 4142 3931 δέ

4131 3595 4142 3818 l

4131 3821 4142 3992 ἓ

4099 4093 4142 4366 .1

4101 4375 4142 4624 gl

4083 4779 4142 4970 tl

4083 4989 4142 6166 ι
