4142 6514
442 392 548 452 815
1256 383 1531 440 CONTRA
1569 382 1908 440 JUIJANUM
1949 381 2418 455 PELAGIANUM,
2459 384 2518 443 S.
2558 387 2922 445 AUGUSTINI
3609 399 3720 459 8m

437 516 646 586 primus
668 513 849 577 homo,
881 506 1085 575 qualem
1116 505 1269 562 nobis
1293 503 1533 560 exhibuit
1556 503 1838 560 humanam
1867 511 2020 558 natu-

436 623 553 663 ram
581 606 822 663 Christus
850 601 1044 665 homo;
1073 598 1195 669 quia
1231 597 1368 653 sicut
1404 597 1493 652 ille
1522 613 1586 652 ex
1619 605 1790 664 terra,
1821 597 1899 652 sic
1923 597 2022 652 iste

435 701 552 755 sine
581 699 668 753 tali
693 692 1122 764 concupiscentia
1160 702 1243 748 est
1270 701 1483 747 creatus
1506 707 1573 748 ex
1597 690 1813 748 femina.
1850 693 2018 747 Assu-

429 804 587 846 mens
616 797 790 842 tamen
815 786 831 816 ⁸
859 800 927 840 ex
953 785 1042 840 illa
1074 784 1234 840 etiam
1261 783 1601 840 mortalitatis
1631 783 2015 848 infirmitatem,

428 880 604 952 qualis
643 894 748 933 non
775 885 890 933 erat
912 886 1038 933 ante
1063 885 1337 948 peccatum
1375 876 1428 932 in
1458 890 1620 932 carne
1645 874 1876 930 hominis
1910 874 2021 944 pri-

427 974 522 1042 mi,
551 982 610 1028 ut
637 982 779 1028 esset
805 973 926 1041 ista,
951 972 1094 1044 quod
1133 981 1261 1029 tunc
1300 973 1390 1028 illa
1433 988 1538 1028 non
1568 970 1685 1037 fuit,
1727 969 2017 1026 similitudo

344 1056 352 1134 ί
425 1065 605 1121 carnis
627 1064 848 1136 peccati.
877 1063 1084 1136 Utergo
1110 1063 1264 1120 nobis
1288 1064 1521 1135 patiendi
1547 1063 1812 1135 praeberet
1836 1077 2016 1118 exem-

424 1157 574 1226 plum
595 1197 610 1222 ,
643 1171 752 1212 non
781 1155 968 1211 habuit
997 1157 1087 1212 ille
1117 1158 1255 1212 mala
1294 1172 1411 1223 sua,
1439 1157 1534 1212 sed
1562 1156 1778 1226 pertulit
1806 1154 2011 1221 aliena;

353 1242 356 1245 ’
424 1247 480 1302 in
511 1246 787 1303 doloribus
814 1261 912 1316 pro
936 1246 1110 1313 nobis,
1139 1262 1247 1302 non
1267 1247 1318 1301 in
1351 1246 1725 1316 cupiditatibus
1752 1244 1868 1300 fuit.

496 1338 586 1394 56.
629 1338 985 1408 Quapropter,
1019 1345 1172 1392 natos
1191 1353 1256 1392 ex
1281 1337 1472 1402 Adam,
1497 1335 1773 1391 transferri
1799 1342 2013 1390 renatos

421 1440 636 1502 oportet
664 1430 730 1485 ad
751 1430 1050 1494 Christum;
1083 1445 1150 1484 ne
1168 1443 1197 1482 a
1215 1443 1380 1499 regno
1399 1429 1492 1483 Dei
1511 1435 1734 1498 pereant
1756 1425 2013 1497 imagines

420 1524 539 1591 Dei,
571 1524 710 1596 quod
730 1524 846 1578 sine
869 1523 1010 1578 malo
1026 1523 1139 1578 fieri
1168 1522 1258 1593 qui
1286 1522 1435 1589 dicit,
1461 1537 1559 1577 nec
1575 1535 1814 1576 amorem
1829 1519 2006 1584 habet,

419 1633 521 1672 nec
541 1616 784 1672 timorem
805 1615 919 1671 Dei.
938 1616 1072 1672 Cum
1091 1615 1194 1671 hoc
1219 1626 1397 1670 autem
1415 1616 1554 1671 malo
1569 1630 1792 1672 necesse
1813 1622 1898 1670 est
1915 1613 2013 1669 ho-

419 1709 620 1764 minem
661 1707 730 1763 de
755 1707 1004 1763 damnata
1034 1707 1238 1778 origine
1262 1706 1531 1778 generari.
1561 1724 1581 1759 ι
1611 1707 2003 1778 Βεεεηεηιιοε»

419 1811 600 1857 autem
612 1800 750 1856 absit
767 1810 855 1856 (ut
873 1801 1206 1872 redigamusi
1234 1799 1372 1855 sicut
1389 1800 1751 1865 calumniaris,
1773 1817 1792 1851 ‹
1803 1799 1902 1855 sub
1917 1814 2011 1854 ne-

419 1898 670 1951 cessitate
699 1894 982 1950 criminum
1001 1895 1044 1961 ¹,
1078 1892 1191 1947 Deo
1218 1892 1477 1964 largiente
1513 1892 1653 1947 dona
1675 1893 1950 1947 virtutum.
1983 1909 2002 1943 ι

419 1986 673 2054 Quamvis
697 2001 823 2057 ergo
848 1986 1008 2040 aliam
1040 1985 1212 2056 legem
1248 1984 1525 2040 videamus
1553 1983 1606 2038 in
1637 1984 1892 2039 membris
1909 1998 2007 2039 no-

418 2080 563 2145 stris,
595 2085 978 2148 repugnantem
1004 2077 1107 2148 legi
1133 2077 1328 2132 mentis
1353 2085 1550 2131 nostrae
1569 2094 1583 2131 :
1604 2093 1710 2132 non
1731 2077 1901 2132 solum
1925 2083 2008 2130 ta-

416 2185 540 2225 men
555 2170 927 2226 necessitatem
942 2167 1182 2224 criminis
1199 2183 1306 2224 non
1331 2167 1490 2224 habet
1510 2186 1524 2234 ;
1541 2169 1636 2224 sed
1657 2167 1817 2224 habet
1833 2169 2009 2238 potius

417 2262 674 2318 honorem
726 2261 898 2318 laudis
917 2303 932 2330 ,
961 2261 1114 2332 cujus
1143 2262 1359 2332 spiritus
1388 2262 1647 2332 spirituali
1677 2277 1898 2318 munere
1913 2263 2008 2316 ad-

412 2353 560 2426 jutus
571 2353 825 2410 adversus
844 2354 1024 2410 carnis
1038 2355 1518 2424 concupiscentiam
1534 2355 1880 2425 concupiscit.
1903 2355 2006 2410 Sed

415 2460 748 2516 quacumque
777 2454 830 2501 te
856 2461 1060 2514 verses,
1085 2461 1417 2518 quacumque
1445 2456 1495 2502 te
1519 2448 1711 2518 jactes,
1733 2463 2007 2518 quiscum-

414 2554 518 2608 que
548 2539 920 2609 undecumque
959 2540 1208 2610 colligas,
1251 2539 1425 2608 infles,
1475 2541 1720 2605 ventiles,
1764 2555 2004 2612 spargas,

414 2640 601 2686 contra
630 2632 771 2702 quod
799 2631 1128 2703 concupiscit
1161 2633 1380 2703 Spiritus
1418 2633 1593 2688 bonus
1613 2673 1627 2700 ,
1656 2648 1764 2688 non
1795 2641 1879 2688 est
1905 2633 2002 2688 bo-

413 2739 564 2778 num.

485 2816 576 2871 57.
613 2835 632 2868 ι
652 2813 766 2871 Non
798 2817 990 2886 potuit,
1023 2835 1042 2870 ι
1075 2816 1300 2888 inquis,¢
1329 2819 1630 2889 exemplum
1661 2819 1790 2875 dare
1817 2829 2004 2876 natura

412 2905 706 2962 dissimilis.
753 2925 774 2959 ι
827 2906 1008 2962 Potuit
1056 2907 1272 2979 quidem
1316 2927 1330 2962 :
1378 2924 1502 2965 nam
1553 2910 1679 2981 quid
1725 2921 1808 2968 est
1861 2911 2004 2984 quod

409 3012 511 3053 nos
554 2997 623 3052 ad
671 2998 1018 3054 imitationem
1066 2999 1238 3055 Patris
1287 3000 1566 3071 hortatur,
1611 3003 1702 3074 qui
1741 3004 1870 3060 facit
1916 3021 2004 3062 so-

409 3091 518 3147 lem
544 3107 703 3147 suum
727 3091 855 3147 oriri
895 3108 1058 3163 super
1081 3093 1251 3148 bonos
1281 3103 1338 3148 et
1374 3096 1565 3163 malos,
1605 3106 1664 3152 ut
1686 3097 1802 3169 ejus
1823 3115 2004 3155 exem-

408 3183 502 3252 plo
529 3193 746 3238 nostros
778 3184 1058 3255 diligamus
1101 3185 1346 3242 inimicos
1372 3184 1596 3260 (Matth.
1623 3206 1659 3245 v
1682 3232 1698 3258 ,
1728 3192 1798 3246 44
1819 3233 1836 3259 ,
1864 3193 2004 3264 45)?

409 3276 795 3333 Verumtamen
826 3287 1014 3333 natura
1034 3278 1056 3310 ³
1090 3278 1324 3334 hominis
1353 3279 1550 3336 Christi
1573 3293 1773 3339 nostras
1800 3295 2004 3342 naturae

389 3368 683 3425 dissimilis
725 3384 831 3423 non
875 3368 991 3436 fuit,
1025 3369 1119 3424 sed
1162 3370 1290 3426 vitio
1338 3379 1522 3428 nostro
1563 3372 1837 3432 dissimilis
1879 3376 1998 3436 fuit.

407 3459 504 3516 llle
532 3461 728 3531 quippe
756 3461 875 3516 sine
901 3460 1031 3517 vitio
1059 3469 1216 3518 natus
1239 3472 1323 3518 est
1350 3464 1532 3532 homo,
1559 3467 1701 3537 quod
1727 3469 2001 3527 hominum

405 3566 588 3607 nemo.
621 3551 887 3619 Quantum
911 3563 1090 3610 autem
1115 3555 1183 3610 ad
1215 3556 1375 3611 vitam
1402 3560 1669 3628 pertinet,
1702 3579 1804 3633 qua
1843 3565 2000 3621 Chri-

405 3650 548 3698 stum
569 3641 828 3698 debemus
854 3645 1070 3713 imitari,
1100 3645 1204 3701 hoc
1229 3662 1444 3719 quoque
1465 3649 1531 3705 ad
1561 3651 1862 3709 distantiam
1883 3658 2004 3726 plus

407 3734 604 3788 rimum
631 3734 790 3800 valet,
822 3735 964 3806 quod
1007 3738 1370 3810 unusquisque
1408 3751 1650 3798 nostrum
1695 3745 1858 3803 homo
1896 3759 1998 3819 est,

409 3827 506 3882 ille
534 3837 714 3884 autem
751 3830 910 3885 etiam
943 3831 1101 3888 Deus.
1150 3832 1336 3904 Neque
1387 3837 1530 3893 enim
1567 3847 1773 3896 tantum
1826 3853 2003 3914 potest

402 3919 578 3990 justus
628 3921 790 3979 homo
846 3940 967 3981 esse
1010 3925 1101 3996 qui
1147 3927 1310 3984 homo
1360 3940 1481 3998 est,
1529 3945 1788 4005 quantum
1837 3938 2001 3996 homo

403 4014 496 4083 qui
529 4025 583 4069 et
626 4015 764 4071 Deus
792 4026 895 4073 est.
944 4018 1078 4073 lllud
1126 4033 1257 4076 sane
1295 4037 1545 4094 magnum
1588 4043 1881 4101 verumque
1920 4033 2000 4088 di-

403 4105 567 4173 xisti,
615 4123 736 4164 cum
787 4111 1059 4181 posuisses
1113 4115 1474 4173 testimonium
1524 4124 1755 4191 apostoli
1804 4125 1992 4195 Petri,

403 4195 652 4265 dicentis,
711 4198 810 4265 Qui
856 4211 1117 4271 peccatum
1158 4221 1261 4259 non
1306 4209 1424 4279 fecit
1471 4209 1706 4281 (lPetr.
1747 4231 1808 4283 ιι,
1851 4217 1996 4289 22);

405 4288 700 4344 notandum
741 4306 861 4346 esse
901 4295 1044 4364 quod
1081 4294 1399 4366 judicaverit
1433 4307 1706 4374 apostolus
1751 4288 1998 4370 sufficere

403 4379 472 4435 ad
523 4382 913 4439 ostendendum
966 4386 1019 4441 in
1077 4388 1291 4446 Christo
1339 4394 1542 4451 nullum
1596 4399 1758 4457 fuisse
1804 4419 1998 4474 pecca-

402 4482 538 4542 tum,
584 4477 706 4547 quia
747 4477 881 4534 dixit
922 4481 1127 4538 nullum
1178 4501 1299 4541 enm
1344 4487 1534 4547 fecisse
1581 4507 1896 4564 peccatum:
1929 4474 1998 4558 Ut

409 4569 712 4638 «doceret,»
743 4572 940 4644 inquis,
963 4575 1113 4646 «quia
1133 4579 1222 4648 qui
1250 4595 1355 4636 non
1381 4581 1523 4650 fecit,
1544 4585 1739 4645 habere
1769 4607 1873 4647 non
1902 4609 1998 4664 po-

401 4660 525 4714 tuit.
556 4678 576 4712 »
606 4661 837 4719 Omnino
865 4667 1210 4724 verissimum
1235 4681 1335 4726 est.
1365 4673 1616 4732 Profecto
1641 4681 1783 4736 enim
1814 4660 1998 4754 pecca-

403 4760 518 4807 tum
550 4753 713 4809 etiam
738 4758 914 4826 major
934 4759 1167 4829 fecisset,
1196 4763 1241 4817 si
1271 4780 1466 4834 parvus
1489 4767 1512 4800 ⁸
1542 4753 1834 4830 habuisset.
1859 4776 1994 4834 Nam

402 4853 686 4914 propterea
717 4847 891 4904 nullus
916 4858 999 4905 est
1027 4850 1301 4909 hominum
1333 4867 1526 4924 praeter
1548 4861 1720 4930 ipsum
1750 4868 1838 4937 qui
1867 4883 1994 4938 pec-

402 4944 582 4990 catum
601 4952 710 4992 non
732 4936 923 4994 fecerit
944 4942 1242 5012 grandioris
1262 4948 1434 5004 atatis
1456 4965 1696 5023 accessu,
1719 4936 1841 5026 quia
1867 4936 1992 5015 nul-

404 5026 490 5082 lus
519 5037 602 5083 est
652 5028 929 5086 hominum
975 5043 1169 5102 praeter
1210 5037 1384 5108 ipsum
1434 5043 1522 5112 qui
1567 5057 1840 5114 peccatum
1886 5067 1992 5108 non

404 5120 654 5178 habuerit
674 5123 930 5181 infantilis
948 5129 1120 5184 aetatis
1139 5142 1348 5188 exortu.

473 5213 564 5270 58.
604 5233 624 5268 ι
651 5215 822 5285 Tolle,
849 5235 869 5270 ι
900 5218 1094 5290 inquis,
1130 5239 1151 5274 ‹
1179 5223 1406 5296 exempli
1435 5243 1670 5300 causam,
1701 5233 1915 5291 tolletur
1938 5246 1993 5294 et

399 5306 560 5375 pretii
578 5307 620 5374 ',
663 5307 807 5378 quod
837 5324 934 5380 pro
963 5312 1118 5368 nobis
1148 5313 1319 5374 factus
1345 5328 1447 5375 est.
1479 5340 1498 5375 ι
1544 5322 1661 5379 Νοη
1687 5335 1768 5383 εει
1794 5329 1988 5386 mirum

463 5444 485 5476 ³
518 5449 652 5505 Lov.,
677 5450 877 5497 tanturn.

459 5507 484 5577 ξ
516 5505 832 5577 ινξοιυίεεεηεὶε
851 5515 956 5571 Ils.,
975 5510 1067 5562 sub
1078 5516 1409 5569 necessitatem

463 5567 1119 5655 inﬁdam
1139 5582 1186 5628 et
1203 5567 1404 5631 natura.
1419 5567 1716 5643 summa
1732 5596 1839 5643 Mss.
1861 5629 1877 5655 ,
1911 5607 1988 5647 ve-

398 5634 670 5681 rumtamen
690 5643 749 5683 ea
771 5639 964 5684 natura.

461 5689 486 5764 ξ
515 5694 589 5764 ξεο
615 5699 723 5764 μεε-
743 5696 880 5764 miti.
905 5697 1150 5764 parum

462 5752 484 5838 ἶ
511 5753 836 5838 Magnas.
948 5760 1127 5838 53294?»
1143 5766 1654 5838 ρηυέειβπςνηριμηι,
1679 5790 1829 5830 causa
1846 5779 1982 5833 εοιιε-

395 5818 478 5907 ἐξ
508 5818 1182 5907 ςιΛῃζξεὲ.ηρὲιξ›ΔὲΧέιὶωὴὶ3
1208 5818 1225 5880 Ξ

396 5884 499 5938 amr
516 5878 710 5930 mur
733 5885 781 5930 et
797 5878 1026 5944 pretium.
1170 5878 1173 5879 ⁷
1210 5878 1217 5880 ⁷
1251 5878 1366 5883 “"'
1388 5878 1604 5900 ""‘t-va
1629 5878 1841 5907 mnu".
1860 5878 1950 5920 VM!

2130 503 2269 573 quod
2287 505 2458 560 solum
2469 507 2771 576 exemplum
2788 507 2941 578 ponis
2965 507 3019 562 in
3048 506 3283 578 Christo,
3301 510 3390 580 qui
3407 514 3718 582 praesidium

2125 597 2328 666 gratiae,
2360 612 2466 668 quo
2492 607 2608 653 erat
2631 599 2822 671 plenus
2853 602 2893 667 ¹,
2922 616 3214 672 oppugnas.
3254 621 3274 656 ι
3300 603 3426 674 Spe,
3463 625 3483 658 ι
3516 610 3718 682 inquis,

2131 707 2151 742 ‹
2180 691 2326 745 malo
2352 691 2568 747 carendi
2613 693 2679 747 ad
2732 693 2856 748 ﬁdei
2905 695 3148 764 praesidia
3191 697 3561 770 convolamus,
3610 717 3717 761 non

2122 790 2301 837 autem
2351 799 2598 839 caremus
2647 784 2843 842 innatis
2894 803 2908 840 :
2963 786 3223 857 siquidem
3277 800 3398 861 post
3445 793 3717 865 Baptisma

2127 874 2355 930 virilitas
2384 876 2496 946 ipsa
2524 877 2828 948 perdurat.»
2855 877 2955 945 Qui
2984 879 3254 938 virilitatis
3280 888 3497 944 nomine
3519 902 3716 947 concu-

2121 968 2432 1038 piscentiam
2485 970 2661 1026 carnis
2711 971 2976 1042 appellas;
3022 974 3276 1044 perdurat
3317 979 3538 1052 utique,
3570 985 3714 1056 quod

2119 1075 2318 1130 negare
2357 1075 2462 1116 non
2490 1070 2640 1130 potes
2667 1063 2722 1131 ³,
2749 1072 2935 1118 contra
2971 1065 3114 1135 quod
3153 1065 3313 1124 debet
3336 1074 3714 1143 concupiscere

2119 1151 2360 1222 spiritus,
2407 1167 2476 1208 ne
2525 1152 2687 1208 homo
2730 1153 2840 1223 jam
2884 1165 3100 1212 renatus
3146 1162 3576 1232 concupiscentia
3619 1181 3714 1224 sua

2119 1241 2364 1298 trahatur
2383 1243 2613 1298 illectus.
2647 1244 2717 1299 Et
2742 1247 2923 1317 utique
2946 1251 3376 1322 concupiscentia
3405 1271 3526 1326 quae
3549 1273 3711 1329 repu-

2116 1343 2242 1404 gnat
2271 1344 2331 1389 ut
2358 1337 2568 1403 trahat,
2613 1336 2772 1391 etiam
2803 1338 2848 1392 si
2876 1339 3066 1409 spiritu
3093 1354 3280 1400 contra
3308 1360 3428 1401 eam
3451 1351 3712 1420 concupi-

2117 1435 2305 1482 scente
2333 1435 2388 1481 et
2413 1428 2699 1484 resistente
2717 1445 2821 1483 non
2845 1432 3038 1500 trahat,
3061 1449 3126 1490 ac
3153 1445 3433 1508 propterea.
3458 1457 3558 1498 uec
3575 1457 3708 1498 con-

2116 1517 2276 1588 cipiat
2304 1519 2582 1590 pariatque
2613 1529 2891 1591 peccatum
2921 1523 3122 1594 (Jacobi
3147 1543 3185 1596 ι,
3221 1530 3308 1596 14,
3344 1531 3457 1606 15),
3488 1550 3595 1591 non
3625 1545 3711 1592 est

2115 1607 2339 1664 bonum.
2367 1611 2435 1665 Et
2459 1611 2572 1682 ipsa
2601 1621 2704 1680 est,
2734 1613 2803 1669 de
2831 1630 2934 1686 qua
2958 1616 3088 1674 dicit
3105 1619 3415 1692 Apostolus,
3441 1625 3562 1681 Scio
3588 1628 3708 1698 quia

2114 1716 2217 1755 non
2244 1701 2438 1758 habitat
2461 1704 2514 1757 in
2544 1721 2641 1772 me,
2673 1707 2769 1759 hoc
2801 1716 2873 1762 est
2902 1707 2957 1762 in
2975 1725 3126 1766 carne
3151 1729 3286 1783 mea,
3317 1714 3499 1771 bonum
3529 1717 3704 1792 (Rom.

2117 1809 2208 1860 vn,
2237 1795 2351 1865 18).
2384 1795 2498 1851 Hoc
2525 1806 2703 1853 autem
2729 1799 2872 1870 quod
2905 1817 3010 1857 non
3040 1812 3125 1858 est
3153 1805 3354 1862 bonum
3380 1808 3626 1868 Christus
3652 1813 3706 1868 in

2115 1895 2303 1942 natura
2329 1888 2374 1941 si
2401 1887 2624 1946 haberet
2649 1906 2774 1955 sua,
2801 1909 2909 1949 non
2937 1903 3155 1952 sanaret
3182 1896 3235 1952 in
3265 1907 3467 1956 nostra.

2184 1981 2409 2038 CAPUT
2439 1982 2556 2038 XVI
2572 1984 2742 2056 (a).—
2762 1988 2849 2043 59.
2865 1987 2882 2040 Ι
2889 1990 3164 2059 nterponis
3180 1991 3324 2047 aliud
3336 1992 3549 2050 delibro
3561 2011 3705 2066 meo,

2115 2082 2170 2128 ct
2196 2073 2447 2144 quoniam
2495 2075 2642 2144 dixi,
2680 2095 2698 2128 ι
2735 2078 3068 2150 conjugalem
3097 2082 3462 2154 concubitum,
3513 2087 3603 2156 qui
3646 2089 3707 2144 fit

2114 2163 2412 2221 intentione
2439 2167 2768 2236 generandi,
2799 2184 2905 2224 non
2936 2170 3108 2240 ipsum
3139 2188 3259 2230 esse
3298 2185 3606 2246 peccatum,
3639 2193 3704 2234 eo

2113 2257 2256 2327 quod
2283 2258 2421 2313 bona
2449 2259 2692 2315 voluntas
2731 2262 2895 2317 animi
2919 2276 3230 2334 sequentem
3260 2267 3437 2338 ducat,
3464 2285 3571 2326 non
3600 2271 3703 2327 du-

2113 2359 2322 2405 centem
2353 2360 2607 2421 sequatur
2633 2355 2874 2424 corporis
2901 2357 3260 2428 voluptatem»
3287 2360 3392 2433 (De
3415 2361 3626 2435 Nuptiis
3653 2374 3705 2421 et

2115 2437 2569 2511 Concupiscentia,
2623 2443 2710 2498 tib.
2762 2446 2816 2513 1,
2858 2463 2910 2500 u.
2971 2447 3060 2521 15)
3091 2467 3104 2504 :
3133 2459 3190 2506 tu
3251 2463 3436 2510 contra
3490 2456 3700 2526 refers,

2117 2548 2139 2584 ι
2174 2532 2249 2588 De
2275 2548 2338 2588 ea
2361 2548 2422 2588 re
2447 2550 2566 2604 qnze
2593 2551 2625 2591 a
2653 2548 2870 2607 peccato
2899 2539 3064 2597 libera
3093 2552 3196 2612 est,
3228 2557 3444 2616 peccata
3470 2565 3577 2606 non
3601 2567 3702 2607 na-

2111 2623 2188 2678 sci
2212 2638 2227 2690 ;
2257 2641 2278 2676 ι
2301 2623 2412 2679 isto
2437 2625 2599 2681 modo
2623 2628 2934 2687 existimans
2965 2640 3017 2688 te
3047 2648 3206 2705 posse
3233 2636 3509 2696 destruere
3535 2643 3702 2715 origi-

2111 2713 2232 2768 nale
2255 2724 2552 2784 peccatum,
2581 2717 2724 2788 quod
2743 2734 2849 2774 non
2878 2721 3108 2779 destruit
3128 2725 3234 2782 nisi
3253 2727 3516 2800 Salvator,
3543 2713 3703 2804 quem

2111 2805 2346 2874 parvulis
2372 2807 2642 2864 invidetis.
2673 2810 2909 2868 Destruit
2943 2824 3119 2872 autem
3149 2819 3410 2878 solvendo
3452 2824 3593 2894 quod
3622 2827 3703 2886 rei

2109 2907 2255 2966 sunt,
2273 2913 2381 2953 non
2403 2899 2665 2970 negando.
2691 2899 2814 2958 Ideo
2835 2904 3033 2976 quippe
3057 2910 3370 2967 concubitus
3386 2914 3697 2986 eonjugalis,

2110 2988 2202 3059 qui
2230 2987 2291 3043 fit
2317 2988 2613 3047 intentione
2648 2995 2973 3064 generandi,
3010 3013 3118 3054 non
3144 3008 3230 3056 est
3250 3012 3548 3073 peccatum,
3577 3007 3700 3076 quia

2107 3081 2247 3137 bene
2285 3083 2450 3138 utitur
2491 3084 2607 3154 lege
2644 3089 2870 3156 peccati,
2903 3088 2957 3145 id
2983 3099 3068 3146 est
3101 3095 3547 3166 concupiscentia,
3579 3115 3697 3169 quae

2109 3172 2250 3229 inest
2276 3175 2328 3229 in
2360 3176 2616 3231 membris
2644 3193 2947 3250 repugnans
2975 3183 3076 3254 legi
3099 3186 3313 3242 mentis.
3342 3187 3470 3254 Qua:
3495 3190 3539 3244 si
3571 3206 3698 3260 pre-

2109 3275 2292 3334 pterea
2323 3281 2473 3321 reum
2518 3277 2794 3338 parentem
2839 3287 2944 3328 non
2988 3281 3161 3341 tenet,
3193 3277 3313 3347 quia
3355 3293 3698 3351 regeneratus

2108 3368 2224 3426 est;
2257 3360 2383 3430 quid
2413 3361 2606 3416 mirum
2633 3363 2680 3417 si
2711 3375 2987 3436 propterea
3015 3384 3165 3425 reum
3194 3379 3340 3427 tenet
3367 3385 3695 3448 nascentem,

2106 3451 2228 3521 quia
2260 3451 2384 3507 inde
2416 3463 2699 3524 generatus
2724 3455 2844 3511 est?
2874 3457 2941 3513 Et
2967 3458 3089 3515 idco
3127 3477 3198 3517 ne
3237 3478 3363 3520 reus
3404 3477 3696 3538 remaneat,

2106 3543 2268 3599 etiam
2300 3544 2414 3614 ipse
2443 3547 2836 3617 regenerandus
2864 3557 2964 3607 est.
2999 3552 3124 3609 llaec
3149 3570 3278 3611 vero
3317 3563 3579 3616 sententia
3612 3571 3697 3619 tua

2107 3649 2213 3704 qua
2241 3633 2445 3705 dixisti,
2479 3655 2498 3690 ι
2531 3638 2607 3693 De
2635 3653 2698 3694 ea
2727 3655 2787 3695 re
2811 3657 2930 3712 qua:
2953 3658 2984 3698 a
3009 3654 3228 3714 peccato
3253 3649 3420 3706 libera
3447 3662 3549 3720 est,
3579 3669 3699 3724 pec-

2107 3734 2225 3780 cata
2253 3740 2360 3782 non
2391 3729 2559 3795 nasci,
2589 3749 2610 3782 ›
2644 3741 2902 3802 quantum
2931 3735 3147 3805 adjuvet
3170 3738 3509 3810 Manichznos,
3533 3745 3578 3800 si
3602 3761 3697 3802 co-

2105 3821 2243 3889 gites
2265 3862 2283 3888 ,
2310 3821 2458 3878 voles
2501 3839 2620 3879 eam
2659 3825 2844 3883 delere
2866 3827 2934 3884 de
2963 3829 3099 3886 libro
3128 3839 3243 3902 tuo,
3273 3845 3329 3891 et
3354 3835 3421 3892 de
3449 3838 3695 3897 cordibus

2106 3913 2344 3968 onmium
2372 3913 2393 3945 ³
2419 3916 2509 3985 qui
2537 3916 2784 3988 legerunt
2810 3920 3002 3976 librum
3031 3931 3200 3980 tuum.
3242 3925 3299 3982 Si
3328 3928 3470 3984 enim
3494 3944 3602 3984 non
3625 3931 3694 3988 de

2105 4018 2169 4059 ea
2198 4021 2259 4060 re
2282 4022 2402 4077 qua:
2428 4023 2459 4064 a
2489 4019 2710 4080 peccato
2756 4012 2922 4069 libera
2967 4024 3069 4085 est,
3116 4031 3333 4089 peccata
3361 4033 3690 4095 nascuntur;

2106 4097 2306 4155 habent
2333 4101 2492 4157 aliam
2517 4113 2762 4160 naturam
2786 4121 2936 4163 suam
2957 4108 3001 4178 ‘,
3034 4113 3325 4170 secundum
3352 4115 3690 4190 Manichtcos,

2105 4191 2247 4248 unde
2276 4205 2588 4251 nascuntur.
2614 4197 2760 4265 Quos
2787 4209 2842 4256 et
2862 4202 2984 4258 aliis
3005 4205 3265 4262 similibus
3285 4213 3562 4270 sententiis
3589 4215 3693 4270 tuis

2104 4291 2358 4352 quantum
2383 4275 2668 4356 adjuvares
2698 4289 2740 4358 ⁸,
2762 4289 2874 4361 jam
2903 4293 2956 4348 in
2982 4296 3155 4366 primo
3181 4298 3338 4370 hujus
3363 4303 3532 4358 nostri
3558 4319 3690 4376 ope-

2103 4372 2178 4428 ris
2207 4375 2477 4433 volumine
2505 4379 2865 4440 demonstravi
2895 4385 3114 4460 (Supra
3133 4431 3147 4456 ,
3180 4392 3268 4448 lib.
3295 4410 3334 4462 ι,
3375 4412 3430 4450 n.
3457 4372 3630 4454 56-45
3649 4399 3692 4471 ).

2102 4465 2244 4522 Ecce
2267 4466 2354 4522 hic
2389 4476 2445 4524 et
2483 4473 2626 4542 quod
2665 4474 2844 4533 dixisti
2889 4482 3216 4539 tantumdem
3255 4487 3415 4544 valet.
3462 4465 3694 4550 Videsne

2102 4559 2258 4616 nobis
2282 4576 2502 4631 operam
2527 4564 2778 4636 dandam,
2803 4581 2996 4640 praeter
3017 4589 3259 4634 errorem
3284 4583 3556 4653 proprium
3587 4600 3692 4657 quo

2100 4649 2369 4723 Pelagiani
2394 4657 2547 4727 estis,
2576 4665 2637 4713 ut
2662 4660 2917 4730 quasdam
2946 4673 3064 4723 tuas
3092 4649 3415 4742 sententias,
3445 4649 3620 4745 qualis
3637 4683 3694 4736 et

2099 4745 2201 4801 ista
2221 4756 2324 4818 est,
2355 4760 2679 4820 evertamus,
2723 4756 2769 4810 si
2810 4755 3132 4818 Manichacus
3160 4765 3372 4821 vincere
3407 4767 3688 4824 volumus?

2105 4853 2125 4887 ι
2159 4837 2234 4893 De
2263 4853 2327 4894 ea
2356 4855 2418 4896 re
2444 4856 2564 4912 qua:
2591 4859 2621 4898 a
2654 4856 2874 4915 peccato
2899 4849 3066 4906 libera
3095 4863 3178 4909 est
3205 4873 3224 4907 ι
3254 4855 3389 4912 dicis
3414 4875 3438 4910 ι
3469 4866 3687 4928 peccata

2097 4944 2205 4985 non
2235 4933 2404 4988 nasci.
2435 4951 2456 4986 ι
2487 4933 2592 4990 Sed
2619 4939 2816 4995 veritas
2841 4942 3175 5011 contradicit,
3207 4961 3324 5016 qua:
3354 4956 3406 5004 te
3433 4956 3489 5004 et
3513 4949 3686 5004 Mani-

2097 5023 2276 5080 chaeos
2299 5027 2513 5096 evertit,
2531 5043 2653 5084 cum
2673 5032 2866 5102 quibus
2887 5035 2980 5090 tibi
3002 5051 3103 5092 vox
3131 5038 3227 5092 ista
3255 5043 3554 5098 communis
3578 5052 3684 5100 est.

2097 5115 2334 5207 {Angelus
2362 5133 2522 5188 quem
2548 5123 2748 5182 creavit
2774 5124 2934 5190 Deus,
2962 5143 3052 5184 res
3071 5143 3101 5182 a
3122 5141 3340 5199 peccato
3365 5133 3535 5190 libera
3555 5135 3686 5207 fuit;

2095 5203 2258 5263 homo
2278 5224 2436 5278 quem
2461 5212 2691 5281 primum
2717 5217 2918 5272 creavit
2936 5217 3099 5288 Deus,
3125 5236 3215 5276 res
3233 5237 3263 5277 a
3278 5234 3501 5295 peccato
3518 5203 3690 5286 libera

2095 5297 2212 5355 fuit.
2243 5300 2321 5357 De
2346 5304 2506 5360 rebus
2535 5305 2694 5377 igitur
2715 5323 2746 5363 a
2776 5321 2996 5379 peccato
3039 5314 3226 5374 liberis
3252 5328 3378 5375 nata
3406 5336 3529 5379 esse
3555 5337 3686 5394 peo-

2094 5402 2210 5448 cata
2233 5396 2325 5466 qui
2370 5408 2548 5469 negat,
2589 5410 2681 5456 aut
2729 5403 3055 5466 Manichacus
3100 5419 3185 5468 est
3227 5414 3564 5486 manifestus,
3593 5423 3686 5474 aut

2093 5486 2400 5547 Manichais
2427 5492 2747 5566 suffragatur
2774 5497 3041 5559 incautus.

2159 5605 2175 5683 ἶ
2207 5609 2556 5683 ﬂeamus-
2583 5617 2708 5673 κεεον
2733 5625 2832 5677 σιω
2849 5622 2954 5683 σαί
2981 5617 3169 5683 PW-

2153 5668 2177 5750 ζ
2206 5657 3185 5750 gargagggpiuggjis‘éfnsaia{3.59%
3200 5697 3294 5736 non
3301 5690 3468 5750 potest.
3567 5657 3574 5666 ’

2155 5728 2177 5791 ξ
2211 5728 2378 5791 Plures
2401 5728 2526 5791 Mss'.,
2552 5732 2814 5788 hominum.

2151 5789 2176 5865 ξ
2206 5789 2522 5865 ιῖΙοτίξιςευεὶε
2542 5803 2624 5865 διε.
2648 5801 2828 5865 omittit
2846 5837 2862 5865 ,
2879 5818 3034 5858 suam.

2151 5852 2175 5920 ξ
2205 5853 2339 5920 apud
2362 5859 2492 5920 fma,
2516 5857 2778 5920 adjuveris.

2151 5914 2225 5981 (α)
2247 5914 2590 6009 ἐἰ
2606 5927 2708 5995 ha,
2735 5922 2811 5979 10.
