4142 6496
502 427 608 488 817

572 542 662 601 60.
705 539 910 598 Deinde
954 551 1161 610 ponens
1199 533 1303 590 alia
1342 533 1504 590 verba
1531 545 1672 598 mea,
1701 530 1778 586 sic
1801 543 2087 600 argumen-

504 635 632 693 taris
651 632 803 705 quasi
833 645 935 702 ego
959 627 1202 693 dixerim,
1239 625 1366 687 Cum
1393 624 1543 681 servit
1569 621 1852 696 conjugatis
1877 619 1944 674 ad
1971 634 2089 689 pro-

504 727 789 804 pagandant
830 723 1044 797 prolem,
1079 729 1198 776 tunc
1225 719 1465 775 honorari
1503 717 1780 772 libidinem.
1825 715 1965 770 Dicis
1995 715 2089 769 tibi

501 823 616 893 ipse
641 817 784 890 quod
811 817 935 872 vis:
963 828 1086 869 nam
1131 827 1232 884 ego
1272 811 1374 867 hoc
1416 825 1518 866 nec
1558 809 1667 865 dixi
1710 808 1948 874 omnino,
1989 821 2089 862 nec

501 911 666 970 sensi.
695 907 978 979 Quomodo
1018 906 1162 961 enim
1202 904 1366 960 libido
1402 918 1525 959 cum
1567 905 1730 958 servit
1771 901 2083 967 honoratur,

499 1004 714 1078 quando
743 1016 811 1058 ne
852 1008 1042 1072 pergat
1084 1000 1138 1054 in
1180 997 1378 1053 liberos
1416 1010 1686 1060 excessus,
1728 995 2087 1049 dominatione

503 1095 699 1153 mentis
729 1090 1080 1165 opprimitur?
1121 1089 1232 1144 Nos
1275 1090 1452 1159 itaque
1491 1103 1598 1142 non
1631 1085 1860 1143 diximus
1891 1103 2087 1156 semper

507 1187 575 1240 ad
602 1195 797 1240 reatum
838 1181 1083 1251 pertinere
1125 1180 1200 1233 uti
1250 1179 1476 1234 libidine.
1524 1177 1674 1246 Quod
1706 1177 1848 1232 velut
1887 1177 2084 1232 dixeri-

509 1293 646 1341 mus,
675 1277 745 1330 ita
774 1271 994 1343 colligis,
1031 1272 1195 1325 minus
1235 1287 1442 1340 peccare
1466 1269 1721 1323 adulteros
1745 1285 1894 1340 quam
1923 1270 2080 1322 mari-

507 1379 617 1433 tos;
663 1367 779 1438 quia
823 1365 1050 1428 maritis,
1101 1363 1298 1434 inquis,
1349 1362 1504 1417 libido
1561 1363 1711 1417 servit
1757 1369 1809 1414 ut
1856 1370 2079 1431 peccent,

502 1458 743 1514 adulteris
787 1458 1023 1527 imperat.
1059 1455 1166 1511 Sed
1209 1469 1330 1509 cum
1372 1469 1472 1524 ego
1521 1453 1650 1508 illud
1694 1467 1801 1508 non
1828 1451 2078 1518 dixerim,

499 1551 885 1622 qualecumque
907 1549 1008 1603 hoc
1032 1547 1101 1601 sit
1125 1555 1273 1600 tuum
1300 1543 1441 1616 quod
1477 1554 1721 1614 tanquam
1748 1557 2081 1613 consequens

495 1658 616 1705 esse
643 1640 881 1708 voluisti,
912 1638 1043 1693 nihil
1068 1637 1135 1692 ad
1164 1652 1249 1692 me
1277 1636 1482 1691 attinet.
1529 1636 1639 1706 Ego
1662 1634 1802 1690 enim
1833 1632 1973 1697 dico,
2002 1633 2080 1686 uti

494 1733 716 1789 libidine
742 1747 851 1787 non
876 1745 1090 1801 semper
1117 1744 1238 1785 esse
1264 1737 1568 1799 peccatum;
1608 1727 1730 1799 quia
1770 1727 1912 1781 malo
1941 1727 2079 1782 bene

496 1827 569 1880 uti
601 1840 707 1880 non
739 1832 823 1879 est
849 1831 1144 1895 peccatum.
1172 1820 1283 1876 Nec
1309 1835 1656 1890 quaecumque
1683 1833 1771 1874 res
1797 1819 1915 1873 ideo
1939 1818 2078 1873 bona

495 1927 596 1981 est,
629 1917 751 1988 quia
779 1930 842 1971 ea
871 1915 1008 1972 bene
1055 1914 1220 1969 utitur
1262 1911 1453 1967 bonus.
1485 1912 1616 1965 Nam
1662 1919 1716 1966 et
1760 1911 1827 1965 de
1874 1909 2077 1965 duobus

494 2009 802 2064 hominibus
843 2008 1098 2079 scriptum
1129 2015 1249 2062 est:
1278 2004 1448 2060 Filius
1478 2005 1703 2059 eruditus
1732 2004 1932 2074 sapiens
1957 2001 2071 2070 erit,

493 2101 808 2172 imprudente
831 2111 1000 2154 autem
1021 2099 1249 2154 ministro
1279 2107 1448 2153 utetur
1473 2095 1650 2168 (Prov.
1674 2112 1729 2163 Χ,
1753 2112 1852 2149 sec.
1877 2093 2072 2167 LXX

489 2193 754 2266 Numquid
807 2193 926 2248 ideo
971 2192 1166 2248 bonum
1211 2199 1294 2248 est
1338 2206 1459 2246 esse
1504 2190 1913 2260 imprudentem,
1950 2189 2073 2259 quia

490 2286 627 2342 bene
654 2286 744 2341 illo
771 2285 937 2340 utitur
978 2284 1232 2355 sapiens?
1285 2282 1413 2338 inde
1442 2291 1496 2337 et
1542 2281 1814 2352 apostolus
1840 2279 2073 2335 Joannes

489 2393 596 2432 non
618 2376 710 2442 ait,
739 2375 916 2431 Nolite
943 2375 1019 2430 uti
1059 2374 1295 2440 mundo;
1336 2373 1452 2449 sed,
1485 2372 1662 2428 Nolite
1687 2373 1894 2444 diligere
1925 2389 2072 2426 mun-

489 2467 651 2522 dum:
678 2467 769 2522 ubi
809 2467 984 2536 posuit
1021 2474 1074 2521 et
1101 2465 1583 2535 concupiscentiam
1616 2464 1792 2520 carnis
1835 2463 1886 2538 (l
1909 2462 2066 2520 Joan.

490 2573 549 2623 n,
578 2559 669 2624 15,
715 2558 827 2630 16).
871 2558 970 2626 Qui
1000 2557 1139 2613 enim
1181 2573 1286 2612 non
1318 2557 1544 2628 diligens
1571 2557 1756 2621 utitur,
1785 2557 1933 2626 quasi
1964 2573 2069 2611 non

492 2659 650 2706 utens
675 2651 871 2717 utitur;
899 2651 1018 2721 quia
1049 2666 1154 2705 non
1177 2650 1293 2720 ejus
1319 2649 1395 2704 rei
1427 2664 1586 2705 causa
1607 2650 1790 2716 utitur,
1815 2649 1909 2704 sed
1937 2649 2068 2704 alte-

491 2741 602 2797 rius
644 2755 801 2810 quam
846 2740 1066 2811 diligens
1108 2741 1361 2808 intuetur,
1408 2749 1465 2794 ut
1493 2739 1652 2795 etiam
1698 2755 1804 2794 non
1843 2739 2070 2809 diligens

487 2832 591 2888 hac
612 2841 811 2886 utatur.
835 2831 1058 2902 Propter
1077 2831 1217 2903 quod
1243 2831 1440 2886 Paulus
1463 2831 1800 2901 coapostolus
1822 2831 1969 2899 ejus:
2003 2829 2069 2883 Et

488 2925 574 2995 qui
615 2933 842 2987 utuntur,
891 2924 1078 2993 inquit,
1135 2924 1230 2977 hoc
1259 2922 1470 2988 mundo,
1519 2922 1666 2992 quasi
1713 2937 1813 2974 non
1860 2929 2068 2974 utantur

485 3015 538 3086 (Ι
558 3012 676 3070 Cor.
699 3031 791 3079 vn,
817 3012 931 3086 51).
956 3013 1090 3081 Quid
1121 3021 1219 3080 cst,
1247 3014 1393 3085 quasi
1414 3030 1513 3067 non
1538 3023 1776 3078 utantur;
1808 3013 1928 3077 nisi,
1952 3011 2066 3066 Non

485 3107 703 3176 diligant
727 3122 834 3178 quo
864 3115 1104 3175 utuntur,
1125 3108 1372 3178 quoniam
1405 3107 1510 3162 tale
1535 3114 1637 3173 est,
1664 3115 1723 3161 ut
1752 3106 1888 3160 bene
1914 3106 2069 3160 aliter

483 3212 587 3250 non
617 3196 874 3251 utantur?
903 3196 972 3251 Et
1008 3196 1111 3252 hoc
1140 3197 1349 3268 quidem
1377 3197 1534 3251 etiam
1575 3196 1627 3251 in
1674 3196 1756 3250 his
1782 3195 1940 3251 rebus
1967 3196 2064 3251 ob-

483 3289 802 3344 servandum
830 3299 930 3354 est,
962 3305 1080 3360 qua:
1110 3289 1161 3342 in
1193 3289 1291 3343 hoc
1317 3288 1517 3343 mundo
1547 3290 1624 3343 sic
1652 3287 1806 3342 home
1835 3297 1977 3351 sunt,
2008 3294 2068 3342 ut

485 3386 661 3434 tamen
692 3395 781 3434 eas
803 3377 952 3450 diligi
983 3395 1091 3434 non
1118 3387 1377 3449 oporteat.
1397 3379 1526 3446 Quis
1551 3379 1690 3434 enim
1719 3379 1914 3432 malum
1947 3394 2066 3432 esse

489 3471 764 3540 pecuniam
814 3479 958 3525 recte
1001 3469 1238 3525 dixerit?
1284 3469 1352 3524 Et
1399 3477 1572 3523 tamen
1623 3483 1780 3522 nemo
1821 3482 1882 3522 ca
1930 3467 2065 3523 bene

489 3562 654 3616 utitur
677 3563 765 3634 qui
790 3562 1067 3618 dilexerit:
1100 3570 1300 3633 quanto
1329 3562 1497 3633 magis
1524 3561 1778 3617 libidine?
1806 3561 1938 3616 Nam
1968 3577 2064 3630 pe-

488 3653 698 3709 cuniam
734 3654 906 3709 malus
942 3654 1155 3726 quidem
1185 3654 1402 3724 spiritus
1431 3653 1786 3724 concupiscit;
1820 3653 1912 3707 sed
1952 3654 2062 3722 ipsa

489 3755 680 3802 contra
708 3745 903 3801 bonum
947 3747 1190 3816 spiritum
1218 3760 1325 3800 non
1349 3745 1694 3814 concupiscit,
1723 3744 1863 3815 quod
1901 3743 2063 3798 libido

483 3837 654 3894 facit:
697 3847 854 3910 atque
879 3838 998 3894 ideo
1039 3849 1093 3894 et
1119 3838 1208 3909 qui
1239 3838 1339 3892 hoc
1379 3852 1497 3892 esse
1534 3837 1727 3891 malum
1754 3845 1911 3906 negat
1934 3851 2062 3905 pec-

481 3939 588 3999 cat,
611 3939 666 3986 et
693 3932 782 4002 qui
828 3932 928 3988 hoc
971 3931 1112 3987 malo
1155 3931 1293 3986 bene
1339 3931 1501 3985 utitur
1531 3945 1634 3984 non
1665 3937 1868 4000 peccat.
1900 3929 2062 3985 Recte

482 4021 641 4092 igitur
664 4025 1134 4094 argumentarcris,
1169 4023 1371 4088 dicens,
1405 4013 1706 4085 Libidinem,
1735 4022 1780 4075 si
1805 4020 1940 4075 mala
1969 4031 2058 4088 est,

482 4115 666 4185 majori
702 4125 845 4170 reatu
898 4115 1203 4186 obstringere
1247 4114 1425 4185 quibus
1477 4113 1762 4184 obsequitur
1802 4114 2060 4183 conjuges,

483 4222 632 4274 quam
656 4208 834 4278 quibus
865 4208 1151 4260 dominatur
1193 4207 1452 4298 apulteros
1469 4222 1489 4270 ;
1521 4205 1565 4260 si
1593 4205 1860 4260 diceretur
1903 4223 1930 4261 ιι
1966 4219 2064 4260 no-

486 4296 732 4364 bis,eos‘
763 4301 1017 4370 conjuges
1042 4301 1131 4373 qui
1162 4296 1428 4356 serviente
1452 4300 1892 4369 concupiscentia:
1923 4299 2062 4354 malo

488 4389 557 4442 ad
586 4391 755 4444 solum
780 4392 1066 4460 generandi
1101 4401 1320 4447 utuntur
1346 4389 1598 4455 ofﬁcium,
1618 4390 1684 4444 ad
1721 4391 1892 4460 aliqua
1923 4390 2060 4443 mala

490 4495 652 4549 opera
672 4496 736 4534 eo
759 4481 877 4536 illos
897 4483 992 4547 uti,
1010 4483 1143 4537 sicut
1162 4483 1226 4537 ad
1249 4483 1450 4538 facinus
1476 4483 1886 4552 perpetrandum
1909 4496 2063 4537 servo

489 4571 657 4625 utitur
681 4571 967 4626 homicida.
999 4572 1126 4628 Cum
1155 4584 1329 4629 autem
1357 4574 1599 4629 dicamus
1624 4573 1820 4628 bonum
1851 4589 1970 4628 esse
2008 4575 2062 4629 in

484 4662 803 4733 coniugibus
821 4663 1054 4719 ofﬁcium
1081 4666 1412 4735 procreandi,
1440 4665 1681 4734 quamvis
1708 4665 1898 4718 vulnus
1921 4665 2062 4735 quod

483 4755 539 4810 in
565 4767 752 4810 renato
791 4755 969 4818 sanari
1012 4766 1202 4828 potest,
1233 4758 1408 4812 trahat
1453 4767 1606 4812 natus
1634 4757 1703 4813 de
1741 4757 1896 4827 primi
1935 4771 2062 4811 con-

483 4846 691 4915 tagione
721 4847 965 4917 peccati;
1017 4857 1183 4903 restat
1219 4857 1280 4904 ut
1306 4850 1382 4904 sic
1411 4857 1626 4904 utantur
1652 4849 1905 4919 conjuges
1938 4849 2062 4904 boni

483 4939 622 4994 malo
659 4940 1122 5010 concupiscentiae,
1165 4941 1300 4996 sicut
1333 4941 1546 5012 sapiens
1582 4941 1648 4995 ad
1691 4955 1851 5011 opera
1881 4940 2063 5010 utique

487 5027 622 5083 bona
652 5029 898 5084 ministro
925 5031 1091 5085 utitur
1120 5031 1474 5102 imprudente.

560 5120 647 5174 δι.
689 5121 792 5175 Sed
845 5121 1090 5178 homines
1142 5124 1432 5178 acutissimi
1487 5124 1607 5179 ideo
1661 5140 1765 5179 non
1822 5124 2058 5190 modum,

491 5227 596 5264 non
614 5227 796 5280 genus,
825 5213 916 5268 sed
946 5229 1224 5270 excessum
1243 5216 1526 5286 voluptatis
1545 5217 1761 5286 arguitis
1789 5224 1842 5271 et
1866 5231 2059 5285 expro-

490 5301 747 5357 brandum
777 5308 1003 5361 censetis
1031 5307 1298 5378 obscenis,
1329 5310 1446 5380 quia
1473 5327 1588 5364 eum
1620 5311 1800 5377 nostis,
1827 5320 1883 5364 ut
1907 5311 2060 5376 dicis,

487 5393 622 5446 intra
647 5410 900 5450 concessas
921 5399 1048 5465 ﬁnes
1075 5400 1233 5454 animi
1257 5409 1497 5471 potestate
1530 5417 1674 5471 posse
1709 5401 1932 5455 retineri.
1956 5401 2061 5455 Fa-

487 5487 591 5542 ciat
618 5488 781 5542 animi
818 5485 1142 5559 potestas,‘si
1179 5501 1373 5563 potest,
1410 5501 1470 5548 ut
1503 5492 1568 5547 ad
1598 5492 2063 5564 transgrediendos

485 5580 638 5647 lines,
665 5596 694 5634 a
726 5582 920 5652 quibus
962 5585 1414 5656 transgrediendis
1448 5601 1565 5641 eam
1601 5594 1838 5654 revocat,
1868 5602 1974 5643 non
2004 5602 2065 5643 se

485 5670 648 5727 libido
676 5683 1028 5730 commoveat.
1058 5675 1212 5744 Quod
1245 5677 1290 5732 si
1317 5677 1490 5733 facere
1532 5694 1638 5734 non
1679 5687 1885 5749 potest;
1937 5694 2063 5749 pro-

559 5850 579 5886 ι
603 5851 916 5905 rtoriaeensis
932 5859 1041 5916 tu,
1067 5852 1143 5906 sic
1163 5865 1261 5908 eos.

1873 412 2080 471 LIBER
2115 411 2432 482 QUINTUS.

3670 451 3778 510 818

2197 527 2338 633 fectu
2362 540 2420 587 ut
2455 533 2589 592 ﬁnes
2619 553 2728 596 non
2762 548 3203 624 transgrediatur,
3230 553 3476 625 improbo
3511 557 3654 615 hosti
3690 577 3778 619 re-

2194 623 2420 693 sistitur,
2465 629 2555 698 qui
2600 647 2693 686 cos
2737 641 3031 708 transgredi
3081 623 3284 705 nititur.
3309 623 3439 705 iSed
3489 654 3775 712 universum

2191 721 2528 813 contemptum
2576 722 2713 818 ejus,
2747 724 2940 797 inquis,
2996 731 3270 805 virginibus
3311 742 3774 818 continentibusque

2189 801 2352 859 inesse
2381 815 2639 864 testamur.
2669 813 2931 887 Numquid
2954 801 3332 898 ideo'virgines
3356 838 3410 885 et
3433 801 3770 890 continenies

2190 903 2373 950 contra
2400 902 2886 971 concupiscentiam
2923 915 3098 968 carnis
3123 931 3228 972 non
3258 925 3530 990 pugnant?
3555 925 3624 980 Et
3644 927 3770 996 quid

2190 993 2273 1084 est
2299 997 2482 1084 contra
2519 994 2660 1063 quod
2702 1011 2955 1056 exercent
2996 1005 3091 1060 abs
3134 1015 3188 1063 te
3231 1025 3442 1080 quoque
3490 993 3772 1084 praedicata

2187 1074 2276 1131 illa
2329 1079 2559 1148 gloriosa
2599 1089 2920 1158 certamina,
2976 1103 3033 1148 ut
3079 1074 3435 1168 virginitatem
3490 1074 3771 1165 continen-

2189 1168 2422 1268 tiam-que
2459 1177 2764 1268 custodiant
2793 1181 3021 1254 (Supra,
3065 1187 3154 1242 lib.
3185 1191 3242 1257 5,
3279 1209 3334 1246 n.
3369 1195 3456 1262 .12,
3505 1207 3552 1252 et
3593 1199 3681 1255 lib.
3714 1204 3767 1268 4,

2186 1275 2239 1360 2.
2269 1260 2384 1360 9)?
2414 1265 2469 1319 Si
2500 1282 2628 1338 ergo
2657 1283 2912 1343 pugnant,
2945 1277 3142 1332 malum
3164 1290 3248 1337 est
3273 1285 3415 1354 quod
3442 1260 3766 1360 expugnant:

2186 1351 2255 1407 Et
2298 1355 2385 1410 ubi
2412 1368 2493 1413 est
2519 1360 2621 1417 hoc
2641 1366 2860 1435 malum,
2883 1369 2984 1422 nisi
3010 1371 3063 1425 in
3088 1371 3259 1442 ipsis?
3283 1351 3445 1448 Ergo,
3475 1351 3612 1435 Nor;
3628 1385 3768 1438 habi-

2185 1454 2258 1538 tat
2285 1448 2338 1502 in
2364 1467 2460 1516 me,
2493 1455 2587 1508 hoc
2625 1465 2697 1510 est
2737 1458 2791 1512 in
2831 1476 2982 1517 carne
3006 1480 3138 1532 mea,
3165 1466 3373 1538 bonum,
3400 1474 3663 1530 veraciter
3688 1477 3770 1532 di-

2183 1537 2322 1592 citur
2349 1551 2404 1596 et
2427 1544 2495 1598 ab
2522 1546 2672 1614 ipsis.

2255 1632 2361 1728 62.-
2386 1634 2538 1728 Nihil
2564 1639 2708 1693 aliud
2735 1641 2870 1700 dicis
2913 1662 3020 1701 esse
3062 1652 3286 1722 nuptias,
3317 1670 3468 1722 quam
3499 1672 3768 1728 corporum

2181 1725 2585 1783 commixtionem
2612 1746 2630 1784 :
2659 1740 2716 1786 et
2741 1733 2873 1790 dicis
2920 1747 3125 1808 postea,
3156 1743 3297 1813 quod
3340 1755 3396 1800 et
3438 1725 3622 1803 verum
3663 1759 3764 1817 est,

2180 1814 2286 1868 sine
2316 1820 2552 1889 appetitu
2589 1833 2762 1878 mutuo
2783 1834 2830 1880 et
2861 1829 2972 1884 sine
2993 1847 3142 1901 opere
3175 1836 3400 1891 naturali
3439 1814 3768 1912 propagatio;

2179 1920 2294 1998 nem
2319 1924 2425 1962 esse
2465 1927 2568 1965 non
2603 1929 2765 1982 posse.
2811 1916 3078 1990 Numquid
3115 1931 3291 1980 tamen
3340 1942 3525 1998 negas,
3553 1931 3768 1988 sibimet

2178 1997 2340 2052 etiam
2370 1999 2642 2059 adulteros
2677 2009 2916 2077 appetitu
2959 2021 3144 2068 mutuo
3169 2024 3224 2069 et
3250 1997 3431 2086 opere,
3455 2021 3684 2076 naturali
3711 2031 3766 2078 et

2176 2101 2458 2185 corporum
2489 2097 2870 2156 commixtione
2899 2104 3186 2177 conjungi?
3231 2107 3351 2165 Non
3380 2120 3464 2167 est
3503 2129 3632 2185 ergo
3662 2115 3764 2170 ista

2183 2176 2422 2234 delinitio
2464 2186 2799 2276 nuptiarum.
2849 2193 3006 2249 Aliud
3049 2176 3134 2251 est
3181 2200 3324 2254 enim
3371 2203 3513 2272 quod
3564 2176 3764 2276 iiuptia:

2176 2278 2320 2337 sunt,
2347 2280 2402 2326 et
2429 2274 2571 2329 aliud
2603 2281 2825 2337 estsine
2854 2299 2960 2354 quo
2989 2286 3148 2342 etiam
3179 2292 3379 2360 nuptiae
3401 2293 3536 2348 ﬁlios
3563 2274 3761 2366 propa-

2176 2375 2304 2454 gare
2330 2380 2436 2418 non
2479 2380 2720 2436 possunt.
2747 2373 2877 2429 Nam
2903 2386 2958 2432 et
2984 2379 3100 2435 sine
3129 2384 3326 2452 nuptiis
3354 2397 3573 2454 possunt
3611 2391 3759 2445 nasci

2178 2453 2440 2527 homines,
2460 2470 2511 2515 et
2538 2464 2654 2519 sine
2680 2481 2963 2536 corporum
2990 2453 3370 2532 commixtione
3396 2489 3620 2547 possunt
3640 2495 3762 2537 esse

2173 2551 2474 2622 conjuges:
2519 2557 2751 2628 alioquin
2806 2576 2913 2616 non
2967 2574 3126 2620 erunt
3175 2569 3463 2639 coniuges,
3513 2581 3571 2626 ut
3624 2573 3759 2627 nihil

2173 2642 2317 2696 aliud
2362 2645 2554 2713 dicam,
2602 2659 2747 2705 certe
2795 2667 2916 2706 cum
2963 2657 3258 2723 senuerint,
3291 2659 3500 2729 sibique
3543 2663 3760 2717 misceri

2173 2735 2256 2789 vel
2286 2751 2391 2790 non
2437 2741 2727 2809 potuerint,
2755 2745 2838 2798 vel
2885 2745 3003 2800 sine
3045 2761 3142 2817 spe
3191 2749 3544 2820 suscipiendae
3589 2754 3758 2822 prolis

2172 2828 2482 2883 erubuerint
2509 2839 2668 2902 atque
2697 2835 2980 2891 noluerint.
3015 2838 3173 2894 Vides
3205 2856 3332 2912 ergo
3366 2845 3522 2912 quam
3563 2844 3755 2900 incon-

2171 2919 2400 2976 siderate
2427 2925 2637 2993 nuptias
2668 2925 2956 2994 deﬁnieris,
2988 2929 3212 2986 dicendo
3241 2949 3328 2989 eas
3348 2935 3490 2988 aliud
3514 2951 3615 2990 non
3648 2952 3756 2992 esse

2171 3012 2270 3066 nisi
2302 3031 2570 3084 corporum
2605 3021 3028 3076 commuttionem.
3061 3022 3415 3081 Tolerabilius
3440 3026 3577 3083 forte
3601 3029 3752 3084 dice-

2171 3117 2281 3166 res,
2312 3119 2416 3158 non
2443 3121 2535 3160 cas
2561 3107 2802 3164 inchoari
2832 3111 2932 3165 nisi
2976 3127 3072 3182 per
3097 3127 3380 3184 corporum
3407 3118 3751 3182 commixtio-

2169 3211 2292 3250 nem
2324 3217 2338 3250 :
2368 3199 2489 3268 quia
2519 3199 2749 3257 ﬁliorum
2780 3207 3230 3273 procreandorum
3261 3225 3420 3265 causa
3447 3215 3628 3282 utique
3652 3213 3752 3268 du-

2168 3296 2360 3342 cuntur
2399 3305 2616 3357 uxores,
2645 3303 2698 3347 et
2735 3294 2889 3350 aliter
2923 3313 3026 3351 non
3056 3307 3276 3367 possunt
3323 3299 3416 3354 ﬁlii
3459 3305 3750 3371 procreari.

2167 3376 2271 3432 Sed
2320 3382 2634 3448 procreandi
2680 3398 2837 3439 causa
2889 3387 3197 3442 commixtio
3249 3404 3534 3460 corporum
3595 3393 3754 3448 aliter

2167 3485 2327 3539 quam
2377 3487 2516 3526 nunc
2561 3483 2641 3527 est
2689 3472 2896 3543 fuisset,
2943 3479 2987 3531 si
3041 3494 3198 3534 nemo
3252 3492 3544 3550 peccasset.
3599 3484 3755 3539 Absit

2166 3561 2308 3615 enim
2349 3571 2406 3616 ut
2447 3562 2822 3620 honestissima
2859 3567 2948 3621 illa
2989 3567 3210 3624 lelicitas
3238 3586 3290 3624 1n
3319 3572 3567 3643 paradiso
3605 3589 3752 3629 com-

2167 3663 2326 3708 mota:
2355 3655 2556 3710 libidini
2583 3671 2796 3726 semper
2827 3659 3249 3730 obtemperaret:
3282 3664 3420 3718 ahsit
3447 3672 3505 3718 ut
3533 3665 3622 3720 illa
3647 3679 3752 3735 pax

2167 3744 2330 3798 animi
2367 3754 2421 3800 et
2446 3749 2686 3816 corporis
2723 3747 2943 3804 haberet
2984 3751 3200 3822 aliquid,
3229 3761 3446 3823 propter
3481 3755 3622 3825 quod
3651 3756 3749 3811 ad-

2167 3850 2354 3890 versus
2397 3851 2458 3891 se
2487 3837 2654 3906 ipsam
2705 3839 2905 3908 prima‘
2956 3841 3186 3896 hominis
3229 3853 3417 3898 natura
3467 3855 3746 3915 pugnaret.

2167 3923 2222 3978 Si
2261 3940 2389 3995 ergo
2429 3925 2502 3980 ibi
2553 3941 2651 3982 nec
2693 3929 3030 3984 serviendum
3076 3931 3300 3999 libidini,
3349 3948 3447 3988 nec
3488 3934 3749 3991 adversus

2167 4031 2284 4071 eam
2325 4017 2627 4071 bellandum
2669 4019 2796 4085 fuit;
2824 4029 2915 4074 aut
2954 4037 3056 4076 non
3086 4022 3157 4076 ibi
3201 4023 3318 4090 fuit,
3346 4034 3435 4079 aut
3478 4040 3585 4080 non
3627 4027 3747 4082 talis

2165 4107 2334 4176 qualis
2378 4122 2519 4163 nunc
2559 4116 2642 4163 est
2682 4109 2800 4164 fuit.
2831 4110 2981 4166 Nunc
3020 4112 3160 4167 enim
3191 4113 3392 4169 libidini
3422 4130 3642 4172 necesse
3666 4127 3750 4174 est

2167 4205 2226 4251 ut.
2263 4207 2550 4268 repugnet,
2595 4200 2684 4269 qui
2733 4201 2936 4256 servire
2984 4203 3260 4260 noluerit:
3307 4220 3526 4262 necesse
3569 4216 3650 4262 est
3689 4217 3750 4263 ut

2167 4288 2381 4355 serviat,
2410 4291 2500 4359 qui
2529 4293 2857 4361 repugnare'
2900 4293 3211 4363 neglexerit.
3253 4295 3489 4364 Quorum
3519 4297 3744 4353 duorum

2169 4395 2330 4434 unum
2358 4392 2438 4436 est
2465 4382 2768 4449 molestum,
2801 4385 2901 4439 etsi
2930 4385 3193 4442 laudabile
3221 4405 3233 4439 :
3266 4389 3489 4443 alterum
3517 4399 3670 4462 turpe
3688 4401 3745 4448 et

2167 4471 2489 4526 miserabile.
2522 4473 2701 4543 Itaque
2727 4475 2778 4528 in
2824 4475 2924 4530 hoc
2947 4477 3141 4534 sacculo
3182 4493 3344 4532 unum
3371 4478 3559 4534 horum
3581 4483 3742 4536 castis

2166 4571 2250 4616 est
2265 4565 2646 4632 necessarium,
2667 4566 2719 4619 in
2745 4567 2990 4636 paradiso
3011 4578 3186 4624 autem
3206 4579 3491 4642 utrumque
3515 4588 3546 4628 a
3571 4573 3742 4631 beatis

2167 4651 2339 4706 fuerat
2365 4654 2615 4708 alienum.

2241 4745 2327 4799 65.
2371 4743 2474 4799 Sed
2505 4744 2696 4800 iterum
2732 4761 2818 4800 me
2855 4746 2988 4802 dicis
3015 4749 3358 4821 mihimetipsi
3385 4767 3504 4809 esse
3531 4765 3744 4811 contra-

2166 4836 2326 4900 rium,
2359 4837 2647 4906 propositis
2687 4837 2930 4893 videlicet
2952 4839 3070 4894 aliis
3097 4842 3273 4898 verbis
3313 4845 3466 4912 meis,
3498 4846 3586 4901 ubi
3615 4863 3742 4918 pro-

2169 4926 2460 4997 pagationis
2481 4927 2712 4982 ofﬁcium
2729 4944 2759 4984 a
2779 4930 3005 4984 carnalis
3028 4930 3396 4989 delectationis
3421 4937 3746 5006 appetitione

2167 5018 2497 5084 discernens,
2521 5019 2674 5074 Aliud
2691 5036 2796 5074 esse
2823 5021 2930 5075 dixi
2958 5039 3058 5077 non
3083 5027 3410 5080 concumbere
3437 5028 3534 5083 nisi
3562 5031 3743 5085 volun-

2169 5122 2269 5166 tate
2296 5113 2586 5185 generandi,
2611 5115 2745 5184 quod
2771 5131 2872 5169 non
2900 5116 3044 5171 habet
3072 5118 3311 5189 culpam;
3340 5121 3480 5173 aliud
3509 5138 3745 5176 concum-

2167 5204 2328 5259 bendo
2356 5206 2523 5260 carnis
2551 5215 2787 5278 appetere
2818 5209 3143 5280 voluptatem,
3168 5213 3258 5266 sed
3286 5229 3385 5266 non
3411 5225 3593 5282 prater
3619 5232 3745 5269 con-
3836 5233 3838 5235 ·

2159 5295 2355 5366 jugem,
2403 5296 2536 5365 quod
2579 5297 2824 5351 venialem
2875 5301 3020 5353 habet
3059 5301 3263 5372 culpam
3309 5302 3418 5371 (De
3455 5303 3666 5374 Nuptiis
3694 5317 3744 5359 ct

2169 5385 2600 5458 Concupiscentia,
2630 5390 2718 5442 lib.
2750 5391 2802 5456 1,
2832 5407 2884 5444 η.
2912 5392 3023 5460 17).
3069 5392 3214 5448 Nihil
3243 5393 3440 5449 habent
3484 5395 3591 5451 duo
3619 5397 3742 5462 ista,

2169 5490 2421 5552 quantum
2470 5496 2674 5536 mecum
2725 5498 2912 5539 omnes
2950 5483 3130 5538 vident
3170 5485 3259 5554 qui
3307 5499 3492 5539 verum
3541 5487 3740 5554 vident,

2169 5571 2309 5627 unde
2335 5587 2418 5625 me
2443 5572 2690 5626 ostendas
2709 5573 2834 5627 mihi
2868 5589 2986 5629 esse
3013 5575 3356 5629 contrarium.
3389 5575 3524 5633 Audi
3569 5585 3744 5632 tamen

2171 5664 2456 5720 identidem
2485 5665 2624 5734 quod
2665 5673 2847 5719 eorum
2895 5667 3138 5723 sensibus
3179 5667 3491 5724 inculcatius
3533 5669 3744 5726 intime-

2237 5796 2256 5859 ξ
2285 5801 2338 5842 tn
2359 5792 2530 5843 decem
2553 5801 2681 5857 Mss,
2703 5794 2865 5859 primi.

2236 5857 2258 5888 ³
2289 5864 2388 5905 Am.
2408 5861 2480 5904 Er.
2511 5864 2561 5906 et
2580 5857 2712 5917 Mss,
2728 5871 2959 5922 pugnare.
